4012 6202
313 362 732 376 -.μωμηημηη
929 358 1138 367 _..._..__
3369 362 3371 365 I
3404 360 3412 366 ,
3456 359 3462 368 ,

1417 384 1478 390 __
2223 376 2364 385 ...η-
3025 375 3181 382 ...ηω
3304 373 3481 390 κα...

1529 522 1716 633 AD
1809 520 2270 633 OPERA

716 790 944 992 B.
1108 680 2077 988 BABANI
2233 775 3086 989 MAURI

1189 1123 2632 1278 numennumen.

643 1470 755 1561 Β.
834 1400 1268 1607 RABAi‘It
1343 1428 1723 1562 MAURI
1796 1464 2341 1585 ELOGIUM
2413 1462 3166 1560 HISTORICUM

1430 1657 1804 1720 AUCTORE
1845 1657 2367 1719 MABILLONIO.

798 1934 1024 1993 CAPUT
1059 1931 1345 1990 PRIMUM.
1438 1906 1443 1912 ’

325 2032 531 2092 Rabani
554 2030 999 2099 nomina,patria,
1023 2037 1281 2097 parentes,
1297 2027 1580 2080 nativitatis
1603 2037 1823 2097 tempus.

366 2124 701 2187 LRABANUS,
727 2123 904 2192 patrio
933 2120 1152 2173 nomine
1181 2118 1258 2172 sic
1287 2117 1482 2181 dictus,
1508 2118 1860 2189 aliud'nomen

291 2212 514 2271 Μωιωε
547 2211 757 2285 accepit
786 2210 852 2263 ab
878 2208 1103 2262 Alcuino
1132 2214 1463 2276 praeceptore
1490 2221 1606 2270 suo,
1640 2207 1717 2259 uti
1750 2206 1862 2274 ipse

291 2305 348 2359 in
392 2302 710 2375 praefatione
748 2296 1151 2355 commentariis
1200 2295 1404 2366 Regum
1452 2296 1671 2363 prmtixa
1712 2296 1864 2349 testis

289 2402 395 2460 est,
429 2393 521 2448 ubi
552 2393 630 2446 ait
669 2406 728 2446 se
770 2390 823 2443 in
873 2389 939 2443 iis
967 2387 1099 2441 locis
1126 2401 1245 2455 qua:
1282 2401 1380 2458 per
1420 2401 1479 2440 se
1506 2386 1747 2454 exponit,
1796 2387 1861 2439 ad

294 2483 596 2552 marginem
629 2498 649 2530 ι
679 2487 1008 2550 ρηεηοιςιεεθ
1052 2476 1100 2530 Μ
1145 2476 1404 2539 litteram,
1445 2475 1615 2529 Mauri
1666 2488 1862 2527 nomen

292 2573 687 2643 exprimentem
731 2588 745 2623 :
791 2567 934 2640 quod
970 2566 1243 2636 magister,
1278 2567 1469 2636 inquit,
1502 2581 1653 2620 meus
1694 2565 1866 2618 beatae

295 2660 574 2716 memoria:
603 2658 830 2714 Albinus
855 2657 985 2712 mibi
1010 2656 1220 2711 indidit.
1253 2675 1270 2707 ι
1307 2654 1569 2709 Nimirum
1610 2655 1716 2715 isto
1749 2670 1865 2709 aavo

298 2767 415 2807 mos
442 2749 745 2806 invaluerat
775 2748 913 2819 apud
941 2749 1211 2802 litteratos
1237 2746 1384 2800 viros
1413 2746 1468 2799 in
1510 2745 1595 2799 bis
1619 2745 1866 2814 partibus

300 2820 585 2912 degentes,
626 2847 688 2893 ut
726 2844 924 2911 praeter
952 2835 1272 2913 gentilitium
1319 2848 1536 2909 nomen,
1564 2834 1706 2903 quod
1747 2832 1866 2905 ple-

298 2943 531 2998 rumque
559 2942 692 2983 sono
715 2924 1083 3001 duriusculum
1109 2930 1249 2989 erat,
1297 2921 1440 2976 aliud
1466 2936 1495 2974 a
1526 2921 1733 2976 Latinis
1772 2929 1868 2977 aut

297 3020 523 3085 Gmcis,
546 3019 725 3073 rarius
748 3018 816 3072 ab
842 3016 1080 3071 Hebraeis
1100 3015 1445 3078 asciscerent,
1467 3012 1731 3082 politioris
1754 3028 1867 3068 ser-

301 3111 480 3164 monis
507 3110 781 3164 lenitatem
819 3106 1146 3163 alfectantes.
1193 3106 1328 3160 Hine
1359 3113 1547 3160 sancto
1584 3105 1868 3163 Fricborio

307 3201 646 3273 Hadrianus;
674 3200 902 3276 Biscopo
929 3213 1242 3269 cognomen,
1276 3198 1331 3251 id
1369 3205 1449 3251 est
1488 3197 1716 3252 alterum
1766 3213 1866 3252 no-

1887 1940 1937 1998 Α
1963 1942 2014 1988 et
2056 1934 2338 2003 poematiis
2369 1934 2435 1988 ad
2482 1932 2630 1989 illum
2662 1935 2897 2004 scriptis.
2930 1933 3032 2002 Qui
3074 1935 3155 1991 sic
3201 1924 3397 2007 duplici
3441 1956 3536 1996 nos

1964 2025 2109 2077 mine
2156 2022 2332 2079 allecti
2371 2033 2547 2088 erant,
2608 2026 2932 2079 alterutrum
2991 2027 3255 2082 duntaxat
3309 2032 3539 2088 scorsim

1965 2114 2316 2183 usurpabant,
2347 2130 2469 2170 raro
2498 2123 2788 2186 utrumque
2817 2115 3007 2182 simul;
3040 2118 3200 2187 idque
3225 2119 3345 2175 aliis
3375 2122 3542 2177 etiam

1962 2206 2253 2260 observare
2303 2221 2419 2260 mos
2464 2215 2613 2271 erat;
2648 2209 2862 2262 tametsi
2892 2225 2945 2261 m
2993 2210 3217 2279 epistola
3258 2209 3543 2269 llumberti

1967 2297 2448 2367 Wirtziburgensis
2479 2298 2717 2369 epiSCOpi
2748 2301 2815 2355 ad
2852 2300 3152 2366 Rabanum,
3198 2302 3541 2361 Commenta-

1964 2388 2060 2440 riis
2113 2388 2164 2441 iu
2213 2387 2464 2443 Judicum
2524 2397 2579 2443 et
2629 2390 2772 2444 Ruth
2828 2390 2990 2446 libros
3041 2394 3373 2463 praemissam
3423 2395 3545 2467 lego

1969 2476 2108 2530 hanc
2148 2477 2553 2548 inscriptionem
2585 2498 2596 2532 :
2642 2478 2848 2534 Illustri
2888 2483 2996 2535 viro
3028 2483 3309 2553 meritoque
3350 2485 3546 2555 insigni

1968 2581 2030 2619 ac
2064 2568 2497 2635 pra’stantissimo
2553 2566 2707 2622 Patri
2744 2569 3018 2624 HRabano
3050 2571 3240 2625 Mauro
3281 2572 3547 2628 Humbcr--

1969 2666 2075 2721 tus,
2109 2671 2230 2725 qua:
2280 2658 2560 2711 nominum
2598 2659 2908 2729 conjunctio
2959 2660 3143 2713 itidem
3198 2662 3250 2715 in
3301 2662 3547 2719 Lotbarii

1971 2747 2311 2816 imperatoris
2348 2748 2572 2817 cpistola
2614 2749 2942 2818 expositioni
2993 2750 3292 2805 Ezechielis
3336 2767 3549 2824 przepu-

1968 2838 2078 2905 sita
2120 2838 2412 2892 invenitur.
2456 2838 2696 2908 Denique
2735 2856 2987 2908 agnomen
3027 2855 3183 2894 suum
3238 2840 3553 2896 HRabnnus

1969 2935 2130 2993 vocat
2168 2928 2221 2982 in
2246 2927 2567 2998 praefatione
2609 2929 2676 2985 ad
2702 2927 2936 2983 Mattbzni
2968 2929 3338 3000 Evangelium.
3381 2930 3546 2988 Joano

1968 3033 2068 3076 nes
2092 3019 2421 3075 Tritbemius
2467 3019 2751 3073 Rabanum
2787 3020 2984 3089 passim
3032 3023 3376 3092 cognominat
3423 3024 3546 3076 Μαι

1969 3112 2236 3185 gnentium
2272 3126 2303 3165 a
2337 3110 2717 3182 Magnentiana
2755 3111 2975 3176 familia,
3011 3126 3075 3165 ex
3118 3128 3223 3181 qua
3268 3126 3391 3169 eum
3420 3131 3537 3184 pro-

1971 3203 2203 3258 cessisse
2254 3203 2502 3261 credidit.
2562 3201 2641 3256 Ex
2684 3204 2913 3257 vetustis
2968 3203 3323 3273 scriptoribus
3372 3205 3551 3259 nullus

305 3310 426 3349 men
479 3294 825 3359 Benedictus;
872 3291 1219 3347 Willibrordo
1266 3290 1545 3357 Clemens;
1602 3291 1870 3347 Winl‘rido
1897 3301 1945 3360 B
1976 3294 2159 3368 (quem
2202 3292 2391 3364 sciam)
2431 3296 2533 3349 hoc
2572 3308 2868 3364 cognomen
2921 3295 3144 3349 Rabano
3192 3294 3381 3349 tribuit
3426 3304 3552 3351 ante

300 3387 641 3456 Bonifatius;
670 3385 875 3440 Arnoni
922 3382 1322 3453 Saltzburgensi
1366 3384 1618 3452 episcopo
1643 3383 1868 3455 Aquila;

301 3477 530 3533 Alcuino
561 3475 779 3530 Albinus
814 3474 1067 3538 Flaccus;
1093 3472 1286 3530 Carolo
1309 3459 1498 3543 Magno
1520 3473 1727 3539 David;
1751 3475 1868 3529 'An-

300 3567 535 3636 gilberto
566 3564 858 3626 Homerus;
890 3562 1099 3617 Ricnlfo
1123 3562 1399 3627 Damoeta;
1427 3561 1735 3618 Adalbardo
1758 3562 1871 3616 An-

301 3659 510 3721 tonius;
540 3655 708 3710 Walze
731 3656 998 3719 Arsenius,
1029 3662 1081 3708 el
1102 3652 1426 3718 Hieremias;
1454 3653 1715 3709 Ratberlo
1739 3653 1872 3707 Pas-

302 3753 549 3816 chasius;
597 3750 820 3805 Warino
865 3748 1106 3804 Gorbeize
1148 3748 1309 3803 Nova:
1334 3746 1516 3801 abbati
1566 3743 1875 3810 Placidius;

300 3841 423 3896 aliis
444 3840 549 3895 alia
598 3839 855 3894 vocabula
898 3838 1172 3909 supposita
1206 3846 1349 3893 sunt.
1383 3836 1607 3893 Hariulﬁ
1636 3838 1874 3895 chrono-

301 3934 493 4003 grapbi
524 3930 861 3997 Centulensis
888 3930 952 3993 de
987 3938 1175 3986 sancto
1219 3928 1499 3995 Fricboio
1527 3920 1735 3998 agentis
1770 3943 1871 3981 no-

303 4027 468 4079 lauda
510 4034 637 4101 sunt
668 4024 830 4101 verba
877 4022 929 4076 in
957 4022 1050 4077 lib.
1086 4037 1122 4087 ι,
1161 4036 1281 4092 cap.
1312 4020 1387 4077 6:
1441 4040 1459 4073 ι
1494 4020 1730 4074 Alterius
1772 4034 1873 4074 no-

303 4134 451 4178 men,
506 4098 773 4185 ecquod
805 4117 943 4171 rictu
986 4113 1180 4185 lingum
1209 4113 1465 4170 barbara:
1507 4102 1748 4181 ineptum
1795 4111 1876 4165 vi-

303 4227 427 4264 sum
456 4219 563 4275 est,
593 4224 623 4263 a
651 4210 923 4281 prioribus
962 4215 1229 4262 mutatum
1265 4215 1508 4271 vocatur,
1541 4213 1595 4258 et
1621 4204 1877 4261 scribitur

310 4300 638 4353 Hadrianus.
675 4318 693 4352 ι
728 4299 874 4354 Adeo
900 4313 1026 4354 vero
1059 4296 1336 4361 lenitatem
1363 4297 1503 4351 hanc
1534 4295 1876 4351 sectabantur

182 4444 203 4457 ,
302 4393 453 4446 illius
494 4391 750 4459 temporis
772 4389 1037 4453 homines,
1073 4396 1134 4443 ut
1169 4387 1431 4457 ejusmodi
1471 4386 1749 4456 popularia
1776 4400 1875 4439 no-

302 4483 477 4547 mina,
510 4482 662 4551 quasi
708 4482 974 4545 barbara,
1024 4479 1518 4551 pronuntiare'ferc
1566 4493 1672 4531 non
1714 4477 1877 4532 aude-

302 4581 449 4637 rent,
486 4573 592 4627 nisi
616 4574 783 4643 petita
806 4572 967 4627 venia
995 4571 1274 4626 lectorum.
1307 4570 1423 4624 lluc
1448 4578 1654 4637 spectat
1682 4568 1876 4624 Serva-

1974 3385 2301 3440 Ademarum
2342 3384 2762 3446 Ecolismensem
2804 3384 3127 3437 monachum
3174 3384 3229 3436 in
3281 3383 3550 3443 Gbronico

1972 3478 2040 3532 ab
2069 3478 2227 3532 annis
2267 3477 2537 3531 sexcentis
2576 3483 2819 3538 exarato,
2863 3484 2918 3528 et
2955 3474 3295 3544 Sigebcrtum
3339 3473 3388 3528 ei
3421 3489 3553 3545 supm

1970 3582 2159 3637 parem
2213 3567 2266 3620 in
2309 3566 2405 3619 lib.
2453 3566 2518 3619 (le
2560 3564 2928 3635 Scriptoribus
2968 3562 3377 3628 ecclesiasticis,
3430 3581 3550 3635 cap.

1971 3656 2063 3721 89,
2105 3656 2196 3711 ubi
2227 3655 2502 3721 Rabanns,
2535 3655 2638 3708 alio
2661 3656 2877 3710 nomine
2907 3654 3128 3709 Maurus
3161 3657 3267 3710 sive
3298 3656 3555 3727 Magnen-

1972 3749 2075 3800 tius
2099 3746 2417 3817 appellatur.
2436 3745 2758 3809 llllabanus,
2779 3746 2870 3815 qui
2900 3745 3021 3800 aliis
3051 3745 3307 3802 [tabanus
3332 3758 3387 3802 et
3407 3749 3555 3804 Rha-

1972 3840 2147 3896 banus
2192 3838 2263 3893 ita
2313 3853 2510 3892 nomen
2538 3853 2692 3891 suum
2724 3838 2945 3907 pingere
2974 3849 3122 3901 amat
3161 3855 3286 3897 eum
3314 3839 3557 3911 aspirata

1973 3931 2193 4000 praevia,
2249 3938 2308 3983 ut
2336 3928 2710 3994 HLudovicus,
2766 3928 3123 3996 HLotharius,
3155 3945 3255 4000 pro
3295 3946 3451 3987 more
3486 3932 3553 3987 il-

1974 4017 2078 4072 lius
2104 4019 2300 4072 aetatis.

2044 4109 2098 4162 2.
2141 4109 2365 4165 Rabano
2393 4110 2625 4179 patriam
2669 4109 2800 4175 alii,
2833 4108 2991 4164 aliam
3029 4126 3128 4180 pro
3166 4112 3344 4166 studio
3400 4113 3557 4181 quis-

1977 4213 2080 4267 que
2109 4212 2207 4251 suo
2253 4197 2549 4266 adﬁngunt,
2583 4198 2637 4251 bi
2666 4198 2952 4268 Angliam,
2987 4198 3227 4253 Scotiam
3274 4199 3385 4255 isti.
3433 4200 3556 4257 Non

1975 4296 2131 4342 vacat
2160 4286 2406 4342 refellere
2437 4288 2568 4361 istas
2598 4303 2787 4358 nugas.
2821 4288 3089 4363 Francum
3122 4303 3245 4344 eum
3276 4289 3464 4356 fuisse,
3498 4293 3555 4349 id

1975 4389 2058 4434 est
2087 4379 2138 4433 in
2166 4378 2395 4434 Francia
2419 4377 2668 4433 orientali
2701 4387 2901 4443 ortum,
2933 4388 3168 4446 constat;
3207 4395 3311 4435 non
3336 4382 3563 4451 quidem

1977 4476 2177 4541 Fuldaa,
2209 4477 2301 4531 sed
2343 4475 2644 4547 Magontiae.
2673 4473 2813 4528 Audi
2840 4473 3122 4529 Rabanum
3150 4475 3326 4545 ipsum
3356 4477 3413 4531 in
3456 4476 3556 4531 Al-

1977 4567 2121 4623 cuiui
2158 4582 2385 4635 persona
2425 4565 2588 4619 libros
2614 4565 2679 4619 de
2701 4564 2872 4620 Cruce
2900 4580 3027 4619 suos
3047 4562 3361 4627 offerentem
3383 4581 3560 4637 papae,

300 4676 396 4720 tus
428 4665 614 4736 Lupus
662 4667 716 4721 in
757 4665 1070 4736 praefatione
1100 4665 1166 4717 ad
1202 4664 1395 4717 librum
1427 4664 1493 4717 de
1537 4662 1657 4716 Vita
1700 4661 1872 4717 sancti
1901 4657 1944 4718 C
1975 4665 2031 4712 et
2067 4658 2147 4712 sic
2187 4658 2251 4711 de
2288 4672 2345 4711 se
2375 4657 2680 4724 loquentem
2714 4673 2726 4708 :

300 4755 576 4827 Wigberti
612 4755 863 4839 abbatis;
899 4773 917 4805 ‹
948 4755 1004 4809 ld
1032 4761 1211 4808 autem
1238 4769 1267 4806 a
1305 4754 1464 4823 periti
1504 4752 1877 4807 benevolentia

299 4847 529 4902 lectoris
564 4847 918 4912 obtinuerint,
948 4853 1010 4903 ut
1037 4845 1209 4903 sicubi
1239 4844 1413 4900 Latini
1443 4846 1709 4900 sermonis
1738 4844 1877 4899 leni-

301 4946 389 4992 tas
418 4937 693 4992 hominum
721 4938 1029 5015 locorumve
1048 4936 1383 5007 Germanicae
1404 4937 1597 5009 lingua:
1620 4951 1870 4995 vernacu-

299 5030 373 5084 lis
400 5038 704 5099 asperatur,
738 5029 948 5086 modice
994 5028 1153 5093 ferat,
1185 5044 1248 5084 ac
1279 5028 1582 5083 meminerit
1612 5042 1718 5081 non
1755 5043 1877 5083 car-

300 5136 432 5177 men
460 5136 546 5176 me
582 5121 840 5185 scribere,
887 5121 978 5179 ubi
1003 5121 1211 5197 poetica
1241 5120 1456 5189 licentia
1496 5136 1875 5189 nonnunquam

302 5212 527 5277 nomina
551 5212 885 5277 mutilantur,
919 5221 1081 5280 atque
1100 5210 1165 5265 ad
1180 5211 1531 5266 seueritatem
1554 5211 1781 5264 Romani
1796 5211 1880 5264 di-

305 5304 558 5369 riguntur
588 5304 804 5375 eloquii,
832 5303 917 5356 vel
946 5302 1160 5373 penitus
1185 5302 1556 5372 immutantur,
1586 5301 1678 5355 sed
1705 5302 1877 5357 histo-

304 5395 446 5448 riam
475 5409 596 5464 qute
630 5410 689 5448 se
734 5392 1015 5449 obscurari
1062 5393 1301 5449 colorum
1336 5391 1741 5462 obliquitatibus
1788 5407 1880 5447 re-

304 5485 444 5540 nuit.
485 5504 505 5536 ι
537 5483 665 5540 Haec
690 5486 857 5557 igitur
885 5500 1048 5541 causa
1087 5493 1172 5539 est
1195 5484 1265 5538 ob
1289 5499 1451 5554 quam
1482 5482 1741 5539 Alcuiuus
1767 5483 1877 5539 Ra-

302 5573 452 5629 hano
504 5583 920 5647 cognomentum
958 5589 1053 5629 seu
1099 5574 1330 5628 alterum
1370 5588 1567 5628 nomen
1621 5574 1879 5644 imposuit

308 5662 515 5729 Mauro,
561 5681 671 5737 quo
706 5666 925 5720 nomine
953 5679 1074 5718 eum
1110 5663 1344 5719 salutare
1371 5663 1508 5719 solet
1538 5664 1592 5719 in
1637 5666 1877 5737 epistolis

643 5758 905 5819 Parnm.
953 5755 1126 5816 CV”.

275 5933 566 6089 πρὸ
634 5894 859 6063 Μ’

2107 4751 2217 4814 lpgﬂ
2243 4750 2439 4814 quidem
2464 4749 2675 4800 Francus
2699 4761 2890 4812 genere
2917 4754 3009 4812 est,
3028 4756 3178 4813 atque
3202 4750 3358 4801 incola
3376 4749 3513 4802 sitm
3560 4796 3563 4799 .

2167 4812 2443 4873 Bochonize,
2466 4819 2561 4859 etc.

1984 4892 2168 4947 Fulda
2203 4891 2423 4962 quippe,
2480 4891 2620 4960 quod
2659 4891 2914 4960 oppidum
2969 4889 3025 4944 in
3066 4890 3342 4947 Boehonia
3374 4892 3560 4946 situm

1985 4992 2101 5046 est,
2147 4982 2445 5037 monachus
2481 4990 2598 5035 erat
2653 5001 2665 5034 :
2715 4996 2821 5035 non
2867 4989 3046 5035 tamen
3092 4996 3158 5036 eo
3200 4982 3304 5038 loci
3359 4991 3556 5044 natus,

1986 5075 2080 5129 sed
2120 5074 2170 5126 in
2234 5074 2367 5127 urbe
2406 5071 2691 5141 Magontia,
2733 5080 2792 5126 ut
2830 5072 2944 5141 ipse
2984 5071 3130 5127 canit
3179 5072 3233 5127 in
3283 5072 3560 5141 epitaphio

1982 5180 2079 5219 suo
2111 5184 2123 5217 ἶ

2107 5254 2239 5304 Urbe
2252 5253 2450 5315 quidem
2471 5253 2559 5301 bac
2579 5227 2779 5315 genitus
2795 5264 2922 5315 sum,
2942 5265 2998 5303 ac
3014 5265 3150 5303 sacro
3169 5253 3301 5302 fonte
3322 5255 3523 5301 renatus
3542 5262 3557 5300 :

2169 5315 2222 5364 ln
2247 5312 2398 5367 Fulda
2422 5322 2529 5375 post
2555 5312 2656 5362 biec
2679 5314 2853 5377 dogma
2874 5312 3065 5373 sacrum
3089 5314 3249 5365 didici.

1983 5394 2093 5451 Nec
2115 5382 2365 5450 audiendi
2390 5400 2516 5448 sunt
2541 5394 2634 5463 qui
2663 5393 3149 5467 interpunctionem
3175 5400 3300 5472 post
3318 5389 3564 5474 yocahtt.

1981 5487 2092 5542 lum
2135 5487 2193 5540 in
2247 5484 2425 5541 Futda
2473 5484 2674 5539 locant.
2739 5484 2993 5540 Raba‘nus
3029 5483 3174 5539 enim
3228 5483 3559 5553 sepulturam

1980 5593 2134 5632 suam
2168 5576 2543 5649 designaverat
2579 5575 2864 5647 Magontia:
2893 5576 2946 5629 in
2997 5576 3328 5630 monasterio
3370 5570 3560 5632 Sancti

1977 5669 2190 5735 Albani,
2218 5684 2280 5725 ac
2307 5670 2526 5742 proinde
2553 5670 2716 5725 verba
2748 5667 2855 5733 illa,
2885 5666 3022 5723 Urbe
3058 5667 3270 5738 quidem
3289 5668 3390 5724 hac
3416 5664 3561 5738 geni-

3165 5760 3200 5819 1

2186 5837 2258 5845 ινφ.
