4012 6194
439 311 500 368 l5
1562 309 1650 362 AD
1687 307 1910 364 OPERA
1950 308 2008 362 Β.

2113 307 2301 368 UiA‘Nl
2343 308 2558 365 MAURI
3619 313 3683 367 lii

435 434 486 487 in
533 425 756 500 epistola
787 427 853 480 ad
901 423 1152 479 eumdem
1193 421 1521 478 Haistulfum
1559 423 1714 478 initio
1745 423 2005 478 librorum
2037 427 2082 485 Α
2113 421 2362 476 servilem
2392 438 2520 477 suos
2559 423 2796 493 adigere,
2849 423 3036 493 eisque
3089 423 3254 479 libros
3283 434 3338 482 ct
3382 427 3682 484 studiorum

435 523 498 575 de
551 515 891 573 Institutione
944 514 1284 576 clericorum,
1325 513 1378 567 in
1426 514 1539 568 hzec
1575 514 1784 568 verba:
1833 533 1850 565 ι
1894 514 2008 568 Tuo

433 612 575 666 enim
608 602 920 680 magisterio
941 619 1103 674 super
1137 619 1222 658 me
1258 603 1432 660 libens
1461 603 1712 668 subdam,
1738 618 1767 656 a
1793 619 1902 673 quo
1931 618 2010 656 re-

433 700 629 754 cordor
674 713 761 753 mc
817 695 1089 764 accepisse
1137 693 1456 764 dignitatem
1504 693 1947 757 ecclesiasticam,
1983 711 2002 744 ι

434 791 487 846 id
521 798 604 844 est
657 783 1048 843 sacerdotalem
1093 783 1508 840 ordinationem.
1543 781 1824 836 Scribebat
1869 783 2009 835 hanc

435 864 710 950 epistolam
750 879 1004 931 Rabanus
1054 891 1193 930 anno
1240 875 1363 938 819,
1412 875 1624 944 signato
1667 874 1732 926 in
1764 871 2008 926 versibus

433 969 698 1024 Haistulfo
722 967 997 1037 inscriptis
1029 967 1082 1019 in
1110 965 1294 1018 limine
1319 965 1548 1018 istorum
1588 965 1870 1025 librorum,
1901 978 2007 1032 quo

433 1051 577 1115 anno
603 1060 742 1114 facta
769 1068 851 1114 est
880 1057 1162 1112 Fnldensis
1205 1056 1438 1110 basilicm
1459 1055 1746 1119 dedicatio,
1784 1054 1869 1109 cui
1905 1054 2008 1108 Ba-

430 1153 604 1207 banus
634 1149 874 1206 interfuit
898 1149 1011 1218 jam
1044 1148 1342 1220 presbyter,
1373 1154 1517 1202 teste.
1542 1145 1783 1202 Candide
1811 1147 1863 1200 in
1887 1147 2006 1201 Vita

432 1241 602 1295 sancti
630 1239 836 1310 Eigilis.
868 1239 1028 1304 Atqui
1070 1236 1367 1291 liaistulfus
1396 1237 1578 1290 sedem
1599 1236 2026 1314 'Mogontiacenm

432 1349 545 1387 sem
593 1347 734 1386 anno
787 1331 890 1386 815
920 1331 1108 1384 iniisse
1156 1315 1544 1406 dicitur-apud
1595 1327 1894 1391 Scrarium,
1944 1343 2008 1382 ac

431 1424 658 1494 proinde
685 1422 872 1478 eodem
921 1419 1030 1474 fere
1059 1435 1201 1474 anno
1241 1419 1520 1473 ordinatus
1565 1420 1634 1472 ab
1685 1433 1752 1472 eo
1783 1426 1867 1472 est
1905 1411 2008 1470 Ra-

435 1517 626 1570 banus.
661 1513 818 1569 Certe
853 1513 1074 1566 verbum
1101 1512 1366 1574 recordor,
1390 1527 1497 1580 quo
1537 1527 1666 1565 usus
1685 1520 1768 1565 est
1799 1511 1849 1563 in
1871 1525 2010 1580 prcc—

431 1607 591 1659 citata
619 1603 864 1674 epistola,
898 1618 1039 1657 anno
1072 1603 1175 1658 8-l9
1207 1603 1285 1672 (nt
1317 1601 1449 1678 dixi)
1493 1600 1754 1657 Haistulfo
1780 1602 2003 1664 directa,

431 1697 563 1748 satis
608 1695 784 1749 innuit
819 1697 929 1765 jam
971 1695 1303 1763 aliquantum
1353 1690 1620 1748 eiiluxisse
1664 1694 1920 1763 temporis
1972 1707 2000 1744 a

431 1801 526 1838 sua
573 1786 935 1840 ordinatione.
966 1785 1372 1862 Posteaquam
1425 1785 1540 1838 hare
1567 1786 2000 1847 observaveram,
2035 1781 2080 1839 Β

430 1877 614 1929 incidit
646 1876 697 1928 in
733 1891 924 1930 manus
964 1891 1112 1929 meas
1142 1883 1320 1928 tomus
1352 1875 1619 1928 secundus
1660 1873 2005 1926 Bibliothccm

428 1966 824 2030 Lainbccianae,
858 1965 908 2019 in
937 1979 1043 2034 quo
1079 1965 1353 2018 veterrimi
1405 1964 1671 2018 habemur
1713 1963 2006 2017 Fuldenscs

429 2055 666 2108 Annales
685 2055 796 2124 jam
829 2055 1052 2120 laudati,
1085 2054 1175 2108 ubi
1215 2055 1281 2109 de
1309 2054 1518 2109 Rabani
1559 2054 1864 2108 sacerdotio
1893 2053 2006 2106 haec

429 2147 545 2215 lego
579 2163 591 2199 :
624 2146 777 2199 Auno
817 2147 838 2200 1
881 2145 1134 2200 Ludovici
1185 2143 1274 2198 Pii
1329 2142 1570 2196 HRaban'
1617 2143 1891 2196 ordinatur
1937 2142 2006 2194 ad

427 2241 778 2306 presbyterum
799 2255 826 2290 Χ
846 2235 971 2291 Kal.
994 2237 1245 2290 Januarii
1259 2235 1322 2288 ab
1337 2233 1600 2303 Heistolfo
1619 2235 2006 2304 archiepiscopo

431 2327 864 2395 Mogontiacensi.
899 2325 1039 2396 Ergo
1065 2339 1206 2379 anno
1241 2322 1348 2380 8M
1368 2324 1667 2386 desinente,
1697 2338 1802 2392 quo
1828 2323 2008 2393 proin-

430 2411 496 2464 de
527 2426 668 2464 anno
696 2410 990 2464 lleistulfus
1011 2409 1252 2464 ecclesia:
1276 2409 1694 2478 Mogontiacensi
1713 2406 1826 2477 jam
1864 2424 2005 2478 prie-

427 2499 656 2552 sitiebat.
968 2555 976 2562 _

505 2589 592 2642 Η.
634 2589 779 2643 inter
799 2604 862 2643 ca
881 2597 1057 2644 motus
1083 2601 1138 2643 et
1161 2590 1463 2646 simultates
1487 2590 1794 2644 excitantur
1817 2590 1870 2643 in
1893 2604 2008 2643 mo-

427 2679 932 2735 nasterioFuldensi
962 2697 973 2732 :
1007 2679 1123 2734 dira
1145 2681 1334 2750 pestis,
1359 2696 1465 2751 qua
1485 2697 1591 2736 non
1621 2681 1788 2736 semel
1812 2680 2006 2735 amicta

428 2779 510 2824 est
545 2771 629 2824 illa
657 2758 1025 2840 congregatio,
1042 2772 1274 2840 primum
1290 2773 1505 2842 quidem
1531 2771 1770 2827 Sturmio'
1787 2773 2004 2836 abbate,

433 2876 544 2919 tum
577 2866 741 2920 etiam
788 2863 806 2933 (
838 2872 897 2917 ut
924 2863 1194 2933 conjicio)
1231 2871 1450 2933 regente
1497 2862 1776 2930 Baugulfo,
1818 2864 1908 2929 qui
1939 2863 2006 2915 ob

429 2957 480 3009 id
509 2954 770 3025 regimine
797 2953 1023 3008 cessisse
1047 2953 1258 3006 videtur
1293 2968 1306 3003 :
1341 2951 1463 3004 dein
1493 2952 1590 3003 sub
1618 2951 1895 3019 ltatgario,
1915 2949 2004 3016 qui

425 3044 577 3112 jussu
612 3041 861 3096 Ludovici
909 3040 1134 3110 Augusti
1164 3037 1408 3106 abjectus
1437 3046 1550 3104 est;
1583 3053 1646 3092 ac
1671 3039 1884 3092 demum
1918 3035 2008 3089 iti-

430 3131 551 3184 dem
583 3129 681 3182 sub
712 3128 950 3192 ltabano,
983 3137 1144 3196 quein
1178 3127 1565 3181 monachorum
1594 3141 1811 3180 suorum
1843 3125 2006 3180 factio
2033 3121 2077 3182 C

427 3219 658 3274 abbatize
681 3218 928 3272 nuntium
953 3217 1230 3272 remittere
1257 3217 1451 3288 coegit.
1473 3215 1764 3280 Sturmius,
1784 3215 2006 3284 jubente

427 3309 674 3380 Pippin‘o,
711 3309 762 3363 in
785 3309 1032 3363 exsilium
1064 3309 1262 3364 missus
1281 3317 1362 3362 ezt
1388 3329 1406 3360 ‹
1441 3309 1508 3364 ad
1534 3301 1786 3377 magnum
1824 3323 2008 3362 caeno-

431 3401 600 3462 bium,
631 3401 773 3469 quod
819 3401 1016 3454 dicitur
1046 3399 1338 3463 Unnedica,
1369 3408 1427 3454 ut
1456 3399 1508 3452 in
1535 3398 1703 3467 ipsius
1727 3397 1846 3452 Vita
1877 3397 2010 3467 legi-

431 3500 534 3546 tur.
554 3492 860 3557 Brotverus,
883 3493 1091 3562 primus
1113 3491 1250 3546 Vita:
1268 3491 1464 3556 editor,
1491 3497 1796 3558 su5pectam
1822 3489 2009 3544 habuit

429 3598 615 3636 vocem
645 3581 934 3648 Unuedica,
957 3583 1044 3636 ubi
1069 3582 1131 3636 V.
1161 3580 1220 3637 C.
1247 3581 1549 3635 Hadrianus
1576 3580 2010 3650 Valesiuslegen-

435 3674 560 3726 dum
591 3679 744 3741 putat
771 3671 1065 3736 Gemedico,
1089 3672 1345 3742 Jumiége,
1364 3671 1505 3740 quod
1530 3671 1886 3736 Gemedicum,
1917 3668 2011 3724 Ce—

429 3763 694 3826 metirum,
721 3773 775 3816 ct
801 3759 1108 3816 Gimcticum
1133 3771 1348 3826 vocant,
1377 3763 1540 3817 situm
1567 3763 1619 3816 in
1644 3779 1782 3833 pago
1809 3762 2010 3818 Bothe-

432 3852 672 3922 magensi
709 3853 776 3907 ad
830 3851 1154 3922 Sequanam.
1187 3853 1348 3908 Certe
1390 3855 1646 3923 proclivis
1673 3862 1755 3908 est
1785 3853 2010 3908 mutatio

430 3947 626 4001 littera:
657 3944 701 4000 G
729 3948 783 4001 in
819 3947 859 4001 V
893 3947 1032 4016 apud
1073 3947 1344 4002 Teutones
1375 3956 1428 4001 et
1460 3947 1737 4001 Francos:
1776 3948 1913 4002 adeo
1946 3956 2011 4002 ut

433 4053 533 4106 pro
557 4035 822 4092 Gimedico
837 4039 1098 4106 scriptum
1122 4039 1194 4092 sit
1223 4039 1276 4092 in
1299 4037 1524 4092 Sturmii
1547 4037 1700 4092 Actis
1727 4037 2006 4103 l'imedico,

435 4127 586 4195 cujus
607 4127 725 4182 loco
750 4127 1036 4182 Brovverus
1059 4127 1244 4197 legerit
1275 4125 1558 4181 Unnedico.
1579 4129 1764 4198 Itaque
1785 4127 2010 4184 Sturmii
2075 4179 2082 4185 .

435 4219 610 4273 exsilii
661 4221 838 4276 locum
877 4234 996 4274 esse
1049 4218 1386 4273 Gemcticum
1415 4218 1779 4273 indubitanter
1829 4218 2012 4272 existi-

435 4323 596 4361 mem.
629 4310 692 4361 Et
729 4305 946 4376 quidem
993 4309 1174 4376 iniqua
1207 4308 1308 4362 fuit
1337 4309 1390 4362 in
1417 4307 1716 4364 Sturmium
1752 4317 1805 4362 et
1832 4307 2012 4362 Raba-

435 4412 564 4449 num
610 4399 898 4452 commotio
954 4399 1380 4462 monachorum;
1420 4399 1473 4451 in
1517 4399 1828 4467 Ratgarium
1880 4413 2011 4454 vero

431 4485 598 4554 iusta,
631 4485 908 4538 moderata
932 4493 988 4538 et
1021 4487 1348 4539 necessaria.
1377 4487 1662 4554 Hatgarius
1698 4486 1897 4555 quippe
1915 4487 2007 4542 ubi
2035 4473 2088 4532 D

435 4576 669 4646 primum
693 4575 811 4630 iniit
833 4576 1156 4646 pastoralem
1185 4592 1390 4641 curam,
1423 4591 1546 4630 mox
1571 4584 1740 4630 totum
1767 4575 1879 4632 fere
1897 4593 2010 4632 mo-

437 4665 664 4718 nasterii
692 4665 990 4736 disciplina:
1017 4665 1298 4720 Fuldensis
1324 4674 1522 4720 statum
1551 4667 1809 4736 pervertit
1835 4707 1848 4733 ,
1877 4667 2011 4721 alio-

437 4771 556 4809 rum
573 4755 1042 4820 monasteriorum,
1058 4757 1254 4811 nedum
1273 4757 1373 4820 sui,
1395 4771 1572 4811 mores
1587 4757 2006 4824 reprehendens,

445 4867 463 4898 ι
497 4849 650 4917 quasi
704 4849 1024 4918 regulariter
1059 4865 1162 4903 non
1195 4850 1454 4904 viverent.
1491 4869 1509 4900 ι
1541 4848 1831 4904 Monachos
1884 4863 2011 4903 suos

443 4938 604 4991 rebus
638 4939 960 4993 necessariis
985 4939 1244 5008 spoliatos
1271 4940 1335 4993 ad
1375 4939 1610 4993 laborem
1638 4939 2007 4992 manuum'as-

441 5028 650 5080 siduum
673 5025 942 5098 adigebat,
963 5029 1236 5099 abrogatis
1260 5028 1432 5083 solitis
1451 5028 1722 5098 precibus,
1747 5028 2014 5097 frequenti

445 5118 730 5170 missarum
758 5117 1141 5184 celebratione,
1177 5128 1231 5173 et
1272 5119 1426 5174 festis
1451 5119 1640 5172 diebus
1671 5134 1776 5173 non
1802 5122 2008 5189 paucis.

445 5205 580 5261 liinc
643 5205 880 5275 querelae
937 5207 1078 5277 apud
1135 5207 1384 5262 Carolum
1453 5207 1702 5277 Magnum
1756 5210 2012 5278 deposita:

446 5314 473 5350 a
506 5298 803 5362 n'onachis,
836 5313 1064 5366 quorum
1109 5299 1402 5368 supplicem
1442 5299 1544 5354 hac
1586 5299 1652 5354 de
1681 5315 1742 5354 re
1774 5299 2009 5354 libellum

444 5388 600 5440 retuli
645 5398 766 5458 post
812 5388 987 5444 Vitam
1047 5391 1219 5444 sancti
1269 5389 1455 5460 Eigilis
1499 5391 1706 5445 abbatis
1775 5391 2010 5445 Fulden-

447 5475 524 5527 sis
551 5488 597 5528 η.
627 5477 802 5533 Caroli
843 5479 995 5548 jussu
1050 5496 1298 5549 repressa
1351 5480 1592 5552 ltatgarii
1629 5482 1906 5547 severitas,
1946 5497 2011 5536 eo

445 5573 660 5619 mortuo
709 5584 900 5625 rursus
953 5571 1200 5635 fervere,
1263 5573 1330 5626 ad
1377 5573 1614 5628 laborem
1675 5574 1796 5643 plus
1845 5589 2006 5643 quam

519 5663 544 5691 ιι
573 5653 701 5708 Vide
729 5656 1044 5730 Patrologiie
1077 5671 1206 5717 tom.
1239 5661 1347 5716 CV.

2111 527 2241 566 usus
2272 513 2616 568 interdicere.
2652 513 2716 567 Hi
2749 514 3002 582 precibus
3045 515 3276 584 primum
3326 518 3468 586 apud
3506 517 3684 588 ipsum

2110 617 2226 655 rem
2253 611 2442 672 agunt,
2491 603 2559 656 ad
2585 618 2756 672 genua
2805 605 3222 672 procumbentes
3273 607 3580 676 supplicant
3624 617 3688 666 ut

2109 691 2294 745 mitius
2339 706 2464 746 cum
2487 692 2566 746 eis
2594 701 2804 763 agatur.
2838 693 3092 749 [tabanus
3115 695 3230 765 ipse
3250 734 3264 760 ,
3294 697 3382 752 cui
3421 697 3684 754 librorum

2109 799 2272 852 parva
2309 786 2546 855 supellex
2579 788 2828 856 adempta
2875 785 3072 852 fuerat,
3126 789 3319 842 durum
3347 799 3402 844 et
3445 790 3682 848 ferocem

2109 872 2322 927 abbatis
2351 875 2590 928 animum
2613 875 2839 930 delinire
2862 883 3035 929 tentat
3060 877 3144 930 his
3168 877 3433 933 versibus.

2171 983 2422 1054 Te_,l’ater
2435 983 2582 1054 alme,
2595 988 2777 1054 virum,
2791 985 3131 1054 monachorum
3145 994 3294 1050 atque
3309 991 3487 1052 optime
3503 998 3684 1054 pastor,

2233 1047 2407 1096 invoco
2433 1047 2690 1107 propitium
2717 1049 2821 1107 ipse
2844 1055 2958 1097 tuus
2980 1048 3184 1098 famulus
3205 1047 3217 1098 ἐ

2175 1106 2340 1174 Utica
2369 1121 2495 1174 nunc
2521 1106 2678 1168 pietas
2699 1106 2926 1158 miserum
2947 1122 3027 1174 me
3051 1114 3279 1162 exaudiat
3302 1110 3424 1161 alma
3444 1148 3460 1174 ,

2231 1171 2301 1217 Ad
2332 1175 2384 1218 te
2407 1170 2712 1227 clamantem,
2740 1179 2898 1218 rector
2924 1173 3107 1232 ubique
3133 1175 3252 1232 pius.

2171 1228 2274 1276 Jam
2302 1232 2420 1279 mihi
2445 1233 2687 1280 concessit
2710 1232 2898 1280 bonitas
2923 1239 3002 1280 tua
3027 1228 3226 1281 discere
3248 1233 3424 1282 libros:

2231 1291 2328 1340 Sed
2351 1305 2429 1340 me
2456 1301 2712 1351 paupertas
2733 1292 2933 1340 sull'ocat
2958 1295 3157 1350 ingenii.

2172 1351 2384 1418 mequia
2405 1365 2710 1415 quiscunque
2733 1354 2994 1418 docuerunt
3023 1369 3109 1418 ore
3135 1357 3345 1418 magistri
3371 1395 3384 1418 ,

2233 1415 2307 1463 Ne
2333 1429 2450 1475 vaga
2473 1416 2828 1474 meus'perdat,
2852 1425 3020 1463 cuncta
3039 1416 3150 1462 dedi
3177 1417 3317 1465 foliis.

2177 1473 2296 1542 Hinc
2320 1473 2515 1536 (pieque
2553 1473 2680 1542 nunc
2701 1473 2920 1542 (uastant
2944 1477 3139 1538 glosszc,
3164 1480 3394 1542 parvique
3413 1477 3560 1528 libelli
3587 1517 3605 1542 ,

2233 1538 2364 1592 Quos
2387 1536 2781 1598 pri-coriindigno
2805 1537 3012 1584 reddere
3039 1536 3310 1596 praeeipias.

2173 1595 2574 1658 Servi-quidquid
2599 1595 2798 1654 hab‘etit,
2821 1595 3120 1646 dominorum
3144 1601 3254 1657 jure
3279 1607 3498 1650 tenel.:r.
3518 1595 3531 1611 “

2232 1657 2314 1706 Sic
2337 1672 2431 1718 ego
2455 1672 2565 1718 qua:
2587 1661 2776 1718 scripsi,
2803 1662 2959 1708 omnia
2978 1660 3088 1718 jure
3114 1667 3274 1709 leues.

2168 1715 2271 1785 Nec
2296 1715 2412 1785 milii
2438 1715 2531 1785 ceu
2557 1715 2748 1780 prOpria
2766 1715 3124 1785 petulanshmc
3149 1723 3335 1770 vindico
3356 1737 3419 1772 se:
3436 1726 3528 1785 ipta
3554 1739 3567 1773 :

2231 1779 2414 1829 Defero
2445 1781 2531 1828 sed
2559 1779 2723 1830 vestro
2745 1779 2904 1829 omnia
2927 1782 3130 1840 judicio.

2171 1839 2412 1908 S.»_n_n_nhi
2439 1843 2542 1890 htec
2569 1844 2769 1908 tribuas,
2794 1857 2884 1908 seu
2911 1839 3036 1903 lion;
3065 1852 3226 1908 tamen
3266 1844 3626 1908 Omnipotcntis

2233 1900 2468 1951 Diviuitas
2489 1916 2684 1963 semper
2705 1900 2791 1952 det
2815 1905 2901 1960 tibi
2929 1900 3097 1952 cun-ta
3120 1907 3240 1952 bona
3263 1919 3276 1955 :

2138 1983 2148 1990 ·
2169 1962 2529 2029 Certaineruiue
2549 1962 2726 2012 bunum
2751 1977 2894 2012 cursu
2919 1973 3214 2014 consummet
3241 1969 3450 2015 honesto
3469 2005 3484 2029 ,

2137 2069 2144 2076 .
2228 2025 2345 2075 Cum
2371 2025 2556 2074 Christo
2582 2030 2636 2074 ut
2655 2038 2850 2074 maneas
2873 2039 3071 2087 semper
3099 2041 3144 2074 ιιι
3165 2040 3275 2076 arce
3301 2028 3416 2088 poli.

2109 2147 2364 2202 Movisset
2389 2147 2625 2203 ferreum
2649 2159 2838 2220 pectus
2881 2159 2990 2204 tam
3009 2150 3155 2218 justi
3186 2161 3404 2224 tantque
3445 2156 3683 2212 modesta

2107 2240 2284 2294 oratio
2311 2257 2325 2294 :
2355 2247 2410 2293 at
2456 2255 2586 2294 saxo
2623 2249 2840 2295 cantum
2889 2253 2995 2297 est.
3035 2242 3171 2298 Hinc
3229 2244 3429 2299 malum
3473 2246 3684 2317 ingens,

2108 2331 2344 2396 secessio
2373 2337 2430 2384 et
2475 2330 2664 2384 exsilia
2704 2333 3114 2397 monachorum,
3143 2342 3198 2388 et
3237 2334 3466 2388 solitudo
3514 2335 3567 2390 in
3599 2352 3690 2392 so-

2109 2419 2333 2474 litudine
2379 2421 2512 2489 ipsa.
2547 2419 2850 2491 Lugubrem
2897 2423 3040 2477 hunc
3064 2423 3244 2478 Fulda‘.
3272 2432 3469 2480 statum
3494 2419 3709 2495 pathc?

2111 2511 2258 2566 ticd'is
2286 2509 2544 2566 describit
2587 2514 2840 2570 Rabanus
2871 2515 2925 2570 in
2981 2517 3221 2570 carmine
3249 2517 3340 2584 50,
3389 2518 3456 2572 ad
3493 2533 3684 2588 quem-

2107 2606 2229 2658 dam
2260 2603 2581 2660 Fuldensem
2611 2609 2937 2662 monachum
2980 2605 3372 2674 exsultantem;
3407 2609 3548 2680 quod
3577 2625 3684 2664 non

2109 2699 2177 2753 ab
2224 2714 2282 2752 rc
2308 2700 2414 2754 erit
2447 2699 2553 2756 huc
2606 2701 2834 2768 referre,
2877 2712 2938 2757 ut
2957 2712 3214 2782 pastores
3248 2705 3464 2760 demum
3489 2704 3686 2759 intelli-

2109 2797 2256 2856 gant,
2285 2800 2547 2859 quantum
2573 2793 2770 2848 malum
2802 2795 2978 2864 pariat
3015 2795 3366 2851 immoderata
3396 2795 3678 2852 severitas.

2266 2918 2505 2988 .ijurrens
2527 2923 2688 2988 charta
2713 2923 3072 2988 procu1__nuntia
3102 2934 3237 2988 porta
3310 2907 3325 2930 ’

2233 2975 2606 3045 ρὶιεηςοβγειιίιι
2632 2975 2834 3045 munera
2866 2986 3024 3034 Fratri
3052 3025 3066 3045 ,

2232 3037 2349 3104 Quae
2376 3037 2577 3104 infausta
2606 3041 2785 3088 tulerat
2813 3037 3197 3104 temporis'hora.

2294 3100 2448 3154 Quem
2473 3101 2535 3146 du
2559 3107 2652 3147 tum
2679 3104 2858 3159 eripuit
2875 3100 3011 3152 sorte
3041 3105 3244 3154 nefanda

2230 3155 2370 3226 Sons,
2397 3159 2526 3206 fraus
2551 3167 2599 3208 at
2619 3174 2696 3226 pic
2721 3155 2874 3225 do‘or,
2895 3173 2945 3212 et
2967 3164 3098 3212 labor
3124 3167 3296 3226 ingens

2233 3217 2426 3282 Longas
2447 3217 2746 3270 coruunt-rat
2769 3217 2995 3282 qnaérere
3020 3217 3200 3273 terras"
3267 3231 3270 3234 ’

2293 3279 2414 3348 Pars
2445 3284 2602 3348 ablata
2627 3279 3216 3348 luit,inarsiuieremausit
3249 3299 3262 3334 :

2233 3342 2348 3405 Cum
2371 3343 2546 3391 divisns
2577 3343 2714 3391 h'unn
2740 3342 3068 3405 (troli'rlolor!
3097 3352 3107 3401 i
3135 3342 3256 3397 unus

2220 3403 2304 3452 list
2330 3413 2435 3453 \OIO
2457 3413 2604 3466 atque
2633 3403 2787 3452 aninia
2807 3419 3006 3467 corpore
3033 3410 3158 3455 bin'o.

2299 3468 2556 3526 Postquam
2582 3475 2630 3513 tu
2658 3469 2913 3528 unanimis,
2943 3471 3110 3530 frater,
3135 3472 3299 3533 abisti,

2234 3527 2316 3593 ᾼςῐ
2343 3541 2450 3574 mox
2479 3541 2563 3586 per
2591 3532 2748 3593 varios
2773 3527 2929 3576 tonsus
2962 3527 3144 3593 ubique

2234 3589 2350 3638 Sum
2370 3601 2521 3644 casus,
2547 3589 2669 3636 odiis
2693 3589 2832 3636 laesus
2852 3597 2902 3638 et
2928 3596 3060 3640 atris.

2297 3649 2393 3698 Sed
2421 3663 2601 3698 nunc...
2631 3650 2771 3699 doleo
2798 3660 2994 3710 pectore
3023 3655 3143 3702 tristi

2236 3709 2437 3777 Multum
2463 3723 2603 3777 posse
2628 3709 2823 3777 malum,
2849 3713 2942 3758 heu
2965 3715 2976 3761 ἔ
3005 3715 3240 3772 generale
3258 3752 3272 3777 ,

2235 3776 2384 3828 Quam
2409 3772 2496 3819 soli
2521 3772 2738 3818 mihimet
2765 3777 2974 3822 condere
2999 3779 3241 3824 damnum.

2296 3833 2366 3885 Ex
2393 3845 2488 3891 quo
2510 3833 2684 3882 seditio
2710 3836 2852 3886 noxia
2873 3835 3052 3884 dudum

2236 3891 2368 3942 Inter
2391 3906 2475 3939 nos
2497 3904 2598 3942 orta
2623 3902 2718 3952 est,
2745 3906 2886 3942 nemo
2914 3897 3100 3947 valebat

2234 3955 2414 4002 Lenire
2441 3955 2564 4002 hanc
2591 3955 2832 4014 precibus,
2872 3969 2962 4004 nec
2983 3959 3101 4008 dare
3122 3958 3284 4011 linem.

2299 4014 2536 4086 crescens
2558 4016 2643 4065 sed
2669 4017 2867 4086 nimium
2891 4025 3112 4086 tempore
3138 4021 3288 4073 nnilto
3305 4060 3322 4086 ,

2236 4077 2386 4144 {lucta
2415 4085 2488 4144 est
2515 4088 2698 4144 perque
2717 4078 2825 4144 dies
2846 4087 2980 4144 sorte
2994 4077 3051 4144 ξιιι
3071 4081 3211 4144 .ligua
3239 4121 3252 4144 ,

2244 4138 2458 4186 \‘astavit
2483 4136 2706 4199 populum
2730 4137 2887 4187 Patris
2908 4141 2972 4188 ob
2995 4136 3132 4192 iram:

2300 4199 2632 4266 Durescitqui
2653 4203 2812 4248 animo
2837 4202 3095 4266 ct_cedere
3120 4207 3276 4256 nescit
3303 4242 3316 4266 ,

2236 4259 2367 4310 Trux
2394 4259 2620 4309 deturbat
2645 4273 2782 4318 oves,
2808 4263 2942 4310 Caede
2963 4273 3189 4317 cruentat
3213 4281 3226 4316 :

2236 4320 2426 4383 Nullius
2448 4323 2666 4383 miseret,
2693 4323 2829 4371 sa-vit
2854 4329 2901 4371 iu
2923 4337 3110 4376 omnes.

2299 4382 2387 4448 llis
2407 4392 2639 4448 commota
2664 4385 2799 4448 malis
2820 4387 2960 4448 turba
2985 4387 3188 4448 reliquit

2239 4442 2497 4508 Antiquutn
2518 4443 2757 4508 stabulum
2787 4447 2868 4494 :llt
2890 4442 3175 4508 peregrina.

2245 4504 2392 4576 Ltl_:§is
2416 4515 2510 4576 una
2534 4505 2662 4551 salus
2687 4504 2900 4576 pergere
2924 4504 3067 4572 longa
3090 4511 3166 4570 LL.
3185 4510 3354 4576 longe]
3373 4519 3466 4564 est.

2303 4565 2444 4634 Venit
2473 4577 2654 4614 summa
2678 4565 2802 4634 dies,
2825 4565 3245 4634 tempusvaniarum

2243 4625 2683 4694 Quandoextrema
2709 4633 2802 4694 pati
2829 4625 2968 4678 turba
2992 4642 3156 4694 coacta
3177 4625 3282 4694 est;

2245 4687 2300 4736 Et
2321 4689 2536 4750 convicta
2563 4689 2698 4736 malis
2721 4691 2942 4750 linquere
2965 4693 3128 4741 sedes.

2300 4749 2464 4816 cuncti
2491 4753 2784 4816 conveniunt
2807 4749 3020 4812 undique
3042 4753 3218 4816 fratres
3237 4791 3252 4816 ,

2245 4809 2394 4879 Queis
2415 4822 2554 4858 mens
2578 4823 2669 4857 una
2695 4809 2800 4879 fuit,
2821 4807 3004 4879 parque
3031 4807 3250 4864 voldntas
3266 4852 3282 4879 ,

2157 4886 2176 4896 -·
2246 4870 2480 4920 lmmitem
2507 4879 2558 4919 ut
2581 4873 2807 4931 precibus
2825 4870 3029 4922 ﬂectere
3055 4883 3263 4926 certent.

2306 4931 2517 5004 paratus
2543 4933 2624 4992 qui
2649 4936 2811 4980 animo
2833 4945 3087 4993 spreverat
3098 4937 3214 5045 [pro
3227 4938 3431 5000 sprevit]
3449 4949 3618 4990 omnes
3634 4975 3650 5001 ,

2306 4999 2440 5041 'itans
2463 4992 2688 5045 populum
2717 4995 3010 5045 [monachos]
3037 5011 3096 5045 ne
3117 5000 3171 5045 lit
3189 4999 3251 5045 ab
3269 5000 3374 5045 atde
3396 5036 3410 5045 .

2243 4990 2440 5060 irritatis
2463 4990 3010 5060 populumiinonacbos']
3037 4990 3171 5058 pellit
3189 4990 3374 5050 ab'azde
3395 5036 3410 5060 ,

2240 5052 2517 5116 Desperare
2531 5052 2670 5102 dedit
2694 5053 2850 5102 Patris
2871 5052 3104 5107 amor'ein.

2302 5112 2503 5164 Diverso
2527 5116 2734 5163 interea
2758 5120 2933 5164 muenia
2968 5118 3096 5168 luctu

2240 5175 2503 5246 Eisepnlur
2526 5189 2536 5222 :
2561 5186 2787 5246 resonant
2811 5178 3021 5238 cymbala
3043 5189 3254 5244 cumquo
3273 5213 3292 5246 ,

2237 5235 2297 5286 Et
2320 5239 2514 5296 signum
2540 5234 2756 5296 ecclesiae
2781 5234 3008 5288 coimcat
3032 5234 3222 5293 omnes.

2299 5295 2565 5366 Accurrunt
2589 5295 2772 5366 tumulo
2786 5304 3024 5366 martyris
3045 5303 3154 5352 almi
3176 5340 3190 5366 ,

2241 5355 2350 5424 Eiet
2371 5363 2508 5406 mla-ta
2526 5359 2728 5424 senibus
2751 5360 2890 5420 plebs
2909 5355 3151 5421 iuniorum
3173 5355 3188 5424 ζ

2239 5417 2309 5481 ξι
2337 5421 2431 5464 imn
2455 5420 2668 5481 gemitus
2689 5417 2890 5481 pectoi-e
2909 5417 3091 5474 ducunt
3112 5462 3124 5481 .

2237 5477 2624 5541 Expauuu'utque
2645 5477 2816 5530 manus
2834 5493 2943 5532 cum
2966 5477 3255 5546 preee'fusa.

2113 5581 2206 5642 Sic
2227 5583 2427 5640 desinit
2459 5584 2680 5641 mutilus
2701 5587 2890 5653 codex,
2913 5601 2982 5644 ex
3008 5605 3115 5660 quo
3139 5589 3273 5646 satis
3299 5590 3460 5662 hujus
3483 5600 3675 5668 tragm-
