4012 6202
343 387 410 443 l7
1689 383 2218 440 PilOLEGOMENA.
3533 387 3594 442 ιδ

340 507 450 562 dim
499 505 667 562 ﬁnem
711 502 992 559 discimus.
1025 501 1212 558 Delata
1256 515 1346 556 res
1374 507 1457 556 est
1484 501 1551 556 ad
1586 499 1916 555 Ludovicum
1947 498 2002 557 Α
2095 499 2182 553 18.
2210 495 2348 564 Quid
2371 496 2426 551 in
2447 505 2758 552 sanctorum
2784 497 3040 568 reliquias
3065 507 3120 553 et
3139 499 3256 553 loca
3285 513 3437 552 saera
3460 515 3593 568 pra:-

341 598 666 668 Augnstum.
681 597 775 666 qui
789 593 1069 650 monachis
1087 592 1441 648 Fuldensibus
1454 589 1762 646 facultatem
1778 591 1925 645 dedit

339 685 574 758 eligendi
587 685 754 740 alium
768 684 1033 738 abbatem.
1050 682 1192 748 Mox,
1208 681 1420 751 abjecto
1433 682 1709 753 Ratgario,
1723 681 1926 736 electus

337 787 429 833 est
453 777 728 833 anno-£17
747 775 886 846 Eigil
909 774 1094 837 abbas,
1119 782 1176 830 ut
1205 774 1259 826 in
1295 773 1411 843 ejus
1431 773 1556 828 Vita
1585 773 1791 826 dictum
1818 779 1920 826 est.

337 867 644 924 qubbate
671 865 832 920 rediit
883 872 1064 934 optata
1091 863 1356 918 serenitas
1381 903 1396 928 ,
1427 862 1639 926 collecti
1668 862 1844 916 denuo
1868 861 1922 916 in

337 969 510 1014 unum
542 957 794 1014 monachi
843 954 1144 1025 regularem
1174 953 1512 1024 disciplinam
1535 961 1589 1007 et
1623 952 1922 1007 studiorum

338 1062 502 1104 nsum
539 1052 870 1102 revocarunt
895 1043 1118 1098 Rabano
1139 1043 1377 1109 maxime
1399 1050 1750 1112 praeceptore.

417 1136 504 1190 15.
536 1135 644 1190 Per
670 1149 795 1189 eam
833 1133 1072 1203 Ratgarii
1104 1139 1481 1201 tempestatem
1525 1131 1784 1200 accidisse
1829 1145 1921 1182 ar-

341 1225 523 1281 bitror
551 1233 614 1278 ut
640 1223 900 1278 Ra-banus
929 1222 1046 1277 loco
1087 1222 1282 1277 cedere
1308 1220 1615 1289 compulsus
1652 1220 1845 1276 abierit
1869 1219 1922 1273 in

341 1318 464 1373 loca
483 1326 706 1372 sancta:
731 1313 884 1382 cujus
895 1312 1352 1383 peregrinationis
1375 1312 1638 1366 hactenus
1662 1311 1923 1380 ignoratae

340 1409 598 1464 meminit
644 1407 760 1477 ipse
805 1407 858 1459 in
929 1419 1060 1459 mss.
1117 1397 1690 1470 commentariisdibri
1737 1400 1921 1467 Josne,

341 1519 467 1573 cap.
503 1503 593 1566 il,
623 1514 784 1554 versu
809 1501 861 1563 8,
887 1499 975 1553 ubi
1005 1498 1075 1554 de
1093 1497 1292 1552 Sidone
1323 1497 1452 1567 agit.
1492 1515 1509 1548 ι
1541 1495 1652 1566 Ego
1683 1494 1920 1564 quidem,

342 1595 544 1664 inquit,
591 1607 720 1648 cum
759 1591 812 1644 in
861 1590 994 1648 locis
1043 1587 1260 1642 Sidonis
1298 1586 1583 1656 aliquoties
1605 1585 1925 1650 demoratus

341 1687 475 1748 sim,
517 1697 792 1752 nunquam
829 1679 1068 1749 comperi
1113 1679 1247 1734 duas
1287 1692 1406 1732 esse
1457 1677 1706 1740 Sidonas,
1759 1689 1922 1728 unam

343 1789 602 1843 magnam
636 1781 691 1825 et
723 1771 884 1825 aliam
931 1785 1150 1838 parvam
1175 1809 1190 1832 ,
1224 1777 1486 1838 quantum
1535 1767 1602 1820 ad
1650 1775 1922 1821 terrenum

2029 587 2212 642 stitum
2253 587 2322 642 ab
2349 603 2414 642 eo
2442 587 2530 653 sit,
2565 588 2774 643 abunde
2812 603 2911 644 nos
2936 591 3092 646 docet
3122 586 3378 645 Rudolfus
3405 589 3598 660 (Infra

2025 677 2082 731 in
2111 677 2230 730 Vita
2262 677 2528 750 Rabani),
2575 679 2676 732 nisi
2705 681 2848 749 quod
2891 681 3092 736 omittit
3137 679 3283 748 jacta
3333 697 3430 750 per
3475 696 3598 736 eum

2025 771 2190 825 fuisse
2215 770 2556 826 fundamenta
2585 772 2974 829 llersl'cldensis
2999 775 3260 839 ecclesiae,
3286 783 3424 829 teste
3449 773 3604 830 Lam-

2024 857 2179 913 berto
2205 858 2361 928 hujus
2390 860 2493 914 loci
2539 863 2822 927 monacho,
2863 862 3011 930 cujus
3043 865 3158 918 haec
3183 864 3366 918 verba.
3405 883 3420 914 ι
3444 864 3602 918 Anno

2025 949 2123 1005 8'51
2165 951 2307 1004 Brun
2334 961 2387 1006 et
2416 935 2602 1008 Raban
2643 954 2865 1010 abbates
2909 955 3312 1010 fundamentum
3358 957 3599 1012 ecclesia:

2027 1037 2211 1094 Sancti
2263 1041 2528 1112 Wigberti
2572 1042 2820 1098 foderunt
2863 1061 2916 1099 vx
2972 1045 3094 1100 ldus
3136 1045 3282 1111 Julii,
3333 1047 3462 1102 feria
3511 1063 3601 1102 sc—

2025 1131 2217 1195 cunda,
2253 1151 2272 1182 i
2303 1148 2464 1201 quam
2512 1133 2764 1191 Rabanus
2807 1145 2927 1206 post
2958 1136 3124 1192 Bruni
3160 1147 3387 1192 mortem
3421 1139 3604 1195 absol-

2024 1222 2120 1294 vit,
2162 1229 2215 1276 et
2260 1237 2402 1277 anno
2449 1222 2552 1277 850
2607 1224 2916 1302 dedicavit:
2948 1226 3098 1296 cujus
3147 1228 3225 1281 rei
3281 1228 3598 1282 inemoriam

2027 1312 2269 1365 versibus
2299 1320 2547 1366 testatum
2580 1313 2816 1382 reliquit.
3546 1380 3554 1395 ι

2095 1400 2180 1454 19.
2213 1401 2448 1455 Fuerunt
2479 1416 2542 1456 eo
2573 1412 2832 1472 tempore,
2862 1405 3177 1475 Megint‘rido
3218 1409 3358 1478 apud
3388 1410 3601 1466 Trithe-

1986 1561 1992 1569 Ι
2025 1491 2190 1544 mium
2217 1499 2467 1558 testante,
2497 1493 2550 1546 in
2576 1495 2822 1558 coenobio
2850 1495 3102 1552 Fuldensi
3130 1501 3370 1552 monachi
3391 1511 3594 1554 centum

2024 1582 2397 1651 quinquaginta
2423 1623 2436 1647 ,
2472 1598 2608 1651 quos
2638 1583 2723 1638 ille
2755 1600 2858 1637 non
2895 1587 3075 1640 minus
3103 1587 3392 1642 virtutibus
3437 1606 3598 1657 quam

1987 1747 1990 1750 ἠ
2027 1673 2329 1727 litterarum
2353 1674 2543 1730 studiis
2574 1674 2917 1731 informabat.
2950 1677 3170 1731 Famam
3199 1677 3314 1745 ejus
3346 1680 3602 1734 doctriuzc

2025 1766 2218 1836 probat
2244 1765 2446 1820 factum
2473 1766 2632 1835 Lupi,
2664 1768 2753 1836 qui
2789 1767 2902 1835 jam
2932 1768 3041 1833 vir,
3077 1771 3281 1840 magnis
3311 1773 3471 1826 rebus
3507 1787 3600 1826 oc-

342 1865 586 1934 pertinet
635 1863 828 1916 locum.
873 1880 891 1911 ι
927 1861 1110 1928 Neque
1157 1860 1300 1914 enim
1333 1859 1443 1913 iter
1493 1858 1637 1927 istud
1682 1856 1926 1911 revocari
1958 1844 1999 1898 Β
2032 1865 2276 1927 cupatus,
2327 1857 2675 1925 cxcultusque
2714 1858 2938 1924 litteris,
2979 1859 3184 1912 Rabani
3223 1868 3400 1914 tamen
3445 1861 3606 1916 disci-

343 1964 529 2024 potest
569 1954 636 2008 ad
677 1964 888 2024 tempus
931 1952 1223 2008 iutermissi
1282 1952 1559 2022 regiminis
1606 1949 1922 2012 abbatialis;

345 2047 619 2116 siquidem
674 2047 770 2102 hos
815 2046 1234 2102 commentarios
1271 2044 1600 2113 nuncupavit
1645 2043 1927 2097 Fridurico

348 2135 585 2205 Trajecti
605 2137 674 2191 ad
693 2136 938 2191 Rhenum
954 2137 1227 2206 episcopo,
1245 2137 1495 2204 quianno
1512 2134 1615 2190 85‘!
1630 2150 1802 2190 emsus
1823 2142 1922 2197 est,

347 2235 479 2280 ante
507 2241 680 2290 annos
702 2237 825 2285 octo
855 2241 1016 2296 quam
1058 2226 1315 2284 [tabanus
1363 2227 1598 2297 regimen
1629 2225 1924 2281 abdicaret.

991 2354 1216 2413 CAPUT
1246 2357 1308 2412 ν.

447 2472 667 2526 Abbati:
689 2489 905 2534 manus,
941 2489 1018 2524 res
1045 2483 1220 2542 gestw,
1248 2472 1510 2542 regiminis
1533 2471 1818 2525 abdicatio.

427 2584 516 2639 {6.
557 2585 714 2654 Eigili
767 2585 948 2639 abbati
981 2586 1074 2649 ita,
1110 2593 1168 2638 ut
1207 2584 1338 2650 dixi,
1389 2585 1654 2648 instituto,
1703 2602 1766 2640 ac
1810 2593 1932 2654 post

349 2676 785 2744 quinquennium
813 2684 1049 2741 mortuo,
1072 2676 1334 2730 successit
1359 2676 1611 2730 [tabanus
1635 2691 1775 2732 anno
1806 2675 1928 2752 8:22,

357 2779 548 2822 mense
567 2766 808 2835 Augusto
836 2765 920 2818 vel
946 2763 1272 2834 Septembri,
1317 2774 1376 2818 ut
1406 2765 1599 2834 colligo
1628 2781 1693 2818 ex
1725 2765 1933 2818 duabus

351 2853 565 2909 chartis
592 2869 622 2907 a
647 2853 879 2908 Pistorio
921 2855 1100 2918 editis,
1130 2871 1360 2924 quarum
1397 2871 1500 2908 una
1533 2855 1702 2924 Eigile
1741 2853 1934 2908 abbate

353 2945 483 2998 data
513 2951 595 2997 est
621 2959 670 2998 vi
700 2942 885 2998 Nonas
909 2943 1149 3015 Augusti,
1182 2961 1302 3016 pag.
1341 2945 1465 3008 5'28,
1489 2943 1592 2999 alia
1640 2943 1932 3010 llRabano,

1797 3035 1895 3064 KZ“:

354 3051 534 3088 nenae
582 3031 816 3099 Octobri,
855 3051 888 3088 x
933 3034 1202 3099 Kalendas
1255 3035 1586 3101 Novembris,
1619 3052 1742 3108 pag.
1794 3035 1932 3102 553;

355 3131 588 3192 utraque
614 3123 866 3177 Ludovici
899 3124 1229 3196 imperatoris
1257 3141 1394 3178 anno
1424 3143 1579 3180 nono.

2027 1949 2184 2017 plina:
2209 1950 2560 2004 erudiendum
2587 1965 2644 2003 se
2671 1949 2916 2003 submisit
2953 1949 3110 2017 paulo
3139 1958 3260 2004 ante
3288 1965 3600 2004 concessam

2028 2039 2130 2093 sibi
2181 2038 2540 2092 Ferrarieusis
2584 2039 2892 2093 monasterii
2937 2039 3488 2104 administrationem,
3546 2050 3606 2093 ut

2029 2140 2176 2201 patet
2211 2148 2277 2186 ex
2313 2132 2478 2203 ipsius
2515 2133 2740 2202 epistola
2790 2132 2842 2186 ὕ.
2879 2131 3022 2186 idem
3053 2131 3164 2200 jam
3205 2132 3368 2187 abbas
3405 2147 3604 2203 prmee-

2029 2226 2166 2295 ptori
2189 2225 2393 2295 gratias
2419 2225 2530 2295 agit
2558 2225 2783 2295 epistola
2817 2223 2904 2278 40.
2935 2224 3072 2290 Quid
3097 2225 3174 2279 rei
3201 2226 3372 2296 egerit
3397 2225 3450 2280 in
3479 2226 3606 2279 Ful-

1984 2373 1992 2376 _
2030 2313 2182 2368 densi
2212 2313 2484 2368 academia
2513 2315 2614 2369 sub
2636 2314 2879 2380 Rabauo,
2903 2314 3140 2368 declarat
3168 2315 3282 2384 ipse
3301 2316 3356 2370 in
3379 2315 3603 2385 epistola

2031 2404 2275 2472 sequenti
2312 2403 2380 2457 ad
2415 2401 2706 2465 Immonem
2739 2403 3048 2474 episcopum
3088 2403 3565 2474 Noviomagensem
3594 2423 3606 2458 :

2035 2513 2054 2545 ι
2085 2493 2192 2548 Cur
2221 2503 2402 2548 autem
2442 2479 2593 2550 vobis
2636 2493 2924 2563 signiﬁcari
2963 2495 3228 2563 petieritis
3275 2511 3411 2564 quos
3447 2495 3612 2550 libros

2034 2585 2087 2640 in
2113 2585 2403 2642 Germania
2427 2587 2734 2656 scripserim
2764 2587 2846 2641 vel
2883 2587 3123 2656 legerim,
3157 2587 3448 2642 demiratus
3470 2603 3608 2650 sum,

2033 2691 2136 2731 nec
2171 2677 2301 2730 satis
2345 2691 2566 2730 causam
2611 2677 3064 2745 comprehendere
3109 2676 3276 2745 potui,
3325 2676 3428 2730 nisi
3474 2674 3612 2729 forte

2034 2769 2142 2823 mei
2195 2769 2622 2836 experimentum
2668 2777 2856 2838 argute
2899 2782 3090 2836 capere
3127 2766 3372 2821 voluistis
3421 2782 3611 2837 propo-

2036 2859 2155 2914 sitis
2195 2857 2400 2914 duabus
2457 2860 2656 2913 rebus:
2688 2874 2915 2926 quarum
2965 2857 3165 2922 altera,
3215 2858 3260 2912 si
3303 2857 3611 2922 cessissem,

2038 2950 2209 3005 videri
2275 2933 2488 3021 poterat
2536 2933 2946 3012 ostentationis;
3013 2947 3180 3004 altera
3239 2946 3612 3024 imprudentia:

2039 3039 2282 3115 puerilis.
2349 3043 2534 3112 Itaque
2589 3041 2908 3112 simpliciter
2957 3040 3110 3095 vobis
3173 3041 3358 3110 aperio
3405 3039 3606 3108 princi-

2040 3148 2163 3204 pem
2193 3149 2410 3203 Operam
2443 3147 2528 3193 me
2551 3132 2656 3186 illic
2687 3133 2983 3187 destinasse
3021 3130 3338 3196 lectioni;-et
3365 3131 3431 3186 ad
3475 3130 3613 3184 obli-

433 3214 519 3268 17.
559 3216 852 3272 Prteclaras
884 3233 970 3272 res
1001 3234 1030 3272 a
1059 3226 1210 3272 tanto
1240 3218 1437 3274 abbate
1462 3227 1642 3290 gestas
1670 3219 1941 3290 explicare
1967 3185 2012 3248 Ο
2043 3227 2218 3281 vionis
2259 3225 2553 3281 remedium
2603 3232 2657 3279 et
2697 3223 3013 3280 eruditionis
3059 3230 3406 3294 augmentum
3452 3221 3616 3276 libros

359 3321 551 3362 onlnes
574 3305 788 3362 difﬁcile
807 3315 909 3363 est.
945 3308 1028 3362 Ab
1053 3325 1119 3364 eo
1145 3310 1408 3380 siquidem
1435 3321 1580 3367 sarta
1609 3321 1746 3368 tecta
1775 3313 1944 3388 viguit

360 3398 658 3452 monastiea
689 3399 1004 3469 disciplina;
1058 3410 1214 3456 aucta
1243 3411 1440 3471 praeter
1468 3405 1684 3476 modum
1709 3406 1942 3460 ccenobii

361 3490 696 3544 existimatio
724 3501 777 3546 et
806 3491 970 3557 fama,
1002 3493 1076 3547 uti
1101 3502 1156 3548 et
1178 3496 1566 3551 monachorum
1591 3498 1804 3568 religio;
1829 3499 1944 3569 pln-

361 3579 562 3632 rimum
614 3582 920 3648 temporalis
969 3586 1235 3639 commodi
1289 3586 1588 3656 adjectum;
1644 3589 1943 3644 litterarum

362 3670 544 3723 studia
599 3672 826 3728 miriﬁce
882 3675 1124 3739 exculta;
1183 3693 1368 3747 regum
1428 3687 1483 3733 et
1537 3681 1942 3750 imperatorum,

359 3763 564 3832 quibus
613 3765 950 3834 gratissimus
1003 3775 1056 3820 et
1103 3771 1511 3836 acceptissimus
1551 3788 1778 3842 semper
1823 3773 1944 3839 fuit,

361 3855 655 3908 conciliata
701 3857 1106 3924 benevolentia;
1141 3869 1194 3912 et
1228 3862 1408 3930 (quod
1457 3864 1608 3931 prius
1634 3865 1832 3920 dixisse
1857 3867 1948 3921 de-

361 3945 625 4014 bueram)
649 3947 901 4014 basilicis,
925 3952 1096 4006 sacris
1118 3953 1248 4016 aris,
1275 3970 1338 4007 ac
1371 3965 1678 4010 sanctorum
1709 3957 1951 4028 reliquiis

361 4035 548 4088 cultus
573 4037 951 4106 ampliﬁcatus.
980 4041 1291 4098 Audieudus
1317 4044 1420 4098 hoc
1441 4045 1559 4100 loco
1587 4047 1944 4102 Tritbemius:

368 4147 386 4178 ι
427 4127 546 4182 Sub
595 4129 710 4199 ejus
762 4131 1021 4202 regimine
1059 4136 1445 4191 monasterium
1489 4136 1756 4193 Fuldense
1787 4138 1951 4194 rebus

364 4225 536 4286 atque
571 4221 815 4286 personis
855 4223 1306 4294 crevitquotidie,
1362 4235 1417 4280 et
1466 4226 1608 4282 fama
1651 4230 1952 4286 sanctitatis

365 4307 758 4362 monachorum
798 4311 914 4379 ejus
959 4328 1054 4380 per
1079 4321 1249 4372 totum
1280 4331 1338 4370 se
1367 4331 1590 4386 regnum
1620 4316 1952 4374 Francorum

365 4395 606 4461 diffudit,
668 4399 934 4469 praecipue
990 4410 1167 4456 tamen
1218 4403 1427 4458 abbatis
1474 4404 1729 4460 IlRabani
1775 4407 1954 4476 opinio

365 4486 633 4541 doctrina:
651 4496 706 4541 et
731 4490 1096 4545 sanctimouiee
1126 4492 1177 4546 in
1212 4509 1306 4548 ore
1337 4493 1438 4548 fuit
1459 4496 1697 4550 omnium
1726 4495 1952 4550 celebris

368 4585 426 4631 et
447 4577 840 4647 gloriosa,'nou
876 4581 1046 4637 solum
1071 4584 1210 4654 apud
1239 4585 1540 4641 Germaniae
1569 4585 1826 4653 Francos,
1855 4589 1950 4642 sed

369 4667 515 4734 apud
557 4667 863 4724 Gallicanos
888 4686 1102 4741 quoque
1145 4683 1198 4729 et
1233 4673 1390 4729 italos
1421 4693 1434 4728 :
1465 4673 1616 4743 cujus
1663 4675 1763 4730 viri
1807 4675 1949 4736 {atria

373 4773 535 4828 reges
569 4767 624 4813 et
662 4761 952 4831 principes,
998 4765 1279 4834 episcopos
1307 4773 1360 4820 et
1391 4766 1638 4822 doctores
1663 4768 1947 4836 quoslibet,

370 4849 540 4904 etiam
573 4849 786 4922 longius
831 4855 1112 4922 distantes,
1163 4857 1216 4911 in
1247 4857 1362 4927 ejus
1397 4843 1797 4914 venerationem
1837 4875 1956 4930 per—

371 4941 564 4996 movit.
597 4943 676 4998 Ex
707 4946 856 5000 omni
902 4963 1064 5018 regno
1093 4947 1424 5004 Francorum
1443 4990 1456 5014 ,
1489 4951 1630 5019 quod
1673 4959 1802 5005 tunc
1833 4957 1953 5005 erat

373 5045 567 5096 unum,
597 5031 881 5091 Germanis
903 5045 958 5092 et
993 5036 1180 5102 Gallis,
1211 5041 1278 5094 ad
1308 5041 1630 5096 audiendum
1659 5039 1806 5096 illum
1837 5057 1955 5095 cer-

375 5121 532 5175 tatim
553 5122 895 5181 conﬂuebant
925 5129 1024 5182 viri
1069 5129 1360 5184 multarum
1404 5129 1718 5185 facultatum
1761 5131 1950 5201 periti;

371 5219 430 5264 et
457 5226 517 5264 se
547 5211 661 5269 fore
688 5213 875 5270 beatos
909 5218 1310 5288 existimabant,
1350 5220 1443 5290 qui
1472 5221 1538 5276 ad
1566 5221 1682 5290 ejus
1725 5219 1955 5288 fuissent

371 5300 804 5363 familiaritatem
835 5309 1074 5366 admissi.
1109 5311 1259 5367 Multi
1299 5329 1512 5383 quoque
1537 5314 1828 5384 principes,
1859 5330 1956 5369 no-

369 5394 516 5451 biles
543 5407 601 5452 et
633 5400 779 5456 cives
816 5401 1070 5460 Hllabani
1113 5406 1424 5476 magisterio
1471 5406 1610 5462 ﬁlios
1647 5422 1774 5462 suos
1807 5421 1955 5462 com-

367 5486 647 5543 miserunt
675 5491 1010 5560 imbuendos,
1039 5497 1206 5552 variis
1233 5505 1395 5566 atque
1425 5497 1724 5568 magniﬁcis
1749 5511 1952 5567 praece-

363 5587 592 5648 ptorem
639 5583 796 5640 donis
831 5593 889 5640 et
921 5588 1234 5644 muneribus
1282 5589 1649 5646 honorantes:
1681 5603 1818 5658 quos
1868 5585 1956 5641 ille

365 5677 530 5725 tanta
579 5673 868 5733 sedulitate
911 5679 1120 5746 docuit,
1171 5697 1276 5752 qna
1323 5681 1494 5751 major
1533 5679 1823 5752 excogitari
1863 5679 1952 5732 vix

363 5761 660 5834 potuisset.
699 5785 717 5814 ι

2044 3321 2301 3390 pauculos
2337 3319 2610 3389 paravisse
2643 3335 2656 3372 :
2688 3332 2790 3372 nec
2815 3316 3146 3372 Germanica:
3183 3315 3374 3384 lingua:
3403 3322 3615 3383 captum

1995 3453 2002 3460 .
2045 3425 2250 3474 amore,
2279 3417 2336 3463 ut
2365 3407 2697 3478 ineptissime
2726 3407 2940 3476 quidam
2959 3406 3322 3475 jactaverunt,
3349 3401 3616 3458 sarcinam

2047 3501 2276 3556 subiisse
2301 3499 2436 3554 tanti
2467 3507 2686 3568 tamque
2717 3497 2952 3552 diuturni
2982 3495 3202 3551 laboris.
3243 3513 3260 3546 ›
3525 3559 3530 3563 .

2114 3593 2380 3648 20.1nter
2422 3607 2520 3658 ea,
2569 3591 2824 3647 Ludovici
2873 3591 3095 3662 Augusti
3149 3589 3270 3644 ﬁliis
3319 3589 3370 3642 iu
3412 3596 3614 3658 putrem

2046 3683 2499 3753 conspirantibus,
2533 3689 2640 3736 tam
2668 3682 2961 3750 prudenter
2989 3688 3044 3734 et
3087 3680 3333 3751 religiose
3371 3693 3427 3732 se
3453 3677 3619 3749 gessit

2047 3775 2320 3838 Rabanus,
2351 3781 2411 3826 ut
2437 3779 2490 3826 et
2524 3772 2692 3842 patris
2717 3780 2770 3826 ct
2809 3771 3037 3827 ﬁliormn
3062 3769 3491 3826 benevolentiam
3515 3769 3619 3823 sibi

2047 3865 2358 3930 retinuerit,
2407 3863 2674 3932 fueritque
2711 3863 2848 3932 apud
2883 3878 2976 3916 eos
3005 3871 3287 3932 sequester
3321 3861 3621 3916 concordia-

2047 3966 2103 4012 ct
2121 3959 2288 4026 pacis,
2311 3957 2455 4012 edito
2475 3953 2615 4010 libro
2639 3955 2702 4009 de
2720 3953 3024 4008 Reverentia
3039 3953 3268 4022 ﬁliorum
3293 3969 3410 4022 erga
3428 3962 3620 4022 patres,

2048 4056 2094 4098 et
2124 4047 2445 4100 subditorum
2492 4065 2614 4116 erat:
2662 4061 2821 4113 reges,
2879 4045 2930 4097 in
2976 4042 3126 4110 cujus
3159 4043 3260 4094 ﬁne,
3290 4042 3615 4096 Ludovicum

2053 4134 2426 4204 imperatorem
2457 4137 2524 4189 ad
2550 4133 2928 4203 indulgendum
2959 4132 3066 4184 ﬁlio
3093 4140 3148 4184 et
3172 4131 3290 4183 aliis
3316 4131 3581 4183 hortatur.

2119 4225 2210 4278 2i.
2244 4225 2381 4290 Quid
2411 4225 2488 4280 rei
2518 4223 2794 4278 familiaris
2824 4222 3072 4276 coenobio
3098 4219 3349 4274 Fuldensi
3378 4237 3476 4290 per
3499 4236 3620 4275 eum

2051 4317 2358 4380 accesserit,
2392 4324 2556 4370 testes
2582 4322 2706 4369 sunt
2745 4314 2937 4367 litterae
2963 4313 3307 4368 donationum
3335 4327 3366 4366 a
3391 4311 3624 4369 Pistorin

2051 4415 2106 4462 ct
2125 4405 2377 4462 Browero
2407 4407 2584 4461 editze.
2618 4405 3004 4462 Observatione
3031 4405 3188 4474 digna
3217 4410 3300 4459 est
3329 4403 3622 4475 Eginbardi

2053 4499 2393 4568 epistola-16,
2435 4498 2841 4552 reverentissimo
2883 4494 3076 4552 Christi
3103 4496 3302 4566 famulo
3349 4489 3625 4551 HRabano

2051 4588 2332 4644 venerabili
2374 4589 2548 4642 abbati
2575 4587 2831 4657 inscripta
2851 4627 2865 4652 ,
2894 4602 3000 4656 qua
3029 4583 3402 4641 Gundbartum
3431 4602 3622 4656 quem-

2054 4678 2174 4733 dam
2204 4679 2318 4748 ejus
2341 4679 2614 4734 bominem
2650 4693 2680 4732 a
2711 4677 2929 4732 militari
2959 4677 3101 4732 illius
3129 4677 3253 4731 anni
3285 4677 3624 4746 expeditione

2054 4778 2364 4824 excusatum
2392 4769 2577 4824 haberi
2613 4776 2785 4840 rogat.
2813 4763 3076 4826 Fuldeuse
3103 4767 3300 4838 quippe
3321 4767 3622 4837 cmuqbium

2053 4867 2172 4914 erat
2209 4875 2276 4914 ex
2314 4859 2526 4914 illorum
2557 4875 2782 4915 numero
2823 4859 2913 4929 qui
2958 4859 3072 4930 regi
3112 4859 3254 4914 dona
3284 4868 3338 4916 et
3379 4860 3621 4914 militiam

2055 4947 2164 5018 (sic
2207 4949 2392 5020 aiunt)
2434 4950 2716 5004 debebant.
2755 4947 2837 5004 Ad
2865 4949 2980 5004 haec
3001 4951 3275 5022 egregium
3309 4965 3340 5004 a
3367 4950 3625 5020 Gregorio

2055 5053 2189 5108 papa
2229 5046 2422 5106 quarto
2465 5037 2699 5108 diploma
2727 5037 3024 5094 obtinuisse
3060 5039 3276 5102 dicitur,
3309 5057 3416 5110 quo
3453 5041 3624 5110 ponti-

2055 5130 2140 5187 fex
2185 5146 2280 5186 sex
2319 5131 2599 5202 privilegia
2635 5131 2988 5187 Fuldensibns
3021 5133 3283 5188 concedit.
3328 5131 3378 5186 l.
3421 5131 3624 5186 Conﬁr-

2053 5209 2504 5277 mat'monasterii
2547 5222 2950 5290 patrimonium.
3001 5223 3054 5276 2.
3093 5223 3349 5292 Assignat
3397 5219 3620 5274 Rabano

2053 5312 2274 5382 ejusque
2301 5311 2706 5368 successoribus
2733 5311 3057 5380 domicilium
3089 5311 3306 5374 Romae,
3345 5317 3472 5377 puta
3513 5324 3624 5362 mo-

2055 5405 2352 5460 nasterium
2383 5403 2569 5458 Sancti
2607 5400 2855 5467 Andreae,
2895 5403 3094 5457 dictum
3131 5389 3432 5463 Exavilum,
3470 5397 3625 5467 juxta

2055 5494 2338 5550 ecclesiam
2368 5493 2580 5548 Sancta:
2604 5491 2786 5547 Maria:
2811 5491 2876 5548 ad
2897 5491 3160 5560 Praesepe.
3185 5489 3238 5544 5.
3263 5487 3422 5544 Vetat
3447 5489 3628 5558 cujus-

2055 5587 2137 5642 vis
2151 5585 2356 5642 ordinis
2381 5583 2714 5641 antistitibus
2727 5599 2797 5639 ne
2823 5582 3127 5638 sacriﬁcent
3146 5582 3200 5636 in
3221 5580 3502 5638 Fuldensis
3525 5582 3620 5635 ba-

2055 5676 2220 5732 silicae
2240 5691 2334 5730 ara
2365 5673 2641 5746 primaria.
2674 5672 2726 5726 4.
2753 5668 3008 5734 Concedit
3035 5670 3358 5738 prmdicaudi
3401 5668 3637 5724 faculta-.

2061 5777 2188 5834 tem,
2241 5765 2544 5836 proedriam
2593 5772 2646 5818 et
2697 5761 2985 5832 primatum
3025 5761 3242 5816 sedendi
3295 5759 3348 5816 in
3396 5757 3637 5831 publicis.
