4012 6202
479 371 544 429 I9
1601 368 1694 425 AD
1731 367 1955 424 OPEBA
1995 369 2034 423 Β

2135 366 2349 423 LABANI
2387 369 2603 425 MAURI
3643 386 3714 441 20

469 488 827 552 cmisessibus,
870 493 993 541 ante
1021 499 1209 540 omnes
1230 483 1413 539 Galliae
1457 490 1511 539 et
1537 481 1837 539 Germaniae
1873 482 2043 538 abba-
2068 489 2119 547 Α
2144 499 2424 540 manorum
2457 499 2572 548 rex,
2599 483 2766 540 frater
2804 484 3048 541 Lotharii
3086 487 3430 559 imperatoris
3467 509 3533 552 ac
3570 502 3711 572 regis

470 589 569 636 tes.
591 579 642 634 5.
681 578 844 634 Usum
883 575 1201 640 dalmaticae,
1232 574 1528 646 caligarum
1557 583 1612 629 et
1652 573 2035 628 sandaliorum.

466 675 522 732 6.
556 673 627 730 Ut
664 670 947 726 Fuldensis
982 670 1211 724 antistes
1254 670 1466 725 nonnisi
1492 671 1560 725 ab
1595 668 1885 738 apostolica
1915 666 2040 722 sede

466 763 817 820 benedicatur
845 768 935 814 aut
954 758 1322 813 confirmetur.
1373 758 1552 814 Idibus
1578 758 1701 813 Maii
1726 774 1820 828 per
1846 772 2040 811 manus

468 852 739 908 Benedicti
788 850 982 905 notarii
1029 858 1082 904 et
1137 849 1435 912 scriniarii,
1491 850 1672 904 indict.
1726 848 1812 914 M,
1869 850 1922 904 id
1957 855 2040 904 est

466 958 609 997 anno
650 940 783 1004 856;
835 942 978 1009 quod
1028 940 1261 1009 diploma
1308 938 1591 994 Gretserus
1629 955 1695 993 ex
1748 938 2038 999 Viennensi

466 1034 788 1089 bibliotheca
823 1031 1136 1100 publicavit,
1180 1038 1315 1084 teste
1345 1029 1600 1086 Browero
1628 1031 1683 1084 in
1725 1031 2033 1084 relectioni-

462 1123 565 1178 bus
609 1123 678 1175 ad
721 1122 1066 1192 Auliquilales
1109 1118 1397 1174 Fuldenses
1429 1137 1447 1173 :
1474 1121 1615 1189 quod
1664 1120 1917 1190 diploma,
1951 1120 2034 1174 in-

463 1214 601 1284 quit,
654 1214 697 1269 si
752 1214 1038 1283 genuinum
1080 1220 1184 1274 est,
1222 1226 1412 1280 magna
1451 1211 1673 1271 Rabauo
1720 1226 2032 1269 ornamen?

459 1305 730 1361 conciliat.

532 1396 620 1451 22.
648 1396 742 1450 His
773 1396 919 1450 addit
947 1394 1295 1460 Trithemius,
1332 1392 1613 1448 Rabanum
1648 1395 1701 1448 in
1746 1409 2032 1463 pauperes,

461 1502 567 1541 non
608 1488 726 1541 sine
766 1501 983 1540 suorum
1025 1485 1296 1555 obloquio,
1335 1484 1608 1540 liberalem
1646 1484 1841 1551 fuisse;
1883 1495 1938 1541 et
1978 1487 2032 1541 in

461 1578 799 1646 refrigerium
825 1577 1199 1632 defunctorum
1224 1576 1589 1647 elcemosynas
1612 1579 1740 1631 dare
1770 1578 1985 1633 solitum
2014 1596 2028 1630 :

460 1685 613 1739 quas,
648 1684 769 1723 cum
817 1667 1154 1722 Adelhardus
1201 1667 1517 1732 monachus,
1570 1667 1731 1721 homo
1767 1667 2029 1736 Francus,

461 1760 620 1814 nimis
648 1774 810 1829 quam
839 1772 1032 1812 avarus
1059 1756 1366 1812 domesticae
1400 1756 1475 1810 rei
1506 1757 1874 1825 dispensator,
1928 1757 2030 1812 ali-

2139 574 2326 641 Italiae,
2357 575 2499 631 filius
2518 576 2773 630 Ludovici
2799 576 2983 646 primi,
3017 579 3196 636 missis
3221 582 3290 638 ad
3313 582 3539 641 Fuldam
3567 605 3710 647 nun-

2142 666 2230 722 tiis
2257 666 2584 721 HRabanum
2615 668 2684 722 ad
2710 682 2770 722 se
2795 668 3010 723 vocavit
3038 670 3304 737 abbatem,
3339 682 3394 730 et
3416 681 3711 738 monacho-

2139 774 2258 813 rum
2290 759 2642 814 temeritatem
2669 759 2833 830 regali
2867 762 3187 818 auctoritate
3229 770 3579 837 compescuit,
3616 787 3713 829 ve—

2139 850 2481 919 nientemque
2504 864 2629 905 cum
2668 850 2872 905 honore
2904 852 3163 921 suscepit,
3191 860 3246 907 et
3285 855 3503 912 biennio
3542 858 3712 918 ﬁrme

2137 959 2319 999 secum
2343 943 2394 998 in
2419 945 2568 999 curia
2589 943 2753 1011 regali
2783 943 3030 998 detinuit.
3061 944 3269 999 interea
3293 949 3543 1003 monachi
3584 952 3712 1007 Ful-

2138 1034 2348 1099 denses,
2380 1033 2697 1103 poenitentia
2739 1032 2905 1099 ducti,
2946 1042 3189 1088 oratores
3227 1036 3488 1091 miserunt
3508 1039 3581 1093 ad
3624 1056 3713 1096 re-

2136 1140 2277 1195 gem,
2309 1124 2495 1178 humili
2525 1124 2913 1194 supplicatione
2951 1133 3202 1196 rogantes
3242 1133 3299 1179 ut
3325 1126 3560 1182 ablatum
3604 1131 3709 1187 sibi

2136 1213 2422 1267 redonaret
2448 1213 2693 1267 abbatem
2719 1230 2732 1266 :
2762 1213 2905 1282 quod
2937 1222 3115 1268 tamen
3146 1213 3326 1269 facere
3346 1226 3562 1286 propter
3583 1235 3711 1275 can-

2135 1318 2248 1358 sam
2290 1303 2660 1357 rationabilem
2691 1313 2745 1358 et
2767 1304 2931 1358 abbas
2960 1304 3074 1373 ipse
3106 1306 3283 1360 renuit
3304 1316 3358 1360 et
3392 1322 3488 1361 rex
3518 1309 3714 1364 admit-

2136 1401 2248 1448 tere
2290 1393 2597 1448 nullatenus
2618 1373 2907 1448 consensit.
2945 1393 3138 1448 Mansit
3163 1410 3294 1464 ergo
3328 1397 3381 1450 in
3409 1396 3530 1451 aula
3562 1399 3710 1468 regia

2133 1484 2322 1539 beatus
2349 1484 2515 1538 abbas
2541 1483 2846 1537 HRabanus
2874 1482 3110 1548 biennio,
3149 1500 3321 1555 usque
3368 1486 3437 1541 ad
3478 1496 3709 1544 mortem

2134 1579 2341 1650 Otgarii
2373 1576 2764 1647 archiepiscopi
2814 1576 3131 1647 Moguntini,
3175 1579 3453 1634 monachis
3491 1580 3706 1635 interim

2132 1668 2549 1723 Iamentantibus
2577 1687 2595 1718 ι
2621 1666 2721 1721 Hic
2739 1667 2933 1737 duplex
2962 1677 3220 1734 erratum,
3266 1677 3322 1724 et
3358 1671 3501 1740 quod
3525 1670 3705 1726 Raba-

2132 1776 2234 1814 nus
2262 1760 2480 1814 biennio
2525 1759 2582 1813 in
2618 1758 2740 1812 aula
2785 1759 3046 1813 mansisse
3082 1769 3207 1829 post
3251 1760 3524 1817 dimissam
3570 1779 3709 1833 prte-

457 1822 1027 1923 quando-fraudasset,
1053 1848 1265 1919 egregie
1284 1822 1607 1916 castigatum
1633 1846 1842 1901 caelitus
1862 1845 2029 1902 fuisse
2058 1822 2105 1880 Β
2133 1851 2418 1917 fecturam,
2455 1859 2509 1906 et
2538 1851 2681 1920 quod
2726 1857 2917 1905 exacto
2942 1850 3032 1905 illo
3072 1822 3289 1906 biennio
3314 1854 3429 1907 sedi
3478 1822 3703 1925 Mogun-

457 1957 599 1996 anno
615 1941 738 1997 837.
761 1940 818 1995 Id
842 1956 965 1996 cum
1005 1939 1132 2010 legi,
1166 1939 1314 1994 venit
1340 1938 1395 1992 in
1423 1946 1657 1992 mentem
1693 1938 1834 1994 illius
1870 1938 2030 1993 Adal-

455 2031 610 2085 Itardi
638 2030 846 2096 inclusi,
892 2031 1044 2099 cujus
1072 2029 1402 2101 epitaphium
1442 2037 1620 2084 exstat
1647 2030 1702 2083 in
1744 2030 2032 2099 poematiis

456 2124 684 2185 Rabani.
734 2122 885 2190 Quod
933 2139 1062 2179 vero
1105 2123 1285 2178 subdit
1326 2123 1672 2188 Trithemius,
1727 2138 1849 2178 eum
1908 2123 2031 2178 data

455 2211 572 2285 iege
601 2213 896 2268 removisse
926 2212 1154 2269 feminas
1184 2212 1252 2269 ab
1278 2213 1523 2285 ingressu
1548 2213 1832 2269 Fuldeusis
1854 2214 2029 2269 eccle-

454 2307 569 2370 siae,
596 2306 650 2360 id
686 2306 753 2361 ab
780 2306 934 2361 initio
960 2314 1177 2361 cautum
1204 2322 1268 2361 eo
1296 2308 1351 2361 in
1379 2306 1520 2372 loco,
1551 2323 1615 2361 ea:
1657 2324 1758 2377 quo
1785 2325 1816 2361 (ι
1843 2325 2029 2362 mona-

455 2397 565 2453 chis
586 2397 813 2451 habitari
839 2407 1031 2467 emptus
1059 2407 1157 2463 est,
1192 2406 1384 2454 auctor
1408 2406 1493 2453 est
1525 2398 1787 2453 Rudolfus
1812 2398 1865 2453 in
1894 2398 2031 2454 libro

456 2487 524 2542 de
561 2485 683 2540 Vita
732 2496 931 2543 sancta:
971 2486 1153 2542 Liobm
1196 2488 1499 2542 abbatissae.
1548 2487 1814 2555 Quiddam
1864 2488 2030 2543 nihilo

456 2577 635 2633 minus
659 2577 950 2631 notandum
976 2585 1060 2632 est
1093 2577 1147 2630 iu
1172 2577 1257 2632 his
1282 2575 1565 2631 Trithemii
1593 2577 1769 2632 verbis
1796 2595 1808 2630 ε
1837 2597 1855 2627 α
1880 2577 2030 2633 Fecit

455 2675 511 2723 et
549 2668 708 2722 aliam
747 2669 901 2723 valde
945 2669 1309 2725 necessariam
1360 2670 1800 2725 constitutionem
1841 2669 2030 2725 beatus

456 2759 625 2815 abbas
650 2760 923 2822 Itabanus,
945 2777 1064 2833 quae
1083 2760 1174 2832 (ut
1201 2760 1405 2831 fertur)
1435 2777 1601 2831 usque
1631 2761 1685 2815 in
1708 2770 2029 2831 praesentem

456 2852 596 2906 diem
629 2851 683 2904 in
715 2852 1041 2905 monasterio
1068 2858 1332 2905 servatur.
1379 2852 1569 2907 Sciens
1597 2853 1740 2907 enim
1768 2868 1930 2921 quam
1960 2855 2031 2908 sit

456 2942 736 2997 monachis
782 2939 1037 3010 frequens
1075 2949 1397 3010 conspectus
1442 2941 1728 2995 mulierum
1766 2941 2033 3010 periculo-

456 3032 569 3097 sds,
596 3031 701 3086 illis
730 3034 963 3086 maxime
995 3031 1087 3101 qui
1126 3031 1368 3101 juniores
1392 3041 1550 3088 aetate
1594 3034 1649 3087 in
1693 3034 1888 3088 timore
1918 3033 2027 3088 Do-

2135 1942 2257 1998 tinae
2295 1942 2545 1999 admotus
2573 1942 2790 1997 dicitur.
2842 1941 2980 1995 Nam
3022 1948 3135 1998 toto
3179 1941 3293 1999 fere
3338 1944 3707 2014 quinquennio

2129 2035 2371 2103 privatus
2414 2035 2470 2088 in
2512 2032 2644 2089 cella
2690 2040 2898 2088 remota
2936 2032 3140 2103 deguit,
3188 2034 3258 2089 ab
3301 2048 3446 2088 anno
3496 2035 3704 2090 scilicet

2129 2124 2235 2180 842
2259 2126 2327 2181 ad
2346 2125 2438 2190 47,
2453 2139 2561 2195 quo
2584 2124 2845 2179 successit
2865 2122 3105 2194 Otgario.
3139 2122 3271 2177 Rem
3300 2122 3492 2179 melius
3515 2124 3706 2179 distin-

2130 2222 2299 2285 guunt
2326 2215 2576 2269 abbatum
2612 2214 2959 2268 Fuldensium
2989 2213 3125 2269 Acta
3156 2223 3339 2269 vetera
3376 2229 3407 2268 a
3441 2215 3696 2271 Browero

2129 2305 2297 2361 citata
2326 2305 2380 2359 in
2406 2305 2542 2359 libro
2566 2320 2622 2359 1v
2641 2304 3039 2374 Autiquitatum
3071 2292 3415 2359 Fuidensium
3445 2322 3456 2356 :
3497 2326 3516 2356 ι
3549 2305 3709 2361 Hila-

2128 2395 2301 2451 bauus
2338 2403 2620 2466 postquam
2668 2395 2956 2450 ecclesiam
3000 2382 3338 2451 Fuldensem’
3368 2412 3465 2467 per
3513 2396 3706 2467 viginti

2127 2506 2301 2547 annos
2348 2491 2564 2561 egregie
2612 2490 2873 2554 rexisset,
2917 2489 3105 2544 relicta
3136 2504 3295 2558 quam
3337 2487 3527 2543 habuit
3554 2497 3706 2556 pote-

2126 2590 2267 2637 state
2295 2583 2438 2637 ultra
2467 2581 2715 2635 Rhenum
2744 2578 2982 2645 fluvium,
3025 2578 3080 2632 in
3106 2593 3329 2649 regnum
3362 2578 3599 2632 Lotharii
3646 2593 3705 2633 se

2128 2671 2376 2727 contulit.
2406 2669 2535 2725 Post
2577 2684 2736 2739 quem
2758 2668 2977 2738 quidam
3010 2668 3074 2722 de
3113 2665 3394 2721 Fratribus
3440 2665 3711 2722 Monaste—

2130 2764 2218 2828 rii,
2253 2763 2300 2817 si
2341 2777 2448 2832 quo
2472 2761 2631 2816 modo
2670 2775 2793 2816 eum
2823 2773 3077 2813 revocare
3104 2763 3345 2827 possent,
3396 2756 3702 2811 mittuntur.

2127 2852 2221 2909 Illo
2249 2868 2381 2908 vero
2406 2860 2689 2917 renuente,
2720 2850 3009 2906 Hattonem
3037 2864 3200 2918 super
3222 2862 3281 2903 se
3305 2845 3552 2901 abbatem
3581 2862 3706 2903 con-

2126 2946 2436 3000 stituerunt.
2487 2943 2791 2997 HRabanus
2841 2948 3020 2995 autem
3065 2948 3189 3009 post
3231 2938 3347 2993 dies
3397 2952 3593 3008 paucos
3637 2938 3705 2991 ad

2129 3034 2517 3089 monasterium
2569 3033 2828 3096 veniens,
2884 3044 3006 3085 cum
3064 3028 3351 3084 concordia
3402 3028 3611 3083 abbatis
3652 3036 3710 3083 et

458 3123 589 3183 mini
633 3124 807 3179 adhuc
854 3123 1032 3178 minus
1079 3124 1405 3179 exercitatos
1451 3124 1650 3179 habent
1701 3140 1908 3191 sensus,
1959 3126 2027 3181 de
2054 3162 2099 3224 Ο
2129 3124 2361 3180 fratrum
2388 3125 2506 3194 ejus
2527 3124 2596 3179 ad
2619 3121 2933 3180 orientalem
2961 3120 3172 3191 plagam
3198 3119 3514 3174 monasterii
3556 3132 3710 3171 mon-

456 3215 677 3273 cousiliu
703 3215 982 3271 duodecim
1007 3215 1281 3270 seniorqu
1303 3216 1512 3271 cunctis
1541 3224 1801 3287 perpetuo
1841 3216 2030 3271 mulie-

460 3308 607 3363 ribus
654 3307 725 3362 ad
775 3306 1157 3361 monasterium
1218 3306 1495 3362 interdixit
1543 3324 1841 3363 accessum.
1901 3307 2030 3374 Quae

458 3410 643 3455 sancta
690 3399 1000 3454 constitutio
1050 3407 1109 3453 ut
1156 3400 1321 3454 robur
1372 3401 1643 3459 obtineret
1685 3409 2028 3475 perpetuum,

461 3490 745 3547 transitum
773 3488 1003 3544 femineo
1036 3490 1187 3544 sexui
1212 3505 1308 3560 per
1331 3490 1700 3560 aquilonarem
1734 3491 1883 3546 urbis
1903 3506 2032 3561 por-

461 3591 592 3645 tam,
635 3589 786 3635 extra
820 3596 983 3651 quam
1014 3581 1173 3635 situm
1206 3590 1289 3637 est
1323 3581 1732 3647 monasterium,
1777 3590 2032 3651 perpetua

459 3671 733 3727 sanctione
770 3671 1047 3741 prohibuit
1086 3683 1140 3726 et
1188 3673 1421 3743 negavit.
1458 3691 1477 3725 ι
1531 3671 1684 3739 Quod
1736 3672 1918 3727 forsan
1967 3672 2033 3727 de

460 3762 648 3835 priscae
700 3762 1104 3817 consuetudinis
1167 3762 1572 3817 confirmatione
1632 3762 2032 3832 intelligendum

459 3858 559 3906 est.
592 3849 856 3906 Caeterum
880 3852 1023 3921 quod
1058 3852 1134 3906 ait
1161 3851 1509 3917 Trithemi‘us,
1538 3851 1699 3906 istum
1734 3866 1937 3906 morem
1965 3853 2033 3907 ad

461 3955 615 3999 suum
645 3955 809 4011 usque
840 3949 1048 4010 tempus
1070 3949 1341 3996 servatum
1364 3940 1549 4006 fuisse,
1576 3941 1814 4011 excipias
1837 3940 2033 3997 festum

461 4033 633 4089 sancti
686 4030 945 4087 Bonifacii
981 4040 1040 4087 et
1089 4033 1351 4102 quosdam
1406 4033 1540 4088 alios
1591 4032 1756 4089 festos
1804 4034 1936 4102 dies,
1979 4035 2035 4090 in

460 4125 657 4195 quibus
700 4122 913 4178 feminis
948 4125 1165 4193 patebat
1200 4124 1471 4192 ingressus
1513 4123 1753 4180 ecclesia:
1798 4124 1865 4180 de
1902 4140 2033 4181 con-

459 4231 612 4271 cessu
640 4214 909 4285 pontificis
938 4214 1165 4271 Romani
1199 4233 1211 4270 :
1240 4217 1454 4271 tametsi
1493 4215 1835 4271 observatum
1865 4231 1894 4269 a
1924 4231 2036 4270 ma-

459 4306 668 4378 joribus
691 4315 797 4372 est,
838 4309 1010 4377 prima
1034 4310 1153 4364 vice
1179 4325 1285 4379 qua
1314 4310 1508 4383 patuit,
1538 4310 1820 4365 ecclesiam
1845 4310 2042 4384 postri-

460 4398 549 4457 die
579 4397 647 4452 de
676 4397 812 4452 coelo
844 4405 1039 4453 tactam
1066 4400 1444 4470 conflagrasse.

2136 3224 2294 3270 tanus
2341 3212 2585 3268 efﬁcitur.
2617 3233 2636 3266 ι
2688 3213 2746 3267 Id
2771 3220 2855 3267 est
2900 3210 3139 3265 reclusus
3184 3209 3239 3262 in
3289 3208 3454 3271 cella,
3502 3222 3622 3277 qua:
3654 3207 3709 3261 in

2134 3314 2317 3361 monte
2345 3303 2531 3359 Sancti
2563 3303 2709 3357 Petri
2741 3303 2843 3357 sita
2872 3308 2974 3367 est,
3014 3298 3295 3354 duodecim
3327 3294 3438 3352 fere
3463 3296 3653 3350 stadiis
3679 3310 3710 3348 a

2134 3390 2468 3452 monasterio
2498 3413 2511 3449 :
2538 3395 2626 3450 ubi
2673 3414 2691 3446 ι
2720 3394 2832 3449 Deo
2874 3393 3153 3456 serviens,
3204 3389 3377 3459 inquit
3424 3387 3707 3451 Rudolfus,

2133 3488 2348 3543 caelesti
2399 3486 2678 3557 sapientia:
2731 3484 2976 3540 vacabat.
3009 3503 3028 3535 ι
3091 3483 3166 3536 De
3209 3482 3311 3535 hoc
3353 3493 3568 3534 secessu
3618 3492 3714 3532 ex-

2132 3579 2386 3648 plicanda
2417 3586 2500 3632 est
2533 3576 2775 3631 Lotharii
2814 3574 3042 3645 Augusti
3071 3573 3299 3644 epistola
3328 3569 3601 3625 HRabano
3629 3568 3715 3622 in-

2134 3670 2333 3739 scripta
2361 3669 2521 3723 initio
2541 3666 2928 3722 Commentarii
2954 3667 3006 3719 in
3031 3664 3372 3720 Ezechielem
3402 3678 3414 3715 :
3451 3681 3469 3712 ι
3504 3660 3713 3725 Piacet,

2134 3755 2371 3830 inquam,
2426 3768 2519 3813 tua
2555 3758 2817 3813 habitatio
2864 3757 3042 3822 nobis,
3092 3756 3136 3811 si
3172 3755 3414 3810 creditur
3460 3753 3528 3807 ab
3559 3753 3711 3807 omni

2129 3852 2393 3924 jactantia
2448 3851 2643 3905 aliena.
2696 3849 2822 3904 Plus
2871 3849 3014 3904 enim
3072 3847 3383 3902 interiorem
3438 3843 3714 3898 hominem

2134 3946 2336 4001 rustica
2363 3943 2626 3999 montium
2662 3942 2914 4006 solitudo,
2941 3955 3102 4010 quam
3127 3938 3325 4008 regalis
3345 3937 3558 3991 urbium
3596 3934 3715 4004 pul-

2134 4036 2383 4093 chritudo
2426 4034 2677 4098 delectat,
2727 4032 2819 4087 ubi
2863 4032 3005 4086 nulla
3057 4030 3272 4084 liventis
3311 4026 3508 4081 invidia
3561 4033 3712 4079 trau-

2138 4126 2361 4197 quillum
2397 4132 2586 4195 pectus
2617 4121 2776 4177 hilari
2828 4120 3088 4174 mentitur
3138 4117 3358 4180 intuitu,
3394 4129 3494 4169 nec
3542 4111 3713 4167 fucati

2138 4218 2405 4275 sermonis
2437 4216 2755 4272 adumbrata
2780 4212 3057 4269 blanditiis
3085 4210 3278 4265 artiﬁci
3302 4207 3503 4263 scelere
3525 4213 3710 4260 mutua

2138 4310 2437 4365 fabricatur
2480 4308 2700 4362 astutia.
2737 4325 2755 4357 ι
2791 4305 2923 4359 Data
2951 4311 3033 4359 est
3063 4304 3179 4358 hate
3206 4298 3429 4371 epistola
3465 4312 3531 4352 eo
3576 4303 3713 4350 tem-

2138 4416 2271 4472 pore
2319 4415 2427 4470 quo
2454 4399 2715 4454 bellorum
2762 4396 3022 4452 tumultus
3049 4394 3364 4450 Lotharium
3411 4399 3468 4446 et
3514 4388 3714 4443 fratres

531 4489 621 4542 25'.
653 4486 803 4553 Quod
848 4498 1111 4556 superest,
1144 4487 1400 4544 Rabanus
1428 4489 1595 4544 abbas
1615 4504 1758 4544 anno
1777 4490 1881 4545 858
1911 4489 2035 4544 Hir-
2062 4512 2114 4572 D
2141 4490 2256 4560 ejus
2279 4491 2345 4546 de
2366 4505 2531 4561 regno
2559 4488 2923 4557 disceptantes
2942 4486 3196 4558 agitabat,
3216 4491 3273 4537 ut
3298 4476 3713 4572 initidfepistola:

465 4577 705 4647 saugiam
731 4577 876 4631 misit
899 4576 1164 4631 coloniam
1190 4579 1599 4643 monachorum,
1615 4579 1706 4650 qui
1731 4581 2037 4635 coenobium

466 4668 533 4723 ab
563 4666 827 4722 Erlafrido
874 4669 1068 4723 comite
1110 4670 1430 4724 instructum
1470 4670 1784 4738 incolerent,
1831 4687 2039 4743 praepo-

465 4760 570 4817 sito
598 4759 676 4813 eis
704 4758 964 4828 discipulo
1003 4774 1100 4814 suo
1135 4759 1417 4815 Liutberto
1460 4761 1675 4827 abbate,
1721 4761 1797 4816 uti
1829 4762 2042 4817 Trithe-

466 4853 608 4910 mius
639 4852 693 4906 in
713 4851 944 4908 Historia
970 4852 1337 4923 Hirsaugiensi
1366 4852 1533 4909 fusius
1558 4854 1714 4909 docet

536 4944 624 5007 24,
656 4962 675 4995 ι
710 4943 864 5000 Anno
890 4943 1014 5011 842,
1060 4945 1236 5014 inquit
1262 4943 1582 4999 Lambertus
1610 4942 2040 5015 Scafnaburgeu-

468 5034 563 5100 sis,
609 5032 916 5087 Liutharius
947 5034 1201 5104 expulsus
1238 5041 1321 5089 est
1361 5049 1391 5087 a
1418 5049 1605 5103 regno,
1642 5042 1697 5089 et
1727 5034 1917 5090 Raban
1946 5035 2041 5090 ab-

468 5127 565 5181 bas
587 5125 652 5179 de
683 5125 1026 5189 monasterio,
1073 5140 1196 5180 cum
1238 5123 1364 5181 illud
1395 5141 1490 5195 per
1520 5141 1689 5181 annos
1723 5127 1913 5198 viginti
1944 5142 2041 5182 no-

468 5221 651 5275 biliter
686 5218 933 5283 rexisset,
965 5238 983 5270 »
1011 5233 1077 5272 ex
1102 5217 1348 5274 Rudolfo.
1390 5217 1445 5273 Id
1478 5217 1676 5273 factum
1707 5219 2042 5275 dissensione

453 5312 855 5367 ‘monacborum
919 5309 1250 5367 Tritbemius
1316 5325 1380 5365 ex
1459 5309 1775 5380 Meginfrido
1830 5311 2037 5381 tradit:

478 5418 495 5452 ι
522 5400 678 5455 Anno
714 5400 1009 5459 nativitatis
1060 5398 1177 5470 ejus
1218 5399 1661 5468 quinquagesimo
1699 5399 1950 5468 septimo,
1980 5405 2042 5453 ut

472 5488 816 5560 Meginfridus
873 5489 1055 5545 Fulda:
1109 5502 1292 5564 posma
1348 5491 1643 5544 monachus
1688 5497 1772 5543 est
1822 5496 2034 5553 auctor,

471 5578 613 5638 facta
660 5589 745 5637 est
785 5583 926 5637 inter
953 5598 1072 5638 eum
1123 5591 1176 5637 et
1223 5580 1511 5641 Monachus
1556 5582 1692 5651 ejus,
1720 5579 2045 5635 sollicitante

474 5673 703 5738 diabolo,
732 5676 910 5745 gravis
957 5677 1200 5751 quaedam
1234 5682 1290 5730 et
1333 5674 1519 5731 nociva
1556 5672 1840 5736 dissensio,
1887 5670 2040 5740 cujus

474 5776 652 5827 tamen
683 5783 903 5824 causam
935 5786 1040 5826 non
1070 5770 1351 5843 expressit.
1374 5766 1887 5844 Quamiudovicus
1906 5765 2039 5822 Ger-

2138 4582 2427 4639 Lotharius
2460 4579 2749 4651 significat.
2790 4578 3022 4649 Tempus
3060 4574 3266 4630 dimissi
3313 4568 3591 4641 regiminis
3629 4567 3716 4620 vir

2140 4691 2346 4746 magna:
2371 4673 2690 4728 eruditionis
2714 4669 3020 4739 Stephanus
3054 4666 3304 4721 Baluzius
3343 4670 3489 4717 recte
3524 4658 3715 4714 statuit

2139 4770 2193 4824 iu
2220 4767 2359 4823 notis
2381 4765 2448 4819 ad
2476 4764 2613 4834 Lupi
2632 4761 2914 4833 epistolam
2943 4759 3033 4823 40,
3056 4766 3168 4819 tum
3197 4771 3263 4810 ex
3290 4769 3428 4809 anno
3450 4751 3575 4817 8‘22,
3605 4763 3716 4820 quo

2139 4860 2328 4916 initam
2354 4875 2384 4912 a
2410 4857 2633 4912 Rabano
2659 4853 2977 4924 dignitatem
3007 4847 3328 4903 abbatialem
3367 4847 3561 4900 docent
3597 4841 3714 4895 An-

2139 4951 2289 5007 nales
2314 4949 2629 5011 Fuldenses,
2674 4955 2785 5000 tum
2818 4960 2883 4999 ex
2910 4942 3086 5012 spatia
3121 4939 3310 5009 viginti
3338 4949 3602 4991 annorum
3629 4947 3716 4987 re-

2141 5041 2373 5114 giminis,
2404 5052 2540 5108 quos
2562 5036 2661 5107 ipsi
2695 5032 2955 5089 Budolfus
2980 5031 3218 5099 assignat
3251 5041 3423 5097 usque
3457 5024 3525 5079 ad
3552 5022 3716 5114 depo-

2142 5113 2391 5188 sitionem
2424 5142 2567 5183 curae
2593 5125 2899 5199 pastoralis.
2941 5122 3260 5192 Repugnare
3288 5127 3466 5173 tamen
3500 5113 3718 5168 videtur

2140 5230 2296 5278 vetus
2325 5219 2576 5275 abbatum
2613 5214 2961 5270 Fuldensium
2995 5211 3269 5282 catalogus
3317 5221 3476 5262 manu
3513 5205 3718 5260 descri~

2140 5320 2284 5383 plus,
2325 5310 2521 5364 citatus
2555 5321 2585 5360 a
2615 5306 2869 5360 Browero
2895 5304 2950 5358 in
2991 5303 3138 5358 notis
3171 5301 3238 5355 ad
3264 5297 3472 5353 Rabani
3520 5309 3716 5364 poema

2142 5402 2241 5466 28;
2273 5415 2378 5469 quo
2406 5398 2460 5452 in
2486 5396 2728 5466 catalogo
2758 5413 2777 5447 ι
2808 5395 2990 5459 Hatto,
3038 5393 3279 5447 Bonosus
3318 5387 3513 5448 dictus,
3544 5403 3565 5437 ι
3612 5383 3719 5436 Ra-

2142 5492 2267 5547 bani
2302 5503 2597 5552 successor,
2628 5504 2647 5537 ί
2679 5485 2978 5554 suscepisse
3027 5478 3444 5552 gubernaculum
3487 5474 3719 5529 abbatim

2144 5596 2285 5635 anno
2318 5576 2525 5637 Domini
2548 5575 2682 5631 841»
2711 5573 3044 5644 perhibetur.
3073 5567 3225 5636 Quod
3252 5562 3720 5635 interpretandum

2143 5680 2272 5742 puto
2301 5668 2366 5723 de
2408 5666 2513 5720 ﬁne
2539 5664 2665 5720 anui
2693 5664 2789 5718 841
2821 5660 3115 5716 secundum
3143 5663 3382 5711 veterem
3425 5649 3722 5713 calculum,

2145 5768 2201 5817 at
2236 5760 2301 5816 de
2340 5758 2493 5820 initio
2533 5755 2657 5813 anni
2700 5752 2806 5809 842
2844 5751 3136 5808 secundum
3184 5762 3239 5802 nt
3256 5760 3404 5802 vum.
3455 5742 3723 5803 [tabanus
