4012 6194
342 320 411 376 21
1726 325 2254 383 PROLEGOMENA.
3394 370 3399 377 -
3557 342 3629 395 2‘2

342 428 515 497 enim
568 439 724 511 Eigili
772 439 1035 495 successit
1087 440 1186 495 sub
1232 438 1394 494 ﬁnem
1438 439 1565 494 anni
1596 436 1721 503 8‘22,
1774 439 1826 492 id
1871 448 1955 494 est
1982 443 2032 502 Α
2059 449 2166 506 tur,
2196 440 2415 496 absente
2441 444 2530 498 diu
2558 451 2611 498 et
2652 446 2837 513 procul
2862 457 3107 504 versante
3134 463 3231 505 suo
3256 458 3493 521 pastore.
3522 470 3541 502 ι
3568 451 3633 506 ld'

344 542 561 584 mense
589 528 918 599 Septembri,
948 542 1016 581 ex
1043 528 1241 591 dictis;
1270 528 1528 598 dignitate
1554 526 1743 590 cessit,
1779 545 1795 576 t
1830 541 1952 580 cum

343 617 756 671 monasterium
788 616 1015 670 rexisset
1039 630 1134 685 per
1168 630 1339 670 annos
1381 616 1589 685 viginti,
1627 634 1644 665 ι
1676 622 1813 669 teste
1844 614 1954 669 Ru-

344 706 542 772 dolfo,
585 722 651 763 ac
672 707 903 777 proinde
925 707 1042 777 ejus
1065 707 1332 761 abdicatio
1371 708 1595 778 contigit
1632 707 1783 761 initio
1825 708 1952 761 anni

344 797 492 864 842,
516 799 665 870 quod
700 798 941 853 nonnulli
982 799 1047 853 ad
1086 799 1441 869 praecedentis
1470 801 1595 853 anni
1625 797 1783 853 ﬁnem
1815 798 1951 854 refe-

348 890 584 944 rebant.
633 889 787 943 Hunc
814 888 1078 943 calculum
1121 888 1409 958 praevalide
1455 889 1638 944 ﬁrmat
1679 888 1811 958 Lupi
1840 890 1953 960 epis

349 979 503 1034 stola
530 979 618 1043 41,
648 979 739 1033 ubi
765 979 843 1032 ait
870 994 927 1033 se
959 978 1216 1048 SOSpitem
1247 994 1523 1033 reversum
1546 976 1948 1055 ex_Germania,

348 1085 459 1125 seu
490 1085 563 1124 ex
591 1068 846 1123 Fuldensi
885 1068 1175 1132 academia,
1218 1068 1524 1136 perculsum
1551 1068 1720 1123 fuisse
1762 1070 1952 1125 nuntio

349 1157 562 1212 mortis
603 1156 810 1209 Aldrici
861 1153 1187 1209 Senoncnsis
1235 1156 1471 1225 episcopi
1519 1155 1804 1211 nutritoris
1844 1158 1946 1223 sui,

350 1261 527 1315 quem
560 1245 661 1299 sub
698 1245 858 1299 ﬁnem
897 1245 1025 1298 anni
1072 1243 1195 1308 840,
1228 1245 1483 1299 nimirum
1523 1263 1575 1301 vr
1622 1245 1747 1300 Idus
1791 1245 1951 1301 Octo-

350 1335 499 1399 bris,
534 1334 733 1388 obiisse
759 1333 813 1387 in
854 1335 971 1404 ejus
1001 1333 1121 1388 Vita
1158 1335 1366 1389 ostendi
1397 1347 1443 1387 ιι.
1480 1334 1645 1406 Atqui
1694 1335 1948 1391 Rabanus

355 1435 503 1490 tum,
530 1440 654 1479 cum
679 1424 860 1494 Lupus
899 1424 965 1479 ab
995 1438 1060 1478 co
1098 1423 1360 1488 discessit,
1397 1426 1608 1481 abbatis
1635 1441 1831 1480 munus
1859 1428 1947 1481 ab-

356 1515 663 1580 dicaverat,
702 1523 761 1567 ut
788 1514 1108 1583 intelligitur
1134 1530 1199 1568 ex
1244 1514 1381 1583 Lupi
1414 1515 1642 1585 epistola
1668 1515 1741 1570 40
1777 1516 1843 1571 ad
1874 1516 1950 1586 ip-

355 1624 513 1669 sum,
544 1607 599 1661 in
629 1621 734 1676 qua
756 1604 870 1674 jam
899 1606 955 1659 in
998 1605 1222 1659 Galliam
1266 1620 1514 1660 reversus
1542 1609 1735 1662 scribit
1765 1621 1825 1661 se
1853 1623 1948 1661 au-

356 1700 566 1755 divisse
606 1698 887 1754 Rabanum
926 1699 1233 1768 deposuisse
1279 1699 1549 1753 sarcinam
1602 1699 1946 1754 administra-

2054 539 2233 585 autem
2264 539 2547 602 propterea
2587 543 2713 589 noto
2747 537 2887 604 quod
2917 537 3115 591 nullam
3146 537 3261 608 ejus
3296 540 3373 594 rei
3400 542 3624 596 mentio-

2051 635 2174 675 nem
2217 620 2347 676 facit
2388 620 2637 679 Serarius
2678 624 2733 678 in
2770 625 3004 682 Historia
3050 627 3409 699 Moguntiaca.
3453 630 3506 685 Is
3542 625 3649 687 est.

2053 709 2306 781 Otgarius
2328 716 2414 767 cui
2447 714 2697 771 [tabanus
2721 733 2818 786 pro
2847 720 3185 775 ordinatione
3217 721 3482 778 Werdrici
3512 723 3627 779 dia-

2052 801 2174 856 coni
2194 802 2429 873 scripsit,
2456 805 2715 875 probante
2734 808 3025 876 Eginhardi
3051 810 3274 881 epistola
3285 812 3339 869 4.

2668 916 2893 975 CAPUT
2922 919 3009 976 Vl.

2146 980 2614 1055 Archiepiscopalis
2650 987 2876 1058 dignitas
2908 1029 2923 1055 ,
2954 991 3331 1065 archiepiscopi
3361 1005 3525 1066 gesta.

2121 1073 2208 1128 26.
2269 1094 2287 1126 ι
2316 1074 2470 1131 Anno
2514 1078 2637 1143 847,
2676 1097 2694 1131 ι
2750 1079 2949 1136 habent
3006 1081 3243 1139 Annales
3292 1085 3620 1151 Fuldcnses.

2056 1166 2351 1237 «Orgarins
2401 1168 2847 1240 Mogontiacensis
2899 1173 3183 1244 episcopus
3233 1193 3287 1230 XI
3334 1176 3451 1231 Kal.
3500 1178 3623 1233 Maii

2048 1259 2210 1324 obiit;
2241 1259 2293 1312 in
2321 1260 2473 1329 cujus
2504 1261 2677 1315 locum
2701 1261 3005 1319 HRabanus
3032 1267 3309 1322 ordinatus
3329 1277 3411 1324 est
3446 1285 3477 1321 v
3502 1270 3620 1324 Kal.

2047 1344 2191 1399 Julii.
2231 1366 2248 1397 ι
2311 1347 2425 1403 Huc
2467 1350 2775 1419 scrupulum
2828 1362 3007 1407 movet
3057 1354 3250 1410 Petrus
3304 1357 3625 1413 Franciscus

2048 1435 2365 1504 Chiﬁletins,
2388 1441 2631 1495 eruditus
2654 1444 2937 1511 presbyter
2965 1444 3235 1500 societatis
3277 1445 3424 1511 Jesu,
3447 1450 3537 1516 qui
3571 1449 3621 1503 in

2048 1525 2374 1582 Prmfatione
2420 1530 2487 1583 ad
2522 1529 2719 1584 librum
2760 1541 2947 1585 contra
2991 1531 3222 1599 Judaeos,
3272 1534 3373 1589 sub
3416 1535 3622 1590 Rabani

2047 1618 2263 1672 nomine
2298 1618 2365 1672 ab
2402 1634 2459 1673 se
2502 1620 2807 1691 vulgatum,
2842 1630 3026 1676 censet
3076 1622 3284 1679 Rabani
3332 1625 3624 1680 ordinatio-

2048 1724 2173 1763 nem
2226 1708 2421 1764 factam
2468 1726 2587 1766 esse
2636 1726 2778 1767 anno
2816 1712 3169 1782 praecedente,
3213 1713 3465 1769 nimirum
3510 1723 3621 1769 tum

359 1790 553 1854 tionis,
581 1805 644 1843 ac
677 1790 902 1858 proinde
932 1790 985 1844 id
1012 1791 1235 1862 contigit
1261 1791 1434 1845 solum
1466 1792 1620 1848 initio
1659 1792 1785 1846 anni
1815 1791 1939 1857 842,
1972 1780 2017 1838 Β
2044 1807 2264 1868 propter
2291 1799 2433 1854 diem
2469 1780 2835 1869 Dominicam,
2856 1803 2913 1856 in
2942 1818 3049 1873 qua
3079 1804 3453 1875 episcoporum
3477 1808 3623 1862 ordi-

357 1894 473 1951 quo
506 1888 739 1949 tempore
774 1880 1061 1935 Lotharius
1089 1896 1209 1935 cum
1241 1880 1496 1936 fratribus
1535 1883 1649 1937 suis
1680 1884 1745 1939 de
1777 1899 1942 1956 regno

355 1971 533 2025 armis
564 1970 925 2040 disceptabat,
976 1979 1036 2025 ut
1077 1973 1281 2027 dictum
1307 1981 1390 2028 est
1415 1990 1596 2043 supra.
1627 1974 1742 2030 Huc
1787 1992 1942 2031 acce-

358 2059 501 2117 dunt
542 2060 785 2138 quaedam
834 2062 1037 2115 charta:
1083 2062 1430 2118 donationum
1472 2065 1612 2135 apud
1650 2064 1938 2122 Pistorium

359 2165 489 2222 pag.
539 2151 642 2205 484
680 2160 736 2206 et
759 2150 882 2215 558,
913 2167 1142 2221 quarum
1169 2169 1273 2207 una
1305 2152 1527 2209 Rabano
1571 2156 1752 2210 abbati
1797 2156 1938 2213 facta

360 2240 567 2294 dicitur
609 2257 748 2294 anno
792 2241 1019 2295 secundo
1069 2241 1326 2297 Ludltarii
1384 2243 1747 2314 gloriosissimi
1805 2248 1937 2318 regis

362 2328 730 2396 Francorum,
758 2342 945 2402 quarto
976 2331 1161 2387 Nonas
1184 2332 1410 2403 Aprilis,
1433 2335 1486 2389 id
1515 2334 1609 2391 est
1627 2352 1768 2393 anno
1784 2338 1896 2411 .842
1919 2357 1934 2405 ;

360 2424 469 2477 alia
498 2423 715 2477 Hattoni
739 2424 919 2478 abbati
946 2433 1133 2494 quarto
1165 2424 1346 2479 Nonas
1378 2426 1591 2496 Aprilis,
1624 2444 1761 2482 anno
1790 2431 1938 2484 tertio

360 2511 617 2566 Ludovici
660 2513 794 2582 regis
824 2512 1157 2567 orientalium
1205 2512 1556 2581 Francorum,
1587 2517 1641 2571 id
1676 2529 1757 2571 est
1795 2533 1939 2574 anno

360 2604 692 2672 insequenti.
742 2603 872 2671 Quae
918 2604 1081 2658 fuerit
1139 2604 1297 2675 hujus
1346 2605 1702 2662 abdicationis
1752 2623 1934 2675 causa,

364 2696 468 2751 sibi
513 2696 812 2750 renuntiari
855 2704 1006 2765 optat
1034 2696 1216 2765 Lupus
1240 2696 1294 2750 in
1319 2696 1461 2751 dicta
1490 2698 1715 2768 epistola
1757 2698 1826 2753 40
1855 2700 1939 2754 his

361 2786 543 2840 verbis
574 2803 588 2838 :
616 2804 635 2836 ι
670 2784 934 2840 Czeterum
974 2786 1149 2839 audivi
1194 2787 1465 2841 sarcinam
1507 2787 1934 2842 administratio-

364 2876 452 2929 nis
481 2883 670 2930 vestrze
706 2890 800 2930 vos
828 2875 1157 2945 deposuisse,
1199 2883 1254 2931 et
1298 2877 1458 2931 rebus
1494 2877 1690 2932 divinis
1733 2878 1936 2933 solum-

364 2967 524 3022 modo
563 2983 703 3021 nunc
746 2982 867 3021 esse
909 2968 1171 3034 intentos;
1211 2968 1431 3023 Hattoni
1480 2984 1607 3023 vero
1634 2977 1821 3025 nostro
1847 2987 1939 3025 cu-

364 3070 486 3109 ram
522 3056 731 3110 sudoris
782 3057 993 3126 plenam
1039 3058 1320 3127 reliquisse
1350 3077 1363 3111 :
1394 3059 1546 3127 cujus
1587 3060 1664 3115 rei
1695 3060 1938 3115 ordinem

362 3147 629 3217 simulque
677 3148 802 3214 alia,
834 3162 1165 3219 quaecunque
1190 3150 1536 3215 videbuntur,
1586 3151 1936 3208 beatitudinis
1964 3133 2009 3195 (ἶ

361 3248 554 3294 vestra:
604 3239 801 3295 litteris
846 3241 1043 3311 optabo
1094 3256 1439 3312 cognoscere.
1498 3260 1517 3293 ‹
1558 3239 1754 3296 Verum
1806 3243 1939 3312 quid

362 3331 510 3401 Lupo
533 3332 853 3402 rescriptum
882 3333 985 3387 hac
1005 3333 1071 3388 de
1095 3349 1154 3388 re
1181 3334 1251 3388 sit
1279 3333 1609 3404 ignoramus.

429 3426 521 3480 25.
574 3424 743 3494 Huius
770 3426 1070 3481 vacationis
1111 3434 1351 3496 tempore
1392 3426 1476 3480 vir
1518 3426 1641 3497 pius
1673 3432 1841 3481 totum
1878 3441 1938 3481 se

359 3516 590 3571 contulit
637 3517 704 3571 ad
758 3517 936 3571 studia
991 3533 1265 3573 sacrarum
1324 3518 1622 3573 litterarum
1668 3527 1937 3589 :tumque

358 3622 496 3673 opus
522 3622 679 3660 suum
713 3606 777 3659 de
802 3605 1051 3661 Universo
1076 3607 1341 3662 dedicavit
1369 3594 1650 3661 Hemmoﬁi
1681 3606 1934 3677 episcopo

360 3695 811 3762 llalberstatensi,
843 3697 909 3752 ad
933 3713 1092 3766 quem
1118 3699 1231 3753 haec
1266 3699 1429 3752 verba
1464 3696 1592 3753 facit
1626 3698 1681 3751 in
1710 3697 1937 3767 epistola

358 3790 755 3859 nuucupatoria
791 3805 804 3842 :
843 3807 861 3839 ι
899 3789 1188 3858 Postquam
1234 3806 1321 3845 me
1371 3789 1551 3844 divina
1601 3789 1937 3859 providentia

358 3881 431 3933 ab
464 3880 792 3934 exteriorum
844 3880 1178 3949 negotiorum
1213 3895 1344 3934 cura
1396 3879 1640 3944 absolvit,
1678 3887 1837 3949 teque
1883 3879 1937 3933 in

357 3970 648 4040 pastoralis
674 3987 816 4025 cura:
852 3968 1082 4024 oﬂicium
1118 3970 1443 4032 sublimavit,
1483 3970 1782 4037 cogitabam
1809 3968 1938 4038 quid

359 4071 466 4114 true
493 4061 765 4115 sanctitati
794 4068 1004 4132 gratum
1032 4068 1088 4114 et
1110 4060 1239 4114 utile
1268 4060 1322 4113 in
1357 4058 1639 4112 scribendo
1670 4057 1938 4112 coniicere

358 4167 593 4221 possem.
619 4170 636 4201 ι
663 4152 866 4207 Prmter
890 4167 954 4206 ea
978 4170 996 4201 ι
1016 4166 1158 4205 anno
1183 4150 1306 4215 844,
1334 4169 1352 4201 ι
1373 4157 1430 4203 ut
1463 4149 1679 4202 tradunt
1701 4147 1937 4203 Annales

357 4240 687 4307 Fnldenses,
736 4261 754 4292 ‹
784 4240 1084 4297 HRabanus
1124 4241 1393 4310 sophista,
1430 4259 1450 4291 ι
1482 4239 1536 4293 id
1569 4246 1655 4294 est
1699 4239 1932 4307 sapiens,

363 4339 459 4384 «et
481 4332 564 4384 sui
608 4332 862 4401 temporis
912 4338 1190 4400 poetarum
1223 4329 1349 4384 nulli
1399 4328 1698 4392 secundus,
1738 4327 1935 4382 librum

357 4436 521 4490 quem
563 4422 630 4475 de
669 4421 823 4475 laude
857 4430 1051 4476 sanctm
1082 4421 1258 4475 crucis
1297 4414 1495 4474 Christi
1528 4419 1818 4489 ﬁgurarum
1843 4436 1936 4473 va-

358 4514 553 4566 rietate
583 4512 902 4565 distinctum‘
928 4511 1120 4565 difﬁcili
1153 4519 1205 4565 et
1239 4511 1482 4564 mirando
1510 4519 1757 4579 poemate
1786 4525 1934 4565 com-

355 4603 561 4673 posuit,
612 4619 711 4672 per
744 4603 1058 4657 Aschricum
1107 4611 1162 4657 et
1192 4601 1604 4657 Hliuodbertum
1641 4603 1934 4657 monachos

358 4696 677 4749 monasterii
719 4695 995 4750 Fuldensis
1025 4694 1211 4766 Sergio
1238 4710 1387 4764 papae
1412 4702 1596 4749 sancto
1620 4694 1778 4748 Petro
1804 4692 1934 4748 olfe-

359 4788 588 4841 rendum
626 4787 939 4841 transmisit.
976 4805 993 4836 ι
1029 4787 1103 4841 De
1146 4785 1364 4856 reliquis
1401 4785 1517 4855 ejus
1552 4785 1804 4854 cperibus
1837 4799 1935 4853 per

356 4879 415 4932 id
442 4886 652 4948 tempus
687 4877 844 4932 editis
884 4884 1068 4945 postea
1106 4877 1361 4931 dicemus.
1392 4875 1449 4928 In
1478 4875 1561 4929 his
1603 4882 1932 4929 commenta-

356 4973 473 5028 riOs
502 4988 626 5027 suos
649 4972 700 5025 in
730 4972 1060 5041 Sapientiam
1087 4980 1140 5026 et
1168 4971 1221 5024 in
1251 4970 1683 5026 Ecclesiasticum
1712 4986 1834 5024 cum
1870 4970 1932 5023 li-

357 5064 460 5120 bro
488 5062 840 5133 paenitentiali
889 5062 1214 5131 nuncupavit
1252 5059 1471 5131 Otgario
1514 5060 1931 5130 Mogontiacensi

356 5154 611 5218 antistiti,
638 5152 907 5207 decessori
933 5167 1032 5206 suo
1062 5168 1078 5207 :
1104 5152 1168 5206 de
1204 5165 1311 5219 quo
1334 5150 1646 5220 extplicanda
1680 5149 1930 5205 'est‘cleri

358 5243 654 5314 Moguntini
718 5244 941 5314 epistola
1004 5242 1374 5297 reclamatoria
1440 5242 1581 5311 apud
1638 5241 1929 5297 Chesnium

355 5333 507 5390 edita
536 5343 679 5387 tomo
707 5332 748 5386 ll
795 5333 1042 5387 Historia:
1080 5330 1433 5398 Francorum,
1473 5332 1561 5386 ubi
1600 5331 1806 5403 Otgarii
1837 5347 1933 5387 seu

353 5423 543 5495 Otgeri
573 5424 800 5478 reditum
830 5424 884 5477 in
911 5424 1090 5478 sedem
1121 5438 1273 5477 suam
1312 5421 1381 5476 ab
1408 5422 1676 5477 Ludovico
1707 5423 1936 5492 impera-

356 5525 483 5572 tore
505 5515 747 5587 ﬁagitant
786 5514 1248 5585 Mogontiacenses
1274 5532 1293 5565 ‹
1324 5522 1543 5583 propter
1574 5515 1795 5570 nimiam
1834 5529 1930 5570 ne-

358 5607 692 5672 cessitatem,
719 5621 838 5675 quae
861 5606 1096 5675 quotidie
1135 5606 1188 5658 in
1216 5605 1331 5672 ipsa
1376 5606 1627 5675 parochia
1655 5606 1934 5675 grassaba-

437 5708 463 5733 ·ι
502 5695 632 5749 Vide
662 5694 975 5763 Patrologim
1012 5704 1138 5750 tom.
1169 5692 1277 5750 CV.

1959 4479 2012 4537 Ι)

2043 1891 2290 1947 nationes
2317 1892 2430 1948 ﬁeri
2463 1896 2659 1949 debent
2694 1911 2759 1951 ex
2794 1900 3015 1967 antiquo
3044 1913 3213 1964 more,
3245 1914 3311 1955 eo
3336 1915 3478 1956 anno
3512 1902 3565 1955 in
3591 1918 3623 1955 ν

2042 1984 2161 2039 Kal.
2194 1984 2321 2041 Julii
2368 1988 2690 2043 incidentem
2725 2008 2736 2043 :
2766 1997 2875 2044 tum
2903 2000 3123 2061 propter
3168 1995 3399 2064 spatium
3429 2012 3625 2051 novem

2041 2090 2305 2131 annorum
2334 2079 2609 2147 regiminis
2652 2096 2773 2135 cum
2808 2098 2916 2138 uno
2961 2099 3146 2139 mense
3174 2095 3231 2139 et
3256 2086 3444 2142 diebus
3486 2104 3621 2158 qua-

2040 2174 2183 2233 tuor,
2217 2170 2308 2237 qui
2339 2169 2562 2226 Rabano
2589 2173 2900 2228 tribuuntur
2928 2176 2981 2228 in
3005 2177 3276 2244 praedictis
3297 2179 3619 2247 Annalibus,

2038 2257 2130 2312 ubi
2160 2273 2305 2313 mors
2334 2258 2448 2327 eius
2474 2260 2708 2316 refertur
2732 2265 2799 2319 ad
2843 2279 3041 2319 annum
3068 2265 3193 2332 856,
3222 2268 3392 2336 pridie
3438 2268 3621 2326 Nonas

2038 2350 2339 2417 Februarii,
2364 2369 2489 2407 nam
2514 2369 2544 2407 a
2562 2370 2592 2407 v
2609 2354 2727 2411 Kal.
2753 2354 2875 2410 Julii
2909 2358 3149 2414 anni847
3164 2360 3231 2414 ad
3248 2360 3390 2415 hunc
3418 2377 3621 2418 annum

2039 2458 2144 2499 non
2174 2445 2403 2514 reperiri
2433 2445 2699 2517 integrum
2739 2451 3081 2505 novennium.
3128 2450 3465 2523 Quapropter
3502 2455 3619 2509 exi-

2038 2534 2224 2591 stimat
2264 2551 2463 2592 annum
2507 2537 2608 2593 847
2643 2538 2697 2591 in
2727 2539 2844 2594 i‘stis
2872 2541 3167 2597 Annalibus
3204 2544 3503 2612 computari
3535 2561 3621 2600 se-

2038 2624 2271 2678 cundum
2299 2634 2536 2680 veterem
2563 2627 2849 2693 calculum,
2900 2629 2993 2697 qui
3018 2646 3192 2685 annus
3217 2632 3287 2685 sit
3307 2633 3625 2702 przecedcns

2039 2717 2333 2770 secundum
2389 2732 2605 2772 novum.
2662 2719 2729 2773 Et
2778 2720 2994 2788 quidem
3040 2719 3206 2790 proba
3260 2730 3342 2777 est
3392 2732 3620 2794 utraque

2038 2804 2289 2861 Chimetii
2328 2808 2487 2874 ratio,
2539 2808 2631 2863 sed
2678 2810 2801 2863 nodi
2848 2811 3129 2881 utriusque
3164 2813 3359 2869 solutio
3406 2814 3621 2871 aliunde

2039 2900 2349 2969 repetenda.
2393 2900 2590 2956 Mensis
2636 2902 2778 2957 enim
2803 2900 3013 2968 Junius,
3046 2905 3097 2958 in
3144 2903 3297 2973 cujus
3325 2907 3411 2961 die
3440 2924 3469 2962 v
3497 2907 3613 2962 Kal.

2037 2988 2162 3044 Julii
2192 2991 2463 3046 ordinatio
2501 2991 2707 3046 Rabani
2752 2991 2893 3047 facta
2930 2993 3155 3061 dicitur,
3189 2997 3326 3051 trahi
3374 3013 3479 3051 non
3519 3014 3613 3068 po-

2042 3091 2146 3139 test
2188 3083 2242 3138 in
2269 3085 2509 3141 diversos
2544 3102 2714 3142 annos
2742 3103 2841 3158 pro
2870 3089 3082 3145 diverso
3110 3091 3342 3157 calculo;
3378 3093 3470 3147 sed
3501 3101 3619 3149 tan-

2042 3184 2154 3231 tum
2179 3185 2291 3233 tres
2331 3192 2545 3233 menses
2570 3179 2729 3248 primi
2770 3195 2892 3234 serae
2916 3189 3114 3236 nostrae
3140 3182 3395 3252 vulgaris,
3442 3199 3625 3254 neque

2038 3267 2296 3339 praecedit
2314 3276 2469 3322 vetus
2508 3270 2853 3338 computandi
2884 3272 3041 3337 ratio,
3071 3272 3166 3327 sed
3206 3271 3528 3345 Dionysiana
3557 3282 3614 3329 et

2037 3364 2220 3411 nostra
2250 3372 2407 3412 nova.
2437 3356 2527 3413 Sic
2552 3356 2860 3425 Januarius,
2904 3361 3258 3428 Februarius,
3298 3371 3353 3419 et
3391 3363 3612 3420 Martius

2038 3444 2105 3499 ad
2153 3445 2364 3503 Pascha
2404 3463 2575 3518 usque
2619 3451 2892 3518 pertinent
2925 3451 2989 3504 ad
3033 3449 3195 3505 tinem
3246 3452 3371 3506 anni
3399 3452 3503 3507 847
3530 3469 3616 3508 se-

2037 3536 2271 3590 cundum
2294 3545 2448 3591 vetus
2469 3549 2808 3607 computum;
2858 3540 2925 3593 ad
2954 3539 3167 3597 initium
3205 3558 3334 3596 vero
3362 3545 3485 3596 anni
3535 3543 3614 3597 in-

2036 3628 2311 3695 sequentis
2348 3629 2640 3682 secundum
2684 3629 3085 3700 Dionysianum,
3139 3632 3281 3701 quod
3328 3647 3502 3687 annos
3537 3634 3617 3687 in-

2036 3716 2197 3770 choat
2245 3731 2276 3769 a
2324 3715 2526 3771 Christi
2572 3719 2884 3784 nativitate;
2933 3728 2989 3775 et
3035 3723 3325 3777 secundum
3368 3735 3609 3778 nostrum

2036 3824 2255 3873 novum,
2311 3811 2454 3879 quod
2497 3824 2529 3864 a
2571 3826 2755 3866 mense
2798 3810 3072 3875 Januario.
3124 3813 3247 3868 Scio
3284 3814 3478 3870 alicubi
3528 3833 3617 3871 va-

2036 3899 2204 3953 riasse
2234 3900 2377 3954 hunc
2405 3915 2583 3966 usum,
2628 3902 2702 3955 ita
2733 3911 2790 3955 ut
2814 3918 3030 3957 menses
3056 3919 3268 3970 novem,
3301 3906 3369 3960 ab
3400 3921 3613 3960 annun-

2038 3990 2260 4045 tiatione
2294 4005 2387 4045 seu
2415 4006 2445 4044 a
2484 4006 2671 4046 mense
2701 3992 2892 4047 Martio
2926 3993 2991 4047 ad
3015 3992 3203 4048 Natale
3229 3995 3458 4061 Domini,
3509 4013 3615 4052 uno

2037 4094 2178 4133 anno
2201 4082 2572 4149 praeverterint
2605 4083 2891 4151 aliquando
2914 4099 3035 4137 eum
3076 4084 3360 4149 calculum,
3406 4087 3495 4155 qui
3519 4102 3613 4140 an-

2036 4185 2135 4225 nos
2164 4173 2511 4240 computabat
2538 4189 2569 4226 a
2601 4172 2922 4240 Nativitate,
2969 4190 3074 4228 non
3106 4175 3174 4227 ab
3201 4175 3609 4241 lncarnatione;

2034 4275 2265 4328 eumque
2298 4276 2524 4327 morem,
2575 4269 2713 4316 teste
2741 4263 3087 4330 Covarruvia,
3136 4264 3434 4320 obtinuisse
3472 4268 3610 4335 apud

2035 4348 2279 4405 Pisanos.
2316 4350 2387 4404 At
2416 4351 2726 4407 rarissimus
2754 4352 2856 4407 fuit
2890 4353 2991 4408 iste
3020 4356 3361 4424 computandi
3395 4358 3606 4413 modus.

2037 4441 2288 4507 Proinde,
2320 4435 2387 4497 ut'
2420 4442 2551 4507 dixi,
2602 4441 2967 4511 hujuscemodi
3028 4462 3058 4499 a
3108 4444 3374 4501 Chimetio
3419 4463 3612 4519 prepo—

2038 4535 2125 4588 siti
2156 4533 2348 4589 solutio
2379 4535 2665 4605 repetenda
2695 4546 2778 4591 est
2818 4537 3049 4592 aliunde.
3093 4539 3282 4609 Μετιτί
3329 4548 3475 4595 certe
3507 4555 3609 4594 non

2037 4634 2215 4695 potest
2265 4626 2392 4695 quin
2446 4627 2820 4696 episcoporum
2874 4630 3243 4683 ordinationes
3294 4645 3391 4699 pro
3441 4632 3611 4685 veteri

2037 4732 2187 4772 more
2232 4716 2347 4771 ﬁeri
2391 4717 2563 4772 solitae
2596 4718 2703 4772 sint
2734 4719 2820 4773 die
2864 4720 3163 4784 Dominica,
3193 4721 3286 4773 sed
3330 4735 3434 4774 non
3471 4735 3610 4775 sem-

2035 4821 2162 4875 per;
2195 4821 2317 4860 nam
2348 4808 2517 4862 sancti
2544 4807 2925 4863 Willibrordus
2962 4816 3016 4863 et
3042 4808 3350 4864 Bonifacius
3376 4810 3608 4866 ordinati

2037 4904 2163 4950 sunt
2208 4896 2391 4952 Romae
2414 4937 2428 4962 ,
2474 4897 2561 4951 hic
2591 4897 2764 4966 pridie
2798 4896 2915 4951 Kal.
2949 4897 3261 4953 Decembris
3308 4901 3434 4954 anni
3483 4899 3606 4963 825,

2037 4987 2127 5055 qui
2149 4986 2264 5041 dies
2291 4995 2402 5040 tum
2427 4988 2479 5041 in
2505 4985 2693 5041 feriam
2720 4987 2932 5042 tertiam
2965 4988 3178 5053 incidit;
3212 4988 3299 5043 ille
3324 5004 3467 5044 anno
3486 4988 3605 5055 696,

2035 5079 2121 5133 die
2145 5087 2345 5134 saneta:
2366 5079 2611 5145 Cmcilim,
2636 5080 2726 5149 qui
2754 5080 2807 5134 in
2834 5078 3025 5135 feriam
3052 5088 3316 5150 quartam.
3348 5080 3609 5135 Existimo

2038 5177 2232 5224 tamen
2258 5170 2465 5225 Rabani
2510 5172 2901 5226 ordinationem
2946 5172 3240 5243 contigisse
3289 5172 3376 5226 die
3423 5171 3607 5226 Domi—

2036 5259 2156 5313 nica
2188 5278 2201 5313 :
2235 5260 2329 5313 sed
2354 5261 2498 5328 quia,
2548 5261 2870 5316 testantibus
2897 5260 3190 5316 Annalibus
3228 5258 3625 5326 Fuldensibus,.

2034 5348 2574 5414 Franco-Saxonicis,
2623 5359 2678 5406 et
2706 5350 3012 5407 Hermanno
3059 5351 3325 5406 monacho
3348 5348 3490 5405 facta
3524 5362 3607 5407 est

2035 5456 2177 5497 anno
2200 5441 2325 5507 847,
2353 5442 2629 5498 fatendum
2664 5453 2747 5499 est
2773 5443 3026 5499 mendum
3068 5441 3352 5512 irrepsisse
3375 5442 3431 5496 in
3459 5442 3600 5496 diem

2034 5534 2172 5603 apud
2213 5532 2449 5588 Annales
2494 5532 2811 5600 Fnldenses,
2843 5541 2897 5587 et
2924 5546 3022 5601 pro
3049 5548 3081 5586 v
3106 5529 3231 5585 Kal.
3275 5530 3408 5586 Julii
3445 5548 3603 5601 repo-

2034 5624 2267 5679 nendum
2317 5637 2436 5679 essc
2476 5640 2527 5680 v1
2577 5622 2701 5678 Kal.
2750 5622 2905 5689 Julii,
2957 5624 3037 5680 uti
3080 5622 3211 5697 legit
3254 5621 3605 5681 Trithemius.
