4012 6194
363 414 435 469 εδ
1489 399 1580 458 an
1617 386 1845 459 ornus
1885 398 1949 453 Β.
1987 397 2240 453 unum
2274 382 2501 457 unum
3292 462 3295 465 ν
3532 397 3597 452 ξι

314 590 317 591 ν
360 520 678 590 Quanquam
724 514 1224 573 Franco-Saxonici
1269 515 1504 570 Annales
1547 528 1679 569 mss.
1719 512 1935 581 optimae
1959 519 2012 579 Α
2036 508 2410 565 summationis
2456 505 2635 561 saeculi
2665 503 2826 571 diem,
2865 503 3075 573 aliaque
3125 502 3372 574 perplura
3406 494 3601 560 divini-

359 619 523 674 noun,
553 610 645 687 qui
688 617 882 664 cetera
910 608 1017 663 hoe
1049 607 1167 663 loco
1206 622 1328 662 cum
1362 604 1716 661 Fuldensibus
1742 616 1938 657 conve-

362 697 538 766 niunt,
562 698 773 781 liabani
801 699 1193 779 ordinationem
1224 704 1491 766 reponunt
1510 709 1607 749 vin
1628 691 1757 746 Kal.
1778 690 1935 757 Julii,

362 791 419 846 id
444 799 527 844 est
551 776 638 844 die
664 787 833 867 natali
874 776 1045 842 sancti
1070 786 1292 841 Joannis
1321 783 1602 853 Baptistae,
1633 797 1738 850 qua
1760 780 1847 835 die
1869 779 1938 834 ob

363 880 488 936 festi
515 878 886 934 celebritatem
908 918 922 941 ,
971 875 1184 930 tametsi
1221 873 1497 929 Dominica
1524 886 1629 925 non
1660 878 1797 934 erat,
1835 868 1940 921 Ra-

363 971 495 1051 bani
518 972 789 1027 ordinatio
814 969 973 1047 facile
1002 967 1117 1022 ﬁeri
1142 968 1335 1038 potuit.
1364 965 1523 1021 Aliud
1550 963 1799 1018 Chiﬁletii
1826 977 1942 1043 mo-

365 1047 606 1116 mentum
641 1044 865 1113 inferius
915 1056 1221 1112 diluendum
1250 1065 1353 1119 est,
1399 1054 1488 1109 ubi
1517 1051 1725 1107 Rabani
1773 1038 1943 1105 annos

365 1150 715 1222 pontiﬁcatus
765 1148 1150 1219 expendemns.
1226 1136 1445 1200 interim
1500 1157 1692 1198 moneo
1743 1139 1940 1194 librum

368 1257 460 1297 seu
508 1241 789 1312 epistolam
831 1249 1021 1295 contra
1050 1236 1284 1302 Judmos,
1332 1238 1432 1291 sub
1480 1235 1697 1289 nomine
1737 1231 1943 1287 Rabani

367 1333 676 1402 vulgatam,
730 1347 796 1386 ex
853 1346 959 1401 qua
1005 1314 1332 1400 praecipuum
1388 1326 1666 1383 sententiae
1716 1339 1826 1379 suae
1878 1322 1945 1377 de

368 1438 512 1477 anno
568 1422 798 1476 ordinati
871 1421 1080 1476 Rabani
1138 1419 1546 1474 fundamentum
1618 1413 1949 1485 deprompsit

369 1512 666 1569 Chillletius
687 1554 701 1580 ,
745 1528 854 1567 non
876 1501 999 1567 esse
1027 1512 1153 1566 huic
1176 1510 1415 1581 pontiﬁci
1459 1508 1821 1572 tribuendam,
1852 1505 1947 1562 sed

369 1602 639 1668 Amoloni,
667 1611 725 1656 ut
746 1610 931 1671 postea
956 1601 1356 1669 demonstrabo.
1385 1598 1538 1655 Nunc
1563 1614 1702 1654 resa
1727 1597 1949 1653 Rabano

373 1695 780 1765 archiepiscopo
804 1702 968 1764 gestae
996 1694 1182 1763 paucis
1204 1691 1534 1763 explicandae
1560 1698 1706 1745 sunt.

390 1814 393 1815 ν
442 1784 533 1838 27.
570 1783 772 1839 Eodem
818 1783 1193 1865 ordinationis,
1224 1797 1341 1861 sua;
1372 1797 1536 1847 anno,
1571 1796 1639 1835 ex
1679 1766 1978 1861 praedictis

2035 607 2124 654 tus
2152 598 2253 653 sibi
2297 596 2551 650 revelata.
2583 592 2708 650 Hac
2751 595 2805 648 in
2844 602 3181 664 praesentiam
3229 596 3603 664 episcoporum

2036 689 2176 760 apud
2206 678 2462 742 Sanctum
2492 678 2757 752 Albanum
2793 685 3040 748 adducta,
3073 682 3298 755 publicis
3340 698 3476 738 caesa
3503 682 3604 739 ﬂa-

2037 777 2209 850 gellis,
2241 774 2600 830 ministerium
2644 773 3044 844 praedicationis
3089 772 3229 842 quod
3260 773 3605 829 irrationabi-

2036 870 2163 924 liter
2192 868 2438 939 arripuit,
2473 881 2595 922 cum
2627 866 2889 920 dedecore
2933 865 3136 929 amisit,
3173 884 3197 916 ι
3228 874 3286 917 ιιι
3312 864 3484 919 fusius
3526 864 3605 918 le-

2040 962 2185 1030 gitur
2217 976 2268 1013 In
2303 957 2416 1026 jam
2444 957 2603 1011 dictis
2626 952 2942 1021 Annalibus,
2971 971 3035 1010 ex
3074 954 3268 1025 quibus
3292 956 3457 1009 etiam
3483 956 3611 1011 sub-

2033 1050 2177 1120 jecta
2197 1049 2457 1115 eruimus.

2113 1138 2201 1193 28.
2238 1156 2258 1189 ι
2295 1110 2454 1192 Ἀιιιιο
2477 1135 2581 1192 848
2610 1156 2628 1188 ι
2657 1133 2960 1190 Ludovicus
2999 1135 3301 1191 Germanias
3331 1152 3424 1190 rex
3513 1136 3615 1189 ho-

2044 1230 2217 1284 mines
2258 1218 2511 1283 HRabani
2544 1227 2777 1297 episcopi
2827 1227 3085 1280 adversus
3133 1228 3405 1280 dominum
3453 1241 3615 1279 suum.

2045 1322 2433 1399 conspirantes,
2479 1320 2690 1399 publice
2728 1319 3002 1373 convictos
3037 1333 3159 1372 cum
3203 1333 3267 1372 eo
3309 1317 3612 1386 pacilicavit

2046 1412 2185 1482 apud
2200 1396 2612 1482 Mogontiacum.
2634 1408 2980 1465 Gotescalcus
3001 1423 3212 1480 quoque
3234 1408 3450 1477 quidam
3464 1423 3614 1476 pres-

2044 1504 2110 1575 by
2122 1511 2224 1568 ter,
2247 1523 2266 1555 ι
2288 1504 2583 1557 monachus
2623 1501 2854 1557 coenobii
2881 1500 3203 1556 Orbacensis
3231 1502 3330 1554 sub
3360 1498 3615 1568 parochia

2046 1606 2104 1653 et
2146 1597 2353 1652 ditione
2402 1588 2794 1664 archiepiscopi
2842 1592 3187 1659 Rhemensis,
3231 1593 3327 1647 sed
3369 1591 3621 1644 dioecesis

2050 1687 2477 1753 Suessionensis,
2514 1705 2533 1739 ‹
2577 1687 2642 1741 de
2680 1685 3155 1763 praedestinatione
3191 1678 3284 1739 Dei
3313 1680 3476 1753 prave
3500 1696 3622 1736 sen-

2048 1781 2210 1847 tiens,
2247 1787 2303 1834 et
2343 1787 2448 1834 tam
2475 1778 2645 1833 bonos
2671 1776 2739 1832 ad
2763 1778 2947 1839 vitam,
2978 1790 3136 1845 quam
3165 1773 3336 1828 malos
3374 1772 3441 1827 ad
3475 1786 3621 1826 mor-

326 1960 329 1963 .
373 1873 694 1940 Annalibus,
730 1891 763 1963 ι
777 1873 1003 1945 jubente
1027 1872 1363 1929 HLudowico
1394 1887 1521 1963 rege
1554 1870 1701 1963 apud
1730 1869 1950 1963 Mogon—
1976 1877 2024 1935 B
2053 1881 2161 1928 tem
2198 1880 2515 1942 perpetuam
2558 1869 2942 1925 inevitabiliter
2976 1884 3006 1922 a
3058 1868 3169 1922 Deo
3215 1864 3623 1935 praedestinatos

376 1963 576 2018 tiacum
603 1962 864 2034 synodum
887 1963 1075 2018 habuit
1104 1963 1248 2018 circa
1270 1962 1389 2018 Kal.
1419 1961 1697 2027 Octobris,
1733 1980 1752 2013 ι
1784 1958 1946 2014 nimi-

376 2070 499 2111 rum
555 2054 610 2109 in
667 2054 994 2110 monasterio
1035 2052 1218 2110 Sancti
1267 2053 1481 2108 Albani.
1518 2042 1744 2108 Occasio
1791 2045 1952 2118 hujus

377 2145 565 2217 synodi
595 2146 780 2200 eadem
820 2145 920 2199 fuit
947 2161 1066 2216 quae
1105 2144 1391 2200 Meldensis
1436 2143 1671 2210 concilii,
1702 2149 1761 2196 ut
1787 2140 1954 2194 Baro-

374 2241 500 2295 nius
525 2238 848 2295 observavit.
888 2237 1022 2293 Cum
1074 2237 1217 2292 enim
1266 2252 1296 2291 a
1326 2236 1478 2291 laicis
1522 2236 1662 2291 bona
1693 2233 1951 2290 ecclesia-

377 2347 521 2396 rum,
545 2329 665 2401 jura
703 2328 910 2400 pariter
959 2337 1015 2384 et
1048 2344 1293 2399 persona:
1338 2329 1743 2390 invaderentur,
1781 2314 1955 2392 deque

377 2422 465 2477 his
507 2420 816 2492 frequentes
858 2420 1016 2490 apud.
1042 2435 1224 2490 regem
1263 2420 1494 2489 querela:
1528 2419 1951 2490 deponerentur;

379 2515 516 2583 ipse,
548 2520 609 2566 ut
639 2511 725 2566 his
754 2509 910 2564 malis
939 2510 1264 2591 mederetur,
1318 2509 1451 2565 satis
1475 2508 1584 2579 egit
1605 2515 1663 2561 ut
1694 2502 1956 2574 ejusmodi

376 2609 712 2683 provinciale
761 2607 1047 2664 concilium
1099 2603 1461 2672 colligeretur,
1507 2616 1527 2649 ι
1563 2597 1649 2652 cui
1694 2592 1957 2663 archiepi‘

295 2770 299 2775 ,
379 2719 575 2774 scopus
596 2699 872 2765 Rabanus,
902 2699 986 2752 vir
1012 2694 1254 2750 doctrina
1278 2690 1433 2746 valde
1457 2687 1701 2759 insignis,
1725 2700 1960 2756 prmesse

380 2794 601 2848 deberet
662 2803 824 2859 quem
864 2786 1027 2842 sciret
1052 2783 1318 2854 probitate
1365 2787 1525 2848 atque
1562 2775 1792 2831 scientia
1826 2774 1959 2829 nulli

380 2881 696 2944 secundum,
743 2898 763 2932 ι
799 2876 971 2946 inquit
1012 2872 1295 2929 Baronius.
1356 2866 1499 2935 Quot
1548 2881 1678 2921 vero
1721 2863 1959 2935 episcopi

381 2972 749 3037 interfuerint,
786 2982 972 3043 quave
1003 2963 1331 3029 deﬁnierint,
1373 2962 1531 3016 docet
1557 2958 1767 3013 Rabani
1799 2953 1960 3026 syno-

383 3065 521 3121 dalis
563 3060 789 3134 epistola
811 3059 879 3115 ad
901 3057 1228 3112 Ludovicum
1268 3068 1449 3123 regem
1477 3052 1642 3105 missa
1669 3064 1791 3104 cum
1814 3045 1959 3115 capi-

384 3156 514 3212 tulis
544 3154 739 3211 ibidem
770 3149 1101 3213 constitutis,
1143 3160 1262 3216 quae
1296 3151 1509 3200 exstant
1543 3145 1595 3195 in
1643 3137 1959 3193 collectione

2051 1978 2170 2019 esse
2198 1962 2490 2025 afﬁrmans,
2528 1962 2583 2015 in
2609 1968 2874 2016 conventu
2887 1960 3261 2030 episcoporum
3293 1954 3629 2010 rationabili-

2052 2064 2135 2115 ter
2166 2054 2248 2128 (ut
2266 2054 2512 2125 plurimis
2532 2053 2707 2108 visum
2735 2050 2839 2122 est)
2862 2051 3163 2114 convictus,
3179 2057 3235 2103 et
3260 2046 3326 2101 ad
3349 2047 3625 2116 proprium

2052 2149 2362 2220 episcopum
2386 2148 2690 2219 lgumarum
2719 2144 2943 2199 Rhemis
2972 2142 3323 2197 transmissus
3348 2146 3451 2203 est,
3472 2137 3634 2207 prius

2055 2252 2235 2299 tamen
2258 2241 2567 2312 iuramento
2604 2238 2929 2294 conﬁrmans
2960 2251 3026 2290 ne
3054 2235 3109 2288 i-n
3142 2249 3363 2302 regnum
3402 2229 3633 2284 HLudo—

2054 2334 2177 2390 wici
2201 2333 2344 2388 ultra
2388 2331 2605 2387 rediret.
2641 2349 2660 2382 ι
2693 2328 2932 2382 Meminit
2964 2326 3119 2380 istius
3154 2322 3339 2395 synodi
3371 2320 3627 2374 Hincma-
3702 2382 3708 2387 ξ

2057 2442 2149 2482 rus
2195 2418 2316 2481 cum
2347 2424 2515 2478 variis
2556 2422 2612 2476 in
2657 2421 2813 2484 locis,
2841 2427 2955 2472 tum
3000 2416 3235 2471 maxime
3262 2413 3316 2467 in
3345 2412 3522 2480 capite
3563 2409 3623 2463 ll

2056 2516 2377 2589 posterioris
2451 2513 2633 2585 operis
2707 2511 2966 2564 adversus
3040 2502 3473 2564 Gothescalcum,
3536 2499 3630 2552 ubi

2059 2609 2365 2683 synodalem
2392 2605 2672 2676 epistolam
2692 2600 2899 2672 profert
2928 2615 2958 2652 a
2982 2597 3205 2652 Rabano
3231 2592 3297 2647 ad
3326 2606 3382 2646 se
3412 2589 3631 2644 missam

2059 2681 2126 2757 de
2144 2697 2524 2763 Gothescalco,
2551 2710 2669 2765 qua;
2701 2699 2875 2748 exstat
2904 2690 2959 2746 in
3000 2696 3145 2744 tome
3172 2684 3237 2740 lll
3270 2681 3630 2739 Coneiliorum

2060 2793 2264 2849 Galliae.
2298 2789 2553 2855 Rabanus
2581 2789 2799 2857 insuper
2827 2793 2938 2841 tres
2977 2784 3082 2838 hac
3109 2781 3176 2835 de
3198 2796 3259 2834 re
3282 2776 3497 2846 scripsit
3521 2772 3633 2843 cpi-

2062 2882 2227 2937 stolas
2250 2879 2315 2933 ad
2344 2879 2692 2935 Hincmarum
2720 2876 3099 2937 Rhemensem,
3121 2869 3189 2923 ad
3212 2867 3499 2937 Notingum
3529 2864 3635 2918 Ve-

2061 2984 2345 3026 ronensem
2372 2970 2675 3036 episcopos,
2705 2974 2760 3020 et
2791 2967 2857 3019 ad
2902 2962 3269 3019 Heberardum
3299 2958 3548 3013 comitem
3577 2954 3635 3008 in

2059 3060 2232 3121 Italia,
2263 3072 2398 3125 quas
2425 3056 2566 3124 typis
2594 3054 2832 3123 vulgavit
2860 3052 3094 3106 Iacobus
3143 3049 3463 3104 Sirmondus
3493 3059 3636 3100 anno

2065 3151 2221 3206 1647.
2274 3148 2417 3202 Duas
2460 3146 2767 3216 superiores
2819 3142 3050 3213 synodos
3085 3141 3136 3193 in
3167 3154 3329 3192 unam
3385 3136 3637 3192 conﬂavit

385 3245 769 3303 Conciliorum.
794 3241 856 3296 ιιι
900 3256 963 3295 ea
1010 3237 1233 3309 epistola
1279 3231 1665 3292 consideranda
1696 3237 1822 3284 sunt
1848 3227 1960 3281 haec
1989 3219 2032 3282 C
2067 3239 2396 3298 Tmhemius
2417 3238 2469 3291 in
2500 3234 2767 3291 Chronico
2796 3229 3184 3301 Ηίι-ετιιιείεηεῑ,
3210 3228 3301 3281 ubi
3326 3228 3393 3281 de
3425 3228 3526 3280 hac
3550 3241 3643 3296 sy-

388 3338 554 3392 verba
582 3354 594 3389 :
634 3354 653 3386 ‹
690 3332 1038 3389 Decrevimus
1066 3337 1123 3384 ut
1165 3328 1388 3398 singulis
1417 3323 1690 3396 parochiis
1724 3336 1820 3391 per
1841 3319 1958 3388 epi-

390 3443 581 3498 scopos
611 3434 666 3482 et
710 3422 955 3490 clericos,
985 3437 1081 3494 per
1110 3420 1332 3476 abbates
1382 3426 1435 3472 et
1466 3410 1760 3471 monachos
1788 3411 1962 3467 oratio

387 3538 487 3594 pro
540 3520 710 3583 vobis,
762 3525 817 3573 et
865 3530 965 3586 pro
998 3522 1176 3568 vestra
1228 3511 1471 3580 conjuge,
1514 3505 1779 3575 simulque
1814 3501 1964 3574 prole

390 3611 725 3669 nobilissima
756 3608 931 3673 ﬁeret,
974 3603 1125 3673 cujus
1157 3602 1419 3658 orationis
1465 3612 1675 3654 summa
1701 3604 1801 3660 est,
1830 3594 1962 3648 mis-

392 3721 574 3763 sarum
622 3703 726 3758 tria
773 3699 936 3754 millia
993 3706 1047 3752 et
1099 3696 1428 3766 quingentae,
1480 3700 1535 3746 et
1582 3689 1964 3759 psalteriorum

392 3795 537 3854 mille
572 3795 931 3865 septingenta,
991 3807 1011 3841 ι
1071 3795 1124 3843 et
1147 3786 1284 3841 infra
1318 3803 1332 3839 :
1369 3803 1388 3835 ι
1424 3784 1575 3838 Tunc
1618 3795 1753 3835 vero
1790 3776 1968 3834 cousi-

391 3892 584 3947 dentcs
608 3889 660 3944 in
689 3862 926 3943 claustro
959 3883 1131 3940 sancti
1158 3880 1346 3935 Albani
1370 3875 1645 3947 martyris,
1673 3862 1965 3929 secundum

390 3998 602 4039 morem
649 3980 799 4036 illum
851 3993 958 4049 quo
996 3975 1188 4048 priscis
1239 3970 1567 4043 temporibus
1622 3968 1722 4022 sub
1774 3963 1968 4020 Carolo

393 4076 720 4146 imperatore
770 4068 1118 4125 llildebaldus
1167 4071 1221 4120 et
1286 4058 1527 4115 Ricolfus
1582 4073 1703 4112 cum
1759 4053 1970 4109 caeteris

392 4165 663 4238 episcopis
685 4171 740 4218 et
780 4160 1066 4216 abbatibus
1086 4156 1212 4211 illuc
1233 4150 1676 4210 convenientibus
1700 4147 1969 4212 fecerunt,

392 4257 658 4335 coepimus
700 4255 755 4309 in
798 4252 894 4315 Dei
924 4250 1160 4315 nomine,
1203 4244 1476 4303 communi
1503 4256 1769 4299 consensu
1792 4247 1847 4293 et
1877 4252 1973 4293 vo—

393 4328 621 4410 luntate,
672 4351 907 4399 tractare
943 4340 1147 4410 pariter
1191 4338 1257 4393 de
1301 4343 1445 4391 statu
1499 4348 1641 4388 verae
1675 4328 1969 4399 religionis,

398 4449 562 4507 atque
606 4434 839 4489 utilitate
877 4440 933 4487 et
973 4428 1217 4499 profectu
1258 4425 1577 4481 Christianae
1611 4421 1801 4489 plebis.
1840 4416 1975 4471 Con-

398 4506 548 4583 venit
580 4526 722 4581 inter
758 4537 858 4577 nos
889 4521 954 4574 de
982 4524 1168 4573 nostro
1194 4513 1467 4570 communi
1503 4510 1727 4579 collegio
1751 4506 1966 4560 clerico-

2065 3334 2206 3390 nodo
2235 3347 2398 3403 agens
2447 3329 2612 3383 multa
2656 3332 2841 3396 peccat
2886 3343 2899 3377 :
2930 3331 3042 3377 tum
3069 3321 3192 3389 quia
3223 3334 3343 3373 eam
3374 3317 3641 3388 synodum

2060 3428 2211 3499 jussu
2262 3422 2500 3480 Lotharii
2544 3426 2784 3475 coactam
2829 3415 2994 3471 fuisse
3010 3413 3169 3477 .dicit,
3201 3404 3320 3468 cum
3366 3409 3643 3463 Ludovico

2067 3532 2193 3589 rege
2222 3520 2546 3584 procurante
2600 3509 2653 3563 id
2699 3508 2899 3561 factum
2941 3505 3043 3568 sit;
3100 3509 3214 3555 tum
3270 3501 3393 3569 quia
3452 3499 3646 3552 Patres

2069 3587 2255 3678 synodi
2279 3603 2584 3663 recensens,
2614 3603 2878 3652 memorat
2901 3590 3188 3647 Altl‘ridum
3212 3587 3642 3645 Hildesheimen-

2070 3716 2182 3756 sem
2217 3698 2549 3769 episcopum,
2586 3692 2677 3762 qui
2712 3706 2856 3745 anno
2882 3690 3142 3743 duntaxat
3177 3686 3275 3741 851
3309 3700 3428 3739 eam
3458 3683 3641 3738 sedem

2070 3787 2227 3850 iniit;
2257 3785 2402 3840 Hetti
2433 3781 2897 3851 archiepiscopum
2938 3770 3338 3838 Trevirensem,
3373 3769 3643 3851 llildebal-

2072 3878 2201 3933 dum
2246 3874 2643 3935 Coloniensem,
2678 3867 2999 3924 Ludericum
3046 3848 3403 3920 Bremensern
3432 3862 3644 3930 episco-

2069 3981 2219 4038 pum,
2248 3974 2304 4020 et
2338 3961 2703 4033 Eginhardum
2739 3957 2985 4013 abbatem
3019 3953 3527 4024 Segensteltensem,
3550 3951 3643 4020 qui

2072 4066 2230 4112 antea
2281 4070 2313 4109 e
2363 4054 2497 4108 vivis
2558 4051 2823 4114 abierant,
2888 4056 2944 4101 et
2995 4044 3334 4114 Radulphum
3397 4043 3644 4097 abbatem

2075 4148 2134 4205 S.
2166 4145 2401 4202 Medardi
2451 4139 2874 4202 Suessionensis,
2923 4146 3097 4206 postea
3148 4133 3522 4187 Bituricensem
3556 4146 3647 4183 ar-

2075 4239 2474 4309 chiepiscopum,
2508 4234 2615 4304 qui
2640 4234 2780 4287 hanc
2805 4228 3118 4299 dignitatem
3142 4224 3255 4295 jam
3278 4223 3479 4278 dudum
3500 4229 3643 4286 ante,

2076 4331 2132 4387 id
2176 4337 2259 4386 est
2306 4327 2374 4382 ab
2424 4340 2566 4379 anno
2613 4323 2736 4388 840,
2767 4321 3092 4377 obtinuerat.
3129 4314 3271 4387 Lege
3323 4312 3649 4369 Henschenii

2076 4416 2551 4478 Commentarium,
2574 4428 2721 4467 num.
2746 4411 2805 4465 5i
2820 4450 2834 4464 .

2147 4510 2237 4565 29.
2281 4527 2300 4560 ι
2329 4511 2485 4562 Anno
2513 4504 2637 4570 850,
2673 4522 2691 4555 ι
2728 4517 2794 4556 ex
2818 4498 3006 4554 iisdem
3042 4493 3337 4551 Annalibus
3368 4489 3649 4546 Fuldensi—

402 4635 524 4677 rum
556 4625 611 4672 et
636 4612 1019 4671 monachorum
1072 4606 1249 4662 facere
1292 4605 1427 4659 duas
1474 4612 1705 4663 turmas,
1736 4597 1877 4651 sicut
1922 4603 1978 4649 et
2001 4585 2054 4646 D
2080 4602 2200 4667 1mg,
2238 4618 2258 4652 ι
2291 4596 2606 4670 gravissima
2642 4593 2809 4647 fames
2851 4588 3155 4645 Germania:
3180 4583 3406 4656 populos
3429 4594 3650 4651 oppres-

402 4711 665 4773 fecimus;
718 4707 794 4761 ita
827 4711 890 4759 ut
916 4703 970 4757 in
998 4715 1103 4756 una
1149 4707 1326 4753 turma
1364 4692 1710 4749 considerent
1740 4685 1977 4758 episcOpi

404 4816 527 4860 cum
540 4797 831 4856 notariis...
859 4796 913 4850 in
934 4792 1038 4848 alia
1058 4805 1189 4846 vero
1211 4800 1386 4843 turma
1411 4785 1666 4841 sederunt
1682 4780 1907 4835 abbates
1926 4786 1981 4833 et

405 4890 623 4966 probati
647 4886 925 4952 monachi,
950 4881 1210 4953 Regulam
1239 4876 1413 4966 sancti
1438 4871 1709 4929 Benedicti
1738 4870 1981 4940 legentes

407 4963 575 5053 atque
615 4984 911 5035 tractantes
957 4965 1265 5042 diligenter},
1313 4965 1543 5038 qualiter
1590 4963 1981 5019 monachorum

408 5051 576 5132 vitam
598 5073 652 5128 in
671 5069 944 5125 meliorem
976 5071 1175 5119 statum
1200 5070 1361 5132 atque
1389 5066 1734 5130 augmentum
1757 5067 1854 5123 per
1883 5051 1980 5106 Dei

411 5170 642 5245 gratiam
688 5162 984 5236 perducere
1026 5164 1284 5229 possent:
1316 5161 1373 5209 et
1414 5152 1720 5221 ubicunque
1762 5161 1860 5218 per
1891 5159 1985 5201 ne-

412 5238 723 5337 gligentiam
751 5263 913 5324 atque
939 5249 1201 5306 desidiam
1242 5254 1514 5303 rectorum
1561 5241 1822 5314 regularis
1851 5238 1984 5295 ordo
2046 5305 2057 5316 .

412 5328 653 5423 dilapsus
691 5346 907 5410 fuisset,
946 5354 1160 5395 rursum
1199 5335 1493 5393 secundum
1523 5346 1770 5387 normam
1810 5328 1985 5386 sancti

720 5436 1115 5495 restitueretur.
1152 5448 1176 5483 ι
1205 5428 1266 5484 In
1291 5426 1380 5481 illa
1411 5425 1577 5481 etiam
1613 5422 1819 5494 synodo
1856 5435 1990 5475 ven-

414 5535 569 5596 tilata
607 5538 693 5588 est
727 5542 891 5587 causa
936 5522 1217 5597 cujusdam
1272 5536 1291 5570 ι
1328 5513 1885 5588 pseudoprophetissa:
1924 5510 1990 5566 de

414 5622 750 5684 Alamanniae
786 5618 1053 5690 partibus,
1088 5612 1305 5670 nomine
1350 5608 1573 5669 Thiotae,
1605 5620 1725 5676 quae
1747 5602 1992 5659 Salomo-

358 5754 365 5759 ι
418 5719 505 5777 nis
532 5712 767 5785 episcopi
799 5704 1268 5782 (Constantiensis)
1311 5698 1622 5772 parochiam
1664 5695 1777 5751 suis
1802 5693 1992 5749 vatici-

423 5811 533 5870 niis
550 5823 655 5864 non
681 5802 905 5861 minime
931 5798 1267 5862 turbaverat,
1304 5789 1599 5849 asserenda
1619 5795 1826 5845 certum
1854 5800 1990 5842 con--

2079 4692 2173 4759 sit,
2199 4689 2433 4744 maxime
2460 4686 2605 4741 circa
2648 4682 2894 4737 Rhenum
2944 4678 3250 4735 habitantes
3289 4693 3303 4730 :
3349 4688 3473 4729 nam
3508 4683 3653 4725 unus

2081 4781 2294 4838 modius
2321 4777 2388 4833 de
2422 4776 2694 4830 frumento
2738 4770 3056 4845 Mogontiaci
3099 4765 3432 4827 vendebatur
3466 4763 3654 4818 decem

2080 4872 2229 4931 siclis
2256 4868 2485 4940 argenti.
2526 4862 2836 4919 Morabatur
2863 4869 3041 4915 autem
3072 4874 3136 4913 eo
3161 4865 3400 4926 tempore
3426 4852 3655 4908 “Raba-

2081 4979 2184 5020 nus
2223 4958 2660 5028 archiepiscopus
2689 4955 2741 5008 in
2782 4952 3013 5023 quadam
3054 4946 3178 5002 villa
3224 4946 3493 5017 parochias
3520 4958 3652 5008 sum,

2087 5054 2173 5111 cui
2200 5048 2520 5107 vocabulum
2557 5053 2640 5102 est
2674 5041 2968 5105 Winzella;
3006 5049 3059 5094 et
3092 5052 3356 5109 pauperes
3385 5036 3452 5090 de
3480 5034 3656 5089 diver-

2088 5145 2165 5201 sis
2206 5142 2338 5198 locis
2371 5138 2650 5194 venientes
2680 5131 2996 5201 suscipiens,
3052 5127 3291 5198 quotidie
3325 5125 3445 5196 plus
3491 5137 3656 5193 quam

2089 5242 2362 5292 trecentos
2390 5229 2647 5283 alimento
2690 5220 3042 5284 sustentabat,
3088 5217 3327 5288 exceptis
3366 5215 3453 5270 his
3481 5212 3571 5284 qui
3600 5213 3657 5266 in

2089 5325 2376 5400 praesentia
2406 5321 2548 5376 illius
2573 5316 2931 5372 vescebantur
2953 5311 3186 5366 assidue.
3214 5329 3231 5361 ι
3261 5307 3382 5363 1am
3409 5303 3662 5375 superius

2090 5398 2156 5477 ex
2188 5413 2487 5473 Tritbemio
2512 5415 2757 5464 notatum
2782 5414 2865 5461 est
2897 5412 3112 5473 quantm
3136 5399 3415 5456 charitatis
3452 5398 3505 5451 in
3526 5411 3659 5467 pau—

2089 5522 2248 5579 peres
2294 5502 2459 5558 fuerit
2500 5498 2687 5554 abbas.
2750 5494 2827 5550 De
2876 5491 3138 5547 Winzella
3184 5501 3363 5545 sermo
3415 5492 3663 5543 recurret

2092 5575 2241 5655 num.
2277 5596 2366 5651 58.
2401 5592 2601 5647 Eodem
2634 5602 2775 5642 anno
2810 5583 2935 5649 850,
2963 5591 3019 5638 et
3044 5582 3257 5652 quidem
3285 5597 3304 5630 ι
3331 5594 3366 5632 v
3395 5578 3517 5633 Kal.
3554 5575 3660 5631 Νο-

2092 5686 2347 5749 vembris,
2399 5680 2631 5738 ecclesia
2677 5675 2861 5732 Sancti
2915 5671 3176 5741 Wigberti
3235 5690 3254 5724 ι
3303 5669 3358 5724 in
3412 5668 3664 5725 ctenobio
3735 5710 3741 5715 .

2093 5772 2479 5834 Fritislariensi
2510 5790 2529 5821 ι
2552 5768 2797 5825 dedicata
2815 5771 2901 5820 est
2919 5779 2951 5817 a
2971 5762 3194 5818 Rabano
3217 5758 3662 5833 Mogontiaccnsis
