4012 6202
1910 233 2011 251 Μ

393 353 473 412 25

1801 352 2328 411 PROLEGOMENA.

3598 364 3671 421 26

397 465 677 523 ecclesiae
708 428 1134 534 archiepiscopo,
1174 482 1192 515 ι
1226 478 1291 517 ex
1319 463 1585 519 Chronico
1630 456 2000 520 Hildeneshei—
2027 464 2078 525 A
2102 465 2293 531 fectus,
2327 465 2535 521 tametsi
2563 475 2781 524 vacaret
2811 468 3148 539 regularibus
3189 476 3462 531 exercitiis
3489 488 3545 533 et
3581 485 3671 535 in-

402 572 628 612 mensn.

485 647 592 701 '50.
625 665 646 697 ι
681 645 835 700 Anno
863 642 968 700 852
996 630 1181 699 habita
1227 652 1309 699 est
1359 643 1594 715 synodus
1639 660 1704 700 ex
1731 644 2002 698 voluntate

402 746 597 805 atque
641 744 911 806 praecepto
941 720 1260 788 HLudowici
1288 733 1618 788 serenissimi
1657 732 1913 803 principis
1945 732 2001 785 in

402 828 657 880 civitate
701 824 966 896 Mogontia
1008 824 1284 893 metropoli
1320 823 1640 887 Germania},
1682 822 2001 892 praesidente

405 915 711 971 llRahano
753 913 1042 969 venerabili
1077 912 1314 982 ejusdem
1370 913 1520 967 urbis
1575 912 1998 980 archiepiscOpo,

405 1020 553 1058 eum
610 1005 859 1058 omnibus
883 1004 1146 1072 episcopis
1192 1012 1351 1071 atque
1394 1003 1677 1057 abbatibus
1726 1002 2001 1056 orientalis

404 1095 699 1158 Franciae,
750 1093 1006 1163 Bajoarire
1033 1101 1087 1147 et
1140 1094 1410 1148 Samnite.
1465 1095 1530 1147 Et
1568 1092 1642 1148 illi
1680 1095 1893 1162 quidem
1936 1095 2000 1148 de

406 1187 776 1241 absolvendis
834 1186 1218 1253 qurestionibus
1277 1186 1639 1241 ecclesiastico
1711 1194 2000 1239 tractatum

406 1277 720 1332 habebant.
774 1276 888 1330 Rex
924 1291 1052 1330 vero
1086 1292 1208 1331 cum
1255 1276 1589 1346 principibus
1631 1285 1686 1330 ct
1734 1276 2000 1345 praefectis

404 1368 825 1437 provinciarum
854 1365 1078 1435 publicis
1108 1367 1284 1419 causis
1305 1366 1594 1433 li‘tibusque
1619 1364 1998 1434 componendis

408 1459 708 1521 insistens,
733 1466 1013 1526 postquam
1042 1456 1315 1526 synodalia
1342 1471 1528 1511 eorum
1554 1455 1770 1511 decreta
1801 1468 1897 1509 suo
1920 1454 2003 1523 ju-

410 1548 574 1601 dicio
617 1546 1008 1615 comprobavit,
1063 1545 1367 1615 Bajoariam
1410 1558 1658 1600 reversus
1704 1553 1805 1599 est.
1856 1564 1875 1596 ι
1922 1543 1998 1597 De

411 1635 698 1704 episcopis
736 1626 826 1702 qui
878 1633 1004 1689 huic
1041 1633 1266 1689 concilio
1300 1633 1659 1689 interfuerunt
1703 1634 1813 1703 agit
1848 1631 1997 1687 Heus

2102 555 2366 609 struendae
2394 554 2689 625 juventuti;
2742 573 2849 613 non
2887 568 3069 616 tamen
3098 563 3389 620 desistebat
3434 585 3467 622 a
3492 571 3662 624 conli-

2100 643 2218 697 cien
2226 644 2305 698 dis
2317 648 2716 711 commentariis
2729 662 2796 702 ex
2813 651 3093 706 sententiis
3106 652 3345 719 Patrum,
3362 664 3421 708 ut
3437 664 3673 716 testatur

2100 731 2216 800 ejus
2240 734 2463 801 epistola
2491 733 2556 790 ad
2582 736 2898 792 Haistulfum
2932 740 3415 812 Mogontiaeensem
3448 749 3661 816 cpisco~

2097 834 2222 890 pum
2254 839 2350 892 pro
2375 826 2707 895 expositione
2739 828 2793 881 in
2842 828 3148 884 Matthaeum
3193 850 3205 885 :
3243 850 3266 884 ε
3292 833 3494 889 Horum
3536 852 3671 907 ergo

2099 910 2314 967 lectioni
2345 914 2605 979 intentus,
2646 925 2906 985 quantum
2936 922 3067 975 mihi
3085 936 3197 992 prae
3222 923 3518 982 innumeris
3542 944 3663 983 mo-

2096 1006 2318 1059 nasticae
2365 1007 2638 1067 servitutis
2667 1009 2979 1066 retinaculis
3024 1012 3193 1077 licuit,
3248 1025 3304 1071 et
3349 1031 3448 1086 pro
3486 1020 3661 1073 nutri-

2098 1102 2280 1148 mento
2320 1094 2686 1163 parvulorum,
2714 1101 2853 1168 quod
2897 1117 3004 1156 non
3048 1118 3270 1172 parvam
3292 1107 3452 1161 nobis
3470 1108 3666 1179 ingerit

2098 1187 2421 1253 molestiam,
2468 1196 2522 1243 et
2564 1189 2813 1246 lectionis
2849 1191 2980 1248 facit
3018 1195 3302 1264 injuriam;
3364 1197 3479 1266 ipse
3530 1197 3664 1254 mihi

2096 1275 2326 1332 dictator
2353 1279 2512 1332 simul
2556 1288 2611 1334 et
2655 1283 2895 1338 notarius
2923 1286 3182 1351 existens,
3222 1288 3277 1342 in
3316 1290 3571 1344 schedula
3600 1306 3665 1345 ea

2096 1367 2354 1422 mandare
2397 1369 2582 1423 curavi
2612 1385 2729 1438 quae
2757 1372 2826 1426 ab
2855 1375 2933 1428 eis
2973 1378 3218 1445 exposita
3257 1386 3400 1444 sunt,
3423 1379 3508 1433 vel
3534 1380 3663 1449 ipsis

2094 1466 2281 1510 eorum
2321 1457 2557 1528 syllabis,
2591 1461 2673 1513 vel
2716 1454 2862 1517 Certe
2883 1464 3020 1518 meis
3045 1466 3321 1522 breviandi
3361 1484 3521 1524 causa
3548 1485 3665 1526 scr-

2098 1547 2366 1603 monibus.
2399 1569 2416 1600 ι
2444 1549 2646 1606 Beda'm
2676 1553 3049 1611 Venerabilem
3090 1559 3348 1626 imitatus,
3379 1561 3531 1629 cujus
3550 1563 3665 1620 fere

2090 1636 2282 1690 eadem
2325 1637 2488 1693 verba
2522 1634 2647 1695 sunt
2673 1642 2727 1696 in
2765 1644 2882 1713 ejus
2909 1644 3096 1715 Elogio
3134 1648 3299 1703 relata
3337 1652 3534 1707 aesculo
3572 1667 3664 1707 su-

411 1725 684 1777 sebenius
730 1723 784 1777 in
818 1721 1206 1778 Commentarii
1251 1737 1401 1775 num.
1455 1721 1547 1786 51,
1600 1720 1693 1776 ubi
1743 1721 1987 1790 quaedam
2027 1794 2069 1807 ﬁ
2096 1730 2296 1799 periori
2322 1731 2372 1785 δ.
2412 1731 2591 1789 Abbas
2613 1734 2787 1792 factus
2806 1738 2948 1792 idem
2978 1739 3209 1795 studium
3237 1743 3421 1807 coluit,
3448 1746 3661 1803 tametsi

413 1814 715 1869 Trithemii
739 1821 917 1867 errata
954 1813 1176 1882 corrigit
1200 1830 1213 1865 :
1238 1811 1475 1883 assignat
1492 1812 1658 1866 etiam
1698 1826 1850 1867 suam
1878 1812 1992 1867 cui-
2027 1794 2072 1852 Β
2106 1839 2124 1869 ι
2155 1820 2208 1873 in
2238 1822 2464 1877 desertis
2499 1824 2632 1879 locis
2673 1838 3016 1894 conversaris,
3043 1831 3275 1885 maxima
3305 1835 3661 1902 occupatione

413 1919 535 1972 que
556 1904 733 1958 sedem
781 1902 1064 1971 episcopis,
1116 1901 1208 1971 qui
1272 1903 1448 1971 primo
1507 1901 1712 1956 Rabani
1769 1902 1995 1957 concilio

414 2001 723 2064 przesentes
761 1991 1000 2055 fuerunt,
1033 2007 1181 2045 num.
1237 1990 1323 2046 49.
1354 1991 1509 2045 Anno
1537 1992 1642 2046 855
1686 1991 1869 2045 habita
1914 1996 1997 2046 es‘t

418 2086 666 2154 synodus
695 2103 714 2134 ι
746 2085 800 2138 in
824 2084 1026 2152 palatio
1051 2083 1199 2152 regio
1225 2080 1647 2145 Franconol'ord,
1686 2100 1704 2133 ›
1730 2088 1994 2150 praesente

417 2172 700 2227 Ludovico
742 2170 1043 2227 Germaniae
1090 2186 1235 2238 rege,
1291 2171 1344 2224 in
1397 2185 1502 2240 qua
1552 2170 1679 2239 quid
1726 2170 1993 2226 Gozberto

416 2264 853 2334 Osnabruggensi
888 2265 1138 2333 episeopo
1185 2264 1237 2317 in
1263 2260 1661 2316 Herifordensis
1702 2262 1994 2332 partheno-

416 2357 511 2408 nis
538 2355 795 2409 θίίοιθρίςιε
813 2363 1116 2425 competere
1136 2355 1375 2417 de‘::eret,
1399 2348 1676 2407 deﬁnitum
1698 2361 1782 2406 est
1807 2367 1991 2407 coram

418 2441 696 2494 Ludovico
733 2454 857 2508 rege
903 2459 922 2490 ι
972 2451 1026 2495 et
1056 2440 1462 2509 archiepiscopo
1492 2438 1785 2505 HRabano,
1830 2448 1993 2493 crete-

418 2534 606 2601 risque
654 2542 775 2587 enm
824 2548 889 2586 eo
915 2533 967 2585 in
997 2532 1198 2603 synodo
1226 2532 1527 2600 agentibus.
1568 2552 1586 2584 ι
1622 2531 1751 2601 Ejus
1798 2526 1877 2586 rei
1911 2531 1993 2587 di-

417 2623 601 2693 ploma
654 2622 795 2675 idem
851 2636 944 2674 rex
1021 2622 1307 2686 concessit,
1371 2622 1616 2691 superius
1668 2623 1871 2676 editum
1934 2624 1989 2678 in

419 2711 466 2766 ὓ
507 2712 898 2766 servationibus
925 2712 1136 2780 praeviis
1174 2712 1241 2765 ad
1285 2712 1569 2765 historiam
1618 2710 1991 2767 translationis

419 2801 484 2856 S.
518 2803 621 2856 Viti
655 2816 703 2857 ιι.
996 2796 1007 2806 ’

490 2890 580 2943 3|.
612 2888 701 2943 Sic
725 2897 1019 2959 occupatus
1039 2888 1092 2942 in
1127 2887 1366 2942 muneris
1396 2887 1479 2941 sui
1505 2884 1692 2941 olliciis
1714 2887 1988 2957 piissimus

418 2983 671 3044 antistes,
694 2982 779 3035 vix
806 2982 1181 3051 interspirandi
1214 2990 1426 3050 tempus
1445 2980 1700 3035 habebat.
1726 2981 1895 3048 Quam
1916 2983 1986 3039 ob

420 3088 533 3126 rem
570 3089 601 3126 a
652 3071 898 3127 Frecull‘o
932 3073 1246 3127 Lexoviensi
1285 3073 1536 3141 episcopo
1584 3074 1866 3142 instigatus
1915 3076 1982 3129 ad

420 3165 732 3219 scribendos
756 3166 1170 3220 commentarios
1199 3166 1251 3219 in
1279 3164 1553 3229 Genesim,
1594 3165 1667 3219 ita
1694 3166 1944 3220 rescribit
1968 3185 1979 3219 :

421 3274 440 3305 ο
473 3255 755 3324 lnjunxisti
804 3266 864 3309 ut
892 3255 1383 3310 Pentateuchum...
1419 3256 1735 3325 digererem.
1783 3255 1981 3311 Verum

416 3347 531 3400 [nec
558 3348 817 3415 quantum
843 3361 1015 3400 meam
1043 3347 1454 3416 possibilitatem
1480 3347 1762 3412 excedant,
1788 3355 1845 3402 tu
1872 3362 1984 3402 me-

414 3439 521 3492 lius
570 3439 732 3504 nosti,
778 3454 899 3493 cum
972 3440 1027 3493 in
1078 3437 1385 3494 dillicillimo
1458 3440 1575 3495 loco
1633 3455 1982 3507 conversans,

412 3540 637 3600 propter
687 3546 869 3584 curam
910 3532 1086 3601 gregis
1139 3531 1422 3596 Dominici,
1470 3547 1537 3586 nc
1576 3533 1624 3586 ei
1674 3534 1981 3588 necessaria

414 3622 611 3682 desint,
647 3631 851 3675 tantum
883 3631 1172 3690 occupatus
1201 3622 1322 3685 sim,
1350 3630 1407 3675 ut
1443 3638 1543 3677 nec
1590 3623 1815 3678 aliorum
1841 3625 1981 3679 dicta

409 3712 711 3783 perlegere,
740 3727 841 3765 nec
863 3711 1078 3780 propria
1107 3713 1413 3777 excogitare
1439 3712 1618 3766 liccat.
1654 3731 1673 3764 ›

1015 3821 1241 3877 CAPUT
1280 3821 1385 3876 VII.

559 3890 833 3949 Scribendi
862 3894 1110 3955 studium,
1156 3894 1437 3946 reverentia
1476 3909 1600 3963 erga
1630 3890 1838 3947 Patres.

485 3986 576 4039 '52.
607 3986 811 4041 Tantus
838 3994 955 4039 erat
983 3984 1098 4053 ejus
1148 4000 1300 4038 amor
1334 3985 1385 4037 in
1418 3983 1647 4050 litteras,
1674 3994 1735 4038 ut
1761 4000 1880 4039 eum
1914 3986 1982 4040 ab

410 4076 687 4130 scribendi
718 4074 894 4130 studio
922 4090 1027 4129 non
1056 4075 1279 4129 docendi
1316 4075 1467 4129 labor
1491 4084 1546 4130 et
1573 4076 1696 4129 vitm
1722 4066 1984 4146 regularis

409 4164 610 4227 cilicia,
640 4179 746 4218 non
781 4165 946 4219 variae
972 4164 1374 4232 occupationes,
1403 4178 1509 4218 non
1545 4164 1774 4233 denique
1810 4165 1980 4220 morbi

412 4262 753 4307 revocarent.
794 4252 991 4307 Facilis
1021 4256 1217 4323 quippe
1245 4253 1539 4307 amicorum
1580 4268 1769 4322 parere
1794 4255 1982 4309 volun—

412 4343 535 4407 tati,
568 4342 619 4395 id
649 4357 812 4394 unum
842 4342 1085 4406 curabat,
1127 4350 1187 4395 ut
1212 4334 1415 4396 Christi
1447 4341 1700 4397 Ecclesiae
1729 4342 1981 4399 aliorum-

410 4446 519 4499 que
548 4431 703 4485 saluti
730 4434 985 4502 prodesse
1008 4440 1206 4502 posset.
1237 4432 1348 4488 Hoc
1375 4433 1568 4502 probat
1600 4434 1715 4505 ejus
1738 4432 1976 4504 praefatio

407 4522 468 4574 in
512 4520 706 4574 librum
744 4520 1020 4586 iudicum,
1062 4520 1356 4576 Humberto
1378 4520 1829 4593 Wirtziburgensi
1865 4523 1977 4593 epi-

406 4626 579 4680 scopo
602 4612 878 4681 inscripta,
911 4612 1064 4680 cujus
1092 4615 1207 4667 haec
1243 4614 1407 4668 verba
1435 4631 1448 4667 :
1480 4631 1498 4664 ι
1530 4612 1697 4683 Igitur
1726 4615 1850 4683 quia
1876 4630 1974 4684 pa-

407 4704 643 4757 ternitas
680 4711 767 4757 tua
807 4720 837 4758 a
882 4716 1068 4759 nostra
1115 4706 1407 4777 exiguitate
1447 4707 1513 4761 ad
1539 4708 1643 4762 hoc
1677 4707 1978 4778 aliquantu-

408 4792 524 4846 lum
566 4793 782 4863 dignata
809 4806 894 4849 est
921 4809 1162 4864 qumrere
1190 4788 1469 4862 solatium;
1496 4800 1718 4869 propter
1737 4794 1974 4855 amorem

408 4883 508 4936 Dei
546 4890 601 4935 et
639 4892 873 4938 vestram
918 4885 1081 4939 etiam
1135 4886 1389 4942 humilem
1436 4889 1489 4941 in
1519 4902 1584 4943 eo
1613 4888 1972 4956 dilectionem,

407 4972 672 5027 humilem
708 4974 763 5027 in
791 4975 892 5028 hoc
920 4989 1083 5043 opere
1106 4973 1360 5044 profiteor
1387 4991 1473 5030 me
1504 4977 1659 5031 vobis
1692 4993 1816 5033 esse
1838 4979 1974 5034 velle

405 5062 750 5129 servitorem,
799 5072 855 5120 et
879 5065 1007 5119 boni
1055 5066 1239 5131 studii,
1289 5075 1548 5136 quantum
1586 5067 1766 5121 divina
1800 5069 1964 5138 gratis

405 5157 684 5221 annuerit,
712 5158 1032 5213 benevolum
1061 5157 1378 5227 adjutorem.
1416 5178 1435 5212 ι
1469 5160 1534 5214 Ει
1572 5160 1624 5214 in
1651 5160 1877 5229 epistola
1905 5163 1972 5216 ad

407 5243 739 5300 Ludovicum
769 5256 949 5317 regem
978 5248 1133 5304 initio
1169 5246 1689 5304 Commentariorum
1724 5249 1779 5303 in
1808 5250 1972 5304 libros

406 5332 840 5390 Macbabaeorum
873 5354 889 5391 :
926 5355 945 5387 ι
987 5336 1252 5406 Quandiu,
1294 5339 1485 5408 inquit,
1542 5339 1595 5393 in
1626 5340 1726 5395 hoc
1753 5355 1972 5410 corpus-

404 5421 533 5476 culo
574 5423 803 5490 vixero,
839 5426 896 5479 in
932 5425 1133 5481 Christi
1204 5426 1455 5493 servitio,
1507 5436 1668 5498 prout
1721 5429 1975 5498 possibile

404 5510 593 5576 fuerit,
616 5512 862 5570 laborare
885 5517 1169 5572 contendo.
1202 5537 1221 5569 ι
1248 5516 1499 5572 Fuldensi
1527 5518 1819 5575 academiae
1837 5533 1974 5588 prte-

480 5623 674 5704 I‘Vide
719 5627 1034 5704 Patrologite
1061 5638 1191 5687 tom.
1234 5630 1367 5700 CIV,
1414 5632 1556 5687 inter
1600 5632 1852 5690 Ludovici
1887 5628 1967 5688 Pii

400 5692 732 5767 Diplomata.

2001 4484 2054 4544 D

2097 1907 2448 1978 detineretur,
2479 1928 2585 1982 qua
2613 1917 2816 1971 servire
2836 1932 2900 1972 ac
2937 1922 3239 1975 necessaria
3261 1923 3546 1991 providere
3576 1925 3660 1979 fa-

2096 2001 2254 2056 mulis
2273 1998 2472 2058 Chrisli
2494 2005 2593 2059 sub
2616 2006 2818 2077 Regula
2841 2010 3011 2064 sancti
3040 2010 3315 2068 Benedicti
3342 2013 3673 2085 degentibus-

2096 2091 2332 2161 quotidie
2361 2095 2787 2164 compelleretur,
2832 2115 2933 2155 nec
2974 2102 3144 2156 otium
3187 2103 3412 2160 haberet
3439 2106 3667 2161 Patrum

2095 2182 2235 2236 dicta
2262 2178 2489 2252 pleniter
2512 2192 2860 2256 perscrutari,
2897 2210 2916 2244 ι
2948 2194 3020 2246 uti
3050 2194 3237 2249 scribit
3263 2197 3316 2250 in
3340 2199 3565 2267 epistola
3591 2200 3659 2255 ad

2092 2269 2403 2329 Frecull'um
2453 2276 2836 2335 Lexoviensem
2878 2280 2932 2336 in
2981 2282 3151 2338 Gallia
3191 2286 3520 2357 episcopum,
3572 2290 3660 2343 cui

2094 2363 2259 2417 mittit
2283 2366 2670 2433 expositionem
2700 2380 2849 2424 Suam
2878 2372 2933 2425 in
2960 2373 3257 2430 Leviticum
3289 2394 3302 2429 :
3327 2378 3468 2445 quod
3493 2378 3657 2433 etiam

2093 2452 2306 2508 dixerat
2342 2455 2394 2509 in
2433 2457 2656 2526 epistola
2682 2459 2747 2512 ad
2784 2462 3048 2527 eumdem,
3084 2479 3202 2517 cum
3227 2467 3657 2534 explanationem

2092 2542 2149 2597 in
2182 2543 2429 2600 Genesim
2462 2547 2562 2614 ipsi
2592 2548 2804 2604 direxit.
2853 2550 2989 2617 Quid
3041 2552 3315 2621 scripserit
3352 2557 3653 2625 episcopus.

2089 2641 2280 2702 postea
2313 2635 2629 2691 videbimus.
2655 2638 2725 2691 At
2752 2638 2917 2709 (quod
2942 2641 3110 2709 magis
3146 2643 3365 2713 mirere)
3405 2659 3509 2697 non
3536 2661 3665 2699 eum

2084 2724 2157 2778 ab
2183 2725 2285 2779 hoc
2307 2736 2470 2793 opere
2493 2727 2667 2781 morbi
2702 2730 3129 2795 remorabantur,
3154 2733 3413 2799 probante
3434 2735 3657 2803 epistola

2089 2813 2157 2868 ad
2198 2811 2513 2868 Lotharium
2532 2814 2829 2884 Augustum
2860 2816 2912 2870 in
2943 2816 3372 2875 Commentarios
3402 2822 3658 2879 Ezechie-

2088 2902 2193 2957 lis:
2245 2923 2263 2955 ι
2304 2903 2454 2970 Quod
2484 2918 2631 2969 vero,
2664 2906 2858 2975 inquit,
2905 2908 3064 2962 tertio
3094 2906 3210 2962 loco
3234 2910 3543 2978 postulastis
3588 2913 3662 2967 de

2085 2994 2386 3061 Ezechiele,
2432 2996 2485 3049 in
2535 2998 2784 3065 praesenti
2830 2997 3107 3067 opusculo,
3157 3006 3317 3069 prout
3369 3002 3657 3060 inﬁrmitas

2087 3085 2327 3155 corporis
2369 3094 2424 3140 et
2472 3086 2706 3154 parvitas
2758 3080 2957 3159 ingenii
3010 3089 3162 3156 sinit,
3211 3090 3513 3146 confectum
3560 3093 3657 3147 ha-

2086 3176 2247 3229 betis.
2280 3191 2299 3227 δ
2330 3175 2397 3230 Ει
2419 3176 2474 3229 in
2501 3176 2818 3245 przefatione
2856 3177 3021 3233 libelli
3061 3179 3128 3234 de
3168 3180 3335 3235 sacris
3362 3180 3658 3238 Ordinibus

2089 3266 2154 3320 ad
2177 3266 2561 3320 Theotmarum
2589 3267 2664 3320 ita
2688 3264 2967 3335 loquitur:
2996 3284 3015 3320 ι
3051 3267 3188 3335 Quia
3213 3270 3320 3324 mei
3344 3280 3657 3341 cooperato-

2090 3370 2203 3409 rem
2230 3356 2285 3409 in
2324 3370 2479 3410 sacro
2526 3357 2827 3411 ministerio
2873 3357 3029 3427 elegi,
3068 3358 3256 3414 hortor
3285 3368 3344 3413 ut
3385 3362 3526 3430 quod
3555 3376 3656 3432 pro

2084 3443 2400 3500 inﬁrmitate
2450 3446 2692 3515 corporis
2740 3461 2921 3500 coram
2992 3448 3179 3503 multis
3226 3451 3496 3519 exponere
3544 3467 3652 3507 non

2084 3549 2321 3603 possunt,
2347 3542 2426 3599 tu,
2465 3536 2555 3603 qui
2578 3533 2760 3602 junior
2794 3544 2951 3590 aetate
2971 3545 3025 3590 et
3048 3537 3275 3592 validior
3302 3555 3359 3594 es
3400 3556 3646 3609 corpore,

2084 3622 2192 3677 illis
2210 3624 2300 3691 qui
2318 3624 2384 3676 ad
2402 3623 2759 3677 sacerdotium
2782 3625 3014 3679 ordinati
3036 3633 3179 3691 sunt,
3209 3635 3264 3681 et
3290 3629 3653 3685 ministerium

2085 3712 2414 3767 sacerdotale
2455 3728 2614 3783 agere
2644 3713 2856 3779 debent,
2899 3722 3083 3768 notum
3110 3714 3304 3780 facias,
3348 3725 3401 3771 et
3425 3718 3505 3773 eis
3528 3734 3651 3788 per-

2082 3804 2332 3868 suadeas,
2362 3804 2469 3857 imo
2489 3804 2700 3873 jubeas,
2747 3811 2807 3857 ut
2842 3804 3124 3874 diligenter
3152 3805 3381 3871 discant,
3417 3810 3558 3877 quod
3587 3810 3646 3863 in

2081 3895 2187 3949 hoc
2225 3894 2480 3965 opusculo
2514 3895 2872 3964 conscriptum
2924 3903 3026 3950 est.
3068 3915 3086 3948 ι
3130 3897 3370 3967 Denique
3406 3900 3460 3953 in
3511 3916 3649 3968 prae-

2088 3983 2291 4039 fatione
2373 4000 2534 4054 super
2587 3984 2879 4041 Jeremiam
2939 4004 2952 4040 :
3015 4005 3034 4039 ‹
3094 3987 3259 4043 Gravi
3331 3991 3651 4061 :egritudine

2079 4086 2318 4141 pressus,
2369 4070 2481 4140 jam
2514 4075 2705 4144 saepius
2749 4076 2803 4130 in
2843 4075 3041 4131 lectulo
3086 4080 3344 4134 accumbo
3387 4096 3547 4148 quam
3578 4082 3647 4136 ad

2082 4163 2423 4218 scribendum
2448 4164 2532 4219 vel
2562 4166 2627 4218 ad
2652 4165 2931 4235 legendum
2962 4166 3018 4219 in
3042 4168 3380 4224 meditatorio
3415 4171 3592 4226 sedeo.
3618 4192 3641 4224 ι

2150 4252 2238 4307 53.
2269 4252 2478 4319 Quanta
2507 4253 2673 4308 fuerit
2716 4253 2832 4322 ejus
2864 4254 3206 4310 observantia
3258 4271 3384 4327 erga
3430 4269 3653 4315 sanctos

2078 4342 2267 4399 Patres
2295 4343 2489 4397 docent
2524 4358 2688 4413 opera
2712 4342 2828 4411 ejus
2852 4345 3052 4411 omnia,
3087 4361 3206 4416 qua:
3229 4348 3342 4418 ipse
3368 4365 3437 4405 ex
3461 4366 3644 4411 eorum

2080 4434 2358 4489 sententiis
2386 4433 2678 4498 contexuit,
2714 4435 2972 4506 appositis
3009 4437 3077 4492 ad
3104 4440 3400 4510 marginem
3423 4446 3657 4502 nominim

2078 4526 2217 4580 bus:
2251 4544 2269 4577 ‹
2312 4541 2381 4580 ne
2406 4525 2668 4594 majorum
2707 4527 2848 4581 dicta
2875 4526 3066 4593 furari,
3108 4538 3161 4584 et
3188 4531 3303 4586 bzec
3340 4535 3494 4601 quasi
3524 4551 3643 4591 mea

2075 4616 2290 4686 propria
2347 4629 2669 4686 componere
2723 4616 2892 4682 dicar,
2937 4636 2955 4669 ι
3010 4618 3086 4676 ait
3132 4618 3186 4672 in
3222 4620 3533 4689 praefatione
3576 4625 3643 4679 ad

2076 4706 2312 4761 Matthtei
2359 4706 2726 4777 Evangelium.
2784 4705 2842 4760 ld
2883 4694 3073 4761 autem
3114 4707 3189 4762 ita
3237 4713 3546 4778 praestabat,
3587 4724 3645 4769 ut

2076 4798 2274 4853 ibidem
2293 4796 2407 4866 ipse
2424 4797 2572 4861 dicit,
2598 4796 2652 4850 in
2680 4796 3017 4851 commodum
3040 4795 3266 4852 aliorum
3292 4816 3307 4852 :
3337 4816 3357 4850 ‹
3389 4809 3449 4855 ut
3474 4802 3645 4857 lector

2075 4888 2435 4958 pauperculus
2461 4887 2552 4957 qui
2576 4886 2836 4941 librorum
2859 4887 3065 4955 copiam
3087 4902 3192 4942 non
3223 4888 3401 4955 habet,
3432 4900 3525 4945 aut
3552 4892 3639 4946 cui

2078 4981 2133 5034 in
2159 4979 2404 5049 pluribus
2431 4979 2660 5037 scrutari
2694 4976 2986 5048 prolbndos
3029 4994 3221 5036 sensus
3270 4979 3489 5035 Patrum
3533 4998 3641 5037 non

2077 5069 2221 5134 licet,
2273 5068 2464 5124 saltem
2503 5069 2558 5122 in
2600 5069 2706 5123 isto
2744 5067 3119 5124 suilicientiam
3171 5086 3282 5126 suae
3332 5072 3645 5141 indigentia:

2076 5158 2334 5213 inveniat.
2367 5177 2387 5210 ι
2418 5157 2568 5224 Quod
2597 5158 2799 5225 optimo
2826 5158 3052 5214 consilio
3073 5158 3273 5215 factum
3299 5162 3458 5214 abeo
3480 5174 3644 5215 nemo

2076 5249 2370 5319 negaverit,
2397 5249 2487 5317 qui
2510 5247 2770 5303 librorum
2793 5249 3093 5312 raritatem,
3116 5249 3291 5318 qualis
3312 5262 3377 5302 eo
3400 5258 3641 5318 tempore

2078 5348 2214 5405 erat,
2242 5338 2622 5395 considerabit.
2647 5336 2782 5393 Nam
2809 5347 2961 5395 extra
2992 5339 3314 5394 monasteria
3340 5339 3498 5395 nullae
3524 5341 3640 5397 fere

2077 5430 2411 5487 bibliOthecaa
2433 5427 2788 5496 habebantur,
2818 5443 2887 5485 ne
2924 5429 3135 5498 quidem
3164 5429 3218 5483 in
3244 5430 3638 5488 cathedralihus

2074 5519 2344 5591 plerisque
2378 5518 2640 5586 ecclesiis,
2692 5527 2754 5574 ut
2797 5519 2865 5574 de
2913 5533 3008 5572 sua
3060 5517 3376 5575 Lexovieusi
3408 5528 3638 5576 testatur

2074 5630 2176 5756 ωδ
2218 5630 2352 5754 Vlide
2384 5618 2705 5700 'Patrologite
2750 5636 2877 5682 tom.
2928 5622 3040 5692 XC,
3098 5624 3234 5699 Opp.
3293 5625 3428 5686 Ven.
3478 5627 3637 5684 Beda

2135 5715 2206 5755 m.
2268 5739 2284 5755 .

2135 5715 2206 5755 m.
2243 5715 2284 5755 ι.
