4012 6202
378 352 448 408 27
1507 347 1599 404 AD
1633 344 1857 404 OPERA
1899 343 1950 396 Β.

2051 341 2251 396 ABANI
2290 342 2506 398 MAURI
3552 345 3621 401 2'5

378 468 656 527 Freculfus
682 469 737 523 in
759 467 986 538 epistola
1012 468 1075 522 ad
1098 466 1398 529 .iabanum,
1424 481 1455 519 a
1484 480 1592 536 quo
1613 465 1769 535 petiit
1788 462 1947 517 Com-
1973 461 2019 519 Α

379 559 671 613 mentarios
709 558 763 612 in
786 556 1205 612 Pentateucbum
1234 564 1519 611 eontextos
1563 570 1631 610 ex
1653 556 1813 610 dictis
1841 554 1946 608 Pa-

382 657 520 702 trum
556 667 569 701 :
626 666 643 698 ‹
683 648 822 718 Ergo
850 648 895 701 si
945 647 1152 716 aliquas
1197 646 1563 701 excusationis
1617 645 1950 715 praetendere

382 738 669 792 tentaveris
716 738 1044 801 occasiones,
1093 752 1162 791 ne
1208 743 1369 791 tantte
1404 737 1562 791 molis
1603 751 1739 805 Opus
1768 736 1951 805 ingen-

382 830 557 896 tisque
602 827 800 882 laboris
832 827 1062 893 subeas;
1096 835 1151 881 et
1200 828 1528 896 respondere
1580 827 1730 883 nisus
1784 827 1951 881 fueris

382 934 480 973 cur
509 934 615 972 non
645 919 863 988 proprio
892 919 1085 973 sudore
1112 933 1206 973 eos
1235 918 1457 989 legendo
1486 918 1754 988 perlustro
1782 918 1952 974 libros

379 1023 449 1062 ex
473 1009 666 1076 quibus
693 1009 808 1062 hate
838 1007 951 1062 fieri
979 1009 1198 1073 mando,
1229 1016 1283 1063 et
1312 1024 1535 1078 quasque
1565 1009 1822 1064 libuerint
1854 1010 1950 1064 de-

380 1097 646 1166 cerpendo
691 1096 959 1166 colligam,
1012 1098 1078 1152 ad
1117 1098 1231 1151 haec
1281 1105 1476 1152 vestrae
1503 1097 1785 1152 charitatis
1809 1097 1949 1166 vigi-

377 1184 544 1239 Iahtia
573 1186 815 1241 intendat
842 1187 1095 1255 quoniam
1121 1186 1265 1241 nulla
1288 1187 1442 1240 nobis
1470 1187 1726 1241 librorum
1757 1188 1910 1257 copia
1933 1227 1948 1252 ,

378 1285 436 1327 ut
464 1276 576 1330 hanc
607 1276 782 1329 facere
810 1276 1096 1344 possimus,
1146 1276 1472 1344 suppeditat,
1510 1277 1724 1331 etiamsi
1770 1277 1951 1346 parvi-

378 1370 463 1416 tas
511 1363 687 1418 obtusi
736 1378 922 1417 sensus
960 1364 1130 1418 nostri
1158 1364 1366 1434 vigeret
1394 1381 1407 1416 :
1435 1366 1560 1419 dum
1589 1366 1649 1419 in.
1679 1366 1949 1436 episcopio

377 1458 578 1504 nostra:
599 1451 847 1519 parvitati
872 1452 1161 1507 commisso
1183 1468 1282 1507 nec
1308 1453 1452 1524 ipsos
1474 1452 1607 1508 Novi
1632 1455 1950 1525 Veterisque

300 1592 317 1598 -
378 1539 707 1595 Testamenti
745 1541 1038 1597 canonicos
1090 1543 1267 1612 reperi
1313 1544 1499 1609 libros,
1558 1546 1725 1600 multo
1772 1548 1949 1603 minus

377 1645 565 1687 eorum
594 1633 976 1701 expositiones.
1014 1654 1033 1687 ι
1066 1634 1133 1688 Ει
1170 1636 1216 1689 si
1238 1651 1367 1691 vero
1394 1636 1659 1691 laudanda
1690 1647 1809 1693 erat
1834 1655 1950 1695 mo-

376 1723 548 1778 destia
595 1722 824 1789 Rabani,
853 1724 1072 1779 Patrum
1114 1740 1269 1780 sensa
1313 1726 1424 1780 suis
1447 1725 1800 1797 praeferentis,
1840 1744 1946 1784 non

2119 455 2205 509 55.
2235 457 2506 511 Adversus
2535 468 2748 511 morum
2791 454 3151 510 relaxatione‘s
3201 456 3418 526 scripsit
3451 454 3627 512 homl.

2050 544 2150 598 lias
2171 545 2363 615 plures,
2392 561 2528 615 quas
2551 544 2749 614 populo
2777 544 3079 600 recitandas
3102 544 3369 604 dedicavit
3392 543 3628 600 Ilaistui-

2051 638 2104 693 fo
2134 639 2539 711 archiepiscopo
2566 639 2901 710 Moguntino,
2930 640 2984 693 in
3013 640 3210 709 quibus
3237 648 3413 696 exstat
3449 642 3628 717 honr-

2049 730 2145 796 lia,
2172 731 2366 786 Contra
2394 748 2480 785 eos
2503 732 2593 802 qui
2610 732 2665 786 in
2690 731 2829 786 Iunce
2849 731 3054 800 defectu
3076 731 3391 787 clamoribus
3415 751 3470 787 se
3494 734 3624 803 [ati-

2050 821 2272 892 gabant;
2308 821 2433 885 alia,
2474 820 2670 876 Contra
2722 824 3003 893 paganicos
3037 840 3258 890 errares,
3290 841 3420 895 quos
3463 825 3624 896 aliqui

2051 911 2115 965 de
2139 912 2352 965 rudibus
2379 910 2690 966 Christianis
2718 913 3091 983 sequebantur;
3118 914 3246 968 item
3271 916 3395 980 alia,
3426 916 3489 968 de
3512 916 3627 969 Μο-

2052 1001 2196 1054 ribus
2234 1001 2487 1054 bonorum
2540 1011 2590 1056 et
2640 1001 2899 1055 malorum
2950 1001 3390 1057 Christianorum.
3442 1004 3625 1073 Neque

2056 1098 2259 1145 tantum
2301 1089 2527 1159 plebeiis
2577 1090 2887 1146 hominibus
2933 1091 3170 1145 salubria
3223 1092 3383 1147 dabat
3421 1095 3626 1151 monita

2050 1194 2149 1248 pro
2178 1180 2511 1235 correctione
2548 1196 2780 1246 morum,
2814 1183 2907 1236 sed
2941 1183 3105 1237 etiam
3156 1184 3374 1253 regibus
3419 1193 3472 1239 et
3514 1185 3628 1255 epi-

2052 1269 2229 1336 scopis
2264 1286 2276 1321 :
2309 1268 2524 1337 regibus
2548 1269 2786 1339 quidem,
2821 1280 2931 1324 tum
2968 1271 3022 1325 in
3053 1270 3189 1325 libro
3218 1273 3282 1324 de
3315 1271 3625 1328 Reverentia

2048 1356 2281 1425 filiorum
2310 1374 2432 1427 erga
2468 1368 2642 1428 patres
2686 1360 2741 1412 in
2770 1375 2932 1414 causa
2975 1361 3328 1430 depositionis
3372 1362 3625 1419 Ludovici

2051 1446 2298 1516 Augusti,
2316 1456 2430 1502 tum
2459 1449 2513 1503 in
2534 1450 2850 1518 provinciali
2878 1453 3080 1521 synodo
3107 1452 3437 1524 Moguntina,
3462 1471 3623 1524 quam

2050 1551 2191 1591 anno
2231 1553 2343 1592 suae
2380 1538 2739 1595 ordinationis
2768 1541 2942 1609 primo
2986 1542 3295 1598 celebravit.
3328 1544 3628 1616 Episcopos

2050 1628 2281 1698 denique
2303 1638 2507 1695 monet,
2526 1641 2601 1701 ut
2635 1647 2704 1687 ne
2730 1632 2851 1702 plus
2876 1645 3071 1689 vacent
3096 1634 3400 1692 forensibus
3425 1641 3622 1706 causis,

2050 1735 2211 1789 quam
2235 1722 2405 1776 sacris
2432 1722 2803 1788 concionibus,
2850 1725 2903 1779 in
2931 1725 3154 1794 epistola
3203 1727 3484 1783 Hemmoni
3514 1730 3622 1799 cpi-

375 1812 594 1867 defuere
626 1821 805 1868 tamen
836 1816 928 1883 qui
958 1816 1060 1869 hoc
1090 1816 1142 1868 in
1173 1831 1238 1871 eo
1266 1817 1741 1886 reprehenderent,
1777 1819 1859 1874 uti
1883 1820 1948 1874 de
1976 1826 2023 1885 B
2052 1825 2219 1881 δεῦρο
2241 1813 2458 1881 δεύρω»
2489 1812 2646 1867 initio
2676 1812 2937 1867 librorum
2973 1815 3037 1867 de
3073 1813 3320 1871 Πηίυενεο
3344 1834 3363 1871 -'
3403 1837 3423 1869 ι
3459 1817 3626 1874 Μυιιο

377 1903 462 1957 his
492 1905 845 1973 conqueritur
877 1905 928 1958 in
979 1906 1296 1974 praefatione
1322 1922 1484 1977 super
1513 1908 1850 1965 Ezechielem
1882 1913 1948 1967 ad

377 1992 692 2047 Lotharium
724 1994 1104 2064 imperatorem
1147 2012 1162 2050 ε
1211 2015 1229 2047 ‹
1264 1995 1374 2051 Nec
1408 1998 1571 2052 etiam
1618 1998 1746 2054 illud
1788 2000 1950 2056 silen-

379 2084 506 2137 dum
537 2085 792 2149 arbitror,
815 2086 957 2153 quod
978 2087 1298 2154 quibusdam
1317 2087 1662 2145 narrantibus
1683 2091 1948 2160 comperi,

380 2174 642 2241 quosdam
675 2174 871 2229 sciolos
898 2191 983 2231 me
1010 2176 1064 2230 in
1089 2178 1192 2232 hoc
1227 2178 1562 2248 vituperasse
1588 2182 1730 2249 quod
1768 2196 1950 2235 excer-

377 2263 613 2333 ptionem
636 2263 839 2320 faciens
856 2266 920 2320 de
942 2276 1253 2323 sanctorum
1266 2268 1484 2325 Patrum
1508 2271 1742 2340 scriptis,
1758 2287 1946 2327 eorum

377 2353 596 2407 nomina
641 2363 1021 2423 pramotarem,
1071 2359 1185 2413 sive
1215 2360 1358 2428 quod
1407 2360 1633 2415 aliorum
1670 2363 1949 2417 sententiis

376 2444 549 2514 magis
588 2461 716 2499 usus
744 2460 941 2512 essem,
967 2464 1127 2518 quam
1157 2451 1373 2521 propria
1415 2454 1720 2509 conderem.
1746 2454 1950 2520 Quibus

377 2534 446 2588 ad
471 2536 574 2590 hoc
602 2533 757 2591 facile
782 2540 1106 2608 respondere
1135 2555 1373 2609 possum.
1400 2542 1537 2610 Quid
1564 2544 1706 2598 enim
1731 2546 1948 2615 peccavi

377 2623 432 2677 in
460 2623 560 2678 hoc
586 2626 730 2694 quod
758 2629 1046 2696 magistros
1097 2630 1353 2686 Ecclesiae
1389 2634 1735 2690 veneratione
1762 2636 1950 2707 dignos

372 2714 700 2785 iudicabam,
748 2725 803 2771 et
829 2733 1016 2773 eorum
1048 2723 1364 2788 sententias,
1391 2732 1549 2793 prout
1588 2741 1681 2780 eas
1708 2727 1949 2797 protule-

384 2815 521 2870 rant,
575 2810 890 2876 opportunis
943 2810 1074 2866 locis
1113 2813 1273 2866 simul
1317 2830 1442 2868 cum
1498 2825 1623 2871 nota
1674 2819 1949 2874 nominum

379 2911 567 2950 eorum
597 2898 650 2951 in
679 2900 950 2966 opusculis
976 2902 1107 2955 meis
1132 2902 1591 2972 interposueram?
1616 2907 1782 2977 Magis
1805 2911 1948 2963 enim

381 2986 513 3041 mihi
542 2988 822 3045 videbatur
845 2992 1060 3048 salubre
1086 3008 1224 3058 esse,
1252 2996 1684 3053 uthumilitatem
1701 3016 1947 3066 servans,

300 3134 310 3144 ,
379 3088 690 3134 sanctorum
718 3080 936 3136 Patrum
967 3083 1227 3139 doctrinis
1255 3084 1535 3153 inniterer,
1559 3103 1719 3157 quam
1745 3104 1841 3158 per
1868 3105 1951 3143 ar-

2049 1903 2241 1957 melius
2291 1912 2375 1957 est
2425 1904 2567 1958 enim
2606 1903 2856 1959 laborare
2904 1906 3217 1975 episcopum
3271 1907 3326 1961 in
3379 1908 3623 1963 doctrina

2047 1992 2197 2046 verbi
2226 1991 2322 2046 Dei
2346 1994 2415 2047 ob
2448 1993 2677 2048 salutem
2711 1995 3015 2049 animarum
3057 1996 3158 2050 sibi
3187 1991 3618 2067 commissarum,

2046 2098 2209 2153 quam
2248 2084 2302 2138 in
2350 2083 2698 2153 disponendis
2723 2094 2781 2142 et
2821 2085 3139 2141 deﬁniendis
3185 2088 3434 2148 civilibus
3474 2105 3620 2159 qua:-

2047 2173 2312 2229 stionibus
2339 2183 2394 2229 et
2418 2176 2582 2230 variis
2620 2177 2897 2232 hominum
2937 2180 3372 2235 contentionibus
3402 2197 3617 2249 vacare,

2049 2262 2140 2330 qui
2170 2271 2391 2332 propter
2418 2272 2687 2319 terrenam
2719 2267 3064 2337 cupiditatem
3095 2267 3241 2321 litem
3268 2276 3324 2323 et
3371 2270 3518 2324 rixas
3547 2271 3624 2324 in-

2047 2363 2325 2410 cessanter
2355 2366 2592 2423 movent,
2625 2366 2680 2412 et
2700 2360 3068 2429 unusquisque
3092 2359 3146 2414 in
3169 2360 3254 2415 his
3282 2360 3511 2415 alterum
3534 2379 3625 2417 su-

2046 2463 2241 2517 perare
2302 2451 2599 2505 contendit.
2666 2450 2942 2522 Nusquam
3000 2454 3147 2508 enim
3205 2454 3260 2508 in
3325 2453 3624 2524 Scripturis

2048 2539 2217 2593 sacris
2256 2538 2454 2609 legitur
2494 2539 2610 2609 ipse
2656 2540 2905 2596 Salvator
2957 2551 3050 2597 aut
3075 2542 3322 2613 di.-cipuli
3365 2543 3480 2612 ejus
3523 2545 3625 2600 hoc

2047 2633 2222 2702 egisse
2251 2633 2364 2687 sive
2384 2633 2695 2688 docuisse...
2724 2633 2851 2689 Hazc
2886 2651 3011 2690 cum
3046 2636 3377 2703 scribantur,
3415 2638 3489 2692 mi
3532 2638 3625 2692 do-

2052 2721 2217 2784 mine,
2248 2721 2370 2775 nolo
2399 2728 2459 2775 ut
2481 2723 2720 2778 mstimes
2746 2739 2831 2778 me
2855 2740 3048 2779 novam
3078 2725 3249 2797 legem
3276 2728 3485 2782 vivendi
3527 2729 3621 2783 tibi

2048 2811 2400 2876 constituere,
2440 2810 2535 2864 sed
2588 2811 2716 2865 olim
2772 2813 2956 2868 aviris
3004 2813 3206 2869 sanctis
3243 2815 3505 2885 prolatam
3554 2817 3622 2870 ob

2048 2902 2617 2956 commemorationem
2662 2903 2899 2959 breviter
2938 2919 3379 2961 commemorare.
3420 2927 3438 2958 ι
3474 2907 3539 2960 Et
3568 2908 3620 2960 in

2051 2991 2275 3061 epistola
2318 2992 2385 3046 de
2428 2992 2833 3062 cborepiscopis
2874 2994 2941 3049 ad
2982 2994 3283 3064 Dragoncm
3314 2996 3620 3066 episcopum

2050 3082 2343 3138 Metensem
2371 3085 2544 3155 carpit
2579 3085 2937 3140 occidentales
2973 3100 3067 3139 seu
3089 3086 3395 3142 Gallicanos
3420 3090 3623 3158 episco-

381 3175 698 3243 rogantiam,
735 3173 888 3243 quasi
917 3175 1189 3244 propriam
1227 3174 1438 3231 Iaudem
1486 3180 1794 3248 quierendo,
1826 3194 1945 3233 mea
1974 3186 2017 3247 ρ
2049 3187 2164 3243 pos,
2197 3173 2289 3242 qui
2328 3173 2742 3245 chorepiscopos
2778 3190 2810 3228 a
2852 3183 3120 3244 potestate
3152 3178 3436 3232 ordinandi
3466 3194 3621 3246 pres-

376 3261 689 3319 indecenter
712 3264 1077 3334 proferrem...
1119 3266 1198 3321 Illi
1237 3268 1329 3337 qui
1362 3284 1421 3324 se
1446 3268 1650 3325 laudari
1679 3283 1946 3340 quaerunt,

380 3362 437 3408 et
464 3357 532 3410 ab
560 3356 867 3413 hominibus
893 3358 1060 3414 videri
1089 3368 1363 3431 appetunt,
1387 3362 1589 3417 dictent
1606 3364 1689 3418 vel
1712 3365 1948 3421 scribant

377 3444 637 3514 quidquid
668 3446 956 3512 voluerint,
998 3458 1053 3504 et
1083 3449 1386 3506 laudatores
1413 3467 1538 3506 suos
1577 3461 1736 3522 atque
1766 3456 1950 3510 adula-

379 3540 526 3587 tores
555 3534 908 3604 undecunque
954 3538 1186 3606 possint,
1218 3539 1318 3594 sibi
1346 3541 1646 3609 acquirant.
1696 3541 1822 3598 Mihi
1853 3561 1950 3599 au-

379 3629 487 3675 tem
518 3623 794 3679 adhaerere
827 3625 936 3680 Deo
983 3628 1129 3682 omni
1158 3636 1400 3699 tempore
1426 3630 1547 3685 vita:
1585 3647 1718 3687 meae
1748 3635 1947 3690 bonum

376 3719 483 3776 est,
539 3721 593 3766 et
644 3730 841 3783 ponere
888 3717 942 3769 in
1002 3717 1230 3774 Domino
1280 3719 1391 3775 Deo
1446 3736 1597 3791 spem
1640 3740 1836 3790 meam,
1892 3735 1948 3781 ut

377 3803 688 3857 annuntiem
717 3821 903 3860 omnes
927 3807 1111 3862 laudes
1138 3807 1253 3876 ejus
1274 3810 1329 3864 in
1351 3813 1521 3881 portis
1562 3813 1685 3868 filiae
1712 3813 1862 3880 Sion,
1894 3819 1947 3871 in

377 3894 485 3950 illis
533 3897 777 3953 videlicet
822 3900 994 3970 portis
1030 3903 1094 3956 de
1119 3904 1312 3972 quibus
1342 3906 1601 3975 scriptum
1642 3917 1723 3963 est
1753 3927 1766 3962 :
1800 3909 1950 3967 Beati

378 3987 468 4057 qui
492 3988 761 4044 ambulant
792 3992 846 4045 in
883 3995 1083 4048 semitis
1124 3996 1259 4063 vitaz,
1283 4006 1333 4051 et
1361 4014 1452 4068 per
1475 4009 1654 4069 portas
1688 3991 1948 4059 introeunt

379 4077 433 4129 in
466 4078 743 4134 civitatem.
801 4101 820 4134 ι
862 4082 1075 4138 Utinam
1125 4087 1217 4155 qui
1267 4103 1436 4145 novos
1484 4091 1721 4146 condunt
1761 4093 1946 4161 libros,

379 4183 478 4237 per
505 4172 721 4227 easdem
773 4176 993 4230 semitas
1029 4178 1280 4234 incedant
1307 4179 1397 4255 (ut
1419 4193 1566 4237 certe
1605 4186 1762 4240 modo
1807 4186 1951 4243 ince-

378 4261 513 4315 dunt
560 4264 755 4337 multi),
800 4275 987 4322 etnon
1023 4284 1119 4337 per
1148 4271 1261 4326 vias
1288 4271 1569 4328 intricatas
1616 4275 1949 4332 adinventio-

381 4367 510 4415 num
539 4355 892 4410 humanarum
934 4368 987 4413 et
1017 4361 1333 4427 novitatum,
1365 4364 1560 4431 quibus
1589 4364 1721 4418 nihil
1744 4367 1797 4419 in
1820 4366 1947 4422 reli-

367 4440 539 4509 gione
564 4444 917 4511 perniciosius
942 4448 954 4499 !

959 4560 1185 4617 CAPUT
1226 4563 1355 4618 VIII.

380 4645 537 4701 Zelus
579 4665 673 4717 pro
708 4649 817 4715 [ide
842 4659 889 4703 ct
916 4666 1009 4720 pro
1023 4653 1334 4775 [integlritate
1360 4672 1587 4723 morum,
1629 4659 1947 4725 auctoritas,

1040 4739 1165 4775 tum:
1191 4736 1310 4775 uas.

1040 4736 1310 4777 tumuuas.

451 4808 537 4861 34.
567 4808 773 4863 Rabani
804 4810 974 4865 zelum
1000 4827 1098 4881 pro
1124 4813 1431 4869 Christiana
1462 4815 1718 4887 religione
1756 4818 1951 4888 proba-

383 4907 464 4952 ret
490 4898 541 4951 in
566 4899 754 4968 primis
782 4900 1005 4970 epistola
1034 4910 1219 4957 contra
1240 4901 1451 4959 Iudaeos
1471 4906 1572 4960 sub
1588 4908 1703 4977 ejus
1731 4908 1949 4964 nomine

384 5004 412 5041 a
461 4988 731 5044 Cliillletio
776 4991 939 5046 edita.
995 4995 1064 5047 At
1121 5009 1243 5048 cum
1296 4994 1641 5052 verisimilius
1694 4997 1765 5052 sit
1801 4998 1945 5053 illam

382 5078 658 5135 Amolonis
700 5071 1028 5147 fetum‘esse,
1071 5084 1145 5137 uti
1171 5095 1353 5153 postea
1385 5087 1755 5151 ostendemus,
1795 5085 1951 5155 juvat

384 5172 563 5240 potius
591 5173 642 5226 in
676 5170 832 5240 hujus
856 5172 956 5226 zeli
999 5183 1373 5245 argumentum
1414 5176 1656 5247 proferre
1685 5178 1949 5248 Martyro-

382 5260 580 5332 legium
627 5262 694 5317 ab
718 5264 832 5334 ipso
859 5263 1059 5317 editum
1085 5266 1151 5319 de
1178 5266 1381 5321 sanctis
1411 5266 1501 5335 qui
1535 5268 1831 5322 Ecclesiam
1872 5267 1949 5322 fa-

384 5352 486 5406 ctis
513 5363 571 5407 ut
611 5355 861 5424 passione
902 5369 998 5408 sua
1040 5353 1394 5410 illustrarunt.
1427 5356 1481 5411 Id
1511 5357 1684 5428 ipsum
1721 5358 1949 5427 probant

382 5441 564 5496 omnia
610 5442 726 5512 ejus
754 5444 990 5499 auctoris
1032 5445 1256 5514 scripta,
1289 5461 1408 5516 qtue
1434 5447 1697 5501 sinceram
1729 5448 1946 5500 Patrum

383 5531 681 5587 doctrinam
710 5550 773 5590 ac
800 5535 1084 5606 genuinam
1108 5534 1362 5604 pietatem
1391 5537 1619 5606 spirant,
1644 5546 1697 5589 et
1718 5534 1951 5589 maxime

384 5623 601 5677 decreta
638 5623 707 5676 ab
733 5625 847 5693 ipso
894 5626 1098 5681 sancita
1141 5628 1307 5682 variis
1335 5627 1387 5681 in
1431 5625 1649 5695 synodis
1681 5640 1814 5696 quas
1856 5638 1953 5693 pro

389 5713 770 5769 εριλιὲὃίαὸῑίείδ
799 5715 959 5772 rebus
987 5715 1294 5773 celebravit.

2050 3262 2268 3332 byteros
2302 3270 2360 3318 et
2398 3263 2655 3319 diaconos
2701 3265 2949 3321 exclusos
2991 3267 3258 3322 volebant.
3307 3285 3327 3319 ε
3389 3267 3626 3324 Grandis

2051 3353 2224 3409 honor
2255 3362 2359 3420 est,
2385 3354 2581 3423 inquit,
2623 3355 2823 3411 Christi
2850 3357 3157 3412 ministrum
3191 3372 3341 3426 esse;
3389 3361 3531 3415 unde
3570 3371 3625 3415 et

2050 3442 2251 3511 grande
2291 3443 2572 3510 praemium
2606 3444 2743 3499 bene
2795 3444 3189 3501 ministrantem
3244 3448 3511 3517 sequitur,
3549 3451 3623 3504 ita

2050 3538 2112 3585 ut
2132 3547 2252 3587 cum
2297 3530 2514 3589 Christo
2554 3542 2610 3588 et
2654 3535 2859 3590 sanctis
2910 3537 3116 3606 angelis
3153 3538 3268 3607 ejus
3312 3539 3366 3591 in
3412 3538 3621 3594 ccelcsti

2050 3623 2380 3679 beatitudine
2411 3624 2527 3678 sine
2550 3625 2655 3679 ﬁne
2682 3625 2910 3680 laetetur.
2936 3626 3111 3696 Atque
3138 3627 3258 3682 ideo
3289 3643 3393 3682 non
3430 3644 3624 3682 conve-

2050 3715 2130 3768 nit
2156 3714 2325 3770 servis
2358 3714 2557 3770 Christi
2589 3717 2916 3772 contendere
2936 3716 3003 3771 de
3024 3717 3353 3771 sublimitate
3376 3719 3619 3781 honoris,

2051 3805 2145 3862 sed
2198 3807 2367 3876 magis
2401 3814 2610 3861 certare
2661 3807 2728 3860 de
2759 3806 2990 3862 utilitate
3030 3823 3175 3862 sana:
3222 3808 3625 3875 przedicationis

2050 3905 2106 3950 et
2131 3897 2447 3951 assiduitate
2487 3897 2641 3951 bona:
2678 3899 3025 3967 operationis,
3061 3908 3119 3952 ut
3167 3898 3392 3968 populus
3419 3898 3618 3953 Christi

2051 3986 2235 4041 audiat
2282 4001 2346 4041 ex
2393 4001 2487 4041 ore
2513 4001 2702 4042 eorum
2745 3988 2971 4042 verbum
3001 3996 3164 4044 recta:
3193 3988 3336 4054 lidei,
3360 3997 3415 4043 et
3448 3990 3625 4044 videat

2050 4078 2105 4133 in
2150 4080 2359 4135 actibus
2409 4094 2595 4134 eorum
2646 4081 2843 4134 bonum
2872 4080 3178 4149 exemplum
3226 4096 3322 4150 per
3355 4081 3625 4135 humilita-

2053 4170 2124 4225 tis
2154 4171 2475 4226 indicium...
2510 4171 2625 4226 Non
2652 4179 2735 4226 est
2754 4173 2897 4225 enim
2919 4188 3131 4242 aequum
3157 4182 3215 4226 ut
3236 4173 3451 4227 collatio
3480 4175 3622 4232 sacri

2051 4264 2255 4319 ordinis
2294 4265 2465 4319 servis
2493 4264 2694 4319 Christi
2719 4265 2814 4318 fiat
2836 4279 2999 4319 causa
3022 4264 3273 4319 elationis
3299 4273 3354 4319 et
3393 4273 3623 4321 terrena:

2050 4351 2363 4423 voluptatis,
2395 4353 2519 4421 quia
2548 4368 2646 4407 nec
2676 4354 2728 4407 in
2774 4354 2941 4422 ipsius
2973 4353 3231 4421 Magistri,
3258 4370 3359 4408 nec
3385 4354 3623 4425 discipu-

2051 4444 2223 4499 lorum
2266 4445 2383 4515 ejus
2423 4445 2580 4500 dictis
2621 4445 2734 4499 sive
2781 4445 3041 4513 exemplis
3074 4445 3270 4515 aliquid
3318 4445 3627 4513 hujusmodi

1975 4528 2028 4585 D
2056 4535 2349 4603 reperiunt,
2392 4554 2410 4587 ι
2445 4543 2549 4589 etc.
2600 4534 2735 4588 Cum
2781 4535 2989 4589 Rabani
3047 4536 3312 4589 sententia
3362 4543 3626 4591 consonat

2051 4624 2255 4679 Nicolai
2282 4608 2487 4696 papail
2517 4625 2740 4695 cpistola
2771 4626 2859 4691 '59,
2893 4626 2959 4681 ad
2987 4627 3272 4682 Bodull'um
3310 4627 3624 4696 episcopum

2052 4715 2441 4772 Bituricensem
2452 4756 2464 4770 .

2122 4807 2210 4863 36.
2229 4807 2398 4862 Tanta
2422 4810 2472 4863 in
2499 4808 2725 4864 dicendo
2745 4809 2966 4864 libertas
2991 4824 3096 4863 non
3122 4808 3242 4878 ipsi,
3270 4817 3329 4863 ut
3352 4810 3508 4876 solet,
3531 4826 3627 4882 pa-

2052 4897 2208 4952 rabat
2227 4912 2413 4952 eorum
2443 4899 2509 4952 ad
2526 4914 2659 4967 quos
2679 4899 2948 4953 scribebat
2964 4898 3405 4968 indignationem,
3422 4902 3514 4955 sed
3531 4917 3627 4954 au—

2053 4988 2353 5043 ctoritatem
2377 4989 2515 5056 apud
2526 5002 2734 5053 omnes,
2759 4988 2848 5056 qui
2867 4987 2983 5056 ejus
3002 4988 3218 5057 scriptis
3236 4997 3290 5042 et
3316 4990 3533 5045 monitis
3548 4991 3631 5044 in-

2053 5078 2187 5133 strui
2207 5086 2262 5134 et
2276 5079 2935 5147 emendariperoptabant.
2962 5079 3218 5148 Exemplo
3242 5088 3324 5135 est
3342 5079 3630 5137 Lotharius

2054 5171 2344 5241 Augustus,
2368 5171 2459 5239 qui
2488 5186 2607 5224 cum
2639 5170 3030 5238 expositionem
3062 5170 3117 5224 in
3147 5170 3339 5225 librum
3373 5169 3535 5227 Iosue
3558 5173 3628 5225 ab

2053 5277 2118 5318 eo
2144 5261 2458 5331 accepisset,
2480 5260 2679 5330 gratias
2705 5261 2814 5330 agit
2832 5275 2930 5330 pro
2954 5269 3193 5330 accepto;
3223 5269 3277 5316 et
3304 5261 3496 5315 iterum
3523 5259 3631 5316 alia

2053 5353 2210 5425 petit,
2248 5367 2524 5422 exponens
2569 5353 2860 5407 vehemens
2900 5368 3057 5407 suum
3089 5352 3413 5407 desiderium
3438 5352 3631 5409 crebro

2052 5458 2175 5497 eum
2226 5441 2434 5495 videndi
2462 5448 2517 5495 et
2545 5440 2871 5512 alloquendi,
2896 5449 2954 5495 ut
2979 5450 3126 5511 patet
3155 5442 3208 5495 in
3239 5441 3479 5496 Lotharii
3511 5443 3630 5512 epi-

2052 5535 2189 5589 stola
2220 5534 2373 5588 initio
2394 5533 2776 5589 Commentarii
2801 5533 2851 5588 in
2881 5533 3239 5597 Ezechieleui,
3260 5532 3327 5586 ad
3350 5532 3630 5587 Rabanum

2054 5630 2178 5693 post
2235 5621 2519 5677 abbatialis
2567 5622 2845 5693 regiminis
2891 5621 3282 5677 abdicationem
3328 5621 3551 5691 scripta,
3576 5622 3631 5676 in

2057 5730 2163 5785 (pta
2186 5712 2471 5785 singularis
2506 5727 2627 5767 cum
2662 5728 2725 5767 eo
2756 5710 3139 5767 familiaritatis
3188 5710 3383 5765 iudicia
3410 5711 3639 5767 dentom
