4012 6202
1958 211 2128 231 οιοηοο
2192 217 2200 221 <

454 532 753 604 Augustus,
781 543 838 587 et
878 534 1181 593 Ludovicus
1213 540 1329 610 ejus
1370 540 1509 599 filius
1554 545 1855 605 Gcrmanim
1903 569 2034 609 rex:

452 637 692 693 quorum
731 623 821 677 ille
849 622 1058 679 Rabani
1086 642 1249 683 causa
1281 630 1543 688 Fuldense
1571 641 1954 695 monasterium
1985 658 2039 697 a-

453 711 578 774 diit,
610 719 847 765 testante
889 712 1109 768 Rabano
1140 717 1192 769 in
1235 719 1456 786 epistola
1486 724 1551 775 ad
1582 723 1910 782 Ludovieum
1947 746 2033 785 re-

451 817 597 870 gem,
620 803 944 871 expositioni
973 804 1421 876 Paralipomenén
1447 819 1749 884 prchosita,
1770 821 1857 875 ubi
1880 822 1954 875 ait
1975 838 2034 878 se

450 907 625 961 nuper
648 896 1067 949 commentarios
1088 896 1290 968 Regum
1317 907 1670 960 sacratissimo
1681 912 1901 978 genitori
1916 914 2030 983 ejus

447 983 853 1049 prtrsentialiter
878 985 931 1038 in
974 1001 1071 1041 suo
1119 994 1445 1047 monasterio
1478 999 1777 1055 tradidisse.
1806 1003 1901 1057 llic
1926 1004 2017 1059 Ra-

446 1072 650 1126 banum
675 1075 958 1129 arcessivit
980 1077 1030 1129 in
1054 1079 1302 1133 cellulam
1328 1088 1791 1158 monasterii,qum
1816 1105 2030 1147 vocatur

445 1159 738 1231 Ratestorf,
765 1165 853 1218 ubi
874 1181 1177 1222 sermonem
1194 1184 1314 1223 cum
1345 1187 1409 1226 eo
1438 1174 1621 1230 habuit
1650 1179 1713 1232 de
1739 1179 2025 1252 Scripturis

440 1255 633 1318 sacris,
658 1257 1034 1325 persuasitque
1056 1266 1114 1312 ut
1135 1263 1362 1328 cantica,
1387 1281 1503 1333 qum
1518 1269 1586 1320 ad
1610 1273 1893 1327 matutinus
1915 1274 2026 1328 lau-

439 1344 533 1395 des
572 1360 667 1413 per
701 1348 1043 1415 septimanam
1074 1349 1342 1417 dicuntur,
1375 1357 1702 1425 explanaret,
1740 1374 1894 1431 prout
1947 1366 2023 1421 le-

438 1434 586 1503 gitur
633 1436 688 1490 in
728 1439 954 1507 epistola
993 1440 1151 1496 dictas
1188 1445 1551 1513 explanationi
1588 1456 1882 1520 pnemissa.
1925 1458 2021 1513 Mi-

438 1527 668 1581 randum
699 1545 862 1598 porro
887 1541 989 1596 est,
1018 1535 1175 1589 tantis
1215 1539 1444 1608 regibus,
1474 1551 1553 1596 tot
1580 1544 1729 1599 bellis
1759 1564 1823 1603 ac
1848 1565 2017 1604 saecu—

436 1613 645 1671 laribus
681 1621 917 1690 negotiis
940 1623 1243 1691 implicatis,
1269 1635 1471 1683 tantam
1498 1630 1665 1691 fuisse
1694 1636 1837 1691 sitim
1863 1642 2011 1695 \‘Ql‘iil

432 1707 555 1771 Dei,
579 1724 740 1777 quam
762 1710 880 1765 sine
910 1711 1071 1767 dubio
1089 1717 1415 1772 accendebat
1434 1720 1479 1774 is
1503 1723 1593 1790 qui
1623 1725 2010 1797 restinguebat,

432 1812 630 1869 nempe
656 1799 931 1857 Rabanus.

504 1890 593 1943 57.
616 1889 754 1957 Quid
779 1892 918 1947 inter
941 1894 1055 1949 lucc
1074 1895 1141 1951 de
1159 1911 1217 1952 se
1232 1900 1456 1956 sentiret
1477 1903 1560 1957 vir
1579 1915 1816 1973 sanctus,
1840 1911 2012 1979 aperit

432 1980 620 2051 ipsein
642 1984 957 2052 paratione
980 1988 1047 2042 ad
1072 1988 1838 2061 CommentariosEzechiclis,
1857 2001 2010 2071 cujus

432 2070 550 2126 libri
575 2073 1006 2143 explanationem
1037 2080 1103 2134 ab
1130 2095 1195 2135 eo
1222 2082 1341 2137 loco
1356 2085 1406 2138 in
1431 2100 1536 2154 quo
1556 2087 2008 2162 desieratGrego-

431 2163 544 2218 rius
554 2163 778 2236 llagnus
792 2183 822 2221 a
839 2167 1064 2225 Rabano
1078 2174 1381 2230 continuari
1404 2177 1691 2235 Lotharius
1708 2182 2003 2251 Augustus,

426 2266 624 2323 prazter
649 2258 775 2323 alia,
799 2261 1181 2329 postulaverat.
1228 2284 1247 2315 α
1268 2265 1420 2333 Quod
1451 2283 1599 2334 vero,
1625 2271 1820 2341 inquit,
1846 2274 2004 2329 tertio

426 2342 545 2400 loco
583 2349 899 2417 postulastis
925 2352 988 2406 de
1013 2353 1316 2423 Ezechiele,
1363 2359 1416 2411 in
1441 2362 1690 2429 praesenti
1722 2365 1998 2433 opusculo,

424 2448 584 2506 prout
635 2440 927 2498 inﬁrmitas
961 2446 1205 2515 corporis
1229 2458 1283 2503 et
1312 2451 1553 2519 parvitas
1597 2452 1796 2524 ingenii
1849 2456 1997 2524 sinit,

423 2529 724 2584 confectum
768 2532 998 2589 habetis.
1022 2535 1146 2591 Feci
1174 2538 1337 2603 enim,
1365 2555 1468 2594 non
1508 2544 1661 2610 quasi
1716 2559 2000 2601 successor

422 2635 572 2689 papa:
619 2620 865 2691 Gregorii
891 2633 946 2678 et
972 2627 1293 2695 praedicator
1340 2629 1511 2699 plebis
1552 2632 1667 2698 Dei,
1704 2632 1998 2703 supplendo

424 2710 524 2764 hoc
548 2713 688 2781 quod
721 2714 809 2766 ille
834 2714 1174 2771 homiliarum
1195 2720 1503 2776 conditione
1528 2724 1780 2792 populum
1798 2726 1997 2780 docens

422 2801 712 2868 inchoavit,
738 2812 793 2857 et
828 2814 1008 2861 tamen
1044 2824 1209 2877 usque
1259 2811 1325 2863 ad
1363 2809 1522 2864 tinem
1573 2811 1855 2882 Propheta:
1888 2831 1995 2870 non

419 2893 702 2961 perduxit:
730 2897 822 2950 sed
841 2899 994 2966 quasi
1019 2888 1265 2954 imitator.
1279 2910 1333 2956 et
1361 2902 1668 2971 discipulus,
1693 2921 1798 2958 non
1821 2906 1994 2961 solum

417 2982 582 3051 ipsius
608 2988 890 3040 memorati
918 3002 1086 3058 papze,
1113 2991 1204 3044 sed
1233 2999 1287 3045 et
1311 2990 1539 3045 aliorum
1565 3001 1875 3049 sanctorum
1898 2996 1995 3050 do-

1857 350 2387 416 PROLEGOMENA.
3650 392 3724 445 50

2145 563 2262 617 dem
2280 580 2438 633 anno,
2463 569 2679 626 relaturi
2696 575 2763 628 ad
2784 592 2981 633 annum
3003 580 3128 646 857,
3146 584 3191 638 si
3206 583 3553 644 Februarium
3570 609 3717 651 men-

2139 667 2274 719 sem,
2302 671 2406 723 quo
2434 657 2689 715 Rabanus
2710 664 2863 732 obiit,
2891 670 2957 722 ad
2985 669 3143 725 linem
3171 676 3295 729 anni
3322 676 3426 733 856
3450 694 3516 734 ex
3543 685 3715 739 veteri

2136 745 2339 800 calculo
2368 763 2726 809 revocasseut.
2774 756 2995 814 Accedit
3020 765 3163 831 quod
3210 781 3383 836 neque
3414 771 3518 826 hoc
3554 777 3717 832 modo

2134 850 2389 891 numerus
2418 855 2703 909 annorum,
2731 848 2929 902 mensis
2962 850 3013 914 1,
3039 859 3093 906 et
3118 854 3326 910 dierum
3364 857 3577 928 4,,quos
3600 862 3713 918 Ra-

2132 922 2273 978 bano
2299 928 2705 1001 archiepiscopo
2732 935 2992 1003 tribuunt,
3019 954 3269 998 accurate
3290 922 3583 1017 constaret,
3613 957 3707 1009 sed

2131 1029 2387 1071 numerus
2416 1023 2702 1089 mensium,
2729 1025 2934 1080 dierum
2964 1030 3018 1093 7,
3043 1030 3076 1085 8
3097 1032 3183 1085 vel
3210 1033 3263 1097 9,
3292 1045 3490 1103 praeter
3515 1056 3704 1098 novem

2129 1119 2317 1160 annos.
2344 1107 2461 1163 Alia
2486 1114 2708 1181 proinde
2731 1118 3032 1185 explicandi
3061 1122 3215 1193 hujus
3235 1125 3337 1181 loci
3362 1131 3518 1194 ratio,
3544 1148 3705 1204 quam

2128 1197 2359 1253 obscure
2382 1205 2622 1272 suggerit
2643 1206 2911 1274 Serarius,
2940 1211 3171 1267 ineunda
3197 1226 3301 1283 est,
3344 1197 3577 1277 dicendo
3593 1224 3704 1278 An-

2126 1288 2274 1342 nales
2288 1290 2579 1349 Fuldenses
2608 1304 2662 1349 et
2697 1296 2993 1355 Saxonicos
3010 1318 3208 1358 annum
3226 1309 3574 1375 pontiﬁcatus
3596 1312 3706 1368 Ra—

2123 1378 2247 1432 bani
2263 1382 2516 1449 primum,
2542 1387 2752 1441 tametsi
2766 1388 2882 1456 ejus
2901 1392 3167 1447 ordinatio
3195 1411 3376 1451 mense
3395 1396 3555 1454 Junio
3570 1414 3700 1455 con-

2125 1468 2324 1537 tigerit,
2352 1472 2606 1529 deﬁnisse
2659 1493 2799 1532 anno
2824 1479 2950 1544 847,
2982 1482 3139 1551 quem
3196 1485 3418 1542 Rabano
3467 1490 3697 1546 solidum

2119 1560 2421 1628 tribuerint;
2446 1568 2736 1621 secundum
2769 1584 2896 1624 vero
2918 1570 3078 1641 (quod
3103 1575 3266 1629 etiam
3283 1577 3347 1630 de
3362 1578 3696 1649 subsequen-

2119 1648 2260 1703 tibus
2293 1652 2577 1709 dicendum
2604 1657 2922 1726 )inchoasse
2943 1675 3085 1716 anno
3113 1662 3235 1717 848.
3261 1664 3372 1720 lloc
3396 1648 3558 1721 enim,
3582 1684 3693 1724 mo-

2115 1742 2182 1797 do
2196 1744 2543 1800 inveniuntur
2556 1746 2762 1802 Rabani
2777 1750 3119 1820 episcopatus
3130 1755 3258 1808 anni
3278 1773 3477 1822 novem,
3499 1763 3693 1815 mensis

2043 1831 2088 1888 B
2116 1848 2273 1899 unus,
2296 1835 2405 1888 dies
2432 1847 2672 1906 quatuor,
2689 1854 2860 1908 usque
2887 1840 2951 1894 ad
2973 1851 3226 1910 quartum
3253 1844 3530 1901 Februarii
3549 1849 3688 1905 diem

2109 1922 2236 1975 anni
2268 1922 2392 1988 856,
2419 1940 2525 1992 quo
2553 1934 2791 1996 tempore
2820 1930 3026 1985 obitum
3049 1932 3164 2001 ejus
3189 1945 3456 2003 reponunt
3485 1937 3571 1992 isti
3593 1954 3689 1995 an-

2107 2011 2277 2065 nales.
2300 2032 2318 2063 ι
2329 2013 2568 2070 Mortuus
2581 2027 2662 2071 est
2675 2033 2741 2071 au
2751 2027 2855 2073 tem
2870 2021 3212 2078 beatissimus
3224 2026 3684 2099 archiepiscopus,

2106 2102 2534 2169 aitTrithemius,
2556 2109 2693 2176 apud
2708 2107 3019 2166 Vinicellam
3045 2111 3310 2187 (Winfet),
3339 2117 3689 2176 habitationis

2105 2208 2215 2248 suze
2238 2196 2433 2261 vicum,
2464 2198 2531 2251 ad
2560 2198 2740 2255 littora
2784 2202 2978 2267 Rheni;
3008 2206 3163 2277 cujus
3208 2222 3423 2264 sacrum
3467 2226 3687 2282 corpus,

2103 2283 2243 2339 sicut
2269 2286 2454 2341 vivens
2492 2290 2862 2356 mandaverat,
2908 2293 3237 2366 Moguntiam
3274 2298 3501 2356 relatum
3534 2304 3676 2356 est.»

2100 2374 2238 2430 Eum
2269 2388 2534 2447 provecta:
2580 2379 2746 2437 fuisse
2785 2386 2981 2451 aetatis,
3028 2396 3177 2457 patet
3218 2404 3287 2444 ex
3333 2392 3560 2459 epistola
3613 2396 3680 2448 ad

2101 2465 2451 2524 Hincmarum
2468 2470 2827 2529 Rhemensem
2845 2479 3333 2550 archiepiscopum,
3347 2498 3378 2535 a
3392 2483 3681 2542 Sirmondo

2097 2558 2263 2623 edita,
2288 2560 2344 2614 in
2373 2576 2476 2629 qua
2501 2578 2559 2618 se
2589 2576 2812 2621 excusat
2839 2584 2869 2623 a
2898 2571 3179 2639 prolixiori
3207 2572 3507 2631 Gotescalci
3525 2577 3673 2631 refu-

2098 2647 2335 2702 tatione:
2376 2651 2502 2719 quia
2534 2653 2742 2708 scilicet
2770 2655 2821 2709 id
2845 2674 2947 2710 non
2975 2661 3221 2722 permittit
3250 2662 3529 2730 inﬁrmitas
3559 2682 3676 2719 cor-

2090 2739 2252 2807 poris,
2283 2756 2374 2793 nec
2410 2743 2663 2811 aegritudo
2703 2748 3000 2801 senectutis.
3057 2748 3395 2819 Quapropter
3428 2767 3550 2807 eum
3609 2756 3676 2809 ad

2094 2846 2264 2886 annos
2291 2835 2466 2899 anatis
2494 2834 2607 2890 fere
2633 2839 2973 2908 septuaginta
3004 2837 3313 2912 (sexaginta
3357 2853 3483 2899 octo
3511 2845 3675 2900 habet

2095 2916 2420 2975 Trithemius
2444 2922 2463 2995 )
2486 2925 2792 2993 pervenisse
2820 2928 3163 2984 crediderim.

2161 3008 2249 3065 59.
2288 3009 2539 3083 Sepultus
2567 3025 2650 3070 est
2688 3016 2739 3069 in
2778 3020 3108 3074 monasterio
3148 3022 3320 3076 sancti
3346 3021 3536 3078 Albani
3565 3028 3593 3076 ι
3620 3027 3672 3079 in

419 3086 621 3132 ctorum
668 3080 895 3152 vestigia
933 3086 1226 3152 sequendo.
1271 3104 1288 3135 ι
1577 3087 1903 3184 pxempltup.
1923 3090 2061 3184 de":
2091 3080 2626 3184 capeilasanctorum
2650 3105 2861 3162 Martini
2890 3118 2943 3162 et
2962 3109 3241 3177 Bonifacii,
3266 3130 3284 3162 ι
3303 3113 3379 3168 uti
3405 3112 3601 3184 legitur
3619 3115 3671 3169 in

810 3144 838 3152 ν
1012 3144 1028 3152 ,
1378 3144 1397 3157 ,
1432 3144 1439 3145 κ
1489 3144 1506 3150 -
1534 3144 1552 3158 ,
1580 3144 1599 3160 ,
1716 3153 1735 3171 .
1820 3144 1872 3162 .,
1934 3144 2014 3169 ,η
2094 3144 2293 3168 γυιων..
2319 3144 2626 3159 νμυιρ-νιυιιιι
2650 3144 2861 3162 μιυιυιιι
2890 3144 2943 3162 υι
2963 3144 3241 3177 υυυιιαυιι,
3266 3144 3284 3162 ι
3305 3144 3379 3168 uu
3405 3144 3453 3167 ac
3495 3144 3587 3169 uul
3619 3144 3671 3169 ιιι

417 3165 621 3223 Rabani
662 3169 954 3226 Virtutibus
983 3172 1268 3228 sufﬁciam.
1318 3153 1369 3228 ξ’
1417 3156 1505 3245 5.3
1525 3168 1551 3248 ξ
1572 3172 1650 3261 ξη
1671 3144 1784 3274 ,ἐξ
1809 3166 1980 3277 ἕλει
2018 3144 2063 3267 ᾧ
2092 3165 2956 3277 bievfﬁpsﬁommemoratione,
2977 3216 3098 3271 quze
3127 3212 3308 3258 exstat
3346 3144 3485 3274 post!5
3504 3206 3671 3262 libros

1027 3286 1369 3368 CAPuIts-

1418 3228 1436 3237 -
1480 3228 1499 3245 .
1525 3229 1545 3248 ,
1572 3236 1650 3261 η.
1671 3228 1703 3263 ,ν
1722 3228 1776 3241 --
1812 3228 1831 3246 ο
1877 3245 1896 3264 ⁸
1925 3228 1973 3260 ,ί
2023 3228 2062 3267 .—
2092 3228 2956 3271 ugyw;.W.-a.w.uuuucmwuuuuc,
2977 3228 3098 3271 qua:
3127 3228 3308 3258 exalat.
3346 3228 3468 3274 pum.
3504 3228 3671 3262 nurus
3738 3268 3743 3279 Ι

1310 3287 1369 3342 Χ,
1765 3255 1784 3274 ’
1809 3258 1861 3279 ”
1922 3270 2004 3296 ’⁸⁸
2021 3259 2497 3340 ’Ἥξδυῖιὶῧόιτέόὺι
2513 3286 2699 3342 codice
2713 3297 2895 3344 nostro
2911 3306 3012 3345 ms.
3038 3308 3092 3346 u.
3116 3293 3242 3358 270,
3263 3294 3316 3348 in
3336 3297 3449 3351 haec
3469 3297 3663 3352 verba:
3708 3322 3743 3375 χ

410 3368 556 3426 Mors
583 3383 632 3427 et
656 3384 809 3439 mtas,
833 3376 1100 3446 sepultura
1125 3367 1181 3447 εξ
1563 3377 1990 3469 ξῷοςτὶρ,,ειορξα

1026 3457 1073 3501 et
1101 3458 1314 3502 memori
1350 3478 1371 3502 ς
1436 3456 1506 3502 :2
1540 3470 1579 3502 .9
1602 3471 1620 3490 ο
1673 3479 1692 3499 ο
1766 3464 1810 3502 ι·
1936 3458 1995 3502 ⁸.,

2104 3390 2113 3422 ι
2147 3371 2401 3430 Rabanus
2440 3374 2659 3434 Maurus
2680 3420 2694 3445 ,
2719 3380 3002 3450 Mogontia’.
3029 3394 3186 3440 natus
3217 3394 3270 3440 et
3290 3395 3530 3453 renatus,
3557 3395 3611 3441 et
3635 3404 3669 3443 a

2104 3435 2851 3502 {tnzu‘ﬁlr’i'ﬂnmn'nmnnnlum
2902 3473 3092 3502 Αηςηλη
3117 3476 3244 3502 ηηιι..
3267 3477 3501 3502 :..-i..-.-..
3544 3487 3631 3502 ι---

1017 3457 1073 3528 ’σε
1101 3449 1385 3502 menioi‘id.’
1436 3449 1623 3521 Ξέέξξ
1670 3450 1695 3529 ξ
1766 3449 1825 3542 ς’
1906 3449 1995 3543 -ἔοι

2268 3449 2875 3556 olnzllpigtgnmnacbus,
2901 3473 3093 3529 deinde
3115 3476 3247 3530 cella
3265 3449 3525 3543 inclusus,
3544 3487 3664 3532 tan-

474 3555 562 3610 58.
598 3576 617 3607 ι
643 3557 796 3613 Anno
826 3558 950 3624 εδδ,
986 3524 1107 3614 {uti
1123 3560 1317 3630 legitur
1338 3562 1390 3616 in
1414 3524 1713 3618 Annalibus
1746 3524 1995 3618 suidel}?

2104 3524 2783 3628 ἲεῖηδίἇσαῖἃὶὲδὶξοορυω
2808 3524 3102 3618 assumitur
3121 3581 3134 3595 σ
3150 3566 3303 3635 cujus
3331 3524 3522 3621 idonea
3536 3576 3666 3624 sunt

404 3644 574 3710 sibus,
608 3666 625 3696 ς
658 3664 842 3702 mense
870 3649 1183 3715 Februario,
1211 3659 1406 3720 quarto
1443 3653 1528 3706 die
1555 3652 1985 3718 mensis,del‘un-

403 3744 526 3791 ctus
554 3748 637 3791 est
675 3739 982 3796 Uitalianus
1047 3743 1481 3815 archiepiscopus
1536 3745 1984 3817 Mogontiacensis

404 3826 678 3893 Eet-lesiaa,
709 3831 914 3887 habens
962 3833 1016 3887 in
1065 3835 1372 3906 episcopatu
1423 3853 1593 3893 annos
1623 3839 1688 3901 9,
1744 3854 1983 3894 mensem

402 3934 568 3972 nimm
598 3929 651 3974 et
675 3923 788 3978 dies
809 3934 1062 3992 qnazuor,
1092 3927 1176 3981 cui
1212 3930 1468 3983 successit
1494 3928 1688 3985 Karlus
1721 3934 1888 4001 magis
1911 3947 1979 3988 ex

399 4010 676 4065 voluntate
705 4013 845 4081 regis
880 4022 933 4068 et
961 4013 1391 4071 consiliariorum
1419 4034 1581 4088 quam
1619 4035 1684 4073 ex
1715 4035 1978 4076 consensu

396 4109 451 4152 et
479 4100 741 4155 eiectione
779 4102 905 4157 cleri
936 4112 991 4158 et
1025 4106 1222 4174 populi.
1261 4127 1280 4158 ι
1317 4107 1517 4162 Eadem
1549 4110 1768 4165 omnino
1813 4111 1977 4165 verba

397 4189 651 4260 leguntur
680 4193 733 4246 in
766 4194 1285 4251 Franco—Saxonicis
1335 4198 1633 4253 Annalibus
1680 4216 1811 4255 mss.
1845 4199 1976 4256 Her-

395 4300 631 4339 mannus
657 4286 844 4339 colem
877 4303 1017 4341 anno
1043 4296 1097 4342 et
1117 4288 1203 4343 die
1231 4287 1438 4344 Rabani
1477 4292 1679 4345 obitum
1725 4292 1972 4359 collocat,

394 4380 491 4430 seJ
525 4379 753 4432 rotundo
785 4394 1006 4435 numero
1033 4395 1201 4436 annos
1228 4389 1435 4437 tantum
1468 4398 1659 4438 novem
1697 4383 1974 4454 regiminis

392 4467 441 4520 ei
501 4468 708 4520 tribuit.
752 4469 956 4539 Duplici
1003 4471 1163 4525 modo
1194 4473 1338 4527 hunc
1364 4473 1674 4543 scrupulum
1702 4475 1973 4544 explicare

390 4571 707 4625 possumus.
728 4557 937 4613 Primus
966 4569 1070 4625 est,
1109 4561 1155 4615 si
1180 4562 1466 4630 praedictos
1493 4563 1788 4617 annalistas
1824 4564 1967 4618 dixe-

392 4646 569 4701 rimus
597 4649 761 4701 veteri
793 4650 999 4703 calculo
1029 4642 1158 4706 usos
1206 4650 1372 4707 fuisse
1398 4654 1451 4706 in
1474 4653 1804 4724 designando
1833 4671 1973 4709 anno

391 4752 504 4802 quo
550 4737 783 4792 decessit
831 4738 1373 4796 llabanus.Deeessit
1423 4743 1619 4811 quippe
1648 4743 1735 4799 die
1782 4753 1973 4813 quarta

389 4826 673 4882 Februarii
701 4846 712 4881 :
744 4845 862 4898 qua:
904 4831 1021 4884 dies
1050 4831 1115 4884 ad
1147 4831 1304 4886 linem
1351 4834 1477 4886 anni
1504 4833 1607 4888 856
1654 4833 1842 4913 referri
1873 4850 1973 4905 po-

390 4918 513 4981 luit,
538 4919 833 4974 secundum
852 4930 1089 4976 veterem
1121 4922 1405 4989 calculum,
1429 4933 1520 4978 aut
1549 4927 1616 4979 ad
1638 4927 1851 4981 initium
1890 4942 1974 4982 se-

385 5008 628 5075 quentis,
653 5013 943 5065 secundum
976 5028 1193 5067 novum.
1220 5014 1289 5067 At
1331 5031 1439 5084 quo
1478 5017 1654 5070 minus
1681 5018 1781 5071 hoc
1810 5026 1967 5087 pacto

385 5098 729 5167 explicentur
752 5101 1043 5158 Fuldenses
1064 5103 1385 5161 etSaxonici
1407 5106 1645 5172 annales,
1668 5117 1969 5180 repugnant

387 5196 501 5244 tres
531 5192 754 5246 omnino
782 5207 868 5246 res
895 5212 908 5245 :
933 5210 1061 5257 una,
1095 5195 1235 5263 quod
1259 5212 1453 5250 novum
1489 5197 1752 5252 calculum
1796 5198 1968 5265 secuti

384 5288 536 5343 sunt,
565 5280 772 5335 obitum
802 5281 978 5337 Caroli
1011 5283 1209 5354 Magni,
1234 5286 1324 5354 qui
1351 5301 1381 5338 v
1420 5286 1538 5340 Kal.
1566 5287 1844 5342 Februarii
1884 5304 1968 5343 ac-

380 5370 540 5435 cidit,
565 5374 867 5429 revocando
889 5375 955 5429 ad
981 5392 1180 5430 annum
1210 5376 1333 5441 8M,
1358 5394 1456 5448 pro
1484 5394 1620 5434 novo
1644 5380 1967 5436 numerandi

383 5459 514 5521 ritu,
539 5476 648 5515 non
684 5464 752 5516 ad
788 5478 988 5518 annum
1022 5465 1146 5531 8l'5,
1176 5482 1274 5536 pro
1296 5470 1514 5537 antiquo
1540 5486 1555 5535 ;
1585 5470 1772 5536 altera,
1824 5472 1965 5541 quod

380 5550 549 5605 iidem
576 5554 801 5610 annales
822 5556 876 5610 in
905 5558 1081 5627 capite
1105 5560 1231 5614 anni
1259 5559 1364 5615 856
1405 5560 1610 5616 Rabani
1638 5563 1843 5619 obitum
1873 5577 1962 5616 re-

378 5640 584 5709 ferunt,
612 5653 671 5700 et
707 5658 1100 5717 consequenter
1128 5649 1379 5707 Hattonis
1420 5651 1700 5709 Fuldcnsis
1749 5655 1961 5710 abbatis

379 5730 666 5797 decessum
716 5737 888 5806 pridie
924 5738 1053 5795 Idus
1088 5740 1303 5811 Aprilis,
1349 5750 1457 5796 tum
1502 5743 1801 5819 insequenti
1851 5744 1960 5799 Au-
2016 5757 2020 5759 ‘

2085 3645 2337 3712 opuscula
2353 3647 2405 3701 in
2418 3649 2699 3720 utriusque
2721 3650 3051 3711 Testamenti
3077 3657 3288 3729 pagina,
3307 3668 3362 3715 et
3391 3667 3516 3715 ante
3529 3676 3649 3731 por-

2086 3738 2192 3785 tam
2220 3735 2486 3801 praedieta:
2532 3737 2765 3794 civitatis
2822 3743 3173 3798 meridianam
3230 3747 3370 3815 apud
3414 3757 3660 3802 sanctum

2082 3820 2348 3877 Albanum
2398 3827 2628 3896 sepulcri
2669 3829 2786 3899 ejus
2814 3832 3116 3886 ostenditur
3153 3836 3412 3890 memoria
3446 3836 3497 3890 in
3537 3852 3661 3891 sau-

2081 3919 2289 3968 ctorum
2338 3916 2864 3988 archiepiscoporum
2913 3921 3122 3977 Martini
3166 3932 3221 3978 et
3254 3924 3517 3980 Bonifacii
3564 3942 3659 3980 ca-

2078 4002 2236 4070 pella.
2272 4024 2292 4056 »
2322 4005 2403 4061 Ex
2442 4008 2545 4063 hoc
2586 4021 2960 4078 monumento,
2983 4013 3124 4082 quod
3170 4014 3222 4067 in
3259 4015 3444 4070 codice
3474 4026 3658 4071 nostro

2078 4099 2205 4147 ante
2251 4111 2422 4151 annos
2467 4100 2889 4170 quadringentos
2934 4101 3263 4172 descriptum
3307 4109 3412 4167 est,
3452 4104 3652 4159 intelli-

2075 4187 2273 4255 gimus,
2301 4188 2579 4246 Rabanum
2618 4192 2923 4263 Moguntina,
2951 4203 3009 4247 ut
3038 4195 3283 4264 superius
3309 4196 3439 4261 dixi,
3469 4205 3654 4253 natum

2072 4292 2233 4343 esse;
2269 4294 2331 4333 ac
2351 4282 2575 4349 proinde
2618 4283 2806 4337 malea
2835 4284 3105 4338 nonnullis
3146 4285 3391 4356 dispungi
3430 4288 3646 4341 tertium

2072 4377 2128 4424 et
2170 4376 2420 4438 quartum
2451 4371 2567 4441 ejus
2601 4371 2856 4443 epitaphii
2902 4389 3111 4439 versus,
3146 4375 3288 4444 quod
3334 4375 3401 4430 de
3441 4391 3500 4431 se
3536 4376 3651 4446 ipse

2072 4464 2391 4533 composuit,
2409 4465 2494 4519 cui
2517 4466 2825 4535 praemissus
2851 4466 2937 4520 hic
2968 4466 3156 4522 titulus
3178 4467 3232 4521 in
3255 4468 3439 4523 codice
3464 4466 3649 4525 nostro

2072 4571 2175 4611 ms.
2201 4556 2539 4627 Epitaphium
2577 4558 2744 4610 sancti
2778 4556 2976 4611 Rabani
3005 4557 3221 4623 Mauri,
3251 4558 3536 4629 Moguntize
3564 4574 3648 4615 se-

2072 4644 2157 4700 dis
2175 4646 2584 4716 archiepiscopi,
2609 4648 2749 4715 apud
2773 4657 3017 4702 sanctum
3051 4648 3315 4704 Albanum
3337 4650 3563 4719 sepulti:

2197 4776 2372 4842 Lector
2395 4778 2620 4837 honeste,
2648 4790 2805 4842 meum
2830 4782 2867 4827 si
2898 4781 2965 4827 vis
2988 4792 3285 4841 cognoscere
3308 4782 3451 4831 vitam
3467 4819 3482 4842 ,

2256 4839 2500 4899 Tempore
2524 4841 2711 4887 mortali
2736 4841 2928 4888 discere
2954 4843 3022 4888 sic
3049 4839 3246 4900 poteris.

2201 4897 2333 4949 Urbe
2350 4897 2545 4961 quidem
2572 4899 2660 4951 hac
2685 4902 2855 4962 (Deest
2884 4904 2971 4950 hac
2994 4897 3151 4953 in'ms.
3172 4903 3186 4961 )
3206 4903 3404 4963 genitus
3421 4916 3543 4956 smn.
3565 4910 3621 4952 et

3003 4963 3158 5021 [sacro
3179 4963 3308 5012 f-inte
3334 4973 3531 5012 renatus
3557 4976 3568 4986 ·

2259 5021 2310 5069 lu
2336 5019 2483 5069 Fulda
2509 5030 2615 5082 post
2636 5022 2740 5070 haec
2758 5023 2928 5083 dogma
2954 5019 3139 5073 Sacrum
3172 5026 3336 5074 didici.

2196 5083 2303 5146 Quo
2323 5084 2584 5146 monachus
2606 5084 2756 5146 tactus
2779 5086 3022 5133 seniorum
3042 5085 3169 5145 iussa
3192 5084 3451 5146 sequebar.

2257 5143 2429 5207 Norma
2449 5145 2558 5192 mihi
2585 5147 2694 5194 vita:
2721 5145 2901 5207 llegnla
2919 5143 3078 5193 sancta
3105 5147 3206 5194 fuit.

2195 5205 2292 5254 Sed
2322 5204 2436 5266 licet
2461 5208 2651 5254 incaute
2676 5204 2916 5255 hanc'uec
2934 5207 3028 5254 lixe
3055 5218 3250 5266 semper
3273 5204 3504 5253 haberem
3526 5242 3541 5264 ,

2255 5265 2386 5337 Cella
2408 5272 2575 5337 tamen
2594 5266 2810 5337 mihimet
2834 5271 3022 5337 mansio
3036 5265 3172 5327 grata
3192 5265 3296 5337 fuit.
3340 5323 3371 5337 γ’

2195 5327 2286 5396 Ast
2307 5328 2386 5375 ubi
2402 5326 2498 5385 jam
2523 5327 2686 5396 plures
2709 5330 2990 5396 transissent
3008 5326 3241 5396 temporis
3263 5326 3374 5371 anni
3389 5361 3404 5385 ,

2254 5388 2539 5439 Convenere
2566 5391 2648 5456 viri
2674 5395 2865 5456 vertere
2880 5386 2981 5456 _t_'a_ta
3006 5387 3112 5434 loci.
3160 5445 3171 5456 .

2114 5478 2120 5489 ι
2192 5448 2284 5518 Mt:
2296 5451 2584 5518 abstraxere
2605 5449 2745 5518 domo
2768 5448 3050 5518 ἱηνξιμίόυλῃ,
3065 5445 3271 5506 regique
3290 5444 3476 5507 tulere,

2253 5510 2514 5558 Pascentes
2534 5511 2665 5569 I‘ungi
2691 5508 2906 5568 presulis
2927 5507 3099 5569 officio.

2190 5569 2241 5620 In
2259 5583 2353 5627 quo
2378 5584 2470 5618 nec
2493 5567 2716 5638 meritum
2741 5572 2985 5638 vittata-ec
3008 5567 3188 5638 dogma
3207 5574 3551 5638 repertum'est
3575 5603 3589 5625 ,

2250 5632 2350 5681 Nec
2375 5632 2578 5692 pastoris
2598 5641 2718 5697 opus
2735 5629 2845 5689 jure
2866 5628 2980 5697 (lui.
3004 5665 3017 5685 ,
3036 5627 3191 5697 urbe)
3218 5628 3578 5697 beneplacitutn

2191 5687 2446 5750 Promptus
2467 5698 2573 5740 erat
2596 5687 2780 5736 animus
2802 5701 2814 5736 :
2839 5687 2924 5750 sed
2948 5689 3138 5750 tardans
3153 5687 3316 5736 debile
3341 5702 3516 5748 corpus

2248 5749 2362 5803 Feci
2386 5754 2511 5813 quod
2537 5756 2774 5814 poteram,
2797 5749 3022 5813 quodque
3044 5749 3173 5803 Deus
3197 5751 3423 5801 dederat.
