4012 6202
349 370 412 428 31
1490 366 1581 421 AD
1620 361 1846 420 OPERA
1878 359 1939 412 Β.
1980 355 2230 412 RABANI
2269 355 2491 410 MAURI
3516 352 3585 406 3?.

474 484 613 537 Nunc
631 497 726 547 ego
749 491 799 535 te
826 481 1115 547 ex_tumulo,
1140 478 1290 529 frater
1310 476 1742 547 dilecte._jtavantto

536 539 853 596 Comriiendes
875 544 1058 591 Christo
1084 539 1164 590 me
1189 550 1239 589 ut
1264 541 1487 600 precilms
1512 539 1714 587 Domino

476 606 667 657 Judicis
687 607 857 656 teter-ni
879 618 957 654 me
979 611 1033 651 ut
1052 605 1205 664 gratia
1224 603 1377 650 salvet
1400 603 1447 648 iu
1473 612 1627 664 aevum
1653 632 1669 655 ,

540 668 645 717 Non
669 669 897 717 meritum
919 668 1160 722 aspiciens
1184 702 1195 720 ,
1222 664 1307 710 sed
1332 663 1523 720 pietatis
1545 672 1686 722 opus.

480 729 642 778 Raban
670 740 846 788 nempe
872 720 986 773 mihi
1014 738 1221 788 nomen:
1247 724 1495 788 cui_|ectio
1526 720 1680 769 dulcis

545 790 726 838 Divina;
754 782 875 847 legis
895 798 1093 846 semper
1112 787 1291 844 ubique
1314 782 1417 847 fuit_.

480 851 584 908 Cui,
612 851 742 898 Deus
764 844 1092 908 oniuiitote'us,
1114 847 1297 894 tribuas
1320 844 1534 892 ca-lestia
1551 854 1723 908 _regna
1750 876 1765 900 ,

542 888 1255 970 Etiéiiui'i'é'iliﬁéiﬁ'einﬁér
1276 888 1467 954 ἷιιῖὶῐὲ
1476 888 1599 966 Lati.

428 1034 516 1088 40.
545 1032 672 1100 Ejus
696 1050 714 1083 ι
736 1040 981 1087 sanctum
1010 1044 1254 1098 corpus,»
1281 1036 1416 1082 teste
1440 1025 1757 1090 Trithemio,
1791 1042 1809 1075 ι
1830 1038 1927 1077 an-

362 1126 448 1180 nis
483 1124 751 1179 sexcentis
774 1121 1161 1192 quinquaginta
1193 1134 1385 1174 novem
1408 1118 1462 1171 in
1497 1124 1794 1171 memorato
1821 1129 1932 1170 cm-

364 1218 525 1273 nobio
574 1217 746 1271 sancti
800 1213 1054 1282 martyris
1100 1211 1292 1265 Albani
1338 1208 1623 1278 sepultum,
1670 1208 1722 1261 in
1752 1221 1935 1260 sarco-

366 1308 543 1377 phago
586 1306 742 1374 juxta
789 1319 1001 1358 murum
1048 1300 1200 1356 chori
1253 1300 1460 1353 elevato
1508 1296 1821 1366 permansit.
1852 1296 1933 1350 Ad

369 1396 521 1463 cujus
549 1408 763 1463 quoque
800 1393 1063 1447 tumulum
1100 1406 1130 1443 a
1167 1388 1430 1458 principio
1479 1401 1707 1456 magnus
1752 1383 1934 1454 populi

367 1490 469 1543 fuit
500 1501 813 1550 concursus,
843 1493 899 1540 et
926 1484 1078 1553 plura
1126 1490 1417 1537 narrantur
1460 1479 1603 1534 facta
1635 1476 1931 1541 miracula;

366 1580 459 1648 qui
490 1588 667 1631 tamen
697 1590 949 1631 successu
979 1572 1236 1641 temporis
1273 1569 1493 1625 omnino
1524 1567 1736 1630 defecit,
1767 1575 1823 1619 et
1846 1579 1935 1619 sa-

369 1668 563 1724 cellum
591 1666 707 1734 ejus
736 1666 827 1719 diu
858 1665 972 1718 sine
1009 1664 1218 1717 honore
1263 1658 1584 1729 permansit.
1636 1656 1785 1711 Unde
1809 1668 1935 1725 pro—

369 1758 607 1812 videntis
645 1756 740 1811 Dei
790 1762 982 1810 cuncta
1037 1752 1429 1823 gubernantis,‘
1462 1748 1531 1804 ad
1572 1747 1805 1802 nominis
1854 1744 1935 1799 sui

1943 479 1994 537 Α
2021 482 2152 522 num
2177 475 2234 521 et
2267 465 2537 520 eruditum
2586 464 2759 518 virum
2813 469 2973 530 atque
3000 460 3322 516 catholicum
3379 462 3589 531 episco-

2021 572 2147 626 pum
2178 574 2191 620 ;
2229 577 2246 608 ι
2285 556 2606 610 Hincmarus
2634 568 2761 608 vero
2810 554 2861 607 in
2893 552 3149 622 Opusculo
3207 562 3393 609 contra
3442 568 3596 608 enm—

2023 650 2146 703 dem
2190 647 2601 712 Gotescaleum,
2635 664 2653 697 σ
2695 644 2975 699 Rabanum
3024 645 3386 698 venerabilem
3417 642 3597 700 arclti~~

2024 741 2358 810 episcopum,
2401 738 2636 792 zelosum
2670 737 2725 789 in
2758 744 2947 790 sancta
2995 734 3253 804 religione
3280 742 3511 804 patrem,
3540 744 3598 788 et

2025 829 2349 884 catholicum
2409 827 2727 897 scriptorem
2764 843 2783 876 ι
2828 833 3006 879 vocat.
3042 823 3303 877 Eumdem
3333 823 3602 878 Frodoar-

2028 920 2127 973 dus
2156 919 2448 973 canon’icus
2506 915 2823 970 Rhemensis
2853 933 2872 965 ι
2906 915 3124 968 beatum
3149 913 3428 969 Rabanum
3465 933 3483 966 ι
3520 915 3605 969 di-

2028 1009 2105 1064 cit
2134 1008 2186 1062 in
2215 1009 2309 1062 lib.
2342 1022 2381 1062 n
2434 1006 2687 1061 Historia:
2716 990 3058 1068 Rhemensis,
3098 1019 3217 1072 cap.
3258 1004 3349 1067 21,
3394 1014 3449 1059 et
3477 1018 3603 1058 san-

2030 1107 2150 1153 ctus
2198 1097 2350 1153 Odilo
2392 1098 2560 1152 abbas
2612 1095 2982 1150 Cluniacensis
3029 1113 3046 1145 ι
3083 1094 3328 1149 saeculari
3377 1096 3603 1151 scientia

2031 1191 2235 1246 affatim
2281 1190 2574 1253 eruditum,
2606 1188 2710 1242 ﬁde
2733 1187 3345 1256 catholicum,,spiritali
3375 1187 3606 1242 scientia

2032 1282 2098 1335 ad
2129 1279 2345 1351 plenum
2370 1278 2641 1342 edoctum,
2692 1295 2710 1327 ι
2745 1277 2799 1329 in
2828 1290 3076 1330 sermone
3122 1277 3187 1330 de
3224 1274 3381 1330 laude
3406 1284 3617 1330 sancta-

2035 1370 2233 1427 crucis.
2285 1369 2534 1439 Ejusdem
2566 1366 2809 1421 meminit
2836 1365 3152 1420 Guillelmus
3175 1364 3344 1420 abbas
3371 1364 3603 1421 Romani

2035 1458 2346 1514 monasterii
2409 1457 2582 1511 sancti
2636 1454 2786 1509 Pauli
2835 1454 2888 1507 in
2925 1454 3244 1508 Kalendario
3293 1465 3613 1511 sanctorum.

2036 1552 2444 1614 monachorum,
2471 1550 2613 1618 quod
2633 1564 2777 1601 anno
2791 1547 2930 1601 1572
2948 1549 3271 1618 composuit,
3298 1549 3382 1604 his
3406 1549 3607 1613 verbis,

2043 1658 2061 1690 ι
2096 1638 2236 1708 prid.
2269 1636 2450 1691 Nonas
2497 1637 2776 1691 Februarii
2809 1636 3022 1690 Rabani
3075 1638 3467 1707 archiepiscopi
3498 1638 3609 1691 Mo-

2040 1728 2269 1799 guntini.
2311 1748 2330 1779 ›
2359 1727 2600 1796 Denique
2648 1727 2703 1781 in
2732 1725 2918 1782 codice
2965 1736 3152 1782 nostro
3181 1743 3235 1781 u.
3264 1726 3386 1791 170,
3421 1729 3511 1796 qui
3545 1729 3611 1779 ab

371 1852 619 1921 gloriam,
648 1858 704 1904 et
730 1848 915 1903 famuli
937 1848 1020 1901 sui
1061 1854 1380 1915 perpetuum
1407 1844 1687 1904 honorem,
1716 1838 1941 1893 sanctis-
1968 1822 2014 1880 Β
2042 1818 2198 1921 illius
2231 1815 2345 1921 ξένε
2374 1816 2683 1921 (ιυίηεεξηρε
2710 1831 2874 1919 mai“!
2921 1817 3221 1887 descriptus
3249 1824 3350 1880 εει,
3382 1816 3612 1871 "eieil"?

372 1941 570 1995 simum
603 1952 799 2007 corpus
844 1936 961 2005 ejus
981 1936 1048 1990 de
1087 1932 1352 2004 Mogontia
1384 1930 1655 1985 ordinavit
1695 1936 1749 1983 et
1775 1926 1943 1981 voluit

373 2031 429 2084 in
461 2029 750 2085 Saxoniam
785 2026 1063 2081 transferri
1090 2040 1232 2080 anno
1257 2022 1528 2094 praesenti,
1557 2036 1664 2090 quo
1688 2020 1790 2073 hoc
1810 2018 1945 2073 seri-

373 2125 604 2194 psimns,
660 2122 951 2176 Dominicze
1001 2120 1252 2175 videlicet
1304 2116 1611 2172 Nativitatis
1661 2114 1943 2169 millesimo

375 2216 807 2288 quingentesimo
834 2214 1020 2283 quinto
1047 2214 1276 2274 decimo.
1333 2204 1627 2265 indictidne
1670 2209 1942 2262 Romano-

376 2323 496 2362 rum
532 2306 687 2360 tertia
715 2324 727 2359 :
760 2316 880 2373 qua:
905 2304 1123 2371 quidem
1162 2302 1462 2365 translatio,
1488 2315 1587 2370 per
1614 2313 1793 2369 quem,
1820 2312 1946 2367 qua-

376 2397 520 2460 liter,
552 2395 764 2465 quando
803 2404 857 2448 et
901 2409 1156 2463 quorsum
1211 2393 1282 2447 sit
1331 2390 1495 2455 facta,
1551 2388 1771 2458 speciali
1821 2402 1946 2457 syn-

377 2494 617 2556 tagmate
664 2485 1068 2553 descripsimus.
1103 2502 1122 2534 ι
1162 2481 1279 2535 Non
1305 2488 1483 2536 exstat
1509 2479 1598 2533 illa
1661 2476 1942 2531 Trithemii

374 2576 697 2639 lucubratio,
734 2574 825 2643 qui
865 2575 1003 2628 hanc
1040 2556 1444 2626 translaiionem
1466 2569 1693 2623 Alberto
1730 2566 1946 2635 Mogun-

380 2667 493 2720 tino
514 2665 919 2734 archiepiscopo
969 2663 1177 2717 auctori
1242 2661 1427 2714 tribuit
1467 2660 1521 2713 in
1556 2655 1946 2726 nuncupatoria

379 2757 604 2827 epistola
630 2756 766 2811 Vita:
820 2755 1027 2809 Rabani
1063 2754 1284 2823 praefixa
1313 2771 1324 2807 :
1355 2752 1436 2807 sic
1485 2752 1629 2806 enim
1668 2749 1946 2803 Albertum

381 2847 713 2915 alloquitur:
752 2864 771 2896 ι
807 2844 1088 2898 Rabanum
1143 2844 1282 2912 apud
1344 2843 1711 2919 Moguntiacos
1761 2841 1947 2908 despe-

384 2944 531 2990 ctum
557 2944 611 2989 et
630 2950 767 3003 pene
796 2935 1125 3003 sempiterna
1169 2933 1435 2987 oblivione
1457 2932 1743 3001 sepultum,
1773 2931 1827 2984 in
1855 2944 1947 2984 no-

379 3026 527 3080 mine
541 3024 672 3093 justi
702 3039 910 3079 summa
940 3040 1063 3079 cum
1085 3024 1429 3078 veneratione
1457 3022 1642 3079 levasti
1675 3023 1741 3076 de
1770 3030 1944 3076 terra:

379 3124 601 3185 propter
634 3116 776 3185 quod
808 3123 861 3168 et
884 3114 1225 3182 omnipotens
1253 3113 1512 3167 Dominus
1534 3112 1768 3165 anintam
1797 3120 1942 3165 tuam

2044 1909 2385 1981 Epitaphium
2406 1908 2577 1963 sancti
2602 1907 2834 1972 Rabani,
2864 1923 3044 1977 supra.
3079 1907 3159 1960 Ex
3185 1907 3378 1976 quibus
3432 1908 3613 1960 onzni-

2044 2005 2144 2061 bus
2174 2012 2324 2074 patet
2350 2002 2631 2057 Rabanum
2665 2002 2805 2071 apud
2855 2009 3067 2056 veteres
3117 2000 3353 2054 audiisse
3402 2008 3460 2052 ut
3486 2018 3609 2053 san—

2043 2105 2225 2150 ctum:
2266 2110 2332 2149 ac
2378 2093 2575 2148 falsum
2624 2107 2746 2148 esse
2789 2091 3166 2156 Trithemium,
3209 2090 3300 2160 qui
3352 2088 3468 2157 ejus
3520 2090 3615 2143 ob-

2044 2186 2179 2240 itum
2235 2184 2380 2239 locat
2425 2199 2478 2237 vr
2533 2182 2652 2239 Kal.
2683 2180 3023 2236 Novembris.
3071 2179 3292 2233 Beatum
3333 2180 3606 2247 appellare

2044 2275 2243 2339 malui,
2297 2289 2459 2345 quam
2516 2282 2798 2338 sanctum,
2850 2272 3022 2326 donec
3076 2271 3314 2325 sanctior
3370 2269 3619 2322 Ecclesia:-

2047 2366 2266 2420 accedat
2295 2364 2630 2429 auctoritas;
2669 2364 2933 2433 siquidem
2993 2360 3139 2416 nullo
3174 2360 3365 2414 festivo
3388 2359 3532 2413 cultu
3566 2359 3617 2411 in

2047 2457 2464 2528 Magontiacensi
2494 2455 2723 2511 ecclesia
2768 2454 3087 2516 honoratur,
3117 2460 3255 2506 teste
3281 2452 3532 2503 Browero
3560 2452 3608 2501 in

2048 2549 2190 2603 notis
2221 2550 2287 2602 ad
2307 2547 2593 2618 poematia.
2643 2545 2778 2600 Eum
2807 2564 2824 2595 ‹
2860 2543 3067 2613 fulgens
3111 2541 3418 2597 Germania:
3448 2541 3621 2601 sidus,

2049 2643 2420 2713 theologorum
2474 2641 2733 2696 verticem
2795 2656 2813 2691 ι
2871 2639 3187 2702 Baronius;
3260 2636 3621 2688 Bellarmintzs

2054 2754 2071 2785 ε
2120 2750 2272 2803 atque
2295 2733 2508 2789 doctum
2539 2746 2601 2786 ac
2630 2732 2780 2801 pium
2817 2749 2835 2782 ι
2869 2738 3027 2784 vocat
3058 2747 3069 2781 :
3100 2727 3203 2782 alia
3230 2727 3458 2781 aliorum
3508 2725 3589 2777 clo

2050 2827 2134 2896 gia
2158 2825 2530 2894 praetermitto.

2650 2910 2877 2967 CAPUT
2913 2911 2978 2965 Χ.

2281 3004 2318 3059 1
2322 3005 2551 3061 udicium
2578 3004 2640 3057 de
2664 3004 2779 3073 ejus
2801 3005 3005 3071 scriptis
3032 3014 3078 3056 et
3109 3004 3370 3056 doctrina.

2245 3096 2525 3186 .Superest
2546 3097 2834 3173 :agendum
2899 3094 2963 3146 de
3027 3094 3254 3147 Rabani‘
3289 3094 3528 3161 scriptis,
3561 3094 3627 3144 de

384 3162 505 3256 bum
542 3162 740 3257 sanctis
782 3202 894 3256 suis
925 3162 1183 3255 exaltabit
1232 3202 1285 3255 in
1338 3201 1601 3288 patria?!

2046 3162 2420 3284 ξμιῖᾗυρξᾳίαξ
2591 3162 2879 3257 ᾐὶξριπριιιιίι
2908 3202 2920 3236 :
2952 3200 3138 3246 unum,
3194 3200 3313 3251 qua!
3366 3184 3625 3252 legitima,

387 3293 741 3347 translatione
767 3293 1068 3364 signantius
1117 3291 1228 3361 agit
1257 3273 1868 3359 Trithemitisabilibré
1883 3275 1971 3345 de:
1989 3302 2007 3318 '

385 3382 510 3438 Vita
537 3383 708 3437 sancti
750 3382 967 3436 Maximi
1001 3382 1384 3451 archiepiscopi
1408 3380 1701 3450 Moguntini
1730 3380 1813 3435 his
1830 3396 1950 3451 ver-

382 3477 484 3532 bis.
535 3496 553 3527 ‹
590 3477 723 3530 Cum
750 3475 1001 3529 Albertus
1028 3449 1951 3551 annoarchipontiﬂqatdséﬁhmg
1971 3460 2002 3540 ⁸,

383 3566 592 3639 guntini
622 3565 820 3634 primo,
850 3563 1325 3634 Magdeburgensis
1348 3548 1841 3637 aqtérftjeisundo}
1854 3562 1951 3633 pro
1982 3559 1999 3575 °

384 3661 480 3716 Dei
525 3673 707 3713 amore
746 3666 799 3712 et
832 3658 1133 3712 reverentia
1175 3664 1505 3719 sanctorum,
1538 3655 1680 3724 apud
1720 3654 1949 3725 Mogun-

388 3754 517 3807 tiam
549 3751 953 3815 circumeundo,
979 3748 1256 3805 basilicam
1280 3748 1537 3819 martyris
1564 3748 1736 3801 sancti
1757 3746 1952 3801 Albani

384 3842 609 3896 devotus
660 3841 898 3904 intravit,
949 3849 1003 3894 et
1036 3840 1223 3894 videns
1275 3838 1712 3919 prtescripto’rum
1766 3837 1953 3893 decem

382 3930 701 4002 pontificum
761 3939 943 3984 sancta
982 3945 1209 3999 corpora
1257 3929 1374 3983 sine
1421 3929 1626 3983 honore
1674 3926 1951 3997 neglecta;

386 4022 708 4077 auctoritate
747 4035 853 4075 non
890 4022 1068 4075 minus
1115 4018 1429 4090 apostolica,
1490 4032 1650 4088 quam
1681 4016 1954 4071 ordinaria

387 4128 537 4179 usus,
565 4128 761 4182 corpus
784 4114 954 4168 sancti
986 4112 1195 4167 Rabani
1248 4112 1519 4182 quondam
1566 4110 1955 4180 archiepiscopi

388 4213 584 4270 totum,
610 4205 781 4260 sancti
809 4203 1025 4258 Maximi
1046 4203 1279 4273 episcopi
1326 4203 1584 4266 medium,
1606 4200 1958 4269 permissione

387 4294 773 4348 cauonicorum
817 4293 942 4347 inde
988 4293 1210 4347 abstulit
1235 4309 1250 4357 ;
1283 4299 1338 4346 et
1369 4292 1424 4345 in
1454 4290 1746 4346 Saxoniam
1774 4298 1953 4343 trans-

386 4382 586 4446 ferens,
619 4384 757 4451 apud
779 4382 1218 4452 Hallaseppidum
1248 4383 1303 4436 in
1324 4382 1545 4437 basilica
1567 4381 1739 4436 sancti
1761 4379 1960 4433 Mauri-

387 4473 448 4527 tii
478 4472 704 4527 solemni
746 4473 1107 4541 processionis
1134 4471 1315 4527 officio
1340 4470 1646 4533 collocavit,
1683 4486 1826 4524 anno
1855 4470 1959 4524 Do-
1981 4509 2035 4568 Β

389 4564 606 4618 minicte
634 4562 946 4617 Nativitatis
978 4563 1264 4618 millesimo
1292 4562 1729 4632 quingentesimo
1762 4562 1953 4630 quinto

389 4656 619 4719 decimo,
644 4656 933 4710 indictione
968 4654 1330 4710 Romanorum
1359 4655 1538 4709 tertia.
1576 4672 1595 4706 ι

460 4747 550 4800 41.
609 4745 746 4800 [line
771 4755 918 4817 patet
946 4754 1181 4817 quantus
1228 4747 1402 4802 honor
1440 4745 1649 4816 delatus
1696 4745 1767 4800 sit
1813 4760 1957 4799 mor-

393 4844 502 4901 tuo,
536 4852 695 4906 quem
752 4837 915 4889 etiam
968 4836 1236 4891 viventem
1284 4834 1523 4889 nonnulli
1561 4843 1798 4888 sanctum
1829 4850 1955 4887 san-

392 4925 747 4981 ctissimumve
784 4925 1159 4995 appellavere:
1188 4926 1243 4979 in
1274 4924 1360 4979 his
1404 4924 1732 4979 Humbertus
1783 4921 1956 4978 Wirt-

392 5016 728 5086 ziburgensis
754 5015 1037 5086 episcopus
1073 5016 1127 5071 in
1154 5015 1381 5086 epistola
1415 5030 1513 5070 sua
1554 5013 1957 5070 commentariis

395 5105 640 5162 Judicum
670 5106 886 5175 praefixa
922 5124 935 5159 :

513 5215 677 5277 Salve,
699 5222 863 5264 sancte
891 5221 1047 5276 pater,
1074 5216 1348 5273 meritoque
1369 5213 1541 5262 beatus
1564 5213 1608 5261 in
1633 5212 1771 5277 orbe.
1831 5195 1845 5209 ’

580 5275 829 5328 Τιιίὶοοιιε
849 5288 904 5325 es
924 5283 1156 5334 nostrum,
1178 5282 1345 5324 sancte
1372 5279 1530 5336 pater,
1552 5275 1742 5323 merito.

398 5379 466 5434 Et
495 5380 844 5436 Ermanricus
896 5380 952 5436 in
980 5378 1117 5434 libro
1146 5377 1211 5433 de
1245 5378 1368 5433 Vita
1420 5378 1591 5432 sancti
1626 5377 1758 5443 Soli,
1796 5391 1962 5447 agens

392 5470 460 5527 de
485 5475 812 5531 monasterio
835 5473 1110 5541 Fuldensi,
1146 5493 1164 5525 ε
1198 5473 1311 5538 ubi,
1338 5471 1444 5527 Deo
1470 5472 1804 5542 providente,
1834 5469 1959 5525 sub-

393 5563 494 5627 dit,
526 5564 683 5619 modo
708 5564 1078 5620 sanctissimus
1102 5580 1166 5619 ac
1198 5563 1251 5618 in
1277 5563 1424 5618 omni
1452 5570 1570 5616 arte
1594 5559 1957 5630 peritissimus

396 5644 561 5706 abbas
584 5649 839 5707 Rabanus
865 5653 1294 5724 perspicabiliter
1322 5651 1505 5722 fulget.
1547 5667 1566 5702 ι
1613 5646 1806 5702 Aniqu
1829 5661 1962 5715 pon-

397 5739 526 5800 tifex
550 5740 923 5813 Lugdunensis
952 5743 1003 5798 in
1031 5743 1256 5815 epistola
1292 5743 1359 5799 ad
1389 5739 1782 5802 Gotescalcum,
1815 5756 1832 5787 ‹
1869 5737 1962 5791 bo-

2201 3257 2390 3347 spuii'a
2402 3260 2466 3329 ἒξ
2485 3257 2660 3328 aliena
2685 3292 2699 3341 ;
2738 3274 2986 3337 alterum,
3019 3290 3137 3343 qua:
3161 3282 3365 3327 restent
3390 3274 3585 3325 inclita
3609 3291 3623 3337 ;

2054 3371 2719 3453 tumultuanti-mpure
2737 3366 2945 3448 singula
2976 3366 3175 3453 scripta
3208 3366 3334 3419 sint.

2002 3440 2054 3521 ξε
2854 3473 3017 3528 opera
3067 3438 3165 3511 tria
3209 3464 3414 3510 tantum
3448 3455 3627 3523 spuria

2016 3548 2217 3618 °'sunt,'
2241 3530 2496 3606 niinii‘itm
2542 3551 2665 3605 libri
2699 3559 2810 3605 tres
2836 3551 2901 3604 de
2951 3548 3334 3614 Qumstionibus
3373 3564 3629 3599 canonum

2051 3640 2501 3715 paenitentialium,
2530 3639 2617 3709 qui
2652 3639 2706 3692 in
2730 3639 2890 3693 editis
2925 3640 2991 3693 ad
3042 3637 3385 3691 Heribalium
3439 3635 3625 3704 scripti

2055 3734 2343 3789 dicuntur:
2370 3739 2481 3784 tum
2503 3740 2790 3799 sequentes
2816 3730 2938 3784 libri
2972 3728 3155 3782 itidem
3188 3737 3299 3782 tres
3331 3728 3402 3779 De
3428 3725 3629 3779 virtth

2056 3827 2148 3879 bus
2171 3834 2219 3878 et
2250 3824 2385 3878 vitiis
2408 3835 2427 3873 .‘
2454 3819 2872 3876 Commentarius
2896 3823 2949 3875 in
2978 3820 3230 3889 Regulam
3259 3819 3423 3873 sancti
3460 3816 3629 3869 Ben»-

2054 3915 2221 3969 dicti:
2250 3922 2305 3969 et
2336 3912 2491 3968 Liber
2512 3913 2576 3968 de
2620 3922 2947 3967 sacramento
2978 3908 3351 3985 ΕιιεΙιανίδτίιιΓ,
3385 3910 3484 3963 sub
3516 3909 3631 3977 ejus

2057 4007 2275 4061 nomine
2300 4003 2538 4060 Colonia:
2578 4003 2757 4059 editus
2808 4019 2949 4058 anno
2980 4001 3137 4056 1551.
3194 4002 3431 4055 Primum
3460 4003 3627 4069 siqni-

2056 4094 2178 4150 dem
2207 4102 2260 4149 et
2289 4094 2579 4149 secundum
2625 4109 2787 4163 opera
2817 4100 2941 4145 sunt
2964 4091 3243 4160 Ilalitgarii
3274 4091 3505 4160 episcopi
3537 4090 3634 4144 (Za-

2058 4185 2411 4249 meracensis,
2439 4192 2497 4239 ut
2544 4193 2691 4239 recte
2741 4182 2973 4236 advertit
3004 4182 3065 4236 V.
3096 4180 3151 4236 C.
3196 4181 3497 4251 Stephanus
3536 4180 3634 4233 Ba-

2060 4277 2238 4332 luzius
2272 4277 2326 4331 in
2352 4275 2668 4346 praefatione
2718 4275 2784 4329 ad
2807 4274 3014 4329 Rabani
3040 4272 3322 4343 epistolam
3347 4271 3632 4326 lleribsldo

2061 4370 2341 4440 scriptam,
2374 4371 2463 4439 qui
2504 4368 2834 4438 llalitgarius
2870 4367 3036 4420 libros
3088 4366 3324 4434 quinque
3369 4363 3630 4434 ptenitcn-

2063 4459 2218 4513 tiales
2238 4458 2538 4528 composuit
2564 4464 2752 4526 rogatu
2797 4456 3032 4510 Ebhonis
3059 4453 3447 4522 archiepiscom
3487 4452 3629 4507 Rha--

2061 4551 2284 4615 mensis,
2311 4550 2483 4604 editos
2505 4548 2573 4603 ab
2600 4546 2829 4602 Henrico
2847 4546 3065 4602 Canisio
3101 4547 3152 4599 in
3180 4554 3325 4600 tomo
3355 4544 3396 4598 ν
3426 4542 3635 4596 Lectio-

2062 4638 2188 4697 num
2216 4641 2592 4709 Antiquarum.
2626 4638 2759 4692 Nam
2810 4637 2946 4692 liber
2995 4638 3199 4708 primus
3224 4636 3290 4689 de
3313 4633 3636 4702 Qumstioni-

2061 4733 2160 4787 bus
2192 4746 2456 4786 canonum
2498 4730 2637 4800 apud
2684 4728 2965 4782 Rabanum
3006 4735 3088 4783 est
3118 4726 3340 4795 quintus
3362 4724 3498 4779 liber
3528 4721 3635 4774 Ha-

2062 4822 2259 4892 litgarii
2286 4839 2300 4888 ;
2331 4821 2598 4877 secundus
2650 4828 2736 4874 est
2760 4820 2951 4874 tertius
2977 4835 2991 4884 ;
3038 4817 3229 4871 tertius
3249 4826 3333 4871 est
3363 4827 3590 4886 quartus
3617 4834 3630 4881 ;

2064 4914 2271 4984 primus
2290 4928 2419 4967 vero
2445 4912 2581 4966 liber
2606 4912 2670 4966 de
2704 4909 2856 4964 Vitiis
2887 4908 3024 4980 apud
3073 4907 3349 4961 Rabanum
3397 4914 3481 4961 est
3517 4908 3634 4976 pri-

2064 5020 2185 5060 mus
2210 5002 2533 5074 Iialitgarii;
2577 4999 2845 5057 secundus
2888 4997 3188 5068 llalitgario
3233 4997 3397 5051 etiam
3443 5011 3637 5050 secun-

2066 5096 2205 5161 dus;
2242 5096 2434 5150 tertius
2484 5093 2793 5147 Rabanieus
2851 5091 3004 5159 cujus
3043 5089 3135 5154 sit,
3161 5088 3443 5144 incertum.
3476 5087 3638 5141 Com-

2068 5187 2364 5242 mentarius
2414 5200 2578 5255 porro
2624 5184 2677 5237 in
2706 5181 2967 5253 Regulam
3022 5180 3192 5236 sancti
3249 5176 3525 5234 Benedicti
3553 5186 3653 5245 est,

2065 5277 2347 5347 Smaragdi
2404 5274 2619 5330 abbatis
2667 5272 2982 5326 monasterii
3038 5271 3215 5325 sancti
3267 5268 3545 5323 Michaelis
3568 5267 3637 5323 ad

2066 5369 2269 5424 Mosam
2293 5368 2347 5421 in
2377 5363 2597 5419 dioecesi
2641 5360 3031 5424 Verodunensi,
3090 5368 3148 5415 ut
3181 5365 3393 5414 constat
3431 5365 3544 5411 tum
3569 5371 3636 5412 ex

2068 5458 2350 5530 Sigeherto
2381 5455 2436 5509 in
2464 5453 2556 5507 lib.
2595 5453 2662 5507 de
2687 5451 3053 5521 Scriptoribus
3084 5448 3484 5514 ecclesiasticis,
3514 5461 3635 5517 cap.

2069 5551 2193 5615 118,
2246 5557 2358 5602 tum
2417 5558 2484 5599 ex
2532 5543 2688 5599 libris
2744 5542 3106 5597 membraneis
3155 5537 3459 5609 permultis,
3501 5549 3640 5606 quos

2066 5642 2195 5697 vidi.
2256 5639 2496 5709 Denique
2547 5636 2684 5690 liber
2732 5632 2798 5687 de
2840 5630 3182 5687 Eucharistia
3226 5635 3312 5684 est
3360 5624 3651 5683 Paschasii»

2069 5729 2323 5788 Radberti
2356 5726 2563 5783 abbatis
2593 5721 2951 5781 Corbeiensis.
