4012 6202
364 262 461 321 33

1808 263 2341 321 PiiOLEGOMENA.

3587 281 3658 338 54

462 383 558 436 Μ.
603 380 677 436 Ut
730 380 889 434 facile
945 378 1340 446 distinguamus
1402 393 1520 447 qurc
1555 377 1764 432 llahani
1813 368 1976 447 opera
2008 383 2054 439 Λ
2083 377 2148 433 lis
2173 377 2524 447 poenitentite,
2552 393 2658 433 una
2692 381 2759 435 ab
2804 382 2992 437 eodem
3022 383 3138 438 viro
3165 384 3465 443 clarissimo
3513 390 3661 449 edita

381 475 639 529 nondum
679 470 823 542 typis
851 470 1063 538 vulgata
1092 470 1219 533 sint,
1252 484 1430 538 operae
1453 471 1685 538 pretium
1717 479 1796 523 est
1819 469 1985 539 dispi-

383 577 526 618 cere
549 560 681 630 quid
712 575 781 613 ex
828 558 1045 627 scriptis
1074 556 1189 624 ejus
1212 572 1243 610 a
1267 556 1496 611 Rudollo
1547 557 1986 612 commemoratis
2014 559 2018 562 ’

382 654 543 708 desit
590 654 646 709 in
695 650 904 716 editis;
948 656 1060 703 tum
1091 650 1222 718 quid
1272 664 1336 704 ex
1371 650 1438 704 iis
1470 664 1590 718 quae
1634 650 1905 704 habentur
1931 648 1984 702 in

382 744 616 797 editisa
672 739 906 795 Rudolfo
954 740 1375 809 prretermissum
1424 739 1531 803 sit;
1581 739 1813 807 denique
1856 738 1986 807 quid

384 841 602 901 praeter
623 845 787 901 opera
811 826 1087 882 aRudolfo
1110 836 1420 882 enumerata
1449 836 1575 881 etea
1600 843 1719 897 quae
1742 828 1796 881 in
1823 828 1987 882 colle-

380 926 583 978 ctione
598 921 805 977 Rabani
826 935 1047 989 operum
1065 908 1301 983 exstant,
1327 919 1553 974 ulterius
1586 921 1980 975 desiderentur.

467 1013 564 1067 45.
602 1012 682 1065 Ex
709 1008 1065 1064 enumeratis“
1084 1024 1115 1060 a
1142 1007 1372 1061 Rudolfo
1397 1008 1593 1063 desunt
1628 1010 1682 1062 in
1714 1009 1979 1065 collectio-

388 1120 466 1160 ne
502 1102 729 1156 Pamelii
770 1098 1143 1154 Commentarii
1190 1098 1245 1151 in
1282 1096 1443 1151 libros
1465 1098 1652 1154 Judith
1698 1110 1745 1153 et
1796 1101 1986 1154 Esther

388 1194 617 1255 inediti,
655 1190 747 1259 qui
786 1180 965 1259 penes
1014 1202 1114 1241 nos
1163 1196 1292 1241 sunt
1332 1188 1595 1258 descripti
1649 1206 1810 1244 manu
1837 1190 1983 1245 Petri

386 1282 680 1339 Francisci
732 1277 1029 1344 Chiﬂletii;
1072 1277 1297 1348 epistola
1353 1277 1418 1331 de
1475 1276 1868 1350 Cltorepiscopis
1914 1286 1982 1333 ad

390 1377 700 1445 Drogonem
730 1371 1034 1424 Mettensem
1068 1369 1385 1438 episcopum,
1433 1384 1561 1423 cura
1589 1367 1846 1437 Stephani
1878 1370 1981 1424 Ba-

390 1464 532 1519 luzii
561 1462 702 1517 edita
734 1461 788 1513 in
822 1459 979 1514 tertia
1003 1458 1238 1513 editione
1267 1457 1525 1512 librorum
1546 1456 1692 1511 Petri
1716 1459 1781 1511 de
1805 1458 1980 1511 Marca

393 1557 467 1611 de
495 1552 799 1610 Concordia
834 1549 1073 1620 Imperii.
1108 1565 1211 1603 una
1249 1564 1372 1603 cum
1407 1548 1567 1602 Libro
1611 1549 1674 1602 de
1700 1549 1981 1603 reverentia

394 1646 636 1715 ﬁ!iorum
668 1659 791 1711 erga
820 1650 1012 1710 patres,
1046 1649 1091 1693 et
1113 1638 1438 1699 subditorum
1462 1656 1584 1707 erga
1617 1655 1760 1708 reges
1786 1639 1854 1693 ad
1881 1638 1983 1691 Lu-

2088 468 2141 521 in
2168 468 2477 537 Appendice
2533 469 2788 524 Actorum
2846 478 3085 526 veterum
3112 474 3180 527 ad
3233 476 3549 545 capitularia
3574 496 3661 536 re-

2086 575 2210 637 gum
2276 558 2628 625 Francorum,
2684 563 2872 617 ordine
2921 580 3057 630 vni;
3092 564 3262 621 altera
3292 566 3345 620 in
3380 576 3525 624 torno
3548 571 3660 627 Vill

2086 647 2455 704 Conciliorum
2492 651 2746 705 editionis
2783 652 3099 708 Lahhcanze.
3149 656 3224 709 De
3261 659 3471 713 caneris
3495 676 3660 729 opus-

2087 739 2242 806 culis,
2293 756 2415 809 que;
2463 740 2686 796 Rabano
2746 743 3050 799 tribuuntur
3089 761 3118 798 a
3175 745 3491 810 Trithemio,
3528 749 3662 803 nihil

2086 824 2434 896 pronuntiare
2461 830 2655 895 ausim,
2685 831 2863 885 sintne
2894 832 3123 899 Rabani,
3157 850 3223 888 an
3258 852 3386 889 non.
3423 836 3516 891 llis
3545 854 3661 893 om-

2086 917 2243 972 nibus
2273 920 2419 972 addit
2443 920 2728 975 Browerus
2758 920 2996 977 Lotharii
3050 927 3276 996 Augusti
3329 930 3661 998 epitaphium

2087 1023 2116 1059 a
2146 1006 2367 1063 Rabano
2397 1010 2697 1075 conditum,
2748 1012 2889 1080 quod
2942 1014 3055 1083 ipse
3083 1015 3246 1070 refert
3274 1018 3327 1071 in
3370 1018 3663 1075 Annalium

2086 1096 2486 1151 Trevirensium
2516 1098 2748 1154 lib.vnt.
2804 1102 2885 1154 Ad
2912 1104 3027 1158 haec
3072 1104 3161 1158 alii
3222 1108 3563 1175 prophetiam
3595 1109 3661 1162 de

2086 1183 2305 1253 regibus
2357 1183 2396 1237 F
2404 1202 2687 1239 raucorum
2736 1204 2855 1257 quae
2884 1205 2914 1242 a
2952 1191 3221 1246 nonnullis
3250 1203 3434 1249 sancto
3472 1194 3660 1266 Augu-

2086 1274 2229 1328 stino
2261 1277 2575 1341 ascribitur,
2607 1279 2770 1332 etiam
2806 1279 3030 1334 Rabano
3058 1283 3340 1350 tribuunt;
3374 1286 3431 1341 in,
3468 1287 3666 1355 quibus

2084 1374 2167 1419 est
2191 1363 2424 1421 Jacohus
2459 1366 2761 1422 Alexander
2807 1370 3142 1427 Tenneurius
3177 1374 3229 1427 in
3262 1376 3514 1431 Veritatis
3546 1377 3665 1431 vin-

2085 1452 2279 1508 dicata:
2328 1470 2447 1525 cap.
2483 1456 2689 1513 ultimo.
2752 1456 2806 1511 Si
2841 1460 2963 1514 huic
3010 1464 3309 1531 prophetia:
3366 1464 3662 1533 credimus,

2093 1561 2109 1593 ι
2145 1546 2381 1612 quandiu
2408 1560 2564 1616 reges
2600 1547 2930 1601 Francorum
2983 1549 3316 1617 duraverint,
3347 1554 3438 1623 qui
3463 1554 3659 1609 Reum-

2086 1651 2217 1690 num
2248 1637 2535 1705 imperium
2569 1646 2753 1693 tenere
2793 1640 3005 1703 debent,
3057 1641 3299 1696 Romana
3332 1645 3565 1719 dignitas
3593 1662 3662 1701 ex

394 1736 642 1789 doricum
670 1734 1058 1803 imperatorem,
1106 1732 1196 1798 qui
1245 1731 1383 1785 liber
1404 1745 1435 1784 a
1466 1729 1693 1785 Rodulfo
1722 1728 1978 1784 Collecta—
2009 1734 2056 1792 B
2089 1732 2202 1779 toto
2230 1741 2335 1779 non
2365 1727 2578 1795 peribit.
2613 1746 2630 1776 ι
2661 1726 2718 1780 Id
2767 1743 2871 1796 quo
2908 1729 3058 1782 titulo
3086 1731 3386 1786 ascribatur
3414 1734 3660 1802 Rabano,

399 1826 545 1877 rium
576 1821 910 1892 appellatur;
949 1819 1185 1889 Epistola
1214 1819 1282 1872 ad
1320 1818 1609 1888 Notingum
1648 1817 1986 1873 Veronensem

399 1914 702 1980 episcopum
746 1910 812 1962 de
869 1909 1194 1977 prwscientia
1244 1917 1292 1961 et
1347 1909 1802 1978 prwacstinatione
1846 1910 1985 1975 Dei;

404 2004 563 2055 Liber
582 2002 650 2054 ad
694 1999 1010 2053 Ludovicum
1041 1999 1404 2069 imperatorem
1432 1999 1496 2053 de
1520 1998 1780 2053 oblatione
1801 2016 1987 2061 secun-

400 2093 536 2145 dum
562 2089 810 2161 Regulam
835 2090 1002 2142 sancti
1028 2087 1332 2150 Benedicti;
1363 2087 1604 2157 Epistola
1635 2088 1985 2144 consolatorie

402 2185 477 2237 ad
504 2182 773 2246 eumdem;
795 2190 841 2234 et
869 2179 1120 2249 Dialogus
1148 2180 1212 2235 de
1233 2189 1495 2250 computo,
1515 2195 1708 2234 recens
1726 2180 1902 2235 editus
1930 2180 1985 2237 in

402 2272 765 2327 Miscellaneis
812 2271 1135 2325 Baluzianis.
1189 2272 1271 2325 Ex
1291 2270 1376 2326 his
1424 2271 1653 2341 cpistola
1682 2271 1751 2327 ad
1796 2271 1986 2326 Notiu-

403 2378 538 2432 gum
564 2363 712 2417 edita
737 2361 805 2414 ab
827 2360 1115 2417 Sirmondo
1144 2370 1264 2425 est;
1294 2362 1429 2416 liber
1455 2377 1584 2417 vero
1612 2363 1677 2419 de
1699 2361 1984 2420 Oblatioue

402 2470 701 2524 puerorum
757 2454 986 2507 habetur
1034 2469 1194 2507 manu
1223 2454 1526 2524 descriptus
1561 2456 1616 2509 in
1658 2456 1984 2517 bibliotheca

405 2545 723 2600 Mellicensi.
950 2614 957 2619 μ

477 2635 565 2690 46.
608 2635 687 2688 Ex
714 2637 942 2691 adverso
986 2641 1181 2704 printer
1208 2642 1522 2690 enumerata
1572 2650 1601 2688 a
1628 2634 1859 2689 Rudolfo
1888 2637 1983 2690 ha-

400 2728 601 2782 bentur
656 2727 709 2779 in
753 2726 845 2781 illa
885 2724 1236 2781 collectione:
1277 2724 1431 2777 Liber
1475 2726 1537 2778 de
1583 2724 1982 2791 Grammatice;

408 2834 540 2884 opus
569 2816 631 2869 de
662 2814 947 2879 Universo;
978 2813 1247 2884 Expositio
1270 2816 1325 2868 in
1349 2816 1553 2869 cantica
1577 2832 1691 2886 qua:
1718 2816 1786 2868 ad
1816 2826 1986 2869 matu-

408 2909 549 2961 tinas
578 2907 762 2959 laudes
788 2923 879 2975 per
904 2904 1258 2974 Septimauam
1310 2888 1559 2958 dicuntur
1582 2922 1600 2970 ;
1626 2905 1902 2976 Allegoria:
1928 2908 1982 2961 in

394 3016 615 3052 sacram
646 2997 1015 3066 Scripturam;
1043 2996 1199 3051 Liber
1224 2998 1293 3049 ad
1327 2995 1684 3050 Thiotmarum
1731 2998 1793 3051 de
1816 2999 1981 3052 sacris

2090 1814 2221 1868 mihi
2253 1817 2488 1868 nomium
2516 1829 2848 1885 compertum
2887 1827 2989 1872 est.
3025 1818 3187 1873 Multo
3213 1823 3391 1878 minus
3410 1825 3463 1877 id
3493 1842 3662 1895 genus

2087 1902 2292 1956 oraculi
2324 1904 2666 1958 tribuendum
2719 1916 2906 1960 saneto
2949 1907 3275 1978 Augustino,
3306 1913 3358 1966 in
3392 1914 3544 1983 cujus
3582 1924 3661 1969 ta-

2090 2006 2212 2044 men
2238 1990 2471 2061 Operum
2498 1995 2845 2062 appendicem
2878 1996 3109 2050 refertur
3130 2008 3276 2054 tomo
3305 2000 3397 2055 IX.

2156 2084 2243 2138 48.
2287 2085 2526 2153 Denique
2565 2086 2737 2140 eidem
2793 2088 3016 2142 Rabano
3062 2092 3305 2145 eruditus
3360 2084 3438 2146 vir
3468 2094 3661 2151 Petrus

2086 2172 2412 2230 Frauciseus
2441 2176 2740 2232 Chillletius
2767 2181 2990 2233 ascribit
3034 2182 3229 2237 librum
3259 2200 3351 2239 seu
3380 2188 3659 2255 epistolam

2086 2271 2273 2317 contra
2299 2262 2533 2329 Judmos,
2561 2281 2720 2335 quam
2749 2267 2861 2338 ipse
2889 2269 3111 2325 Divione
3158 2274 3300 2342 typis
3328 2276 3491 2329 edidit
3518 2294 3660 2331 anno

2087 2353 2224 2408 1656
2265 2370 2373 2408 una
2431 2371 2554 2410 cum
2597 2358 2810 2412 Alcuini
2863 2359 3232 2417 Confessione.
3269 2366 3463 2420 Verum
3514 2368 3655 2423 hanc

2085 2444 2367 2516 epistolam
2395 2460 2501 2500 non
2555 2463 2675 2503 esse
2722 2449 2948 2515 liabeni,
3006 2453 3099 2506 sed
3142 2453 3419 2509 Amolonis
3444 2456 3662 2527 Lugdu-

2086 2538 2269 2592 nensis
2323 2539 2583 2608 epiSCO;)i,
2642 2540 2842 2596 diserte
2897 2544 3087 2611 probat
3134 2548 3406 2600 recentior
3443 2550 3661 2616 quidam

2086 2628 2317 2697 scriptor
2345 2629 2398 2682 in
2432 2630 2726 2699 appendice
2751 2632 2817 2684 ad
2848 2630 3069 2687 Joannis
3113 2633 3294 2687 Dalliei
3321 2637 3662 2691 dissertatio-

2086 2730 2211 2770 nem
2232 2716 2298 2771 de
2324 2726 2544 2771 auctore
2572 2718 2940 2773 Confessionis
2964 2718 3078 2787 jam
3122 2722 3294 2775 dictu}.
3330 2722 3496 2791 Hujus
3524 2740 3660 2779 ano-

2086 2805 2237 2876 nymi
2267 2814 2583 2876 argumenta
2613 2816 2868 2876 petuntur
2893 2810 3066 2877 primo
3097 2825 3125 2861 a
3157 2812 3422 2878 pertinaci
3446 2813 3660 2869 silentio

2085 2894 2412 2965 scriptorum
2438 2896 2676 2949 omnium
2702 2897 2793 2964 qui
2819 2896 3021 2951 Rabani
3052 2914 3212 2967 opera
3252 2911 3660 2960 recensuerunt.

2087 2983 2224 3038 Tum
2252 3000 2410 3066 exeo
2432 2986 2577 3055 quod
2609 2986 2764 3040 istius
2812 2988 3050 3056 cpistola:
3080 2991 3313 3063 scriptor
3338 2993 3434 3057 ait,
3472 3009 3529 3047 se
3545 2994 3657 3063 jam

415 3085 746 3149 Ordinibus;
776 3085 919 3139 Libri
947 3096 1049 3139 tres
1072 3086 1141 3138 ad
1169 3084 1511 3155 Reginaldum
1561 3103 1651 3139 seu
1687 3085 1977 3156 Regimbal-

2086 3073 2389 3149 episcopum
2420 3074 2587 3129 fuisse
2613 3090 2753 3129 anno
2795 3093 2812 3124 ‹
2853 3077 2915 3131 al
2951 3079 3183 3132 adventu
3218 3081 3426 3135 Domini
3477 3083 3602 3147 846,
3633 3104 3651 3135 ι

406 3176 534 3228 dum
562 3176 626 3228 de
652 3175 999 3229 ecclesiastica
1021 3175 1298 3244 disciplina
1322 3192 1339 3238 ;
1384 3173 1528 3226 Libri
1587 3185 1688 3229 tres
1711 3176 1778 3228 ad
1803 3176 1979 3229 Bono-

402 3284 522 3320 sum
576 3266 852 3331 abbatem;
885 3265 1125 3335 Epistola
1161 3265 1228 3318 ad
1275 3264 1618 3318 Humbertum
1669 3266 1981 3319 Wirtzibur—

402 3374 612 3427 gensem
634 3358 953 3427 episwpum,
982 3366 1137 3426 quota
1168 3356 1499 3424 generatione
1542 3354 1741 3408 licitum
1769 3357 1838 3409 sit
1865 3370 1982 3409 ma-‘

394 3450 735 3511 trimonium;
766 3446 993 3501 Liberde
1017 3448 1193 3501 anima
1216 3456 1263 3500 et
1286 3446 1561 3500 virtutibus
1581 3447 1649 3499 ad
1676 3446 1981 3501 Lotharium

406 3556 614 3609 regem;
645 3537 871 3592 Libellus
894 3539 959 3592 de
988 3540 1090 3592 vita
1130 3539 1477 3603 Antichristi;
1512 3537 1982 3610 Martyrologium;

405 3628 717 3692 Poematia;
740 3626 979 3693 Glossce;
1005 3638 1051 3683 et
1078 3629 1141 3682 de
1166 3627 1465 3693 Inventione
1487 3628 1781 3698 linguarum
1811 3645 1829 3682 :
1864 3646 1984 3700 qua:

400 3719 590 3772 omnia
625 3718 875 3775 videntur
897 3733 1017 3773 esse
1044 3704 1274 3789 'genuina
1310 3717 1516 3772 Rabani
1547 3733 1728 3788 Opera.
1762 3720 1837 3775 De
1873 3722 1983 3775 Ra-

402 3809 534 3862 bani
562 3807 767 3863 Glossis
793 3808 1104 3864 Teutonicis
1132 3809 1214 3863 adi
1239 3808 1494 3863 Ccesarete
1534 3808 1873 3866 bibliothecae
1902 3821 1983 3875 to-_

404 3914 557 3953 mum
582 3898 643 3953 ll.

480 3988 572 4040 47.
620 3987 678 4041 In
704 3988 880 4042 indice
903 3987 1112 4044 Rudolli
1144 3999 1200 4045 et
1245 3990 1298 4044 in
1330 3990 1473 4045 dicta
1499 3991 1815 4047 collectione
1844 3990 1984 4046 desi-

405 4077 674 4131 derantur
708 4076 951 4147 epistola:
984 4079 1228 4147 quzedam
1258 4094 1288 4132 a
1309 4078 1507 4134 Iacobo
1551 4079 1839 4135 Sirmondo
1868 4079 1984 4134 vul-

402 4175 548 4235 gatae
576 4167 801 4222 Lutetiae
818 4164 1147 4221 Parisiorum
1170 4181 1313 4221 anno
1341 4168 1495 4234 1647,
1522 4185 1714 4239 nempe
1744 4168 1983 4239 Epistola

406 4260 479 4312 ad
502 4259 846 4315 Iliacmarum
868 4259 1200 4321 Rhemensem
1215 4259 1534 4331 episcopum,
1563 4269 1611 4313 et
1650 4260 1756 4313 alia
1780 4259 1848 4313 ad
1878 4258 1985 4313 He-

407 4348 690 4404 berardum
721 4352 977 4412 comitem,
1012 4366 1117 4405 una
1159 4366 1282 4406 cum
1331 4350 1571 4420 synodali
1607 4350 1812 4405 Rabani
1863 4351 1977 4419 epi-

2083 3178 2193 3216 uno
2216 3173 2341 3218 ante
2371 3165 2577 3218 Rabaui
2601 3166 2993 3233 pontiﬁcatum,
3026 3177 3136 3223 tum
3163 3184 3226 3223 ex
3258 3187 3321 3225 eo
3343 3173 3484 3239 quod
3509 3190 3655 3241 qure-

2083 3253 2207 3308 dam
2233 3253 2453 3309 duriora
2508 3265 2695 3310 contra
2743 3255 2955 3311 Judteos
3017 3259 3283 3325 superiori
3334 3270 3571 3330 tempore
3594 3260 3657 3318 se

2084 3343 2337 3397 statuisse
2367 3336 2532 3398 refert
2563 3362 2574 3397 :
2605 3345 2745 3419 quod
2779 3345 3026 3409 Rabano,
3073 3348 3163 3416 qui
3213 3350 3417 3402 nullum
3469 3363 3657 3406 contra

2083 3433 2297 3489 Judteos
2329 3432 2604 3489 decretum
2629 3438 2878 3501 sancivit,
2911 3439 3198 3491 convenire
3225 3439 3527 3494 nullatenus
3558 3458 3654 3510 po—

2084 3535 2211 3580 test.
2253 3528 2518 3582 Praetcrea
2572 3530 2716 3597 quod
2771 3529 3013 3599 epistolm
3066 3540 3257 3585 auctor
3295 3548 3399 3586 non
3430 3536 3659 3590 obscure

2083 3627 2254 3685 notet,
2286 3635 2366 3684 se,
2398 3636 2519 3674 cum
2547 3621 2806 3675 adversus
2854 3619 3067 3676 Iudaeos
3114 3624 3395 3690 epistolam
3438 3627 3651 3691 scribit,

2083 3708 2381 3764 decessoris
2411 3709 2491 3763 sui
2532 3709 2683 3777 sequi
2731 3710 2977 3779 vestigia,
3009 3711 3101 3778 qui
3155 3711 3341 3765 itidem
3396 3715 3655 3769 adversus

2084 3798 2296 3874 Judtcos
2342 3800 2509 3855 multa
2547 3800 2872 3868 scripsisset,
2924 3801 3198 3869 multaque
3232 3804 3448 3871 egisset.
3495 3804 3658 3875 Otga-

2083 3893 2224 3946 rium
2258 3907 2385 3947 vero
2416 3892 2620 3946 Rabani
2668 3893 3003 3946 decessorem
3055 3894 3188 3946 nihil
3216 3894 3519 3963 hujusmodi
3557 3913 3658 3965 pa-

2086 3989 2260 4037 trasse
2286 3983 2341 4036 in
2372 3982 2590 4037 dimcesi
2642 3982 2968 4052 Moguntina.
3019 3983 3086 4036 Et
3115 3984 3196 4036 his
3223 3983 3436 4051 quidem
3488 4001 3653 4055 argu-

2083 4070 2282 4137 mentis
2312 4085 2432 4124 eam
2458 4071 2736 4143 epistolam
2784 4071 3002 4124 Rabano
3033 4069 3308 4137 ahjudicat
3343 4074 3656 4141 appendicis

2082 4169 2302 4225 auctor;
2334 4163 2632 4231 iisdemque
2653 4162 2899 4216 Amoloni
2931 4161 3273 4230 Lugdunensi
3300 4164 3562 4230 pontiﬁci,
3595 4174 3658 4219 ut

2083 4252 2303 4322 proprio
2327 4253 2557 4320 parenti,
2592 4252 2965 4306 vindicandam
2994 4265 3113 4305 esse
3155 4254 3448 4307 contendit.
3481 4254 3659 4324 Siqui-

2085 4343 2205 4397 dem
2240 4341 2431 4396 Amolo
2477 4356 2619 4395 anno
2648 4341 2745 4394 841
2776 4341 2832 4394 in
2884 4341 3192 4411 episcopum
3241 4344 3520 4400 ordinatus
3549 4353 3651 4411 est,

406 4438 548 4493 stola
584 4437 695 4506 jam
744 4438 798 4491 in
828 4410 1073 4494 conciliis
1094 4454 1097 4459 ‘
1118 4439 1287 4505 edita,
1318 4410 1377 4493 ei
1419 4436 1636 4508 epistola
1679 4438 1748 4490 ad
1782 4410 1978 4492 Notin-
2006 4410 2057 4469 D
2083 4446 2313 4501 moxque
2339 4431 2557 4485 duriora
2582 4438 2782 4485 statuta
2800 4430 3036 4485 condidit
3061 4440 3247 4485 contra
3269 4431 3503 4499 Juda‘os,
3520 4451 3654 4504 quos

404 4545 534 4597 gum
566 4528 929 4582 Veronensem
959 4518 1290 4598 episcopum,
1326 4530 1532 4582 contra
1582 4527 1976 4582 Gotescalcum.

410 4617 489 4670 Ex
524 4617 722 4685 quibus
771 4618 1010 4687 epistola:
1060 4619 1125 4674 ad
1182 4617 1467 4688 Notingum
1497 4626 1551 4687 et
1588 4619 1655 4672 ad
1710 4616 1978 4671 Heberara

408 4708 541 4760 dum
570 4723 773 4762 recusa:
805 4718 931 4762 sunt
958 4709 1012 4762 in
1059 4718 1203 4764 tomo
1231 4709 1390 4763 tertio
1419 4706 1593 4764 Italia:
1614 4707 1792 4763 Sacrae
1815 4722 1978 4779 opera

410 4796 738 4852 Ferdinandi
780 4798 1007 4868 Ughelli,
1048 4800 1139 4868 qui
1163 4799 1432 4854 Sirmondi
1460 4800 1748 4854 editionem
1775 4815 1880 4855 non
1903 4801 1981 4855 vi-

410 4890 586 4944 derat.
617 4891 856 4958 Denique
886 4891 940 4944 in
986 4892 1129 4946 dicto
1179 4892 1354 4946 indice
1398 4891 1607 4947 Rudolli
1634 4901 1688 4946 et
1718 4892 1772 4945 in
1816 4892 1979 4948 colle-

410 4982 592 5045 ctione
613 4981 831 5037 I‘amelii
857 4982 1052 5037 desunt
1076 4983 1315 5052 epistola:
1345 4984 1462 5038 duae
1487 4983 1667 5053 magni
1692 4983 1979 5038 momenti:

413 5089 519 5127 una
550 5074 619 5128 ad
651 5073 922 5144 Egilonem
954 5090 1045 5128 seu
1067 5073 1287 5144 Eigilem
1332 5073 1566 5128 abbatem
1597 5066 1978 5138 Prumieneem,

410 5179 534 5232 qua:
561 5165 830 5231 excidisse
859 5163 1101 5220 creditur
1126 5183 1139 5217 :
1168 5164 1271 5219 alia
1300 5166 1367 5218 ad
1408 5163 1750 5234 Heribaldum
1795 5164 1982 5220 Antis-

412 5256 778 5310 siodorensem
824 5256 1150 5326 episc0pum,
1209 5271 1325 5324 quae
1352 5272 1381 5310 a
1410 5252 1572 5312 Petro
1615 5254 1886 5311 Stevartlo
1911 5268 1979 5310 ex

412 5346 596 5402 codice
629 5344 1038 5415 Wetngartensi'
1056 5343 1253 5414 prodiit
1280 5345 1333 5398 in
1371 5344 1565 5408 lucem,
1592 5360 1783 5400 recens
1808 5360 1837 5398 a
1862 5345 1982 5399 Ste-

412 5441 593 5511 phano
640 5440 861 5495 Baluzio
902 5455 1091 5495 recusa
1138 5449 1262 5509 post
1318 5439 1686 5494 collectionem
1714 5453 1980 5493 canonum

412 5530 725 5601 iicginonis.
751 5531 883 5587 item
906 5532 1144 5602 epistulae
1166 5530 1287 5584 duae
1313 5531 1380 5583 ad
1409 5530 1809 5600 Regimboldum
1826 5530 1984 5584 chor-

408 5619 721 5690 episcopum
747 5622 1137 5691 .‘doguatinnm,
1171 5621 1237 5675 de
1283 5619 1597 5687 quihusdam
1623 5619 1980 5687 quaestiuncu-

2080 4521 2267 4578 eﬂ‘reni
2324 4522 2538 4575 licentia
2568 4521 2623 4574 in
2673 4520 3015 4591 Lugdunensi
3067 4520 3286 4575 dioecesi
3315 4536 3374 4576 se
3421 4526 3654 4593 gessisse

2079 4626 2145 4666 ex
2199 4610 2485 4682 Agohardo
2548 4611 2845 4675 discimus,
2887 4610 2978 4679 qui
3039 4611 3254 4679 quidem
3313 4611 3651 4681 Agobardus,

2079 4703 2356 4760 Amolonis
2378 4703 2653 4765 decessor,
2683 4702 2886 4770 scripta
2909 4700 3077 4755 edidit
3125 4699 3383 4756 adversus
3430 4705 3651 4759 eosdem

2083 4793 2313 4855 Judteos,
2368 4807 2435 4847 ex
2494 4792 2689 4861 quibus
2741 4799 2931 4844 auctor
2986 4790 3229 4859 epistolae
3292 4794 3652 4848 Controversa:

2083 4883 2251 4939 multa
2280 4881 2537 4936 transfert
2566 4882 2619 4934 in
2646 4896 2768 4934 sua.
2826 4880 3025 4935 Verum
3072 4879 3234 4950 (quod
3260 4883 3509 4936 omnibus
3530 4897 3650 4936 cono

2078 4971 2305 5044 lecturis
2330 4969 2722 5041 praeferendum
2748 4968 2918 5041 putat)
2941 4985 3009 5023 ex
3030 4968 3341 5026 Frodoardo
3356 4971 3650 5027 Rhemensi

2082 5064 2399 5135 presbytero
2432 5063 2485 5116 in
2534 5060 2782 5115 Historiae
2832 5059 2924 5113 lib.
2958 5076 3039 5125 tu,
3070 5075 3187 5129 cap.
3215 5061 3304 5125 2|,
3332 5059 3647 5115 Amolouem

2084 5157 2341 5211 adversus
2388 5153 2601 5208 Judaeos
2652 5151 2937 5222 epistolam
2992 5152 3319 5221 encyclicam
3364 5149 3648 5219 scripsisse

2086 5246 2305 5316 colligit,
2338 5244 2427 5298 ubi
2474 5242 2809 5297 Hincmarus'
2839 5240 3119 5310 scripsisse
3161 5239 3360 5314 dicitur
3394 5255 3413 5288 ι
3453 5237 3648 5295 Amolo

2087 5335 2446 5408 Lugdunensi,
2473 5335 2537 5388 de
2562 5332 2761 5403 placito
2789 5332 2931 5401 quod
2968 5331 3229 5385 habuerat
3274 5342 3393 5383 cum
3415 5340 3540 5400 rege
3569 5343 3647 5383 re-

2085 5434 2278 5504 gniquc
2308 5429 2653 5499 primoribus,
2690 5436 2743 5481 et
2792 5427 2858 5480 de
2910 5423 3215 5478 Judteornm
3242 5422 3296 5475 in
3336 5423 3439 5477 hoc
3479 5434 3648 5494 regno

2085 5531 2247 5578 statu.
2284 5540 2303 5573 ι
2345 5519 2432 5583 At,
2465 5518 2509 5571 si
2538 5517 2666 5587 quid
2688 5515 2867 5577 video,
2897 5510 3030 5566 nihil
3056 5511 3109 5563 in
3140 5509 3226 5564 his
3249 5509 3429 5565 verbis
3454 5511 3520 5565 de
3544 5524 3644 5563 en-

2086 5613 2285 5685 cyclica
2336 5608 2610 5664 Amolonis
2665 5602 2888 5674 epistola
2924 5618 2936 5653 :
2966 5614 3274 5670 quanquam
3307 5599 3449 5655 valet
3494 5599 3539 5654 is
3566 5597 3641 5652 lo-
