4012 6202
2129 143 2201 161 ..κν

304 297 373 354 35
1419 286 1510 340 an
1548 263 1788 341 arma
1811 282 1871 338 B.
1912 280 2164 339 mum
2203 282 2419 341 MAUIH
3470 273 3539 328 si

301 417 398 460 cus
424 402 493 457 ad
546 401 880 473 probandum
923 398 998 461 id,
1038 395 1182 466 quod
1230 408 1355 449 mox
1394 394 1729 462 praemissum
1768 401 1871 459 est,
1901 401 1950 461 Α
1977 410 2077 459 ne,»
2093 397 2234 465 quod
2258 397 2309 449 in
2339 396 2499 451 editis
2522 410 2627 449 non
2680 401 2876 458 exstat,
2932 391 3017 446 cui
3053 387 3403 461 prtemittitur
3431 387 3545 445 hinc

300 494 554 549 nimirum
594 491 920 546 Amolonem
968 495 1167 543 statuta
1216 485 1449 541 edidisse
1498 483 1757 539 adversus
1777 481 1871 538 Ju-

299 583 460 637 dmos.
504 581 904 637 Prteferendum
932 580 1112 648 itaque
1141 586 1224 632 est
1244 576 1487 630 ultimum
1516 575 1757 645 ejusdem
1783 590 1875 628 au-

303 674 471 729 ctoris
518 681 888 744 argumentum
927 686 992 724 ex
1024 668 1227 723 Joanne
1275 664 1576 720 Trithemio
1603 664 1657 718 in
1686 664 1777 717 lib.
1810 664 1875 718 de

302 764 668 835 Scriptoribus
716 759 1117 823 ecclesiasticis,
1178 756 1267 811 ubi
1321 755 1653 810 Trithemius
1707 754 1781 807 ait
1817 768 1875 808 se

301 855 496 926 legisse
529 852 740 908 Hamuli
765 852 1001 922 episcopi
1054 845 1428 918 Lugdunensis
1454 863 1472 895 ‹
1505 858 1640 913 opus
1665 842 1875 913 insigne

301 945 367 997 ad
394 944 644 998 Carolum
668 948 853 995 contra
880 937 1115 1001 Judaros,
1152 956 1169 987 ι
1212 933 1369 1002 cujus
1396 932 1673 987 exordium
1700 939 1783 984 est
1808 932 1875 985 ab

302 1033 386 1087 his
409 1032 608 1091 verbis.
635 1029 948 1084 Detestanda
978 1025 1310 1087 Judworum,
1345 1030 1472 1085 etc.,
1506 1020 1650 1089 quod
1698 1020 1875 1089 ipsum

301 1133 383 1178 est
430 1122 779 1178 Chiﬂletiana:
828 1116 1066 1188 epistolae
1096 1114 1443 1185 principium.
1501 1111 1717 1165 Viderat
1748 1124 1877 1180 ergo

301 1211 628 1267 Trithemius
657 1208 888 1277 aliquem
915 1214 1184 1260 vetustum
1216 1204 1457 1260 codicem
1507 1205 1649 1258 hanc
1673 1203 1873 1273 episto-

299 1303 405 1355 lam
463 1302 562 1355 sub
624 1299 901 1353 Amolonis
951 1298 1170 1351 nomine
1220 1293 1598 1365 prasl'erentem
1631 1312 1644 1346 :
1680 1293 1878 1346 viderit

300 1391 463 1445 alium
494 1388 790 1443 Chiﬂletius
834 1387 935 1441 sub
966 1386 1184 1441 nomine
1210 1385 1433 1439 Rabani.
1482 1384 1553 1437 At
1576 1398 1694 1452 quae
1721 1397 1877 1451 supe-

299 1483 413 1535 rius
452 1480 611 1534 allata
662 1488 807 1543 sunt,
839 1477 1078 1545 potiores
1131 1474 1324 1530 Joanni
1370 1475 1669 1530 Trithemio
1696 1482 1877 1543 partes

299 1578 569 1627 asserunt.

371 1661 457 1715 49.
500 1659 642 1716 Ordo
696 1657 971 1727 temporis,
1040 1672 1146 1726 quo
1202 1654 1411 1725 singula
1454 1654 1666 1709 Rabani
1709 1666 1874 1723 opera

300 1750 514 1806 condita
564 1757 687 1804 sunt
739 1748 805 1802 ab
843 1754 1086 1811 auctore,
1137 1745 1218 1800 sic
1270 1742 1678 1815 distinguendus
1722 1741 1872 1795 vide-
1904 1753 1947 1812 Β

302 1851 406 1895 ιιιν.

368 1950 524 2004 Anno
552 1948 727 2003 artatis
760 1963 868 2002 sua:
897 1945 967 2001 50
1008 1944 1237 1999 absolvit
1282 1943 1449 2007 libros
1477 1943 1611 1998 duos
1642 1942 1708 1997 de
1734 1940 1874 1995 Lau-

304 2042 459 2094 dibus
484 2048 681 2093 sanetae
710 2036 912 2100 Crucis,
942 2051 1074 2105 quos
1122 2043 1309 2105 rogatu
1340 2032 1551 2087 Alcuini
1577 2040 1875 2103 praecepto-

301 2132 379 2186 ris
421 2130 502 2185 sui
560 2130 832 2184 inchoavit
864 2146 877 2182 :
911 2142 1112 2197 eosque
1143 2126 1378 2197 primum
1423 2131 1609 2180 sancto
1644 2122 1875 2178 Martino

298 2221 598 2276 Turonensi
628 2219 901 2288 episcopo,
930 2217 984 2271 in
1008 2217 1159 2287 cujus
1181 2215 1510 2270 monasterio
1535 2214 1730 2269 litteris
1750 2227 1876 2281 ope-

301 2324 418 2363 ram
474 2308 718 2370 dederat,
769 2304 1097 2375 nuncupavit
1141 2320 1237 2374 per
1286 2304 1593 2368 Alcuinum,
1646 2304 1700 2357 in
1725 2300 1877 2369 cujus

298 2410 527 2467 persona
552 2410 769 2451 carmen
792 2393 1240 2462 nuncupatorium
1269 2392 1418 2447 lusit.
1445 2392 1677 2447 Eosdem
1707 2392 1877 2446 libros

298 2499 483 2559 postea
511 2486 795 2541 dedicavit
829 2484 1098 2539 Ludovico
1119 2484 1400 2554 Augusto;
1457 2492 1569 2537 tum
1614 2482 1877 2553 Gregorio

298 2595 450 2650 papa:
474 2587 695 2648 quarto:
722 2576 935 2631 tametsi
960 2591 1065 2629 non
1090 2576 1158 2638 ei,
1190 2576 1284 2631 sed
1312 2574 1504 2645 Sergio
1525 2572 1640 2642 ejus
1667 2588 1879 2629 succes-

302 2668 412 2723 sori
437 2667 629 2723 redditi
660 2675 785 2721 sunt
813 2681 954 2720 anno
994 2664 1098 2719 8M
1121 2680 1218 2734 per
1266 2665 1585 2719 Ascrichum
1610 2672 1665 2717 et
1691 2664 1877 2718 Ruod-

300 2770 514 2831 perluat
538 2757 832 2812 Fuldenses
862 2755 1191 2821 monachos;
1223 2754 1346 2808 dein
1376 2753 1687 2809 Heberardo
1713 2752 1879 2808 ltalias

299 2850 483 2905 comiti
506 2848 596 2917 qui
630 2847 917 2916 praedictos
942 2846 1105 2900 libros
1133 2860 1231 2914 per
1268 2845 1587 2900 Ascrichum
1618 2853 1675 2899 et
1697 2844 1879 2900 Ruod-

299 2949 513 3010 pertum
540 2938 711 2992 Roma
750 2944 1081 2991 revertentes
1129 2934 1533 3007 eﬂlagitaverat,
1558 2943 1617 2988 ut
1642 2942 1788 3005 patet
1810 2950 1878 2989 ex

301 3030 508 3084 Raharu
554 3027 776 3098 epistola
827 3028 894 3082 ad
933 3043 1055 3082 eum
1079 3027 1317 3097 scripta;
1348 3042 1413 3081 ac
1449 3026 1664 3083 demum
1697 3042 1879 3081 mona-

1976 483 2258 553 inscriptio
2304 504 2316 537 :
2375 484 2739 540 Dilectissimis
2804 484 2859 537 in
2930 481 3137 534 Christo
3188 480 3440 549 fratribus
3492 481 3545 533 in

1974 575 2201 627 cwnobio
2226 575 2393 628 sancti
2418 575 2659 643 Dionysii
2680 573 2924 642 martyris
2952 571 3265 635 constitutis,
3294 569 3546 624 Rabanus

1975 664 2253 719 vilissimus
2306 682 2567 719 servorum
2607 666 2703 719 Dei
2743 675 2991 719 a'ternam
3036 664 3091 716 in
3144 664 3369 717 Domino
3406 673 3545 733 aptat

1974 754 2214 809 salutem.

2099 865 2383 929 Ilartyribus
2407 869 2585 916 sanctis
2608 865 2785 926 placuit
2806 867 2922 914 mihi
2944 868 3143 915 mittere
3166 866 3346 929 donum
3374 902 3389 926 ,

2159 929 2400 988 Tempore
2427 930 2550 990 quod
2579 930 2736 988 prisco
2759 930 2979 976 versibus
3003 931 3266 976 edideram.

2098 989 2216 1039 Nam
2244 994 2402 1038 crucis
2423 989 2480 1035 ad
2502 990 2693 1037 laudem
2713 990 2882 1039 Christi
2906 1001 3162 1049 prosaque,
3194 998 3451 1049 metroque

2160 1052 2352 1100 (ζωιῒηὶ
2380 1052 2551 1098 librum
2577 1058 2741 1097 tuente
2764 1087 2777 1109 ,
2818 1064 3059 1106 manuque
3084 1052 3242 1097 simul.

2101 1113 2191 1171 υυο
2211 1127 2256 1160 m
2285 1121 2386 1173 post
2410 1115 2631 1173 Augusto
2662 1110 2904 1159 Ludovico
2937 1111 3120 1173 offerre
3148 1110 3399 1171 placebat,

2162 1172 2347 1223 Sediet
2371 1172 2642 1234 apostolica!
2670 1175 2867 1221 mittere
2899 1182 3005 1230 mist
3029 1172 3186 1220 libuit.

2100 1234 2234 1293 Quod
2261 1236 2407 1283 verba
2433 1242 2486 1283 et
2506 1247 2703 1281 sensum
2726 1235 2937 1281 facundia
2964 1235 3055 1283 rite
3083 1234 3346 1293 probaret.,

2166 1296 2308 1344 Urbis
2333 1295 2556 1343 Romanae
2575 1295 2747 1354 dogma
2774 1302 2825 1343 et
2848 1295 3179 1351 apostolicum.

2100 1355 2159 1405 Et
2183 1361 2296 1419 quia
2321 1371 2427 1404 cum
2450 1358 2592 1405 sociis
2609 1362 2802 1419 sanctus
2824 1354 3077 1417 Dionysius
3093 1355 3207 1419 vlim

2167 1416 2282 1466 lude
2304 1425 2382 1467 est
2406 1419 2500 1466 huc
2525 1419 2722 1475 misrus,
2749 1418 2900 1474 ipsum
2919 1416 3040 1475 opus
3058 1419 3102 1463 ei
3127 1416 3380 1464 dederam.

2100 1480 2255 1539 Quod,
2279 1479 2451 1526 fratres
2472 1480 2639 1530 sancti,
2662 1479 2903 1536 accipiatis
2926 1490 3067 1538 posco
3095 1477 3304 1525 libenter
3325 1510 3338 1529 ,

2161 1541 2258 1589 Pro
2290 1540 2473 1587 artiﬁce
2499 1553 2557 1587 ac
2592 1540 2669 1587 vili
2706 1538 2922 1598 ltiiidite,
2956 1551 3138 1599 qumso,
3166 1550 3359 1597 preces.

2102 1602 2164 1651 L't
2197 1603 2330 1650 Deus
2353 1603 2679 1661 multipotens,
2700 1609 2979 1647 cunctorum
3000 1600 3213 1647 conditor
3238 1599 3391 1647 almus
3414 1634 3428 1658 ,

2160 1662 2338 1712 Delicti
2369 1664 2557 1710 veniam
2581 1663 2667 1711 det
2701 1663 2805 1721 pius
2832 1661 2935 1721 ipse
2962 1673 3067 1709 suo.

2098 1723 2335 1783 Protegat
2360 1726 2371 1769 i
2395 1722 2580 1781 laesum,
2607 1730 2761 1771 totum
2785 1731 2837 1769 et
2861 1730 3119 1769 conservet
3145 1722 3191 1768 in
3212 1733 3367 1783 terum
3389 1753 3404 1779 ,

2165 1784 2225 1833 Ut
2249 1782 2355 1832 eum
2383 1786 2476 1831 tine
2503 1786 2627 1832 bono
2652 1785 2762 1831 hinc
2786 1786 2977 1830 scaiuiat
3006 1783 3062 1829 ad
3087 1783 3179 1830 alta
3204 1782 3314 1843 poli.

2098 1846 2315 1893 Christus
2336 1859 2418 1894 vos
2440 1847 2593 1893 salvet
2617 1881 2630 1902 ,
2657 1845 2875 1893 Christus
2898 1852 3157 1891 conservet
3180 1845 3361 1904 ubique
3386 1879 3400 1901 ,

2160 1908 2369 1969 Semper
2393 1909 2441 1955 in
2459 1918 2717 1965 internum,
2746 1912 2797 1955 ut
2819 1917 2955 1966 apto,
2977 1906 3138 1955 valete
3175 1907 3324 1954 bene.

2043 2009 2201 2063 Anno
2238 2008 2341 2063 819
2370 2008 2619 2061 Rabanus
2638 2006 2747 2074 jam
2777 2006 3057 2074 presbyter
3091 2003 3257 2058 libros
3286 2004 3350 2057 de
3382 2002 3544 2056 Iusti-

1974 2102 2170 2155 tutione
2192 2100 2498 2153 clericorum
2520 2097 2712 2152 obtulit
2727 2095 2991 2150 llaistull‘o
3015 2094 3416 2164 archiepiscopo
3434 2093 3546 2146 Ma-

1974 2190 2217 2260 guntino,
2283 2202 2424 2242 anno
2452 2202 2557 2256 quo
2598 2185 2736 2239 facta
2762 2194 2848 2240 est
2865 2185 3108 2239 ecclesia:
3132 2183 3412 2238 Fuldensis
3451 2184 3546 2237 dc-

1976 2280 2194 2345 dicatio,
2234 2286 2293 2333 ut
2320 2286 2533 2334 constat
2553 2294 2621 2332 ex
2651 2278 2891 2331 carmine
2944 2275 3103 2330 dictis
3131 2274 3282 2329 libris
3302 2274 3548 2346 prmﬂxo,

1975 2371 2119 2442 quod
2146 2371 2286 2425 inter
2310 2369 2577 2439 poematia
2603 2368 2809 2423 Rabani
2832 2367 3034 2422 editum
3064 2375 3167 2422 est.

2044 2480 2225 2535 Abbas
2265 2481 2436 2536 factus
2486 2495 2627 2534 anno
2679 2479 2802 2540 822,
2855 2474 3265 2533 Commentarios
3309 2477 3365 2529 in
3404 2475 3547 2528 Mat-

1977 2574 2173 2629 thaaum
2205 2582 2256 2627 et
2301 2571 2560 2627 Homilies
2598 2571 2860 2641 quasdam
2906 2571 3174 2626 dedicavit
3221 2568 3395 2624 eidem
3427 2568 3545 2623 llaio

1977 2663 2163 2729 stulto,
2190 2663 2281 2732 qui
2308 2663 2443 2717 obiit
2473 2662 2764 2717 anno-826.

2045 2754 2201 2810 Auno
2234 2756 2381 2810 circa
2423 2753 2527 2810 850
2576 2753 3014 2825 Explanationem
3061 2750 3117 2806 in
3174 2749 3546 2806 Octateurltunt

1981 2849 2234 2903 submisit
2284 2846 2535 2901 Freeulfo
2571 2845 2889 2901 Lexoviensi
2945 2847 2998 2899 in
3055 2844 3226 2899 Gallia
3275 2845 3544 2913 episeopo,

1977 2939 2067 3005 qui
2096 2952 2217 2990 eam
2245 2937 2313 2990 ab
2342 2937 2457 3005 ipso
2482 2934 2674 2990 litteris
2701 2948 2754 2990 et
2786 2937 3037 3004 precibus
3065 2934 3316 2989 obtinuit.

2048 3029 2206 3083 Anno
2246 3026 2350 3082 854
2402 3027 2617 3097 scripsit
2662 3025 2929 3080 Ludovico
2975 3024 3219 3095 Augusto
3246 3023 3549 3079 Consolatov

303 3120 420 3176 chis
446 3118 677 3175 cmuobii
702 3117 1013 3188 Dionysiani
1059 3117 1112 3170 in
1150 3131 1281 3187 agro
1324 3115 1634 3172 Parisiensi.
1692 3117 1876 3173 Alcui-
1903 3090 1946 3152 C
1979 3119 2113 3172 riam
2167 3117 2459 3188 epistolam,
2508 3090 2620 3187 post
2665 3113 3012 3169 calamitatem
3042 3090 3160 3182 ante
3197 3116 3245 3167 ei
3274 3113 3462 3166 accidit
3487 3126 3552 3165 ex

308 3226 437 3265 num
464 3210 687 3263 Rabano
715 3206 986 3262 scribendi
1035 3207 1137 3261 hos
1168 3205 1335 3261 libros
1388 3214 1663 3261 auctorem
1711 3206 1877 3261 fuisse

306 3307 530 3370 apparet
556 3314 622 3353 ex
652 3296 861 3353 Alcuini
901 3295 1124 3366 epistola
1152 3295 1223 3351 55
1251 3296 1516 3351 benedicta
1561 3298 1730 3351 sancti
1771 3296 1875 3350 Be-

304 3389 496 3442 nedicti
519 3403 677 3457 puero
708 3385 898 3439 Mauro
930 3386 1006 3456 (id
1036 3385 1242 3440 Rabani
1277 3385 1508 3440 alterum
1558 3386 1776 3457 nomen)
1800 3387 1878 3441 in-

305 3478 525 3546 scripta,
558 3476 614 3531 iu
656 3477 815 3532 editis
853 3477 1123 3531 mendose
1157 3476 1225 3529 ad
1253 3475 1614 3542 Benedictum,
1643 3477 1735 3531 ubi
1765 3477 1880 3533 hanc

302 3567 467 3622 verba
500 3584 512 3620 :
551 3584 570 3617 ι
603 3566 862 3621 Libellum
914 3581 1072 3635 quem
1104 3582 1191 3621 me
1221 3575 1444 3637 rogante
1478 3567 1644 3622 scribi
1677 3569 1882 3637 proni,

305 3660 446 3724 sisti,
477 3673 608 3729 rogo
637 3669 694 3712 ut
726 3666 814 3712 tua
844 3658 1002 3713 faciat
1032 3658 1319 3727 promissio
1339 3656 1518 3722 ﬁrma,
1545 3666 1601 3711 et
1623 3672 1743 3713 mea
1775 3658 1880 3712 iln-

307 3751 512 3821 pleatut
546 3749 766 3815 laetitia;
812 3769 830 3802 ›
863 3761 917 3804 et
945 3750 998 3803 in
1028 3749 1133 3803 line
1162 3763 1177 3801 :
1221 3766 1239 3799 ι
1285 3748 1474 3805 Valeas
1498 3748 1727 3804 feliciter
1756 3765 1879 3804 cum

310 3841 494 3908 pueris
522 3841 648 3894 tuis.
686 3859 705 3891 ι
736 3838 849 3905 Qua
877 3854 940 3893 ex
976 3838 1200 3908 epistola
1247 3838 1562 3910 colligebam
1595 3841 1879 3895 Alcuinam

306 3939 718 4001 prmtervectum
748 3944 866 3985 esse
919 3945 1116 3984 annum
1168 3930 1368 3985 Christi
1399 3930 1526 3997 804,
1557 3933 1650 3987 scd
1695 3943 1880 4003 postea

310 4020 365 4074 iu
396 4018 701 4089 Appendice
732 4021 1025 4090 superioris
1054 4022 1183 4076 tomi
1231 4022 1466 4088 correxi,
1514 4024 1657 4093 quod
1683 4024 1737 4079 in
1766 4024 1880 4081 elo-

310 4110 401 4180 gio
440 4108 653 4164 Alcuini
705 4124 1059 4164 asserueram.
1110 4109 1168 4164 In
1198 4108 1316 4179 ejus
1367 4125 1597 4180 persona
1624 4111 1880 4169 Rabanus

306 4208 497 4254 sancto
532 4198 758 4253 Martino
781 4199 976 4254 cecinit
1002 4201 1199 4255 horum
1245 4200 1507 4256 librorum
1537 4217 1756 4258 carmen
1784 4204 1880 4259 de-

310 4288 654 4354 dicatorium,
678 4288 732 4341 in
773 4303 879 4356 quo
920 4298 1132 4346 aetatem
1173 4305 1327 4345 suam
1356 4292 1611 4376 exprjmit
1642 4293 1729 4347 his
1754 4308 1878 4348 ver-

309 4378 480 4434 sibus.

433 4491 523 4552 Ast
545 4488 739 4552 uh‘igses
756 4488 912 4552 lustra
940 4489 1173 4552 implevit,
1194 4490 1289 4552 jam
1310 4490 1529 4552 scribere
1554 4495 1747 4540 tentant:
1764 4528 1778 4552 ,

496 4549 564 4597 Ad
595 4549 767 4599 Christi
788 4547 978 4598 laudem
1003 4547 1132 4599 hunc
1154 4547 1365 4599 condidit
1387 4559 1494 4599 arte
1518 4550 1711 4599 librum.

309 4650 572 4706 Convenit
596 4652 701 4706 hoc
726 4658 935 4720 tempus
975 4665 1098 4705 cum
1133 4665 1277 4705 anno
1306 4650 1419 4705 fere
1445 4650 1569 4715 806,
1608 4651 1875 4720 siquidem

309 4743 538 4798 Rabano
578 4743 914 4807 diaconatus,
945 4757 1102 4811 quem
1151 4756 1295 4797 anno
1327 4741 1529 4797 Christi
1561 4742 1659 4796 801
1689 4758 1876 4798 susce-

308 4833 405 4904 pit,
435 4847 576 4887 anno
602 4833 777 4888 astatis
799 4832 871 4886 25
894 4832 1121 4887 collatus
1146 4840 1247 4886 est.
1299 4830 1441 4887 Idem
1469 4848 1604 4903 opus
1634 4842 1755 4903 post
1781 4833 1878 4887 ali-

313 4929 448 4996 quot
479 4937 649 4979 annos
676 4922 946 4978 Ludovico
987 4922 1226 4993 Augusto
1254 4925 1602 4994 nuncupavit,
1633 4925 1873 4994 apposita

313 5015 466 5072 initio
523 5014 862 5085 imperatoris
895 5012 1086 5085 clligie.
1140 5014 1197 5070 ω
1255 5016 1551 5085 praestitum
1601 5016 1876 5085 aliquanto

312 5116 553 5177 tempore
580 5115 701 5177 post
727 5093 957 5177 primam
976 5104 1198 5175 hujusce
1221 5108 1400 5176 operis
1423 5108 1732 5173 editionem,
1760 5108 1874 5163 col-

313 5199 421 5268 ligo
447 5215 514 5255 ex
541 5200 628 5255 his
653 5198 859 5254 Rabani
887 5199 1066 5253 verbis
1091 5217 1104 5252 :
1141 5218 1160 5250 ι
1191 5197 1326 5253 Nam
1374 5199 1610 5255 libellum
1635 5214 1794 5270 quem
1820 5199 1874 5253 in

315 5288 573 5344 honorem
628 5300 827 5346 sanctas
873 5289 1062 5344 Crucis
1113 5289 1311 5344 dudum
1367 5306 1548 5360 prosa,
1599 5299 1877 5361 metroque

314 5378 609 5447 composui,
636 5394 779 5435 nunc
800 5388 904 5434 tua:
928 5377 1202 5433 serenitati
1228 5379 1448 5447 supplex
1478 5379 1664 5435 oﬂ‘ero.
1696 5396 1715 5432 ι
1754 5381 1879 5436 Eos-

314 5465 435 5518 dem
458 5463 622 5521 libros
649 5477 857 5536 postea,
890 5475 1099 5539 rogatu,
1122 5476 1183 5522 ut
1204 5477 1354 5538 puto,
1379 5467 1615 5524 Hilduini
1647 5470 1873 5536 abbatis,

315 5558 400 5612 cui
425 5556 850 5617 Commentarios
898 5561 1104 5631 Regum
1152 5560 1438 5625 dedicavit,
1472 5557 1643 5617 etiam
1684 5577 1873 5617 mona-

317 5648 431 5703 chis
458 5649 790 5717 Dionysianis
816 5654 981 5716 misit,
1032 5653 1529 5723 commendavitque
1554 5653 1655 5708 hoc
1681 5653 1875 5708 carmi-

1976 3220 2126 3281 parte
2171 3210 2405 3278 ﬁliorum
2455 3224 2701 3272 suorum;
2733 3216 2917 3278 postea
2958 3205 3325 3260 Collectarium
3350 3221 3415 3258 ex
3434 3219 3554 3258 sen-

1979 3300 2154 3354 tentiis
2192 3299 2488 3354 dirinorum
2540 3298 2813 3361 librorum,
2874 3299 2940 3351 de
2986 3295 3285 3350 reverentia
3320 3293 3552 3347 filiorum

1979 3407 2106 3465 erga
2130 3394 2332 3461 patre’s,
2356 3398 2411 3444 et
2438 3390 2774 3444 subditorum
2796 3403 2925 3458 erga
2949 3402 3102 3457 reges
3133 3404 3145 3438 :
3183 3386 3325 3453 quod
3349 3400 3380 3438 a
3402 3385 3465 3439 ν.
3487 3383 3547 3438 C.

1981 3482 2254 3554 Stephano
2282 3480 2501 3535 Baluzio
2528 3494 2701 3549 nuper
2728 3479 2934 3533 editum
2961 3492 3078 3532 esse
3108 3476 3237 3532 dixi.

2052 3573 2255 3628 Eodem
2278 3571 2392 3627 fere
2428 3580 2671 3639 tempore
2696 3568 2912 3624 Librum
2952 3568 3115 3622 Josue
3139 3565 3386 3636 exposuit
3411 3583 3430 3616 ι
3459 3578 3552 3618 ro-

1979 3673 2103 3733 gatu
2133 3662 2394 3718 Friderici
2430 3662 2666 3734 episcopi
2722 3681 2741 3714 ι
2777 3658 3137 3731 Trajectensis
3188 3660 3255 3713 ad
3284 3657 3550 3720 Rhenum,

1979 3768 2123 3808 anno
2159 3753 2264 3808 854
2295 3752 2480 3816 occisi,
2524 3750 2799 3822 praemissa
2825 3747 3049 3820 epistola
3082 3747 3434 3806 dedicatoria,
3460 3760 3554 3799 eu-

1974 3843 2066 3914 jus
2091 3827 2449 3913 fragmentum
2471 3841 2653 3895 retulit
2675 3839 3065 3904 llenschenius,
3095 3845 3372 3908 acceptum
3395 3850 3425 3889 a
3453 3834 3552 3889 Pe-

1982 3942 2067 3989 tro
2108 3933 2433 3988 Franscisco
2480 3931 2747 3988 Chillletio
2783 3932 3055 3988 societatis
3082 3929 3207 3985 Jesu
3240 3930 3553 4001 presbytero

1980 4024 2211 4087 erudito,
2243 4038 2274 4076 a
2308 4038 2416 4092 quo
2441 4037 2561 4077 eam
2590 4022 2798 4078 accepit
2846 4028 3031 4076 noster
3087 4020 3369 4081 Aenerius,
3427 4033 3550 4072 cum

1981 4114 2099 4183 ipso
2124 4112 2529 4167 Commentario
2555 4112 2609 4166 in
2636 4122 2747 4166 tres
2767 4110 2931 4166 libros
2956 4109 3233 4176 distincto,
3256 4109 3347 4179 qui
3370 4109 3423 4163 in
3445 4107 3554 4162 edi-

1982 4202 2053 4255 tis
2087 4216 2191 4255 non
2218 4208 2414 4256 exstat.

2050 4289 2218 4346 Paulo
2261 4300 2405 4361 post,
2454 4290 2750 4346 Humberto
2792 4289 3240 4362 Wirtziburgensi
3300 4289 3553 4360 episcopo

1986 4392 2228 4453 rogante,
2279 4383 2582 4453 explanavit
2630 4383 2811 4437 Libros
2848 4380 3096 4437 Iudicum
3115 4392 3162 4436 et
3206 4381 3389 4446 Ruth;
3437 4392 3552 4435 tum

1984 4473 2167 4527 Libros
2203 4472 2398 4544 Regum
2455 4480 2671 4543 petente
2712 4471 2963 4527 liilduino
3013 4473 3238 4527 abbate:
3269 4486 3427 4540 quam
3457 4473 3567 4524 (ξι-⁸

1982 4563 2303 4632 positionem
2334 4563 2604 4618 Ludovico
2650 4562 2891 4634 Augusto
2950 4562 3133 4618 Fulda:
3185 4562 3412 4626 obtulit;
3450 4574 3551 4615 nec

1984 4657 2057 4710 ita
2085 4656 2241 4727 longe
2272 4665 2393 4725 post
2419 4655 2689 4711 Ludovico
2730 4656 2843 4726 regi
2873 4655 3170 4710 transmisit
3221 4664 3549 4708 commenta-

1984 4749 2155 4800 tiones
2184 4748 2238 4799 in
2267 4746 2426 4801 libros
2449 4746 2907 4817 Paralipomenon.

2052 4838 2280 4893 Circiter
2302 4854 2503 4893 annum
2531 4838 2635 4895 856
2663 4836 2895 4892 Juditha:
2945 4838 3217 4910 Augustae,
3263 4845 3548 4909 postquam

1983 4944 2002 4978 ι
2032 4927 2216 4988 hostes
2245 4943 2373 4983 suos
2425 4944 2530 4983 non
2559 4943 2723 4997 parva
2748 4942 2815 4982 ex
2863 4936 3016 4997 parte
3040 4927 3261 4989 vicerat,
3300 4947 3318 4980 ι
3350 4926 3549 4980 dicavit

1978 5022 2325 5092 scriptionem
2365 5037 2520 5077 suam
2564 5022 2617 5076 in
2650 5022 2817 5077 libros
2855 5020 3041 5076 Judith
3072 5030 3129 5075 et
3154 5020 3370 5085 Esther,
3394 5018 3546 5089 cujus

1976 5111 2220 5181 prtefatio
2245 5113 2469 5168 necdum
2498 5112 2639 5182 typis
2665 5111 2903 5183 vulgata,
2939 5127 3100 5182 quam
3122 5110 3381 5167 beneficio
3411 5110 3549 5179 ejus-

1979 5203 2101 5257 dem
2145 5202 2445 5258 doctissimi
2473 5202 2575 5255 viri
2618 5202 2763 5256 Petri
2818 5202 3093 5258 Francisci
3116 5201 3365 5257 Chiﬂlctii
3388 5213 3546 5255 acce-

1978 5294 2176 5363 pimus,
2202 5294 2292 5348 bic
2319 5293 2586 5348 reddenda
2615 5300 2698 5347 est
2745 5308 2808 5348 ex
2836 5293 3111 5348 codicibus
3140 5290 3467 5362 Benigniano
3491 5296 3546 5343 et

1978 5384 2328 5439 Fontanensi.
2371 5382 2546 5455 (Hanc
2589 5383 2953 5453 prefatiouem
2992 5384 3106 5437 vide
3155 5381 3382 5439 Onerum
3431 5378 3539 5431 Ra-

1979 5475 2100 5528 bani
2132 5474 2309 5527 Mauri
2339 5482 2529 5527 nostra
2554 5473 2798 5527 editionis
2830 5482 2969 5526 tomo
3005 5471 3148 5541 III.)

2048 5563 2237 5618 Postea
2259 5563 2692 5633 explanationem
2719 5564 2774 5616 in
2788 5561 2968 5616 Libros
2999 5561 3421 5615 Machabcorum
3448 5557 3546 5613 Ce-

1978 5653 2128 5708 roldo
2151 5653 2537 5710 Arehidiacono
2556 5652 2740 5723 palatii
2767 5650 3023 5706 Ludovici
3045 5649 3387 5720 imperatoris
3408 5664 3546 5703 nun-
