4012 6202
322 299 411 362 επ
1718 298 2247 358 P-ROLEGOMENA.
2276 326 2279 327 ν
3552 303 3631 359 38

320 418 584 485 ¹(ιιιικηίι
607 425 736 470 ante
774 430 974 469 annum
1026 413 1151 479 840,
1180 422 1294 467 tum
1334 412 1721 482 Ezpositionem
1754 413 1807 465 in
1847 412 1946 467 Sa—
1974 418 2023 475 Α
2048 421 2104 467 et
2134 412 2391 468 Gratiano
2432 414 2485 467 in
2530 412 2934 468 collectionibus
2979 426 3245 468 canonum
3285 413 3482 470 citetur
3531 415 3633 471 sub

325 507 616 573 pientiam
651 515 699 559 et
728 504 1158 559 Ecclesiasticum
1182 504 1399 574 Otgario
1428 502 1736 573 Maguntino
1770 503 1948 571 ponti-

335 597 471 663 ﬁci;
510 606 573 653 et
599 596 893 668 Epistolam
929 596 998 650 ad
1022 593 1307 665 Notingum
1336 593 1700 649 Veronensem
1738 594 1949 662 episco-

332 704 481 758 pum
514 699 648 744 ante
674 694 906 742 mortem
933 686 1190 740 Ludovici
1229 686 1568 755 imperatoris
1607 685 1841 753 scripsit.

413 777 564 832 Post
588 792 787 831 annum
814 775 938 840 840,
956 784 1167 830 mortuo
1184 775 1456 830 Ludovico
1480 775 1742 844 Augusto,
1770 773 1950 827 Libros

330 867 398 920 in
432 866 771 920 Hieremiam
826 865 1021 919 obtulit
1080 864 1698 933 Lothario.imperatori
1752 882 1764 916 :
1815 878 1952 932 quos

341 956 684 1010 ﬂartmotus
712 957 949 1010 decanus
978 954 1203 1009 Sancti-
1221 954 1486 1010 Gallensis
1514 955 1677 1009 scribi
1717 953 1946 1019 curavit,

342 1045 636 1101 referente
662 1044 921 1113 Ratperto
945 1045 997 1099 in
1028 1060 1147 1114 cap.
1170 1046 1222 1100 9.

420 1136 598 1190 Anno
626 1134 732 1191 839.
765 1120 981 1189 ineunte
1008 1131 1381 1189 Collectarium
1413 1136 1465 1189 in
1490 1133 1753 1205 Epistolas
1791 1132 1950 1187 Pauli

345 1225 669 1279 transmisit
689 1224 860 1294 Lupo,
883 1232 1004 1294 post
1040 1225 1216 1278 abbati
1242 1223 1595 1289 Ferrariensi,
1645 1224 1735 1293 qui
1782 1239 1951 1293 nuper

343 1337 416 1375 ex
446 1320 645 1375 schola
669 1319 920 1374 Fuldensi
961 1318 1015 1373 in
1064 1319 1291 1374 Galliam
1337 1321 1588 1383 redierat,
1637 1333 1703 1372 ex
1749 1319 1945 1373 dictis:

347 1426 463 1481 quo
498 1410 613 1465 fere
647 1418 884 1479 tempore
908 1407 1291 1463 Commentario
1324 1409 1378 1462 in
1405 1407 1723 1462 Ezechielem
1752 1407 1951 1462 Lotba-

348 1502 439 1555 rio
497 1500 740 1571 Augusto
803 1500 1113 1569 inscripsit;
1178 1507 1232 1553 et
1282 1499 1499 1570 Otgario
1549 1499 1950 1568 archiepiscopo

352 1590 584 1644 Librum
631 1588 1055 1659 paenitentialem,
1107 1589 1159 1643 in
1204 1589 1356 1659 cujus
1402 1588 1577 1658 capite
1616 1587 1681 1641 15
1708 1587 1951 1641 meminit

350 1697 560 1751 pugna:
579 1680 963 1745 Fontaneticze,
990 1696 1108 1749 quae
1129 1680 1269 1735 inter
1290 1680 1427 1735 filios
1446 1679 1703 1735 Ludovici
1722 1678 1946 1749 Augusti

356 1745 663 1839 commissa
693 1782 770 1827 est
795 1789 938 1826 anno
966 1745 1100 1826 δέίρ
1116 1772 1195 1827 Ad
1228 1773 1367 1826 idem
1399 1775 1561 1828 ctiam
1604 1745 1835 1846 tempus—
1862 1789 1949 1829 re-
1976 1745 2024 1804 Β

354 1864 614 1918 vocanda
643 1871 725 1917 est
755 1860 996 1932 Epistola
1025 1862 1090 1916 de
1119 1859 1510 1933 Chorepiscopis
1540 1865 1606 1920 ad
1643 1865 1946 1935 Drogonem

361 1954 688 2008 Mettensem
737 1953 1068 2024 episcopum,
1119 1953 1247 2008 item
1290 1954 1513 2024 epistola
1541 1957 1608 2010 ad
1639 1956 1950 2027 Regimbol-

362 2044 503 2096 dum
524 2042 961 2112 chorepiscopum
987 2042 1351 2114 Moguntinum
1372 2044 1437 2099 de
1454 2045 1773 2116 quibusdam
1799 2062 1947 2117 qua:-

363 2130 649 2187 Stiunculis
675 2132 1023 2201 paenitentiae.

441 2223 644 2279 Eodem
683 2223 845 2279 etiam
877 2233 1118 2295 tempore
1159 2226 1445 2295 explicavit
1471 2226 1684 2281 Librum
1715 2228 1949 2284 Danielis

366 2316 665 2383 prophetat,
696 2314 1006 2384 rogantibus
1031 2316 1243 2380 amicis,
1272 2330 1532 2385 suamque
1564 2318 1669 2373 hac
1687 2318 1754 2373 de
1780 2334 1837 2373 re
1864 2319 1949 2373 lu-

364 2407 744 2460 cubrationem
784 2414 970 2475 postea
1002 2399 1279 2475 inscripsit
1326 2406 1597 2463 Ludovico
1646 2406 1953 2464 Germaniae

368 2498 485 2568 regi
516 2512 530 2551 :
569 2497 657 2552 cui
684 2497 812 2552 item
841 2496 1233 2567 Eapositionem
1261 2498 1316 2553 in
1338 2496 1574 2563 Cantica,
1606 2516 1723 2570 qua:
1744 2501 1813 2555 ad
1839 2518 1952 2556 ma-

366 2588 572 2640 tutinas
595 2602 685 2655 per
706 2586 1046 2656 septimanam
1069 2585 1326 2656 leguntur,
1355 2573 1709 2657 nuncupavit:
1744 2590 1751 2595 “

441 2678 598 2731 Anno
623 2678 766 2731 circa
793 2676 920 2742 844,
952 2685 1193 2747 tempore
1237 2678 1446 2733 scilicet
1493 2681 1791 2736 vacationis
1812 2696 1842 2736 a
1867 2698 1953 2737 re-

372 2767 574 2836 gimine
601 2766 881 2832 abbatiali,
909 2766 1093 2821 Libros
1119 2784 1231 2822 χιιι
1258 2768 1322 2823 de
1355 2767 1605 2824 Universa
1625 2771 1861 2825 condidit
1892 2771 1948 2825 in

354 2860 604 2928 gratiam
644 2858 959 2914 Hemmonis
1003 2859 1237 2930 episcopi
1284 2859 1757 2926 Halberstatensis,
1811 2861 1951 2930 quod

368 2965 509 3020 opus
541 2950 720 3004 itidem
748 2950 1019 3005 Ludovico
1050 2951 1161 3021 regi
1191 2952 1393 3020 petenti
1422 2951 1671 3008 submisit
1696 2968 1817 3007 cum
1838 2953 1952 3022 epi-

367 3041 510 3095 stola
539 3041 701 3094 etiam
730 3056 872 3096 nunc
894 3040 943 3095 ei
977 3041 1221 3111 prmiixa.

443 3131 601 3184 Anno
643 3130 747 3185 847
798 3131 1016 3201 scripsit
1059 3131 1496 3202 archiepiscopus
1543 3132 1831 3202 Epistolam
1880 3134 1950 3188 ad

374 3219 740 3275 'Heberardum
792 3224 1028 3279 comitem
1076 3232 1267 3278 contra
1317 3222 1712 3291 Gotescalcum,
1744 3233 1863 3297 quae
1897 3228 1951 3282 in

357 3314 609 3368 editione
627 3313 835 3384 Ughelli
865 3315 986 3368 data
1014 3315 1210 3369 dicitur
1233 3330 1265 3368 κ
1296 3313 1412 3370 Kal.
1440 3314 1583 3370 Maii.

443 3403 580 3459 Item
608 3404 794 3459 eodem
822 3421 965 3459 anno
991 3405 1095 3460 847
1127 3403 1341 3460 concilii
1378 3405 1829 3475 Moguntiacensis
1865 3425 1953 3462 ca-

369 3515 535 3551 nones
558 3497 827 3554 Ludovico
847 3498 960 3569 regi
989 3498 1114 3552 data
1142 3498 1366 3568 epistola
1394 3499 1609 3554 obtulit.

440 3587 603 3641 Anno
624 3587 864 3657 seuuenti
892 3588 1076 3643 habita
1099 3589 1302 3658 synodo
1346 3597 1535 3644 contra
1580 3587 1953 3645 Gotescalcum

368 3677 594 3746 scripsit
621 3676 688 3731 de
708 3692 773 3731 eo
798 3676 1078 3746 epistolam
1105 3678 1173 3732 ad
1200 3677 1549 3732 Hincmarum
1594 3678 1954 3734 Rhemensem

368 3768 708 3837 episcopum,
748 3769 833 3822 cui
855 3767 1227 3824 Gotescalcum
1255 3768 1463 3823 remisit
1488 3786 1500 3821 :
1525 3775 1580 3822 et
1605 3778 1725 3838 post
1751 3767 1955 3837 aliquot

362 3872 548 3911 annos
583 3857 741 3911 aliam
775 3858 948 3913 eidem
978 3857 1044 3913 de
1069 3858 1257 3914 eodem
1293 3858 1432 3930 typis
1459 3873 1491 3913 a
1516 3856 1803 3914 Sirmondo
1840 3858 1957 3912 vul-

362 3957 559 4018 gatam
586 3947 801 4002 direxit.
830 3946 912 4001 Ad
941 3947 1082 4002 hunc
1106 3947 1272 4001 etiam
1312 3962 1535 4014 annum,
1578 3962 1685 4016 quo
1725 3946 1958 4002 Ludovi—

370 4054 476 4110 cus
505 4053 602 4093 rex
623 4038 940 4110 Mogontiaci
967 4038 1221 4109 placitum
1245 4038 1500 4093 habuisse
1537 4037 1854 4107 perhibetur
1901 4038 1956 4091 in

372 4128 677 4183 Annalibus
691 4127 1069 4193 Fuldensibus,
1092 4127 1450 4182 revocandam
1478 4126 1727 4200 existimo
1748 4124 1957 4180 Rabani

368 4218 663 4288 cpistolam
684 4219 751 4273 ad
778 4216 1186 4288 chimbaldum
1207 4216 1648 4287 chorepiscopum
1674 4217 1740 4271 de
1782 4216 1956 4286 ρωηί..

377 4309 695 4365 tentialibus
715 4309 892 4375 factis,
923 4310 973 4364 in
1002 4324 1139 4364 nova
1164 4308 1524 4365 Conciliorum
1554 4308 1788 4381 editione
1813 4316 1958 4367 temo

2058 504 2275 559 nomine
2305 503 2543 573 epistolae
2570 503 2774 558 Rabani
2795 545 2808 568 ,
2838 505 3036 558 mentio
3064 505 3126 559 ﬁt
3146 506 3382 575 epistola:
3407 509 3476 562 ad
3502 508 3626 581 Egi-

2055 593 2231 649 lonem
2262 593 2531 659 abbatem,
2568 608 2632 648 ac
2651 594 2874 663 proinde
2902 594 3127 664 epistola
3157 597 3222 650 ad
3259 595 3628 666 lleribaldum,

2055 685 2145 751 qui
2175 683 2330 737 Liber
2350 684 2731 754 ρωηὶεεηιὶαιὶεν
2758 685 2897 752 apud
2928 682 3256 740 Stevartium
3300 688 3630 755 inscribitur,

2056 773 2329 841 aliquanto
2354 782 2594 843 tempore
2612 783 2735 843 post
2765 775 2926 829 aliam
2956 775 3024 828 ad
3046 774 3270 853 Eigilem
3300 778 3499 846 scripta
3523 786 3628 843 est,

2055 879 2121 919 ac
2143 865 2371 919 fortasse
2417 874 2688 934 postrema
2719 880 2942 935 operum
2979 865 3203 929 Rabani,
3253 882 3373 935 quze
3415 869 3633 937 quidem

2055 957 2336 1011 habemus.
2364 957 2602 1011 Adamus
2629 956 2933 1012 Bremensis
2962 958 3254 1013 canonicus
3294 960 3350 1013 in
3380 958 3631 1037 Historiae

2056 1047 2438 1103 ecclesiastica:
2452 1062 2569 1117 cap.
2598 1048 2668 1101 22
2694 1049 3021 1104 mentionem
3049 1050 3173 1104 facit
3197 1050 3415 1120 capituli
3432 1050 3636 1105 Rabani

2056 1136 2120 1191 de
2155 1138 2296 1207 fama
2332 1137 2529 1192 Ebonis
2576 1138 2839 1209 ambigua.
2886 1140 3040 1207 Quod
3089 1141 3380 1210 capitulum
3428 1152 3638 1211 postre-

2058 1242 2204 1280 mum
2231 1236 2409 1281 exstat
2431 1228 2482 1280 iu
2527 1227 2751 1297 epistola
2797 1230 2861 1282 ad
2913 1228 3278 1283 Heribaldum.
3332 1230 3458 1285 Haec
3509 1240 3635 1286 sunt

2057 1330 2176 1384 quae
2205 1315 2270 1369 de
2300 1315 2505 1369 Rabani
2546 1317 2760 1386 scriptis
2787 1318 3076 1373 observare
3101 1320 3387 1388 potui,alia
3403 1321 3634 1377 aliorum

2057 1407 2346 1477 diligentia:
2370 1409 2641 1477 permitto.

2127 1497 2215 1552 50.
2254 1498 2511 1569 Superest
2544 1509 2603 1553 ut
2655 1501 3023 1555 examincmus
3074 1502 3178 1556 hoc
3222 1501 3341 1557 loco
3382 1504 3635 1558 nonnulla

2056 1604 2177 1658 qua:
2210 1589 2264 1643 in
2296 1589 2500 1645 Rabani
2530 1591 2744 1661 scriptis
2789 1592 3252 1647 animadversione
3300 1594 3456 1663 digna
3501 1611 3636 1650 non—

2056 1678 2217 1735 nullis
2239 1678 2465 1736 fortasse
2483 1681 2783 1736 videantur.
2818 1681 2992 1738 Unum
3018 1691 3123 1748 est,
3158 1683 3302 1753 quod
3328 1684 3382 1738 in
3409 1685 3633 1753 epistola

2051 1786 2145 1826 seu
2172 1771 2312 1825 libro
2339 1773 2692 1841 poenitentiali
2722 1773 2786 1827 ad
2820 1773 3186 1840 Heribaldum,
3239 1775 3632 1830 Eucharistiam

2052 1861 2289 1915 secessui
2318 1860 2605 1915 obnoxiam
2646 1862 2972 1919 subobscure
3007 1864 3172 1928 dicat,
3200 1872 3464 1934 negetque
3493 1865 3636 1920 ineo

2052 1959 2389 2007 sacramento
2417 1952 2679 2007 contineri
2712 1953 2852 2008 idem
2879 1954 3080 2009 Christi
3129 1970 3325 2024 corpus
3371 1957 3512 2024 quod
3548 1971 3644 2013 na-

2052 2050 2166 2098 tum
2194 2052 2275 2098 est
2297 2043 2361 2098 de
2388 2043 2555 2097 Maria
2580 2044 2788 2113 virgine
2820 2059 2835 2097 :
2865 2045 3008 2115 quod
3052 2056 3381 2115 postremum
3437 2045 3636 2100 diserte

2053 2136 2287 2192 asseruit
2313 2136 2366 2191 in
2396 2136 2621 2204 epistola
2668 2137 2735 2191 ad
2777 2136 3054 2208 Egilonem
3107 2137 3378 2191 abbatem.
3436 2131 3637 2191 Verum

2051 2228 2408 2297 quodcunque
2436 2227 2562 2281 illud
2593 2236 2883 2299 utrumque
2908 2236 3010 2292 est,
3055 2227 3333 2282 Rabanum
3376 2229 3444 2283 ab
3485 2227 3632 2282 omni

2051 2332 2239 2373 errore
2262 2317 2366 2371 hac
2400 2317 2454 2371 in
2500 2331 2560 2372 re
2613 2317 2905 2372 immunem
2962 2315 3124 2371 fuisse
3159 2318 3487 2372 contendunt
3532 2316 3637 2370 viri

2052 2409 2246 2463 eruditi
2278 2408 2368 2477 qui
2400 2409 2464 2463 de
2498 2408 2837 2463 Eucharistia
2874 2414 3187 2462 tractavere.

2123 2498 2210 2552 51.
2234 2496 2384 2551 Alius
2423 2497 2589 2552 etiam
2630 2496 2780 2551 locus
2814 2502 2900 2551 est
2934 2496 3073 2565 apud
3111 2494 3393 2549 Rabanum
3442 2495 3494 2549 in
3532 2494 3630 2549 lib.

2053 2602 2107 2640 tv
2135 2588 2201 2642 de
2224 2587 2509 2653 Universo,
2534 2602 2652 2655 cap.
2689 2585 2775 2650 10,
2808 2586 2862 2640 in
2891 2600 3049 2655 quem
3077 2584 3258 2639 forsan
3293 2585 3476 2638 itidem
3522 2584 3637 2638 ani-

2052 2679 2316 2733 madverti
2361 2679 2551 2746 possit,
2583 2677 2675 2731 ubi
2708 2678 2782 2729 ait
2810 2693 2826 2732 :
2863 2695 2881 2726 ‹
2904 2674 3116 2728 Nullum
3164 2675 3633 2736 catechumenum,

2052 2768 2295 2836 quamvis
2321 2767 2375 2821 in
2397 2767 2552 2821 bonis
2564 2766 2815 2836 operibus
2830 2765 3160 2829 defunctum,
3185 2763 3345 2816 vitam
3367 2773 3626 2816 mternam

2052 2857 2251 2912 habere
2276 2856 2582 2919 credamus,
2612 2863 2839 2922 excepto
2864 2854 3148 2923 martyrio,
3181 2851 3271 2905 ubi
3302 2859 3409 2905 tota
3457 2851 3632 2919 bapti-

2053 2948 2155 3004 smi
2182 2954 2517 3002 sacramenta
2558 2945 2912 3015 complentur.
2951 2964 2968 2997 ι
3005 2944 3256 2997 Eamdem
3309 2942 3632 2996 sententiam

2053 3042 2218 3096 habet
2260 3039 2592 3095 Chillletiana
2625 3037 2902 3094 Confessio
2935 3034 3167 3099 Alcuini,
3215 3050 3247 3088 a
3277 3049 3385 3103 quo
3428 3021 3651 3103 prince;

2052 3142 2208 3203 ptore
2235 3132 2376 3187 haud
2403 3131 2515 3186 scio
2542 3146 2607 3185 an
2639 3127 2890 3185 Rabanus
2937 3128 3080 3182 hanc
3130 3126 3429 3180 doctrinam
3483 3139 3636 3179 acce-

2051 3230 2223 3292 perat.
2261 3221 2397 3277 Huic
2423 3222 2601 3276 obstat
2648 3218 2977 3289 Augustinus
3021 3215 3115 3269 lib.
3162 3215 3526 3281 Quaestionum
3577 3214 3630 3268 in

2051 3313 2371 3379 Leviticum,
2419 3327 2539 3383 cap.
2570 3311 2657 3374 84,
2707 3311 2799 3365 ubi
2854 3306 3213 3363 «invisibilem
3255 3304 3638 3361 sanctificatio—

2052 3420 2178 3460 nem
2208 3404 2525 3474 quibusdam
2552 3401 2789 3456 adfuisse
2817 3408 2979 3467 atque
3003 3396 3269 3468 profuisse
3294 3395 3412 3449 sine
3442 3393 3631 3447 visibi-

2062 3491 2205 3548 libus
2234 3491 2588 3546 sacramentis
2623 3508 2641 3540 |
2672 3487 2864 3558 probat
2901 3485 3146 3553 exemplo
3168 3483 3398 3538 Cornelii
3431 3493 3484 3537 et
3510 3482 3637 3536 alio-

2054 3598 2195 3638 rum.
2236 3582 2302 3637 Et
2329 3582 2421 3636 lib.
2450 3597 2505 3634 tv
2532 3580 2597 3634 de
2621 3578 2896 3648 Baptismo
2923 3583 3108 3632 contra
3140 3575 3467 3638 Donatistas,
3491 3583 3637 3642 post-

2054 3686 2215 3740 quam
2240 3668 2408 3723 multa
2438 3670 2541 3722 hac
2564 3668 2630 3722 de
2667 3681 2723 3720 re
2749 3665 3018 3726 disseruit,
3047 3678 3166 3736 cap.
3192 3663 3262 3716 22
3305 3662 3385 3719 sic
3420 3661 3638 3717 conclu-

2056 3762 2135 3816 dit
2169 3778 2181 3814 :
2214 3759 2407 3814 «Tunc
2455 3758 2710 3827 impletur
2756 3753 3099 3810 invisibiliter
3157 3752 3461 3822 baptismus,
3513 3768 3635 3806 cum

2054 3849 2372 3920 mysterium
2412 3847 2663 3917 baptismi
2695 3860 2801 3901 non
2830 3850 3170 3912 contemptus
3216 3840 3510 3912 religionis,
3542 3840 3636 3895 sed

2056 3938 2314 3994 articulus
2361 3937 2698 3992 necessitatis
2748 3934 3007 3990 excludit.
3041 3954 3059 3985 ι
3095 3931 3375 3987 Consentit
3401 3930 3635 3984 Ambro-

2056 4029 2169 4085 sius
2192 4030 2244 4083 in
2276 4028 2531 4084 concione
2556 4026 2768 4081 funebri
2798 4027 2863 4081 de
2888 4025 3037 4080 obitu
3066 4020 3422 4077 Valentiniani
3459 4018 3637 4086 junio-

2055 4119 2152 4184 ris,
2183 4118 2272 4173 ubi
2298 4133 2404 4173 non
2433 4118 2741 4173 dubitanter
2767 4116 2964 4170 asserit
2992 4116 3188 4183 ipsum,
3236 4111 3338 4166 etsi
3367 4119 3492 4164 ante
3519 4126 3639 4165 sus.

2056 4218 2270 4281 ceptum
2283 4210 2549 4279 baptisma
2563 4206 2877 4270 decesserit,
2901 4203 3173 4273 accepisse
3193 4201 3442 4272 gratiam,
3467 4214 3631 4270 quam

2056 4307 2374 4372 poposcerat
2402 4305 2562 4367 atque
2590 4295 3006 4351 desideraverat.
3039 4291 3175 4346 llinc
3196 4289 3453 4361 prmclare
3472 4290 3537 4345 de
3563 4303 3629 4343 eo

381 4402 496 4457 \‘lll
526 4403 748 4467 editam,
780 4403 833 4457 in
861 4418 967 4473 qua
991 4401 1230 4471 responsi
1252 4402 1334 4456 sui
1364 4416 1544 4456 moras
1564 4380 1785 4457 excusat
1801 4416 1868 4455 ex
1890 4416 1955 4457 eo
1982 4436 2034 4494 Β
2059 4393 2246 4448 scribit
2271 4391 2325 4444 in
2349 4391 2493 4446 hunc
2514 4386 2728 4490 ῐηοάιιῐξι
2753 4403 2766 4439 ε
2795 4404 2813 4437 ί
2837 4383 2939 4488 ρξιί
2975 4381 3161 4438 habUil
3187 4380 3436 4494 illirium}
3463 4388 3634 4481 ιιιιιῐξιν

375 4494 525 4564 quod
553 4494 621 4549 ad
649 4493 897 4570 Ludovici
934 4493 1077 4562 regis
1123 4493 1517 4563 susceptionem
1568 4492 1756 4548 fuisset
1793 4509 1956 4548 occu-

374 4596 564 4655 patus.
656 4646 665 4652 η
1516 4586 1525 4587 “

454 4679 695 4747 Denique
742 4688 863 4749 post
908 4694 1105 4735 annum
1149 4678 1254 4735 855
1293 4678 1510 4747 scripsit
1554 4676 1842 4747 Epistulam
1890 4693 1924 4733 α

382 4766 601 4837 i-Igilum
629 4768 875 4823 abbatem
901 4766 1271 4824 Prumieusem
1303 4767 1496 4838 :cujus
1530 4767 1770 4837 epistola:
1811 4782 1961 4822 men-

379 4858 585 4909 tionem
614 4853 743 4912 facit
773 4857 828 4911 in
867 4857 1091 4927 epistola
1120 4865 1243 4927 post
1283 4857 1352 4912 ab
1385 4871 1469 4929 eo.
1493 4857 1658 4911 missa
1695 4857 1762 4910 ad
1807 4855 1960 4911 lleri-

377 4948 604 5003 lpaldum
631 4951 937 5019 episcopum
965 4949 1510 5005 Antissiodorensem.
1538 4947 1795 5002 Notitiam
1824 4955 1959 5001 tem-

378 5041 553 5107 poris,
567 5057 689 5110 quo
716 5051 944 5111 utraque
964 5041 1080 5096 btec
1103 5040 1329 5109 epistola
1348 5040 1550 5110 scripta
1571 5048 1673 5102 est,
1700 5039 1960 5096 debemus

376 5128 675 5200 diligentiae
696 5129 1046 5186 eruditissimi
1070 5130 1170 5183 viri
1192 5128 1448 5199 Stephani
1473 5127 1699 5193 Baluzii,
1727 5128 1819 5197 qui
1840 5142 1960 5182 eam

381 5221 641 5276 secundis
662 5222 802 5292 typis
829 5221 1065 5293 vulgavit
1091 5236 1214 5275 cum
1240 5228 1495 5279 accurata
1526 5219 1631 5273 hac
1653 5218 1719 5273 de
1742 5231 1803 5271 re
1825 5232 1961 5287 prae.

382 5313 440 5363 ἵει
450 5311 591 5367 tione
613 5326 628 5364 :
656 5312 746 5369 ubi
764 5312 1068 5367 observavit
1089 5310 1298 5382 Egilum
1321 5325 1415 5365 seu
1437 5308 1684 5380 Eigilem,
1709 5308 1778 5362 ad
1800 5321 1960 5376 quem

376 5406 497 5468 jam
519 5400 764 5457 abbatem
794 5401 1163 5460 Prumiensem
1190 5401 1338 5470 prior
1363 5415 1428 5453 ex
1470 5400 1554 5454 his
1593 5399 1802 5453 duabus
1849 5396 1963 5466 cpi-

384 5490 546 5546 stolis
578 5492 780 5561 scripta
809 5502 912 5556 est,
938 5493 1076 5549 hanc
1100 5491 1411 5562 dignitatem
1455 5489 1640 5544 iniisse
1669 5504 1811 5543 anno
1835 5487 1961 5550 855,

383 5580 470 5634 uti
491 5581 653 5634 etiam
680 5581 735 5634 in
762 5581 878 5650 ejus
904 5581 1086 5650 Elogio
1106 5580 1488 5635 demonstrabo
1517 5578 1758 5634 inferius.
1794 5579 1964 5634 Porro

388 5674 447 5726 in
469 5672 747 5739 posteriori
781 5668 856 5726 ad
887 5671 1251 5734 licriballum,
1279 5684 1399 5746 qum
1427 5684 1455 5722 a
1485 5667 1777 5739 Reginone,
1806 5667 1964 5722 lvone

2058 4485 2324 4556 quomodo
2363 4499 2469 4537 non
2518 4479 2726 4549 accepit
2767 4476 2995 4549 gratiam
3042 4472 3225 4529 tuam?
3252 4480 3346 4526 aut
3389 4471 3455 4533 si,
3512 4469 3637 4539 quia

2060 4577 2371 4634 solemniter
2396 4591 2499 4629 non
2529 4581 2654 4628 sunt
2682 4571 2952 4626 celebrata
2980 4565 3258 4638 mysteria,
3294 4564 3396 4618 hoc
3426 4569 3632 4617 movet:

2058 4682 2187 4737 ergo
2212 4684 2311 4723 nec
2334 4673 2616 4735 martyres,
2644 4663 2690 4717 si
2720 4657 3092 4717 catechumeni
3125 4654 3339 4716 fuerint,
3373 4665 3637 4706 coronen-

2060 4767 2190 4815 tur:
2217 4774 2324 4813 non
2367 4757 2510 4811 enim
2550 4761 2897 4816 coronantur,
2929 4751 2973 4806 si
3008 4764 3115 4803 non
3145 4746 3443 4800 initiantur.
3484 4741 3639 4808 Quod

2062 4852 2107 4906 si
2135 4865 2232 4906 suo
2256 4848 2545 4903 abluuntur
2570 4845 2851 4913 sanguine,
2875 4849 2930 4895 et
2953 4837 3099 4894 hunc
3124 4853 3219 4893 sua
3259 4836 3436 4905 pietas
3468 4832 3639 4887 abluit

2065 4949 2119 4996 et
2148 4939 2412 4993 voluntas.
2449 4956 2467 4988 ι
2504 4936 2690 5005 Itaque
2719 4950 2782 4988 ex
2808 4929 3078 4986 Ambrosii
3107 4936 3161 4983 et
3187 4924 3473 4997 Augustini
3516 4937 3638 4978 sen-

2065 5031 2251 5091 tentia,
2274 5043 2380 5083 non
2412 5026 2542 5081 solis
2582 5022 2985 5079 catechumenis
3031 5017 3291 5088 martyrio
3329 5012 3535 5068 affectis
3569 5013 3636 5064 ad

2062 5121 2287 5178 salutem
2321 5116 2541 5189 prodest
2580 5113 2827 5168 voluntas
2863 5107 3185 5179 suscipiendi
3231 5100 3506 5173 baptismi,
3542 5098 3637 5153 sed

2063 5211 2228 5267 etiam
2258 5208 2324 5263 iis
2346 5208 2435 5278 qui
2468 5204 2626 5275 hujus
2667 5200 2991 5258 sacramenti
3041 5197 3269 5269 gratiam
3322 5193 3534 5247 sincero
3572 5204 3638 5243 ac

2066 5297 2292 5354 ferventi
2322 5296 2501 5351 animo
2529 5300 2892 5364 poposcerunt
2918 5305 2981 5345 ac
3007 5286 3408 5345 desiderarunt;
3440 5294 3540 5334 nec
3567 5278 3638 5333 ab

2066 5407 2132 5448 eo
2166 5386 2503 5459 suscipiendo
2528 5383 2765 5439 revocati
2804 5388 2928 5437 sunt
2963 5394 3029 5433 ex
3067 5371 3408 5446 negligentia,
3436 5369 3531 5425 sed
3567 5383 3635 5422 ex

2067 5479 2465 5551 dispensatione
2485 5475 2681 5531 divina.
2719 5472 2864 5528 Idem
2900 5468 3069 5523 valide
3110 5478 3175 5538 ac
3211 5464 3410 5516 diserte
3441 5473 3637 5530 propu-

2069 5574 2251 5646 gnavit
2274 5579 2493 5628 sanctus
2513 5568 2817 5624 Bernardus
2841 5565 2892 5618 in
2918 5557 3141 5631 epistola
3175 5556 3240 5611 77
3269 5571 3365 5612 seu
3406 5561 3635 5646 tractatu

2071 5641 2138 5720 ad
2176 5664 2448 5736 Hugonem
2480 5660 2545 5715 de
2568 5657 2765 5713 Sancto
2791 5654 3022 5716 Victore,
3065 5647 3308 5703 adductis
3353 5641 3637 5717 Augustini
