4012 6194
438 258 519 335 ,η
990 304 1013 325 ,
1585 250 1674 305 Αι)
1711 250 1935 305 orsus
1978 252 2032 304 ιι.
2079 250 2327 306 uanam
2367 252 2582 309 MAURI
3263 213 3271 219 “
3627 245 3696 302 ιι

398 350 583 433 ":ctus,
617 376 670 420 et
712 366 993 436 episcopus
1023 361 1472 429 Moguntiacensis
1519 360 1759 416 ecclesiae
1799 362 2018 416 ordina-
2052 365 2099 421 Α
2127 362 2258 427 bati,
2297 367 2437 433 quod
2478 364 2757 432 cujusdam
2795 362 2964 417 sancti
3000 363 3251 433 martyris
3294 377 3414 418 ossa
3456 361 3614 418 vellet
3647 364 3697 417 ei

449 470 552 519 tus,
581 458 706 526 quia
734 464 977 510 secretus
1008 462 1125 507 erat
1148 464 1201 508 et
1224 469 1252 506 a
1284 452 1525 522 populari
1553 451 1850 521 frequentia
1874 451 2026 505 valde

400 576 403 579 -
446 560 703 611 remotus,
750 548 1056 616 impetravit
1082 560 1111 599 a
1151 544 1480 598 Karlmanno
1515 556 1539 582 ιι
1582 543 1696 614 regi
1727 542 1755 581 ιι
1793 542 2027 596 France.

447 657 586 704 runt,
628 647 835 694 etcum
881 635 1203 691 auctoritate
1249 634 1527 689 Zachariae
1555 643 1603 698 ο,
1638 642 1839 687 sanctae
1885 633 2027 687 sedis

445 729 749 798 apostolica:
779 727 973 782 summi
996 724 1287 795 pontificis,
1318 720 1702 777 monasterium
1734 721 1787 774 in
1813 735 1878 775 eo
1900 735 2027 774 con-

449 820 625 873 stituit
652 818 1062 877 monachorum,
1100 829 1241 868 anno
1266 820 1389 865 ante
1417 810 1722 881 passionem
1754 823 1907 863 suam
1935 808 2028 862 de-

443 912 603 975 cinno,
628 909 718 978 qui
762 907 864 961 fuit
908 907 976 961 ab
1010 904 1387 960 Incarnatione
1414 899 1692 956 Dominica
1718 908 1942 969 quartus
1972 905 2028 953 et

448 1001 895 1070 quadragesimus
934 1005 989 1054 et
1007 995 1518 1067 septingentesimus
1549 1008 1740 1046 annus.
1910 978 1934 1021 τ

513 1091 565 1145 5.
610 1090 747 1143 IIuic
777 1090 955 1157 itaque
989 1084 1316 1142 monasterio
1342 1083 1561 1151 quintus
1609 1097 1638 1134 a
1669 1081 1825 1136 beate
1866 1078 2028 1134 boni-

442 1183 584 1235 facio
616 1178 833 1250 przefuit
878 1179 930 1232 in
961 1177 1219 1247 regimine
1244 1175 1499 1227 [tabanus
1527 1173 1695 1226 abbas
1730 1181 1785 1226 et
1819 1185 2025 1240 praece-

440 1281 562 1341 ptor
591 1284 761 1332 meus,
796 1267 879 1321 vir
904 1266 1057 1319 valde
1089 1264 1394 1334 religiosus,
1426 1270 1481 1315 et
1524 1262 1574 1315 in
1617 1259 1917 1330 Scripturis
1940 1259 2025 1313 di-

441 1360 582 1413 vinis
608 1358 851 1427 apprime
879 1354 1123 1409 eruditus
1150 1370 1165 1407 :
1189 1351 1340 1420 cujus
1383 1366 1543 1405 onme
1571 1349 1807 1403 studium
1840 1347 1939 1401 fuit
1971 1347 2025 1400 in

443 1450 796 1505 meditatione
849 1446 982 1516 legis
1030 1444 1241 1498 Domini
1287 1443 1419 1496 etin
1469 1440 1713 1495 doctrina
1760 1437 2022 1502 veritatis,

440 1557 676 1611 curaque
722 1539 955 1593 maxima
1002 1537 1145 1592 circa
1185 1534 1527 1604 disciplinam
1572 1531 1923 1585 monasticam
1971 1537 2025 1584 et

440 1633 741 1705 profectum
785 1627 1191 1697 discipulorum.
1246 1624 1399 1679 Meus
1450 1622 1564 1691 ejus
1618 1623 1686 1675 ad
1733 1636 1795 1675 ea
1849 1621 2027 1689 dispo-

2129 447 2593 515 transmittere,°si
2643 467 2912 523 congruus
2963 453 3125 507 abeo
3176 451 3505 506 venerationi
3555 450 3702 505 illius

2126 544 2276 597 locus
2302 544 2672 609 exhiberetur,
2688 551 3007 612 partemque
3041 534 3375 597 lnereilitatis
3402 557 3511 595 sua:
3538 554 3704 610 quam

2127 634 2182 686 in
2227 632 2476 698 Francia,
2517 634 2660 690 unde
2707 635 2968 688 oriundus
3021 633 3141 697 fuit,
3187 632 3439 695 habebat,
3476 629 3700 686 solemni

2127 723 2419 778 donatione
2467 724 2584 779 loco
2628 723 2707 777 illi
2752 722 3000 778 conferre
3030 723 3357 792 disponeret,
3411 721 3479 775 ad
3513 722 3699 775 deser-

2126 815 2380 870 viendum
2408 814 2594 868 usibus
2624 828 2810 868 eorum
2844 812 2935 881 qui
2967 812 3040 867 ibi
3071 820 3255 867 essent
3275 810 3546 865 servituri.
3575 810 3705 875 Qui—

2126 903 2229 958 bus
2256 902 2344 957 ille
2365 902 2588 965 auditis,
2617 902 2743 970 quia
2768 901 2994 955 multum
3016 901 3069 954 in
3099 900 3327 955 Domino
3352 900 3587 968 gavisus,
3623 907 3706 952 ta-

2128 994 2258 1049 lium
2285 1007 2468 1048 rerum
2499 992 2768 1046 desiderio
2797 1006 2905 1044 non
2935 1005 3125 1060 parum
3173 991 3512 1053 movebatur,
3543 987 3702 1042 absoo

2127 1082 2362 1150 lutisque
2414 1080 2665 1136 celeriter
2721 1079 2900 1133 causis
2958 1087 3178 1148 propter
3231 1093 3366 1147 quas
3419 1078 3705 1147 presbyter

2128 1183 2368 1238 venerat,
2396 1173 2609 1228 remisit
2642 1187 2765 1226 eum
2816 1172 2867 1225 in
2916 1170 3143 1236 Italiam,
3189 1171 3454 1225 mandans
3497 1184 3701 1223 memo—

2128 1274 2247 1321 rato
2271 1266 2388 1319 viro
2409 1263 2671 1335 Alabingo
2692 1264 2747 1319 in
2776 1263 3126 1317 translatione
3152 1262 3497 1331 reliquiarum
3529 1259 3703 1315 sancti

2128 1356 2270 1410 illius
2313 1353 2575 1425 martyris
2612 1368 2718 1407 non
2767 1352 3000 1423 segniter
3026 1351 3289 1421 agendum
3319 1368 3332 1415 ;
3365 1351 3495 1419 quin
3525 1352 3706 1420 potius

2126 1455 2348 1518 propter
2368 1446 2549 1501 varios
2580 1453 2804 1499 eventus
2829 1459 3013 1499 rerum
3037 1444 3180 1498 omni
3204 1442 3487 1497 velocitate
3510 1453 3568 1495 ut
3593 1441 3706 1494 etii-

2126 1549 2343 1596 ceretur
2369 1555 2489 1596 esse
2520 1539 2901 1594 festinandum.
2932 1538 3050 1593 Jam
3091 1554 3149 1593 se
3177 1539 3371 1592 divinis
3408 1536 3604 1592 ofﬁciis
3636 1536 3706 1591 fa-

2126 1630 2333 1684 ciendis
2364 1630 2639 1684 basilicam
2668 1638 3053 1698 congruentem
3086 1627 3285 1681 habere
3315 1635 3699 1689 constructam,

439 1725 613 1779 nenda
637 1738 758 1794 qua:
787 1722 855 1777 ad
878 1721 1080 1776 cultum
1106 1719 1343 1773 divinum
1368 1716 1642 1787 pertinent
1666 1728 1882 1783 semper
1904 1720 2021 1768 erat
2050 1707 2103 1781 ΒΡ
2125 1729 2179 1777 ει
2202 1722 2382 1777 omnia
2411 1729 2597 1791 param
2621 1734 2740 1789 qua;
2771 1719 2837 1772 ad
2861 1719 3258 1787 susceptionem
3284 1723 3338 1771 ρι
3364 1717 3563 1771 cum",
3603 1717 3705 1769 hu-

441 1816 668 1869 intenta.
702 1812 1139 1880 Quotiescunque
1194 1825 1224 1862 a
1274 1808 1419 1862 curis
1462 1804 1811 1859 smcularibus
1841 1802 2017 1875 (quas,

439 1911 593 1974 prout
621 1901 877 1973 possibile
907 1909 1045 1964 erat,
1081 1908 1193 1954 toto
1222 1899 1343 1953 nisu
1383 1895 1711 1964 declinabat)
1740 1893 1878 1949 liber
1903 1909 2023 1949 esse

440 1993 873 2064 permittebatur,
912 1999 1003 2044 aut
1052 1989 1186 2045 alios
1234 1990 1406 2044 sacris
1460 1986 1655 2040 litteris
1698 1985 2022 2051 instruebat,

441 2094 533 2139 aut
557 2086 607 2139 in
636 2084 863 2155 legendo
883 2083 966 2138 vel
988 2082 1243 2138 dictando
1272 2080 1467 2136 divinis
1497 2078 1792 2148 Scripturis
1829 2086 2026 2134 semet-

441 2177 613 2245 ipsum
639 2175 916 2245 pascebat.
943 2173 1090 2228 Inter
1109 2173 1224 2227 lure
1248 2180 1305 2226 et
1328 2171 1434 2224 alia
1457 2170 1654 2239 quibus
1680 2169 1734 2224 in
1757 2171 2022 2234 oratione,

442 2266 640 2336 vigiliis
688 2275 742 2320 ct
788 2265 1140 2329 abstinentia,
1185 2264 1502 2331 cazterisque
1548 2262 1809 2316 virtutum
1856 2261 2025 2316 titulis

438 2358 667 2412 formam
702 2372 760 2412 se
805 2357 909 2412 sibi
952 2357 1183 2413 subditis
1212 2354 1505 2427 prrebebat,
1560 2352 1953 2434 monasterium
1992 2350 2018 2391 ἀ

439 2460 612 2505 totum
650 2451 898 2507 domibus
936 2451 1137 2521 apertis
1180 2448 1386 2522 [Forte,
1413 2448 1575 2521 aptis]
1604 2458 1660 2505 et
1705 2449 2026 2505 habitaculis

438 2541 863 2612 congruentibus
912 2540 1221 2606 exstruxit;
1262 2547 1319 2594 et
1366 2538 1652 2595 ecclesiam
1703 2554 1770 2594 ex
1815 2538 2025 2594 diverso

438 2631 778 2687 metallorum
803 2632 1276 2702 pretiosarumque
1305 2630 1536 2687 vestium
1573 2645 1772 2703 genere
1798 2630 2025 2700 pulchra

442 2723 705 2778 varietate
736 2722 1031 2776 decoravit.
1065 2721 1171 2776 Per
1210 2721 1375 2775 cellas
1397 2735 1611 2789 quoque
1659 2722 1888 2774 fratrum
1924 2720 2025 2775 sibi

440 2812 856 2868 commissorum
887 2818 941 2864 et
965 2826 1064 2880 per
1087 2809 1192 2864 alia
1221 2809 1338 2864 loca
1361 2809 1532 2862 multa
1559 2808 1627 2861 ad
1654 2823 1713 2862 se
1741 2809 2024 2876 pertinen—

440 2903 537 2966 tia,
578 2901 633 2955 in
660 2900 856 2970 quibus
898 2899 1050 2970 prius
1080 2914 1186 2953 non
1232 2905 1410 2963 erant,
1444 2896 1706 2952 ecclesias
1734 2912 1859 2951 cum
1903 2913 2027 2967 per-

442 2992 701 3047 missione
730 2990 968 3061 episcopi
999 2990 1082 3045 sui
1122 2988 1428 3045 construxit
1454 3005 1467 3041 :
1492 3002 1629 3057 quas
1658 2986 1901 3042 collectis
1927 3002 2025 3040 un-

442 3082 725 3152 decunque
773 3089 1082 3136 sanctorum
1140 3079 1403 3150 reliquiis,
1463 3092 1651 3133 eorum
1704 3077 1921 3132 nomine
1969 3088 2024 3131 et
2052 3048 2095 3109 C

432 3173 652 3229 :houore
672 3171 982 3229 consecrari
1021 3171 1167 3226 fecit.

509 3284 571 3340 ὃ.
613 3284 783 3339 Erant
826 3283 991 3338 etiam
1039 3298 1137 3353 per
1184 3282 1426 3337 diversas
1479 3280 1789 3352 provincias
1824 3278 2026 3350 prmdia

443 3376 776 3433 monasterio
824 3374 1184 3443 subjacentia,
1234 3373 1432 3444 partim
1480 3387 1549 3428 ex
1603 3372 1760 3428 donis
1815 3385 2025 3442 regum,

444 3468 642 3538 partim
665 3481 730 3521 ex
759 3465 1086 3521 liberalitate
1114 3463 1351 3519 fidelium
1404 3476 1784 3532 personarum,
1809 3467 2030 3529 propter

450 3570 693 3610 amorem
722 3554 819 3609 Dei
849 3562 905 3609 et
929 3552 1330 3608 venerationem
1359 3551 1531 3607 sancti
1564 3550 1819 3621 martyris
1863 3548 2027 3603 Boni-

451 3643 579 3699 facii
606 3643 733 3698 illuc
779 3642 974 3698 collata
1002 3660 1014 3696 :
1043 3656 1273 3712 quorum
1304 3641 1408 3697 alia
1433 3641 1651 3711 quidem
1688 3653 1786 3710 per
1823 3638 2030 3693 villicos

446 3734 739 3800 ordinavit,
769 3733 875 3788 alia
904 3748 1053 3798 vero,
1084 3741 1140 3787 et
1168 3731 1401 3785 maxime
1426 3730 1518 3783 illa
1548 3730 1602 3783 in
1632 3728 1829 3797 quibus
1859 3727 2031 3782 cccle-

440 3828 547 3883 sias
572 3826 805 3892 fuerant,
856 3824 1190 3898 presbyteris
1220 3833 1243 3863 θ
1264 3822 1600 3894 procuranda
1649 3827 1810 3892 atque
1846 3819 2030 3887 dispo-

436 3918 629 3974 nenda
680 3916 972 3973 commisit.
1014 3915 1058 3970 Ε
1096 3915 1313 3985 quibus,
1346 3913 1435 3983 qui
1468 3913 1522 3966 in
1571 3911 1722 3967 Italia
1767 3910 2030 3981 praedium

438 4008 797 4078 prqcurabat,
849 4006 993 4076 quod
1043 4004 1284 4060 Adumar
1306 4003 1578 4072 quondam
1616 4016 1800 4057 comes
1844 4011 2031 4057 sancto

448 4097 728 4153 Bonifacio
760 4097 1004 4161 tradidit,
1046 4096 1265 4153 nomine
1308 4094 1481 4158 Addo,
1519 4093 1643 4148 inde
1680 4092 1913 4159 rediens,
1946 4092 2029 4147 iu-

452 4200 535 4243 ter
581 4197 775 4243 caetera
821 4188 1004 4243 retulit
1053 4187 1371 4257 Alabingum
1429 4184 1579 4258 [AI.,
1630 4185 2028 4257 llalabingum]

454 4280 762 4349 quemdam,
795 4287 1070 4348 potentem
1120 4279 1173 4332 iu
1204 4277 1356 4332 Italia
1383 4276 1581 4344 virum,
1614 4276 1899 4331 mandasse
1937 4275 2029 4329 ab-

2119 1810 2357 1881 jusmodi
2392 1825 2570 1864 rerum
2602 1825 2730 1865 usus
2758 1809 3031 1878 exposcit;
3061 1823 3234 1876 neque
3261 1806 3461 1875 aliquid
3490 1820 3608 1861 esse
3636 1820 3702 1859 ex

2130 1903 2229 1958 hac
2271 1910 2423 1972 parte
2466 1899 3008 1970 impedimenti,quin
3044 1898 3484 1967 pollicitationem
3527 1911 3702 1960 suam,

2128 1995 2174 2050 si
2207 1993 2457 2049 voluntas
2485 2008 2594 2046 non
2615 1989 2864 2055 defuerit,
2898 1989 3075 2042 valeat
3104 1987 3345 2057 implere.

2199 2108 2251 2164 7.
2291 2106 2534 2177 Cumque
2576 2103 2853 2175 profectus
2884 2113 3024 2157 esset
3065 2103 3363 2172 presbyter,
3393 2107 3455 2155 ut
3500 2101 3553 2153 in
3597 2097 3703 2152 Ita-

2127 2199 2256 2253 liam
2292 2204 2676 2261 reverteretur,
2705 2193 2931 2263 contigit
2975 2201 3033 2247 ut
3058 2192 3276 2262 quidam
3313 2191 3570 2244 diaconus
3599 2188 3708 2241 Ro-

2127 2304 2301 2345 mana:
2353 2286 2628 2351 Ecclesia,
2684 2284 2900 2340 nomine
2962 2282 3244 2336 Deusdona
3292 2280 3309 2318 ί
3333 2321 3348 2345 ,
3388 2278 3596 2333 veniret
3653 2278 3707 2330 in

2127 2377 2437 2444 ﬁanciam,
2471 2378 2650 2447 specie
2680 2376 2895 2445 quidem
2926 2373 3081 2442 quasi
3109 2387 3207 2441 pro
3233 2370 3553 2443 quibusdam
3590 2370 3708 2425 suis

2130 2471 2544 2527 necessitatibus
2597 2469 2739 2540 regis
2772 2483 2929 2539 opem
2976 2465 3388 2535 imploraturus;
3422 2479 3482 2519 re
3519 2472 3704 2518 autem

2129 2580 2256 2620 vera
2280 2547 2592 2618 sanctorum
2619 2575 2754 2630 quas
2780 2573 2963 2613 secum
3003 2556 3235 2612 habebat
3264 2556 3518 2626 reliquias
3544 2554 3707 2609 alicui

2129 2654 2504 2725 religiosorum
2567 2652 2619 2706 in
2668 2650 2899 2704 Francia
2951 2649 3188 2703 virorum
3247 2648 3498 2710 daturus,
3553 2645 3706 2713 cujus

2128 2743 2397 2812 adjutorio
2425 2749 2610 2812 posset
2651 2739 2845 2810 inopiae
2873 2754 2983 2794 suae
3018 2736 3235 2807 aliquod
3263 2750 3458 2806 capere
3502 2736 3709 2805 supple-

2128 2840 2388 2888 mentum.
2439 2830 2789 2884 Transcensis
2820 2829 2983 2898 igitur
3026 2826 3238 2896 Alpium
3262 2824 3428 2895 jugis,
3468 2840 3588 2879 cum
3638 2824 3706 2878 ad

2128 2922 2285 2992 plana
2319 2928 2375 2976 et
2402 2920 2727 2988 campestria
2750 2918 3118 2973 descendisset
3151 2918 3204 2971 in
3233 2917 3428 2972 ﬁnibus
3455 2916 3710 2970 Alaman-

2130 3030 2342 3079 norum,
2392 3013 2543 3067 venit
2594 3011 2659 3064 ad
2710 3010 3001 3078 quamdam
3049 3008 3251 3073 villam,
3310 3025 3431 3077 qua:
3486 3015 3710 3063 vocatur

2128 3104 2460 3166 Kentibruto,
2496 3084 2551 3157 in
2587 3116 2724 3172 pago
2753 3099 3056 3170 Turihgawe
3086 3100 3135 3163 ε,
3162 3099 3254 3152 ubi
3281 3099 3562 3153 ecclesiam
3587 3110 3711 3152 cum

2128 3197 2370 3266 reliquiis
2410 3196 2707 3264 ingressus,
2741 3206 2863 3246 cum
2903 3190 3132 3260 benigne
3179 3204 3208 3242 a
3246 3188 3561 3259 presbytero
3593 3203 3712 3244 sus-

2128 3296 2314 3359 ceptus
2360 3293 2525 3348 esset,
2585 3283 2732 3337 dedit
2776 3281 2825 3336 ei
2886 3290 3096 3351 partem
3170 3278 3520 3347 reliquiarum
3562 3278 3712 3333 beati

2129 3377 2421 3434 Alexandri
2446 3377 2475 3416 h
2508 3373 2762 3444 martyris
2807 3368 2907 3427 sub
2950 3370 3121 3425 altare
3163 3365 3404 3425 ecclesia;
3442 3367 3712 3424 collocan-

2129 3468 2275 3522 dam.
2303 3466 2420 3534 Quo
2446 3464 2614 3529 facto,
2636 3478 2759 3519 mox
2786 3461 2973 3531 quanti
3000 3459 3176 3514 meriti
3208 3457 3348 3529 apud
3377 3457 3546 3512 Deum
3567 3466 3713 3514 esset

2131 3561 2408 3618 miraculis
2461 3556 2869 3614 declarantibus
2917 3554 3084 3623 coepit
3141 3551 3372 3608 ostendi.
3411 3549 3711 3606 Audientes

2132 3654 2278 3709 enim
2309 3650 2491 3723 populi
2511 3656 2823 3704 sanctorum
2848 3645 3037 3701 allatas
3062 3643 3316 3713 reliquias
3340 3657 3482 3707 esse,
3507 3640 3711 3696 debiles

2132 3755 2187 3803 et
2233 3752 2466 3815 aegrotos
2512 3750 2567 3796 et
2615 3739 2782 3794 variis
2822 3735 3177 3793 incommodis
3206 3733 3434 3789 afﬂictos
3473 3731 3710 3801 undique

2132 3843 2415 3908 coeperunt
2440 3833 2728 3895 adducere,
2759 3830 3043 3884 credentes
3070 3842 3167 3897 per
3195 3826 3469 3881 orationes
3495 3833 3710 3879 sancto-

2134 3941 2251 3981 rum
2280 3923 2562 3994 pristinam
2605 3932 2928 3990 recuperare
2958 3917 3263 3973 sanitatem.
3300 3915 3445 3970 Inter
3470 3929 3605 3983 quos
3631 3913 3710 3968 fe-

2134 4017 2280 4074 mina
2308 4016 2574 4086 quaadam,
2604 4011 2878 4067 immundo
2916 4010 3107 4078 spiritu
3132 4023 3398 4079 possessa,
3431 4007 3707 4063 basilicam

2134 4107 2407 4171 introivit;
2446 4118 2676 4174 cumque
2703 4118 2735 4156 a
2775 4101 3090 4172 presbytero
3110 4097 3267 4167 juxta
3308 4112 3512 4153 morem
3538 4096 3709 4151 eccle-

2133 4194 2880 4265 siasticumpxorcizaretur,
2926 4205 3026 4258 per
3066 4205 3127 4244 os
3177 4188 3318 4243 illius
3364 4187 3574 4243 daemon
3623 4202 3711 4241 re~

2131 4287 2364 4357 spondit,
2398 4287 2443 4340 si
2469 4284 2537 4339 ab
2564 4299 2625 4337 ea
2654 4283 2845 4338 fuisset
2871 4280 3097 4351 ejectus,
3127 4279 3310 4334 statim
3349 4279 3403 4355 in
3441 4277 3586 4332 aliud
3613 4293 3709 4333 vas

525 4388 833 4465 9_Huic_an_.
862 4390 991 4465 Chr.
1032 4388 1157 4465 ἶρᾌ,
1190 4404 1222 4443 a
1263 4395 1441 4465 ῳοτιε
1476 4387 1648 4465 pagis
1687 4386 1864 4465 Fatoli
1894 4387 2032 4465 Μαι·-
2060 4401 2110 4460 D
2139 4394 2382 4465 reliquiis
2408 4390 3200 4465 tractandis_e_xportandisque
3240 4386 3511 4443 solertiam
3555 4396 3711 4442 vete-

454 4458 566 4515 telli
593 4459 759 4514 cessit
785 4458 1013 4513 Francia
1037 4456 1351 4527 Orientalis,
1371 4456 1495 4527 cum
1536 4456 1855 4527 Thuringia,
1897 4456 2030 4511 Sue-

453 4530 564 4595 via,
602 4529 717 4585 sive
751 4528 1053 4597 Alamania,
1101 4528 1305 4582 relictis
1333 4526 1559 4597 Pippino
1595 4526 1763 4580 fratri
1784 4527 2030 4597 Burgun-

456 4599 566 4664 dia,
604 4598 904 4659 Provincia,
938 4596 1205 4653 Neustria.
1240 4598 1396 4650 Anno
1425 4596 1526 4650 747
1564 4596 1923 4650 monasticum
1952 4597 2031 4650 in-

455 4668 706 4738 stitutum
735 4667 1033 4738 amplexus,
1063 4667 1231 4738 vitam
1260 4673 1446 4738 sancte
1477 4665 1669 4719 finivit.
1710 4666 1875 4738 Bon.

534 4739 562 4779 ι’
586 4734 882 4802 Potestafe,
918 4752 1025 4792 non
1044 4737 1212 4792 titulo
1241 4752 1338 4791 rex
1364 4734 1471 4789 fuit
1494 4755 1506 4788 :
1528 4750 1692 4806 quem
1722 4735 1892 4791 frater
1916 4734 2032 4804 ejus

456 4807 738 4879 Pippinus,
762 4807 1066 4879 Cbilderico
1089 4807 1819 4879 Merovingorpm_postremo
1842 4806 1895 4860 in
1918 4820 2035 4879 me-

461 4874 756 4933 na's'terium
782 4878 1020 4940 detruso,
1051 4874 1377 4932 auctoritate
1409 4875 1472 4930 S.
1509 4876 1786 4930 Zachariae
1812 4874 2031 4945 pontifi-

459 4949 559 5012 cis,
584 4948 816 5003 obtinuit
840 4963 966 5002 ann.
998 4946 1195 5003 Christi
1222 4946 1345 5001 752.
1377 4945 1451 4999 In.

533 5029 555 5057 ο
580 5017 803 5073 Praefuit
841 5016 1096 5072 Ecclesiae
1129 5034 1157 5071 a
1200 5017 1233 5070 6
1282 5016 1532 5071 Decemb.
1566 5015 1692 5069 anni
1742 5015 1836 5069 7H
1869 5016 1935 5071 ad
1968 5016 2033 5070 l5

467 5087 642 5144 Martii
675 5088 797 5143 anni
826 5087 951 5149 752,
973 5103 1083 5156 quo
1116 5087 1203 5142 die
1227 5086 1438 5141 colitur.
1473 5086 1546 5139 In.

530 5156 557 5196 ἀ
588 5158 867 5227 Legendus
918 5155 1201 5227 Brevverus
1252 5157 1318 5211 de
1371 5156 1519 5210 Fuld.
1564 5155 1768 5227 Antiq.,
1821 5156 2035 5226 potissi-

464 5241 609 5307 mum
637 5226 755 5297 cap.
778 5226 812 5280 5
836 5226 948 5307 et
974 5227 1064 5281 lib.
1082 5242 1139 5307 .1,
1167 5226 1256 5307 ubi
1286 5227 1577 5294 primordia
1618 5226 1825 5280 fundati
1854 5228 2031 5279 condi-

466 5296 612 5365 tique
641 5296 949 5351 monasterii
996 5296 1198 5350 ποῖαι-ι.
1241 5296 1315 5351 In.

469 5431 479 5443 .
542 5378 564 5403 θ
594 5313 1011 5446 Presbyteriilii
1054 5366 1299 5446 monachi
1343 5373 1685 5446 et'aitt,_quos
1715 5365 2031 5445 praepositos

461 5433 571 5500 jam
605 5444 715 5489 tum
743 5433 1100 5504 appellabant,
1138 5434 1275 5491 infra
1319 5450 1466 5489 num.
1502 5436 1582 5488 l5.
1621 5433 1753 5487 Ilin’c
1776 5433 2029 5502 pmpoa-

470 5515 710 5576 turarum
732 5503 813 5575 (ut
837 5504 1052 5576 vocant)
1081 5505 1251 5576 origo.
1289 5504 1477 5576 blxn.___
1550 5572 1560 5576 _
1601 5571 1626 5576 _
1671 5574 1717 5576 ﬂ
1803 5573 1812 5576 _
1953 5574 1960 5576 _

660 5521 709 5557 m
732 5520 813 5560 ιυι
837 5520 1052 5560 vocant)
1081 5520 1251 5560 OI'IKO.
1289 5520 1426 5559 ΜΛΒ.

546 5522 1272 5642 τ²¹ἶιίὲ¹¹¹υὲἶῖεἷιὲἓέῗ¹ὲ3ἷὲξὶἰέ
1289 5522 1564 5627 mium
1596 5571 1908 5637 samum,
1951 5574 2022 5625 ita

474 5642 753 5699 Browcrus
778 5642 814 5696 Ι.
842 5658 900 5698 ιιι
920 5642 1075 5698 Fuld.
1107 5643 1313 5713 Antiq.,
1334 5642 1500 5698 c.13:
1526 5660 1545 5694 ι
1579 5642 1868 5712 Utriusque
1888 5652 1945 5696 ut
1968 5644 2020 5695 in

2138 4479 2225 4520 res
2256 4461 2580 4533 approbent,
2626 4461 2731 4515 laeti
2774 4461 2909 4515 forte
2950 4475 3128 4514 rerum
3169 4473 3445 4533 successu,
3494 4472 3588 4511 eos
3628 4467 3707 4510 ta-

2137 4548 2258 4588 men
2296 4526 2361 4586 ’ἰῐι
2420 4548 2479 4587 re
2532 4526 2640 4586 tam
2691 4545 2867 4596 sacra,
2910 4544 3083 4597 neque
3124 4529 3326 4597 optima
3363 4526 3490 4593 ﬁde,
3534 4541 3707 4596 neque

2136 4612 2288 4658 casto
2307 4611 2571 4667 versatos.
2596 4601 2688 4670 qui
2713 4596 3077 4670 Eginharddm
3109 4596 3321 4670 adierit,
3358 4596 3513 4670 facile
3532 4598 3707 4670 quivis

2138 4673 2420 4743 intelliget.
2457 4671 2562 4726 Sed
2592 4667 3128 4743 iidemfnibilominus
3164 4667 3421 4743 praeclare
3458 4667 3707 4722 industrii

2139 4737 2387 4798 homines
2423 4754 2644 4812 operam
2678 4739 2991 4812 itidemeic
3020 4737 3498 4812 Itabanoimpigre
3546 4752 3708 4812 nava-

2140 4822 2287 4879 runt,
2316 4805 2475 4882 quod'
2488 4827 2553 4867 ex
2586 4808 3087 4882 Budolti_His_toria_
3119 4805 3461 4882 manifestum
3489 4807 3666 4882 evadit
3690 4822 3706 4870 ;

2137 4877 2300 4964 quam
2337 4877 2596 4964 quisquis
2635 4894 2758 4964 cum
2798 4878 3092 4959 Eginbardi
3137 4877 3560 4964 Commentario.
3583 4892 3710 4931 eou-

2139 4947 2282 5008 ferre
2311 4947 2538 5006 voluerit
2570 4958 2753 5006 mutua
2789 4947 2953 5019 opera
2990 4947 3249 5019 majorem
3278 4947 3421 5003 illico
3457 4947 3710 5015 utrinque

2141 5025 2310 5077 facem
2337 5023 2569 5077 allucere
2598 5019 2696 5075 sibi
2730 5017 2941 5075 sentiet.
2979 5038 2996 5068 ι
3029 5017 3192 5073 Βυιι.

2212 5104 2235 5139 8
2263 5094 2545 5146 Brovverus
2572 5131 2586 5154 ,
2637 5090 2995 5160 Zuriehgaw,
3057 5092 3450 5160 adnotatque;
3494 5104 3512 5135 ι
3557 5085 3706 5160 Thu-

2139 5164 2379 5246 rihgave,
2422 5161 2650 5246 Ἰρίδων.
2670 5159 2755 5213 vel
2785 5156 3035 5230 Durgow,
3086 5168 3247 5241 notus
3285 5156 3367 5246 inn
3390 5156 3707 5236 Alemanuia

2140 5242 2194 5287 et
2226 5226 2423 5286 finibus
2446 5226 2813 5285 Helvetiorum
2847 5226 3070 5294 tractus,
3108 5249 3127 5281 ›
3162 5230 3301 5285 inter
3328 5226 3705 5283 Constantiam

2138 5311 2193 5356 et
2222 5302 2498 5370 Tigurum.
2521 5299 2598 5355 In.

2208 5372 2234 5411 h
2267 5366 2405 5424 Infra
2452 5387 2504 5441 ιι.
2540 5370 2605 5423 Η
2648 5387 2785 5441 papa
2826 5369 3167 5441 diciturtuti
3199 5367 3360 5441 etiam
3406 5382 3436 5421 a
3481 5366 3708 5441 Rabano

2134 5450 2385 5511 poemate
2400 5439 2516 5511 7l09
2554 5449 2611 5511 et
2648 5436 3031 5511 ’11⁷7ηῼοιίιιιι·
3057 5440 3091 5492 5
3113 5438 3254 5511 Maii.
3280 5436 3479 5511 _Caput
3505 5436 3706 5511 ejusma

2134 5505 2312 5566 Leone
2347 5510 2414 5565 IV
2454 5510 2508 5564 in
2546 5510 2744 5565 Urbem
2794 5509 2999 5564 illatum
3028 5507 3219 5564 scribit
3263 5505 3587 5562 Anastasius
3622 5505 3707 5557 Bi—

2131 5581 2532 5636 bliothecarius.
2563 5580 2640 5634 In.
