4012 6202
279 307 340 362 ἇ5

1630 293 2133 353 PROLEGOMENA
2146 340 2158 354 .

3442 309 3512 367 £6

2906 380 2949 419 \

283 419 407 491 quod
432 416 522 471 sibi
550 416 600 468 in
631 411 816 467 eadem
845 413 1061 481 regione
1088 426 1401 466 concessum
1430 420 1590 473 esset,
1623 411 1828 481 ingredi
1858 416 1905 472 Α
1935 411 2098 466 simili
2130 414 2520 470 inhumanitate
2567 411 3140 487 contraxerat‘rebus,
3185 424 3251 478 ad
3294 429 3510 497 propria

285 511 524 567 deberet:
560 504 882 560 0thmarum
940 502 1226 572 quemdam
1252 543 1267 565 ,
1321 517 1480 571 quem
1534 502 1831 556 intraturus

284 611 423 666 esset,
461 615 523 655 ex
564 598 785 653 nomine
830 597 1139 667 designans.
1189 597 1270 650 Ad
1318 612 1475 665 quem
1527 598 1829 668 presbyter,

284 695 390 764 quia
429 708 529 748 non
568 689 758 761 procul
805 689 1101 753 habitabat,
1134 704 1256 742 mox
1303 689 1549 743 nuntium
1589 689 1828 752 mittens,

280 787 419 856 jussit
439 794 511 844 ut.
527 781 868 839 confessione
890 780 1052 844 facta,
1080 788 1425 851 peccatorum
1448 778 1829 848 pmnitentiam

283 882 461 945 ageret,
488 889 551 928 ns
577 871 718 926 forte
747 869 1045 925 facinorum
1074 884 1293 923 suorum
1326 870 1522 923 merito
1554 868 1705 923 fieret
1726 869 1830 922 ini-

286 964 389 1018 mici
428 973 472 1015 ³.
512 960 610 1025 Qui
662 959 947 1029 pmceptis
994 958 1253 1012 obediens
1304 957 1371 1011 ad
1430 958 1826 1028 ptenitentiam,

284 1067 421 1125 quam
454 1049 692 1105 diabolus
732 1062 948 1117 semper
995 1055 1300 1112 aversatur,
1332 1054 1443 1102 tota
1490 1056 1670 1103 mente
1700 1064 1829 1103 cou-

285 1140 492 1211 fugiens,
534 1139 757 1193 insidias
801 1139 976 1193 evasit
1024 1138 1501 1194 iuimici:dazmon
1548 1156 1676 1194 vero
1732 1156 1830 1211 per

284 1229 505 1282 virtutem
532 1226 703 1281 sancti
735 1226 992 1297 martyris
1033 1226 1145 1296 ipsa
1190 1226 1276 1281 die
1302 1226 1525 1295 ejectus,
1571 1227 1825 1282 feminam

286 1334 421 1389 quam
439 1320 650 1373 tenebat
674 1333 819 1373 sana:
842 1320 1040 1373 mentis
1068 1327 1123 1373 et
1157 1318 1477 1374 incolumem
1512 1320 1751 1389 reliquit.

341 1410 384 1464 8.
421 1410 544 1465 Item
570 1409 816 1480 quaedam
861 1408 1082 1473 femina,
1111 1408 1373 1463 orationis
1399 1424 1561 1463 causa
1603 1410 1826 1464 veniens

286 1500 341 1553 ad
365 1501 601 1569 reliquias
624 1500 821 1565 sancti,
845 1500 980 1555 duas
1009 1500 1224 1554 inaures
1255 1516 1448 1554 aureas
1474 1517 1572 1570 pro
1601 1517 1825 1557 munere

286 1594 449 1647 obtulit
472 1593 537 1648 ad
558 1585 769 1648 altare:
795 1608 932 1662 quas
955 1592 1168 1657 ancilla,
1194 1608 1313 1663 quae
1340 1594 1392 1648 in
1422 1593 1540 1663 ejus
1563 1595 1824 1665 obsequio

287 1693 396 1748 erat,
422 1700 574 1754 super
596 1684 782 1760 _altare
823 1686 1029 1755 positas
1075 1686 1482 1755 concupiscens,
1518 1701 1640 1741 cum
1683 1687 1824 1741 inter

1935 502 2111 556 redire
2139 502 2345 569 volens,
2377 506 2551 559 subita
2584 521 2872 562 nervorum
2909 510 3106 565 duritia
3140 511 3212 565 ita
3243 512 3474 583 deriguit
3494 558 3508 578 ,

1931 602 1992 648 nt
2040 597 2105 650 de
2149 596 2266 651 loco
2310 598 2362 651 in
2413 614 2519 667 quo
2563 609 2679 653 erat
2730 600 2836 654 ullo
2879 617 2937 656 se
2975 603 3261 660 conamine
3290 621 3512 661 movere

1932 702 2037 739 non
2065 698 2276 756 posset;
2302 692 2588 760 stabatque
2609 692 2959 761 stupefactus,
2987 710 3049 749 ac
3077 710 3275 764 pavore
3300 698 3510 767 percul-

1931 790 2022 829 sus
2070 777 2312 845 cogitare
2362 780 2527 850 cmpit
2574 781 2715 835 unde
2755 783 2801 834 ei
2836 783 2967 836 tanti
3004 784 3128 837 mali
3166 786 3510 856 contingeret

1930 865 2362 920 casus.Tandem
2392 876 2681 923 accusante
2701 871 3031 925 conscientia
3059 873 3109 926 in
3140 889 3198 926 se
3231 890 3503 937 reversus,

1929 954 2105 1010 scelus
2150 958 2293 1026 quod
2335 960 2683 1015 commiserat
2718 963 3084 1031 recognoscit;
3126 965 3508 1034 commissique

1929 1046 2219 1113 paenitens,
2251 1049 2317 1101 ad
2348 1048 2519 1103 sancti
2552 1050 2827 1120 reliquias,
2856 1054 3107 1124 qumjam
3143 1063 3267 1109 tunc
3292 1056 3359 1110 ab
3390 1071 3509 1110 om-

1929 1136 2089 1191 nibus
2131 1136 2244 1191 fere
2290 1140 2524 1207 regionis
2564 1140 2706 1195 illius
2754 1142 2948 1197 incolis
2994 1144 3243 1214 religiosa
3281 1160 3507 1200 venera-

1928 1227 2073 1281 tione
2102 1227 2604 1297 frequentabantur,
2638 1246 2737 1301 pro
2766 1233 3106 1287 absolutione
3136 1250 3232 1289 sua
3256 1236 3334 1289 ire
3365 1236 3506 1291 desi-

1928 1318 2109 1382 derat;
2139 1322 2431 1390 statimque
2453 1322 2634 1377 divina
2658 1324 3007 1379 miseratione
3033 1327 3312 1395 gradiendi
3338 1327 3507 1382 facul—

1928 1416 2090 1462 tatem
2125 1411 2389 1479 recipiens
2425 1412 2812 1481 proficiscitur,
2854 1410 3137 1468 ecclesiam
3182 1416 3378 1480 intrat,
3411 1431 3501 1485 pa—

1930 1510 2023 1553 nes
2047 1510 2172 1555 ante
2193 1502 2366 1556 altare
2386 1518 2508 1556 eum
2532 1502 2744 1572 publica
2777 1503 3032 1559 facinoris
3059 1506 3140 1559 sui
3163 1505 3505 1560 confessione

1927 1589 2166 1659 deponit.
2214 1590 2360 1657 Quos
2416 1601 2475 1645 ut
2526 1594 2782 1648 mulieres
2828 1605 3177 1665 receperunt,
3234 1598 3502 1670 integram

1928 1683 2212 1737 sanitatem
2253 1684 2507 1753 adeptus,
2550 1686 2767 1740 domum
2816 1701 2967 1741 suam
3011 1703 3134 1743 cum
3181 1690 3376 1759 gaudio
3412 1706 3501 1743 re-

286 1783 473 1833 creteras
508 1757 757 1834 mulieres
793 1794 915 1848 qua:
961 1779 1295 1834 advenerant
1339 1780 1567 1835 orationi
1614 1781 1821 1835 incum-
1853 1757 1897 1815 Β
1925 1775 2133 1843 petivit.

285 1870 427 1935 beret,
462 1871 661 1939 optavit
701 1873 756 1925 in
789 1871 953 1926 corde
997 1886 1095 1925 suo
1124 1879 1183 1925 ut
1216 1886 1309 1927 eas
1334 1887 1457 1926 cum
1480 1870 1692 1939 justitia
1734 1888 1820 1925 re-

286 1960 493 2030 demptos
518 1961 711 2016 habere
735 1961 1021 2031 potuisset.
1046 1959 1289 2030 Cumque
1315 1962 1457 2016 inter
1482 1962 1744 2016 orandum
1768 1962 1819 2016 id

285 2050 435 2105 animo
474 2050 756 2115 volutaret,
801 2065 924 2105 mox
968 2051 1163 2105 mirum
1214 2051 1267 2105 in
1315 2051 1553 2117 modum,
1585 2051 1705 2105 aliis
1749 2052 1817 2104 ab

284 2140 489 2195 oratione
519 2141 878 2211 surgentibus,
914 2141 1025 2212 ipsa
1054 2157 1112 2196 se
1142 2142 1351 2211 erigere
1387 2141 1690 2197 nullatenus
1715 2159 1813 2212 po-

284 2233 389 2293 tait;
414 2234 499 2288 sed
525 2234 616 2299 ita,
646 2243 704 2288 ut
743 2249 910 2305 super
938 2250 1111 2307 genua
1143 2249 1240 2289 sua
1269 2235 1502 2290 orationi
1549 2235 1813 2300 incubuit,

280 2325 474 2392 quodam
505 2326 677 2396 rigore
706 2335 980 2383 contracta
1006 2327 1321 2397 permansit.
1353 2326 1684 2398 Interrogata
1714 2343 1812 2381 au-

282 2425 367 2469 teni
392 2432 417 2471 a
442 2419 750 2488 presbytero
775 2434 996 2477 causam
1024 2418 1255 2488 peccati,
1297 2416 1452 2486 cujus
1480 2419 1673 2473 merito
1705 2426 1813 2473 tan.

282 2508 473 2564 subitam
513 2512 873 2569 membrorum
918 2510 1340 2566 contractionem
1365 2509 1697 2579 pertulisset,
1730 2510 1813 2565 vel

283 2599 384 2667 quid
414 2602 583 2656 animo
609 2609 824 2672 gereret
874 2599 1086 2671 quando
1127 2601 1180 2653 in
1217 2601 1463 2655 oratione
1506 2600 1809 2669 procubuit,

285 2690 517 2758 respondit
554 2689 749 2745 nullam
793 2691 896 2745 sibi
946 2690 1106 2745 aliam
1153 2690 1386 2745 lzesionis
1439 2705 1550 2745 suae
1590 2705 1812 2745 causam

287 2777 420 2834 videri
444 2796 595 2851 quam
627 2782 897 2837 inaurium
919 2781 1131 2836 illarum
1163 2781 1676 2851 concupiscentiam.
1711 2780 1808 2836 Cui

283 2867 521 2940 presbyter
545 2889 558 2924 :
583 2872 637 2926 Si
667 2873 861 2939 sancti,
892 2872 1083 2944 inquit,
1119 2873 1409 2928 Alexandri
1438 2872 1687 2928 voluntas
1716 2873 1806 2939 sit,

282 2966 324 3009 ut
354 2973 448 3023 eas,
495 2961 630 3016 sicut
657 2961 998 3028 desiderasti,
1048 2961 1344 3032 possideas,
1398 2976 1558 3033 surge
1595 2970 1649 3017 et
1687 2963 1811 3019 tolle

283 3046 376 3102 illas
398 3050 455 3105 de
478 3051 650 3107 altari.
681 3053 764 3108 Ad
802 3052 954 3122 cujus
978 3068 1164 3109 vocem
1193 3067 1317 3107 mox
1346 3052 1432 3106 illa
1457 3052 1689 3107 sanitate
1721 3066 1807 3107 re-
1841 3084 1885 3141 ο

282 3148 406 3206 cepta
443 3144 688 3209 surrexit,
721 3143 1053 3212 linteumque
1081 3142 1222 3212 quod
1266 3142 1408 3197 circa
1450 3150 1610 3212 caput
1655 3154 1811 3197 suum

284 3224 432 3282 habuit
469 3231 535 3284 ad
581 3232 751 3286 altare
784 3232 968 3288 volens
996 3231 1210 3298 offerre,
1244 3231 1392 3287 nullo
1422 3232 1707 3287 conamine
1746 3232 1811 3287 de

281 3321 422 3388 capite
443 3324 609 3392 potuit
651 3325 989 3380 abstrahere.
1018 3324 1169 3391 Quod
1198 3339 1321 3378 cum
1359 3323 1565 3379 videret
1587 3323 1811 3395 presby—

283 3418 364 3475 ter,
389 3421 436 3466 et
457 3429 520 3468 ex
546 3415 951 3486 recuperatione
993 3416 1242 3471 sanitatis
1283 3414 1622 3485 intelligeret,
1664 3414 1812 3485 puel-

281 3497 489 3558 leetiam
533 3506 748 3561 inaures
786 3522 920 3577 quas
955 3507 1357 3563 desideraverat
1399 3506 1658 3563 divinitus
1691 3522 1811 3563 esse

281 3605 557 3662 concessas,
605 3599 746 3653 datis
799 3600 848 3653 ei
901 3598 1180 3654 inauribus
1220 3599 1332 3653 ait:
1365 3599 1562 3668 Accipe
1616 3614 1811 3654 munus

279 3683 392 3748 quod
412 3684 738 3753 desiderasti,
771 3688 931 3759 idque
967 3688 1061 3743 tibi
1094 3688 1263 3759 gratis
1291 3704 1320 3742 a
1345 3696 1533 3743 sancto
1559 3688 1673 3755 Dei,
1703 3703 1809 3743 non

278 3789 353 3841 pro
384 3780 644 3850 temporali
696 3782 872 3851 pretio
921 3794 1183 3851 cognosce
1224 3796 1340 3835 esse
1390 3781 1664 3835 donatum.
1714 3779 1808 3834 Illa

281 3879 382 3921 vero
405 3871 596 3939 gratias
623 3888 789 3944 agens
831 3873 961 3938 Deo,
989 3880 1044 3926 et
1088 3873 1280 3926 merita
1315 3873 1485 3928 sancti
1514 3872 1810 3927 Alexandri

278 3950 565 4023 gloriﬁcans,
610 3959 829 4015 domum
866 3976 988 4015 cum
1028 3961 1245 4015 domina
1297 3977 1394 4015 sua
1444 3962 1683 4030 gaudens
1724 3976 1806 4017 re-

281 4058 402 4101 tersa
429 4059 529 4104 88L

330 4135 374 4188 9.
408 4136 588 4194 Postea
614 4141 844 4212 contigit
870 4141 1131 4211 quasdam
1157 4140 1517 4211 pauperculas
1548 4140 1806 4197 mulieres

276 4226 428 4279 orandi
448 4230 613 4297 gratia
644 4231 712 4285 ad
743 4241 960 4286 sanctas
986 4231 1104 4285 illas
1132 4231 1391 4301 reliquias
1409 4229 1601 4285 devota
1626 4229 1807 4286 mente

276 4326 586 4384 properantes
610 4322 825 4376 venisse
863 4323 930 4376 ad
969 4320 1189 4376 fluvium
1219 4320 1447 4377 Turiseo
1480 4323 1542 4385 h';
1579 4338 1807 4392 cumque

277 4416 360 4455 non
380 4419 586 4473 possent
612 4411 816 4480 absque
853 4411 1066 4481 navigio
1112 4412 1371 4477 transire,
1405 4426 1504 4467 nec
1544 4412 1808 4467 baberent
1829 4445 1884 4504 Β

275 4496 389 4557 quod
432 4513 529 4566 pro
566 4500 721 4554 naulo
769 4501 988 4563 darent,
1037 4499 1164 4572 (non
1206 4501 1350 4555 enim
1395 4501 1475 4555 eis
1505 4508 1661 4553 erant
1700 4500 1804 4554 nisi

273 4590 474 4660 quinque
520 4604 723 4649 tantum
766 4611 932 4665 panes
973 4596 1042 4650 ad
1084 4594 1363 4666 viaticum)
1407 4603 1569 4649 nauta
1623 4603 1807 4649 autem

271 4694 374 4735 cum
401 4686 736 4742 vehementer
782 4688 1009 4743 instaret
1058 4687 1277 4743 naulum
1321 4688 1390 4742 ab
1428 4687 1508 4742 eis
1550 4687 1801 4757 exigens,

272 4776 457 4830 tandem
502 4780 804 4835 obtulerunt
847 4782 897 4836 ei
928 4788 1161 4851 quatuor
1197 4794 1398 4851 panes,
1439 4794 1548 4837 uno
1592 4788 1803 4833 tantum

271 4863 354 4918 sibi
377 4868 442 4921 ob
472 4871 843 4925 necessitatem
877 4872 1050 4926 victus
1094 4878 1393 4926 reservato.
1420 4867 1527 4924 Sed
1555 4883 1676 4923 cum
1713 4868 1804 4923 ille

270 4954 419 5009 adhuc
460 4973 559 5013 non
602 4961 999 5030 acquievisset,
1026 4961 1289 5015 dederunt
1332 4961 1382 5016 ei
1421 4968 1476 5015 et
1516 4960 1763 5029 quintum
1792 5002 1808 5028 ,

269 5045 415 5111 magis
434 5048 685 5117 eligentes
710 5051 777 5104 ad
805 5058 1014 5121 tempus
1043 5049 1238 5105 famem
1266 5050 1572 5106 moribundi
1609 5065 1806 5120 corpo-

267 5131 331 5183 ris
347 5138 559 5204 perpeti,
582 5154 743 5208 quam
769 5138 1033 5194 victuram
1056 5145 1317 5208 perpetuo
1345 5138 1579 5193 animam
1606 5146 1808 5193 sanctae

265 5226 499 5283 orationis
519 5228 691 5285 fructu
716 5231 948 5301 privare.
972 5229 1211 5300 Recepto
1233 5238 1414 5283 autem
1435 5230 1625 5298 quinto
1642 5242 1802 5299 pane,

266 5312 308 5363 in
337 5315 548 5372 alteram
581 5321 759 5374 amnis
800 5321 971 5390 ripam
997 5319 1226 5374 feminas
1263 5319 1430 5373 miser
1472 5319 1560 5374 ille
1592 5319 1806 5389 navigio

264 5407 595 5477 transposuit;
630 5412 1032 5482 assumptisque
1058 5410 1291 5481 panibus
1325 5425 1390 5465 ac
1425 5410 1639 5466 caeteris
1666 5424 1803 5480 quas

319 5536 833 5613 nglven.,jnimico,
849 5543 1002 5612 quasi
1016 5556 1116 5596 vox
1132 5542 1385 5613 obuogigs
1401 5542 1799 5597 deesset.Bot.L.

321 5605 345 5642 ¹¹
384 5606 545 5678 Vulgo
572 5612 698 5673 Tur,
745 5627 774 5665 a
814 5605 922 5681 quo
950 5620 1154 5667 tractus
1176 5605 1278 5681 ille
1315 5610 1532 5681 Turgow
1560 5613 1800 5666 denomi-

262 5683 426 5739 natus;
450 5683 535 5747 qni
556 5684 746 5737 fluvius
771 5679 1088 5736 in‘Rhennm
1108 5680 1277 5735 influit
1300 5679 1441 5733 inter
1461 5679 1798 5737 Scafbusiam

1993 1863 2078 1917 tO.
2121 1863 2251 1918 ltem
2299 1867 2518 1936 quidam
2568 1869 2633 1923 de
2680 1870 2940 1923 comitatu
2984 1869 3201 1924 Gcraldi
3251 1871 3498 1937 comitis,

1919 1955 2139 2010 nomine
2170 1955 2584 2028 l’erathgarius,
2624 1960 2764 2014 filius
2791 1961 3117 2024 Theodaldi,
3156 1962 3261 2016 iter
3299 1976 3495 2031 agens,

1919 2060 2041 2099 cum
2080 2047 2315 2101 venisset
2344 2063 2501 2103 secus
2541 2050 2824 2105 ecclesiam
2873 2051 2926 2104 in
2976 2067 3082 2121 qua
3126 2054 3297 2107 sancti
3348 2068 3497 2108 mar-

1926 2131 2060 2207 tiris
2086 2125 2279 2206 positae
2309 2148 2435 2193 sunt
2464 2141 2729 2211 reliquiae,
2764 2151 2820 2196 et
2857 2142 3017 2198 vellet
3057 2146 3370 2214 praeterire,
3406 2146 3501 2199 ad-

1924 2229 2162 2284 monitus
2187 2246 2218 2283 a
2240 2245 2425 2299 puero,
2453 2232 2544 2301 qui
2583 2233 2874 2288 comitatus
2909 2243 2993 2289 est
3024 2250 3168 2299 eum,
3208 2245 3268 2290 ut
3308 2236 3374 2290 ad
3410 2250 3500 2289 sa-

1917 2333 2041 2373 cras
2083 2319 2340 2388 reliquias
2367 2336 2530 2376 causa
2560 2323 2822 2377 orationis
2857 2323 3132 2393 paululum
3164 2325 3492 2390 declinaret,

1920 2410 2200 2480 respondit
2221 2412 2322 2466 sibi
2353 2419 2481 2466 tunc
2508 2413 2724 2481 quidem
2747 2427 2867 2468 esse
2890 2412 3254 2468 feStinandum
3279 2423 3498 2483 propter

1918 2500 2239 2570 legationem
2276 2502 2478 2556 domini
2522 2502 2604 2557 sui
2647 2504 3037 2572 peragendam,
3085 2513 3325 2574 tempore
3367 2521 3497 2562 vero

1914 2599 2216 2660 opportuno
2248 2592 2315 2646 ad
2348 2592 2650 2649 orationem
2679 2608 2801 2649 esse
2829 2596 3173 2649 veniendum.
3205 2596 3349 2649 lnter
3381 2597 3496 2651 haec

1919 2681 2082 2734 verba
2131 2681 2309 2734 subito
2356 2697 2526 2750 equus
2571 2682 2657 2736 cui
2686 2683 2923 2747 sedebat,
2954 2684 3208 2739 invisibili
3251 2688 3493 2754 potentia

1917 2768 2075 2833 ﬁxus,
2102 2771 2282 2825 stabat
2308 2771 2633 2838 immobilis;
2665 2781 2720 2827 et
2753 2772 2883 2827 licet
2917 2774 3142 2829 nimium
3190 2774 3493 2831 calcaribus

1915 2860 2208 2933 fatigatus,
2240 2862 2387 2918 nullo
2418 2864 2578 2919 modo
2610 2864 2677 2919 ad
2720 2864 3103 2920 ambulandum
3148 2875 3363 2936 poterat
3390 2868 3492 2921 im-

1916 2953 2063 3023 pelli.
2096 2952 2245 3009 Unde
2277 2954 2476 3011 factum
2508 2965 2623 3017 est,
2649 2966 2710 3011 ut
2735 2956 2992 3012 confusus
3031 2974 3096 3013 ac
3138 2973 3339 3028 pavere
3365 2975 3492 3029 per-

1915 3045 2140 3100 territus
2164 3045 2516 3103 descenderet
2535 3047 2603 3102 de
2629 3063 2802 3118 equo;
2834 3058 2890 3102 et
2912 3050 3055 3118 quod
3074 3051 3222 3119 prius
3244 3051 3494 3119 equitan-

1917 3134 1986 3188 do
2020 3133 2199 3190 faeere
2225 3138 2578 3207 contempsit,
2610 3138 2854 3207 implevit
2877 3140 3223 3195 ambulando.
3247 3139 3495 3197 Perrexit

1914 3228 2080 3299 igitur
2101 3229 2169 3284 ad
2197 3230 2504 3295 ecclesiam,
2529 3239 2584 3285 et
2606 3246 2791 3286 coram
2819 3232 3061 3301 reliquiis
3081 3232 3253 3287 sancti
3282 3241 3490 3303 marty-

1913 3319 1990 3373 ris
2018 3319 2229 3388 expleta
2255 3320 2570 3391 suppliciter
2592 3322 2859 3387 oratione,
2883 3338 3067 3391 agrum
3088 3322 3229 3392 juris
3258 3324 3365 3389 sui,
3398 3324 3489 3395 qui

1911 3411 2239 3480 possessioni
2276 3413 2520 3468 ecclesiae
2565 3413 2709 3469 illius
2745 3415 3031 3484 contiguus
3076 3423 3225 3480 erat,
3267 3432 3365 3485 pro
3403 3432 3489 3473 sa-

1911 3500 2023 3556 lute
2080 3503 2275 3559 anima:
2315 3520 2456 3568 sum,
2500 3505 2725 3560 solemni
2785 3506 3074 3561 donatione
3123 3507 3173 3562 ei
3223 3509 3489 3575 contulit;

1913 3591 2100 3660 sicque
2140 3594 2331 3650 itinere
2369 3609 2466 3650 suo
2489 3634 2505 3659 ,
2545 3609 2652 3663 quo
2686 3595 2883 3650 missus
2906 3595 3099 3660 fuerat,
3133 3597 3305 3654 libero
3327 3614 3490 3654 cursu

1912 3682 2170 3749 perrexit.

1986 3776 2071 3830 ll.
2112 3776 2232 3832 Alio
2263 3793 2477 3849 quoque
2516 3788 2757 3849 tempore
2797 3781 3025 3851 contigit
3063 3791 3124 3836 ut
3156 3782 3238 3837 vir
3269 3782 3488 3852 quidam

1913 3867 1980 3922 de
2003 3867 2360 3924 orientalibus
2388 3868 2724 3924 Alamanniae
2747 3871 2991 3939 partibus
3008 3912 3023 3936 ,
3057 3887 3181 3926 cum
3218 3873 3487 3927 sociorum

1913 3973 2132 4014 suorum
2160 3961 2419 4016 comitatu
2467 3976 2575 4017 non
2623 3963 2863 4026 modico,
2913 3978 3075 4018 causa
3111 3963 3372 4019 orationis
3418 3964 3489 4018 ad

1910 4048 2196 4117 prtedictas
2229 4050 2488 4119 reliquias
2510 4051 2739 4117 veniret,
2772 4060 2993 4122 portans
3035 4067 3217 4107 secum
3261 4053 3487 4107 donaria

1912 4137 1979 4191 ad
2008 4140 2308 4193 sacrarium
2333 4141 2547 4195 Domini
2576 4139 2868 4196 offerenda.
2895 4140 3024 4207 Qua:
3063 4155 3185 4195 cum
3217 4141 3489 4211 posuisset

1910 4244 2073 4297 super
2104 4229 2305 4294 altare,
2332 4231 2579 4300 protinus
2615 4231 2795 4300 elapsa
2826 4232 2878 4287 in
2909 4238 3108 4285 terram
3136 4233 3480 4296 ceciderunt;

1910 4321 2220 4392 factumque
2246 4330 2349 4385 est,
2380 4328 2440 4375 ut
2468 4322 2629 4376 tertio
2658 4322 3012 4390 superposita,
3041 4321 3391 4378 nihilominus
3430 4325 3486 4377 in

1912 4421 2112 4468 terram
2156 4420 2491 4466 corruerent.
2537 4411 2687 4467 Unde
2722 4413 3007 4482 presbyter
3043 4412 3345 4483 intelligens
3388 4414 3488 4469 ali-

1914 4505 2040 4574 quid
2069 4504 2244 4558 inesse
2271 4503 2489 4559 latentis
2514 4504 2767 4573 nequitia:
2800 4504 2966 4559 menti
2993 4504 3077 4558 vel
3116 4504 3325 4559 actibus
3354 4505 3483 4559 offe-

1913 4596 2103 4660 rentis,
2137 4598 2215 4648 ait
2241 4594 2291 4649 ei
2314 4602 2372 4648 ut
2395 4609 2493 4648 sua
2514 4593 2748 4659 tolleret,
2773 4600 2829 4647 et
2854 4593 2921 4648 ad
2945 4594 3163 4664 propria
3188 4604 3481 4672 remearet;

1912 4685 2228 4752 monuitque
2253 4698 2377 4739 eum
2405 4684 2548 4738 circa
2574 4683 2800 4738 salutem
2829 4684 3023 4737 animae
3060 4698 3172 4739 suae
3213 4698 3333 4738 esse
3378 4684 3484 4737 sol-

1913 4775 2117 4830 licitum
2141 4816 2156 4840 ,
2195 4790 2259 4828 ac
2295 4789 2429 4843 pura
2470 4772 2808 4828 confessione
2844 4781 2900 4827 et
2938 4773 3113 4842 dignis
3151 4774 3484 4842 poenitentiae

1910 4864 2177 4921 fructibus
2209 4864 2594 4920 conscientiam
2631 4878 2781 4918 suam
2819 4863 3110 4928 mundare,
3141 4878 3249 4933 quo
3277 4864 3482 4918 oratio-

1910 4973 2008 5013 nes
2043 4960 2160 5027 ejus
2196 4966 2254 5012 et
2301 4972 2523 5011 munera
2564 4955 2818 5024 deinceps
2862 4954 2971 5010 Deo
3014 4957 3315 5024 potuissent
3359 4971 3482 5009 esse

1909 5048 2212 5119 placabilia.

1979 5142 2064 5196 12.
2103 5141 2233 5195 Erat
2251 5141 2334 5194 vir
2360 5140 2578 5210 quidam
2608 5138 2662 5193 in
2690 5139 2878 5194 eadem
2900 5139 3138 5209 regione,
3171 5136 3477 5207 Sigibaldus

1908 5235 2144 5299 nomine,
2177 5250 2243 5289 ex
2265 5233 2418 5301 cujus
2444 5233 2618 5287 servis
2651 5232 2791 5286 inter
2814 5240 3040 5287 cmteras
3077 5226 3474 5291 multitudines,

1909 5338 2029 5392 quae
2058 5324 2126 5378 ad
2150 5323 2414 5377 orandum
2438 5321 2797 5388 confluebant,
2824 5337 2965 5375 unus
2982 5319 3047 5373 ad
3072 5317 3358 5372 ecclesiam
3385 5332 3482 5371 ve-

1909 5412 2021 5478 nit,
2056 5419 2444 5482 susceptusque
2482 5426 2513 5465 a
2542 5426 2801 5483 germano
2836 5425 2934 5464 suo
2959 5408 3195 5471 eiusdem
3235 5405 3481 5461 ecclesiae

1906 5553 1960 5597 et
1982 5542 2367 5605 Rhinfeldiam,
2389 5559 2453 5597 ex
2479 5558 2588 5613 quo
2619 5524 2916 5613 Kentib'ruti
2942 5547 3065 5593 ante
3094 5540 3379 5594 memorati
3405 5540 3480 5593 si-

1906 5621 2024 5673 tum
2051 5623 2195 5669 recte
2224 5614 2423 5682 colligit
2455 5610 2838 5669 Hensehenius.
2871 5610 3008 5663 Μη.
