4012 6202
494 258 559 311 67
1608 262 1699 317 All
1736 261 1962 317 OPERA
2004 264 2061 317 B.
2109 262 2356 319 llABANl
2398 265 2614 322 MAURI
3681 275 3749 328 48

488 387 668 434 servo,
699 372 839 441 apud
870 386 992 426 eum
1019 369 1206 427 diebus
1233 373 1437 442 aliquot
1469 373 1690 427 mansit.
1721 373 1854 428 Cum
1884 385 2066 429 autem
2095 382 2141 438 Α
2170 377 2309 431 sicut
2340 378 2582 445 promisi,
2609 378 2700 430 sed
2732 379 2893 433 etiam
2919 385 3109 445 totout,
3137 380 3279 449 quod
3304 381 3461 435 modo
3490 382 3660 438 habeo
3680 401 3747 438 ex

492 471 873 527 reverteretur,
905 463 1081 519 subito
1125 464 1179 518 in
1225 464 1417 519 itinere
1453 480 1561 535 quo
1602 466 1950 536 gradiebatur
1974 467 2069 521 ob-

489 556 707 611 mutuit.
735 556 837 622 Qui
865 571 993 613 vero
1019 571 1145 611 cum
1178 570 1244 610 eo
1275 566 1457 620 erant,
1497 557 1713 627 cognito
1754 557 1895 626 quod
1926 557 2068 611 acci-

488 650 680 713 derat,
729 649 999 704 duxerunt
1045 649 1195 704 illum
1243 650 1311 705 ad
1361 650 1639 705 dominum
1690 665 1869 714 suum,
1909 649 2067 719 eique

486 748 653 809 gestae
700 740 778 794 rei
814 739 1060 795 ordinem
1101 754 1196 811 per
1229 740 1413 795 omnia
1452 740 1778 810 pandebant.
1807 739 2066 795 Dominus

489 849 618 889 vero
642 833 786 888 servi
816 833 1001 887 statim
1030 847 1153 888 eum
1187 832 1396 888 remisit
1424 833 1492 887 ad
1521 831 1836 896 ecclesiam;
1862 840 1918 887 et
1938 832 2064 901 quia

487 941 585 994 per
620 925 812 980 merita
852 926 1022 980 sancti
1054 926 1311 995 martyris
1350 924 1551 979 Christi
1591 932 1909 993 recuperata
1944 923 2061 994 pri-

485 1015 625 1068 stina
658 1015 891 1069 sanitate
917 1023 1138 1069 curatus
1165 1022 1280 1080 est,
1314 1014 1537 1069 tradidit
1556 1029 1680 1069 eum
1707 1014 1763 1068 in
1792 1014 1911 1069 loco
1938 1013 2062 1068 reli-

483 1105 734 1173 quiarum
763 1105 879 1175 ejus
908 1113 1166 1175 perpetuo
1189 1107 1539 1160 serviturum.
1565 1104 1730 1159 Multa
1756 1104 1975 1174 quidem
2006 1111 2064 1160 et

480 1197 585 1250 alia
626 1198 679 1251 in
725 1198 915 1253 eodem
944 1197 1063 1253 loco
1093 1198 1350 1253 divinitus
1390 1196 1508 1252 fieri
1545 1197 1804 1252 miracula
1841 1213 1873 1251 a
1913 1213 2061 1254 com-

478 1285 789 1340 meantibus
838 1286 1036 1341 celebri
1082 1301 1335 1341 sermone
1381 1288 1724 1353 nuntiantur,
1769 1303 1892 1358 qua:
1934 1289 2060 1343 huic

477 1376 646 1444 operi,
677 1390 745 1429 ne
773 1374 913 1429 forte
939 1375 1147 1444 prolixa
1176 1376 1418 1432 narratio
1447 1377 1748 1447 legentibus
1781 1377 2057 1435 fastidium

470 1477 780 1537 generaret,
807 1469 1049 1524 inserere
1078 1469 1251 1524 nolui.
1279 1469 1407 1525 Haec
1431 1478 1613 1526 autem
1650 1487 1773 1541 qua:
1816 1486 2057 1527 comme-

476 1564 705 1628 moravi,
731 1564 782 1617 in
815 1564 1051 1633 quodam
1077 1563 1256 1617 libello
1279 1563 1402 1619 inde
1432 1562 1594 1618 allato
1617 1564 1860 1633 suscepi,
1890 1573 1946 1619 et
1969 1578 2054 1619 eo-

470 1653 595 1709 dem
621 1654 811 1708 ordine
835 1669 940 1722 quo
970 1653 1169 1723 scripta
1197 1662 1384 1719 erant,
1418 1653 1541 1709 licet
1568 1669 1673 1709 non
1704 1654 1906 1709 eisdem
1935 1668 2054 1707 ver-

2169 470 2442 534 omnibus,
2471 484 2606 538 quas
2637 471 2702 524 ad
2736 472 2876 525 hanc
2904 480 3109 526 terram
3138 472 3322 538 attuli,
3345 483 3529 531 vestro
3567 477 3747 531 abbati

2167 557 2384 625 oll‘errc,
2405 561 2627 631 ejusque
2654 561 2777 618 ﬁdei
2802 578 2889 618 me
2912 580 3033 618 cum
3057 564 3135 619 eis
3159 565 3363 634 pariter
3383 569 3743 624 committere.

2166 648 2296 703 Erat
2319 658 2500 705 autem
2527 667 2592 706 eo
2627 661 2866 723 tempore
2898 652 3165 710 festivitas
3194 655 3223 696 ἀ
3248 665 3560 712 sanctorum
3600 675 3750 714 mar-

2166 748 2346 813 tyrum
2374 741 2669 800 Marcellini
2696 753 2749 799 et
2774 744 2942 812 Petri,
2969 747 3038 802 ad
3057 763 3220 818 quam
3243 749 3370 818 quia
3394 766 3587 822 magna
3612 753 3744 808 mul-

2167 833 2341 888 titudo
2370 836 2552 905 populi
2578 836 2948 906 conﬂuxerat,
2992 846 3050 894 et
3086 840 3347 896 diaconus
3385 843 3646 911 quosdam
3678 860 3747 899 ex

2164 923 2246 978 eis
2270 925 2412 994 apud
2441 940 2576 994 quos
2605 926 2977 997 hospitabatur
3004 938 3286 999 suspectos
3320 931 3553 988 habebat
3586 932 3747 1005 (veri-

2165 1017 2253 1066 tus
2276 1021 2361 1068 est
2386 1013 2562 1075 enim.
2592 1028 2664 1068 ne
2701 1013 2840 1071 forte
2882 1031 3071 1072 eorum
3112 1017 3630 1086 machinationibus,
3658 1024 3746 1078 vel

2164 1098 2371 1167 fraude,
2400 1100 2483 1155 vel
2510 1102 2762 1157 violentia
2792 1105 3047 1176 reliquias
3082 1108 3404 1179 amitteret),
3438 1110 3613 1166 visum
3660 1122 3747 1168 est

2162 1193 2265 1260 eis,
2289 1209 2395 1249 non
2422 1195 2576 1265 prius
2612 1195 2733 1252 loco
2762 1197 2942 1267 egredi
2966 1236 2981 1263 ,
3029 1214 3192 1269 quam
3234 1209 3502 1256 transacta
3538 1202 3744 1258 festivi-

2164 1294 2273 1340 tate
2297 1284 2525 1355 p0pulus
2551 1286 2619 1341 ad
2644 1302 2741 1341 sua
2767 1298 3065 1356 remearet;
3094 1291 3462 1363 miseruntque
3482 1295 3549 1349 ad
3574 1295 3743 1350 abba-

2160 1383 2307 1438 tem,
2357 1374 2566 1430 diaconi
2612 1376 2939 1432 voluntatem
2989 1381 3343 1437 nuntiantes:
3385 1383 3487 1453 ipsi
3534 1384 3740 1439 interea

2159 1479 2278 1533 quae
2297 1465 2477 1520 itineri
2504 1480 2603 1520 suo
2623 1474 2677 1522 et
2699 1468 3032 1525 subvectioni
3055 1479 3365 1528 sanctarum
3390 1475 3739 1543 reliquiarum

2159 1556 2464 1611 necessaria
2486 1557 2832 1629 \videbantur
2872 1575 3063 1629 parare
3098 1564 3380 1619 curabant.
3411 1564 3543 1620 Erat
3571 1567 3739 1622 etiam

2158 1663 2264 1702 non
2291 1647 2478 1718 procul
2515 1649 2585 1704 ab
2623 1650 2703 1704 eis
2741 1651 3046 1722 presbyter,
3080 1670 3220 1709 unus
3243 1668 3310 1709 ex
3350 1656 3609 1712 fratribus
3634 1675 3735 1713 no-

474 1744 589 1808 bis,
634 1744 759 1814 quia
791 1751 939 1798 certa
976 1758 1095 1798 esse
1122 1743 1466 1809 videbantur,
1511 1745 1709 1799 inserui
1737 1762 1748 1797 :
1783 1753 1843 1798 ut
1866 1758 1933 1798 ex
1963 1744 2049 1798 his
2080 1747 2125 1807 B
2152 1737 2300 1805 StriS,
2330 1740 2548 1795 nomine
2567 1739 2847 1819 Anthadus
2875 1740 3063 1813 [Boll.,
3099 1743 3408 1819 Anthadus]
3427 1787 3443 1812 ,
3470 1749 3733 1818 praeposi-

465 1846 700 1901 caatera,
746 1852 868 1906 qua:
904 1835 1108 1906 vulgari
1152 1851 1403 1891 sermone
1441 1835 1768 1903 referuntur,
1807 1837 2054 1893 veracius

470 1928 622 1981 credi
649 1936 703 1981 et
733 1926 934 1982 certius
964 1926 1179 1982 valeant
1203 1927 1349 1982 sciri.

543 2042 626 2094 15.
675 2038 1035 2109 Supradictus
1059 2046 1240 2093 autem
1275 2038 1559 2105 diaconus,
1592 2038 1784 2094 itinere
1810 2054 1920 2110 quo
1944 2052 2054 2094 cm-

463 2141 643 2201 perat,
666 2133 720 2186 in
743 2131 1031 2186 Franciam
1055 2143 1081 2171 α
1108 2131 1276 2195 venit,
1304 2144 1368 2185 ac
1391 2130 1628 2199 primum
1648 2144 1706 2185 se
1728 2131 1796 2185 ad
1819 2131 2049 2187 Einhar-

466 2211 592 2281 dum
619 2225 871 2291 contulit,
893 2225 1048 2294 cujus
1073 2238 1234 2294 supra
1254 2222 1587 2279 mentionem
1612 2221 1714 2277 feci
1743 2221 1883 2293 (erat
1905 2223 2049 2277 enim

462 2317 511 2371 ei
560 2315 887 2387 familiaris).
933 2314 1156 2378 Deinde,
1182 2314 1577 2369 commendatis
1620 2314 1719 2368 sub
1772 2313 2049 2384 signaculo

465 2417 779 2465 sanctorum
809 2407 1084 2477 reliquiis,
1118 2405 1190 2460 ibi
1221 2405 1274 2459 in
1307 2404 1536 2460 ecclesia
1571 2404 1854 2459 beatorum
1902 2419 2047 2458 mar-

462 2510 640 2570 tyrum
668 2498 964 2554 Marcellini
988 2505 1043 2552 et
1075 2495 1220 2551 Petri
1255 2496 1643 2551 conservandis
1662 2534 1677 2559 ,
1718 2494 2046 2566 Moguntiam

458 2590 738 2661 profectus
775 2596 897 2653 est,
931 2588 1024 2642 ubi
1073 2596 1202 2642 tunc
1234 2593 1354 2642 erat
1393 2586 1614 2656 quidam
1661 2586 1945 2656 presbyter
1976 2600 2044 2641 ex

461 2681 743 2736 monachis
783 2679 1015 2744 nostris,
1061 2678 1278 2732 nomine
1325 2675 1618 2731 Theotmar
1645 2676 1705 2738 ιι,
1739 2689 1838 2745 pro
1864 2675 2045 2729 causis

458 2774 779 2844 quibusdam
807 2773 876 2826 ab
902 2772 1095 2826 abbate
1123 2771 1189 2823 ad
1214 2768 1492 2839 Otgarium
1517 2778 1539 2807 ο
1573 2767 2042 2836 archiepiscopum

456 2865 677 2920 missus.
712 2861 761 2916 ls
782 2876 907 2916 cum
930 2861 1216 2914 diaconum
1252 2859 1503 2922 vidisset,
1534 2857 1750 2927 cognito
1776 2858 1921 2927 quod
1952 2873 2039 2912 es-

459 2964 543 3010 set
571 2955 870 3017 Romanus,
904 2957 1257 3022 percontatus
1279 2956 1363 3003 est
1388 2949 1457 3003 ob
1491 2962 1655 3017 quam
1686 2962 1905 3002 causam
1930 2955 2039 3001 mm

455 3048 645 3120 procul
674 3062 704 3100 a
731 3045 907 3115 patria
936 3057 1162 3113 peregre
1194 3049 1339 3096 esset
1378 3040 1689 3111 profectus;
1732 3038 2041 3107 auditisque

454 3140 637 3198 causis
676 3137 921 3202 itineris,
953 3134 1161 3191 hortari
1200 3149 1322 3188 eum
1348 3133 1511 3203 erepit
1557 3138 1617 3186 ut
1664 3139 1875 3201 partem
1915 3130 2039 3186 reli-

454 3231 731 3303 quiarum,
762 3242 900 3298 quas
921 3242 980 3281 se
1006 3226 1207 3280 habere
1237 3224 1519 3281 confessus
1545 3232 1629 3278 est
1647 3264 1661 3288 ,
1686 3237 1785 3278 suo
1811 3222 2041 3277 donaret

454 3320 660 3385 abbati,
688 3318 865 3375 sciens
894 3331 954 3373 se
980 3316 1168 3386 procul
1196 3315 1357 3370 dubio
1386 3315 1455 3371 ob
1480 3314 1532 3368 id
1556 3313 1694 3369 bene
1732 3314 1802 3368 ab
1827 3327 1893 3368 eo
1922 3311 2040 3366 fore

455 3410 934 3469 remunerandum.
988 3408 1199 3463 Placuit
1252 3407 1481 3462 diacono
1531 3405 1813 3460 suadentis
1861 3404 2039 3460 consi-

454 3504 622 3569 lium;
664 3500 917 3571 factaque
962 3498 1327 3570 promissione
1375 3497 1581 3552 dimisit
1627 3497 2034 3567 presbyterum,

452 3596 542 3651 die
566 3608 671 3664 qua
697 3600 826 3648 tunc
854 3591 999 3645 inter
1021 3604 1116 3645 eos
1144 3595 1499 3652 convenerat,
1527 3588 1595 3642 ad
1624 3587 1799 3642 locum
1826 3585 1916 3640 ubi
1952 3599 2037 3640 re-

453 3686 651 3758 liquias
679 3682 917 3748 dimisit,
954 3681 1167 3737 obviam
1198 3679 1248 3734 ei
1278 3693 1653 3743 reversurum;
1683 3684 1739 3732 et
1777 3676 1822 3731 si
1853 3674 2034 3731 abbati

454 3775 739 3834 conventio
767 3788 957 3831 eorum
982 3771 1315 3843 placuisset,
1343 3767 1601 3839 reliquias
1634 3775 2031 3837 suscepturum.

450 3869 542 3925 Ille
570 3876 697 3924 ante
722 3882 848 3923 cum
885 3863 1235 3921 festinatione
1280 3861 1672 3917 monasterium
1720 3868 2029 3926 revertens,

449 3962 683 4034 primum
707 3973 965 4031 responsa
987 3954 1378 4026 archiepiscepi
1400 3952 1585 4008 retulit
1604 3952 1816 4019 abbati;
1841 3953 2033 4008 deinde

448 4041 723 4125 quomodo
766 4065 890 4107 cum
945 4048 1176 4104 diacono
1216 4046 1282 4102 de
1321 4043 1564 4115 reliquiis
1588 4044 1897 4100 condictum
1929 4043 2030 4099 ha-

448 4145 666 4210 buerat,
692 4141 983 4199 intimavit.
1013 4138 1221 4208 Quibus
1248 4136 1339 4192 ille
1365 4136 1594 4202 auditis,
1623 4135 1779 4192 valde
1814 4136 2031 4208 gavisus

446 4244 549 4300 est,
578 4235 873 4305 volensque
902 4230 1164 4287 velociter
1205 4227 1442 4299 experiri
1486 4227 1648 4283 fidem
1688 4227 2024 4298 sponsionis,

449 4325 659 4379 remisit
682 4339 830 4386 eum,
851 4330 907 4376 et
934 4321 1165 4375 alterum
1192 4334 1314 4374 cum
1339 4332 1405 4373 eo
1434 4319 1809 4389 presbyterum
1831 4331 1897 4371 ex
1921 4315 2029 4369 fra-

2159 1835 2245 1881 tus
2276 1826 2517 1883 locorum
2550 1830 2606 1885 in
2647 1811 2752 1885 illis
2798 1811 3044 1901 partibus
3081 1811 3736 1908 monasteriosubjacen-

2157 1920 2312 1984 tium,
2342 1920 2428 1975 cui
2462 1920 2760 1989 injunctum
2791 1933 2910 1979 erat
2935 1934 2992 1980 ut
3015 1928 3233 1982 statutis
3257 1930 3587 2000 temporibus
3611 1933 3735 1988 inde

2155 2011 2463 2065 necessaria
2495 2011 2754 2068 fratribus
2794 2015 3216 2071 administraret.
3246 2017 3399 2074 Hunc
3428 2029 3737 2078 statuerunt

2154 2102 2446 2167 accersiri,
2475 2118 2584 2172 quo
2615 2103 2826 2161 facilius
2854 2107 2906 2161 id
2943 2108 3084 2177 quod
3113 2109 3423 2166 inchoatum
3466 2112 3735 2169 habebant

2150 2201 2206 2257 et
2238 2193 2451 2250 efficere
2494 2196 2881 2264 moliebantur,
2927 2199 3167 2257 fraterno
3203 2203 3438 2259 roborati
3468 2207 3731 2273 consilio,

2152 2284 2377 2355 implere
2402 2288 2726 2356 potuissent.

2220 2375 2309 2430 M.
2348 2375 2601 2443 Quicum
2625 2380 2891 2448 venisset,
2921 2390 2976 2437 et
3004 2382 3154 2442 finita
3186 2385 3526 2444 solemnitate
3562 2405 3734 2461 popu-

2146 2469 2230 2525 lus
2253 2485 2320 2526 ex
2341 2472 2580 2526 maxima
2606 2481 2761 2544 parte
2790 2473 2904 2543 jam
2937 2477 3275 2544 recessisset,
3311 2481 3516 2549 paratis
3555 2484 3733 2538 omni-

2146 2560 2248 2615 bus
2298 2577 2420 2631 quze
2465 2562 2677 2619 itineris
2722 2577 2913 2620 eorum
2951 2582 3081 2623 usus
3116 2570 3449 2638 postulabat,
3493 2572 3729 2628 loculum

2146 2666 2256 2721 quo
2284 2661 2490 2709 sanctae
2515 2654 2755 2725 reliquiae
2780 2665 2938 2711 erant
2966 2660 3258 2714 recondita:
3282 2662 3577 2729 elevantes,
3601 2681 3729 2720 cum

2144 2743 2362 2814 hymnis
2380 2754 2435 2800 et
2460 2745 2706 2802 laudibus
2729 2747 2872 2804 ferre
2894 2759 3193 2820 cmperunt,
3209 2755 3444 2826 undique
3460 2770 3559 2825 per
3582 2756 3728 2811 viam

2142 2835 2536 2895 confluentibus
2560 2840 2805 2910 populis,
2831 2850 2887 2896 et
2916 2842 3056 2897 elata
3089 2843 3143 2899 in
3181 2844 3453 2900 excelsum
3483 2860 3614 2901 voce
3643 2847 3729 2901 di-

2142 2926 2298 2983 vinas
2321 2929 2510 2985 laudes
2538 2934 2910 2999 cantantibus;
2944 2950 3008 2990 ac
3031 2936 3108 2992 sic
3139 2936 3244 2992 iter
3280 2952 3465 2992 eorum
3496 2938 3728 2996 Domino

2141 3027 2532 3087 prosperante,
2560 3036 2687 3075 cum
2715 3023 2872 3077 turba
2915 3040 3021 3079 non
3054 3026 3266 3082 modica
3302 3043 3422 3097 qua:
3463 3028 3727 3084 feretrum

2066 3089 2110 3152 C
2142 3106 2490 3177 sequebatur,
2539 3108 2626 3164 die
2671 3110 2842 3165 altera
2885 3113 2952 3167 ad
2995 3089 3386 3172 monasterium
3436 3129 3725 3176 venerunt.

2142 3197 2363 3255 Fratres
2393 3207 2573 3256 autem
2603 3213 2961 3258 occurrerunt
2986 3204 3066 3259 eis
3089 3220 3213 3259 cum
3241 3208 3495 3264 crucibus
3531 3226 3597 3265 ac
3636 3226 3729 3267 ce-

2092 3303 2096 3307 ’
2142 3289 2272 3353 reis,
2302 3288 2591 3346 adventum
2617 3306 2802 3347 eorum
2832 3293 3175 3363 przestolanté
3204 3295 3396 3352 abbate
3417 3297 3471 3352 in
3492 3300 3727 3356 ecclesia

2142 3381 2284 3436 beati
2296 3380 2521 3437 Joannis
2532 3382 2789 3455 Baptistae
2806 3397 2852 3452 ο,
2868 3401 2987 3456 qua:
2998 3398 3113 3443 erat
3125 3389 3182 3444 in
3194 3388 3388 3446 itinere
3408 3407 3493 3457 eo,
3511 3393 3730 3451 distans

2139 3485 2172 3525 a
2188 3472 2524 3528 monasterio
2553 3472 2796 3530 Africum
2815 3491 3007 3532 versus
3038 3478 3194 3547 quasi
3217 3481 3407 3535 stadiis
3430 3497 3643 3538 novem.
3661 3484 3725 3540 lu

2137 3576 2304 3633 quam
2329 3564 2505 3634 pridie
2524 3563 2707 3622 Nonas
2730 3564 2876 3622 Junii
2900 3582 3022 3623 cum
3054 3570 3227 3626 sacris
3246 3570 3488 3643 reliquiis
3508 3572 3727 3629 intran-

2138 3659 2242 3721 tes,
2271 3654 2470 3724 populo
2517 3656 2608 3726 qui
2639 3671 2734 3712 eos
2779 3658 2847 3713 de
2883 3659 3114 3716 diversis
3140 3654 3362 3717 veniens
3393 3676 3490 3733 per
3519 3663 3727 3722 saltum

2138 3752 2358 3800 secutus
2400 3754 2518 3812 est,
2565 3754 2622 3801 et
2648 3747 2760 3817 jam
2791 3750 2990 3804 reverti
3018 3749 3250 3817 volebat,
3284 3754 3473 3809 orandi
3499 3770 3566 3810 ac
3593 3764 3723 3811 vota

2136 3833 2380 3889 solvendi
2408 3838 2642 3905 spatium
2687 3839 2911 3894 dabant.
2957 3840 3165 3909 Quibus
3207 3846 3444 3913 peractis
3478 3845 3723 3903 levaan

2135 3929 2402 3995 loculum,
2448 3932 2517 3987 ad
2570 3934 2959 3989 monasterium
3009 3946 3308 4001 venerunt,
3348 3952 3413 3993 ac
3436 3937 3719 3996 basilicam

2132 4023 2279 4078 beati
2303 4022 2565 4079 Bonifacii
2597 4026 2855 4096 martyris
2878 4041 3000 4080 cum
3029 4026 3184 4081 laude
3212 4037 3267 4081 et
3297 4028 3478 4084 laetitia
3512 4030 3720 4101 ingres-

2133 4117 2210 4181 si,
2241 4115 2397 4186 juxta
2443 4115 2646 4181 altare,
2676 4117 2731 4171 in
2772 4127 2924 4188 parte
2952 4117 3247 4172 meridiana
3296 4119 3551 4176 feretrum
3590 4139 3716 4179 cum

2133 4209 2303 4265 sacris
2329 4210 2603 4266 cineribus
2637 4220 2951 4281 posuerunt.

2206 4319 2290 4373 15.
2328 4318 2512 4374 Altera
2536 4329 2717 4375 autem
2746 4322 2834 4378 die
2856 4322 3140 4379 Deusdona
3171 4324 3427 4380 diaconus
3448 4365 3462 4389 ,
3506 4334 3558 4379 et
3585 4342 3715 4396 ger-

449 4413 624 4469 tribus
648 4411 870 4475 nostris,
898 4409 1115 4463 nomine
1136 4406 1450 4461 Artharium
1472 4445 1487 4470 ,
1519 4420 1640 4460 cum
1673 4401 2024 4498 munusculis,
2057 4438 2108 4498 υ
2133 4427 2326 4466 manus
2351 4411 2520 4466 frater
2550 4412 2711 4479 illius,
2744 4415 2963 4470 nomine
2990 4416 3335 4479 Theodorus,
3363 4416 3532 4471 laicus
3550 4458 3564 4482 ,
3601 4419 3714 4487 pri-

445 4507 588 4561 sicut
619 4503 949 4574 promissum
972 4507 1108 4561 erat,
1138 4497 1370 4551 diacono
1390 4495 1753 4566 perferendis;
1782 4495 1851 4549 ad
1872 4490 2028 4561 cujus

446 4595 740 4665 hospitium
772 4606 895 4647 cum
940 4588 1248 4651 venissent,
1293 4585 1470 4641 allatis
1521 4586 1870 4649 muneribus,
1899 4584 2026 4640 reli-

445 4688 601 4759 quias
620 4701 755 4756 quas
780 4684 1108 4755 promiserat
1134 4678 1507 4749 reposcebant.
1538 4677 1674 4732 Tum
1709 4678 1799 4733 ille
1829 4695 1842 4731 :
1874 4677 2024 4732 Deli-

444 4783 719 4844 beratum,
748 4775 947 4844 inquit,
979 4773 1153 4828 habeo
1187 4770 1467 4826 vobiscum
1494 4770 1700 4840 pariter
1730 4770 1798 4825 ad
1837 4783 2025 4824 mona-

445 4867 672 4924 sterium
704 4863 996 4936 proficisci,
1016 4869 1071 4915 et
1094 4876 1198 4914 non
1222 4859 1395 4915 solum
1414 4868 1623 4928 partem
1650 4858 2023 4928 reliquiarum,

514 5039 539 5066 ε
578 5026 866 5080 Brovverus
912 5023 1211 5078 arbitratur
1248 5023 1391 5077 hunc
1426 5035 1546 5076 esse
1593 5020 1889 5075 secundum
1927 5023 2025 5075 ad-

442 5106 660 5153 ventum
692 5095 1009 5158 Dcusdome,
1035 5094 1186 5163 cujus
1215 5091 1816 5163 meminitiEginhardus
1843 5093 1892 5144 in
1917 5091 2023 5163 fine

443 5168 695 5224 Historia:
742 5160 1114 5220 translationis
1150 5162 1249 5217 SS.
1286 5162 1579 5216 Marcellini
1610 5171 1664 5215 et
1702 5161 1867 5215 Petri.
1914 5160 2020 5215 Sed

444 5255 544 5293 nec
573 5254 747 5293 annus
793 5251 892 5291 nec
937 5235 1136 5289 Iliensis
1161 5233 1506 5286 conveniunt.
1540 5232 1674 5285 Tum
1706 5232 1903 5285 dicitur
1926 5233 2020 5285 ad-

442 5310 657 5365 venisse
698 5311 836 5362 circa
865 5320 883 5359 :
914 5305 1139 5360 mediiim
1196 5304 1302 5371 fere
1334 5318 1558 5356 mensem
1608 5302 1932 5371 Augustum,
1972 5312 2020 5356 et

445 5377 716 5449 Kalendas
746 5377 1006 5449 Septemb.
1042 5377 1095 5428 in
1126 5374 1477 5449 Dg_uzinirant_
1497 5372 1772 5449 incidisse,
1796 5388 1883 5449 an.
1917 5373 2020 5449 s_ci-

444 5448 567 5504 licet
589 5452 711 5513 830,
734 5441 976 5519 Gregorii
1004 5460 1154 5516 papae
1178 5443 1240 5497 ill
1274 5458 1415 5519 an_uo
1446 5443 1498 5496 5.
1526 5441 1663 5497 infra
1689 5442 1887 5496 mensis
1914 5441 2019 5497 Ju-

444 5520 562 5571 nius
585 5530 641 5574 et
669 5512 971 5575 a’nnus'855
994 5512 1295 5587 signantur.
1320 5512 1485 5587 Βοις..

517 5589 541 5626 δ
574 5587 623 5643 ls
649 5599 734 5643 est
760 5582 1139 5649 Thcotmar'us,
1179 5584 1405 5640 inferius
1432 5583 1559 5638 item
1591 5582 1836 5637 laudatus
1869 5598 2015 5637 num.

440 5656 541 5725 35;
566 5658 650 5714 cui
670 5657 924 5714 Rabanos
951 5656 1280 5728 nuncupavit
1311 5654 1508 5711 librum
1533 5652 1599 5708 dc
1619 5651 1909 5707 Ordinibus
1930 5667 2017 5706 sa-

2133 4518 2222 4557 mo
2248 4517 2404 4558 mane
2431 4518 2553 4558 cum
2576 4503 2771 4558 abbate
2793 4520 2858 4558 ac
2884 4505 3092 4560 duobus
3111 4505 3463 4576 presbyteris,
3480 4519 3713 4574 quorum

2129 4607 2229 4663 ego
2260 4593 2401 4648 alter
2422 4609 2592 4660 eram,
2622 4609 2866 4649 seorsum
2895 4595 3173 4651 basilicam
3204 4596 3451 4665 ingressi,
3477 4595 3712 4650 loculum

2129 4693 2489 4756 aperuerunt,
2520 4694 2574 4741 et
2603 4686 2938 4755 singulorum
2972 4702 3094 4742 ossa
3121 4696 3462 4750 sanctorum,
3489 4688 3630 4741 sicut
3660 4695 3712 4741 in

2128 4776 2361 4846 pulvinis
2380 4778 2627 4832 semotim
2648 4776 2864 4831 condita
2886 4776 3119 4841 fuerant,
3144 4773 3503 4846 proferentcs,
3528 4774 3712 4831 abbati

2124 4869 2427 4933 dederunt,
2457 4883 2649 4924 coxam
2681 4868 2928 4924 videlicet
2965 4885 3028 4924 ac
3055 4868 3242 4939 pedem
3281 4869 3455 4924 sancti
3482 4868 3715 4924 Alexan-

2128 5023 2257 5085 cris,
2282 5031 2389 5077 etc.
2424 5022 2563 5079 Man.

2204 5104 2225 5130 ε
2261 5092 2525 5162 Decessor
2551 5093 2757 5147 Rabani
2798 5094 2844 5149 is
2886 5103 3001 5155 est,
3051 5091 3224 5148 factus
3270 5091 3712 5162 archiepiscOpus

2128 5164 2271 5216 circa
2304 5161 2462 5216 ﬁnem
2492 5164 2617 5215 anni
2650 5162 2754 5216 826
2780 5174 2873 5217 aut
2919 5164 3132 5218 initium
3165 5161 3477 5227 sequentis,
3510 5171 3571 5216 ut
3607 5161 3709 5217 eb-

2129 5239 2310 5287 servat
2339 5232 2588 5286 Serarius
2620 5231 2655 5285 Ι.
2702 5248 2753 5286 tv
2776 5233 2905 5288 Rer.
2939 5232 3174 5303 Mogunt.
3209 5231 3285 5286 Illi
3331 5232 3588 5303 Rabanus
3627 5232 3711 5285 in-

2128 5302 2346 5371 scripsit
2365 5304 2824 5373 flammentarium
2856 5304 2909 5358 in
2933 5301 3266 5373 Sapientiam
3291 5311 3348 5357 et
3372 5301 3711 5373 Ecclesiasti-

2126 5389 2271 5439 cum,
2288 5389 2352 5429 ac
2364 5372 2585 5443 Librum
2610 5372 3054 5443 pinnitentialem.
3079 5373 3292 5443 Laudes
3312 5373 3429 5443 ejus
3454 5379 3509 5426 et
3536 5372 3709 5441 epita-

2125 5445 2313 5513 phium
2339 5442 2627 5514 descripsit
2655 5445 2798 5499 inter
2827 5452 3097 5514 poemata.
3126 5442 3203 5498 In.

2199 5515 2223 5552 τί
2272 5514 2307 5567 2
2331 5513 2500 5567 Junii.
2531 5514 2604 5568 lo.

2200 5588 2221 5615 ε
2263 5583 2414 5639 Hanc
2459 5583 2745 5653 ecclesiam
2791 5584 2907 5653 jam
2952 5585 3059 5641 dici
3100 5582 3429 5651 Johansberg
3483 5581 3709 5637 adnotat

2125 5654 2431 5710 Browerus.
2456 5652 2621 5711 BOLL.
