4012 6202
541 346 606 402 51
1660 352 1749 405 AD
1786 351 2012 406 OPERA
2053 351 2110 404 Β.
2150 351 2401 406 RABANI
2441 352 2659 407 MAURl

3724 361 3802 415 52

540 459 764 516 Achillei
806 476 929 516 ossa
980 461 1279 525 sexdecim,
1329 462 1500 517 sancti
1550 471 1729 517 autem
1769 476 1793 503 ι
1836 464 2112 518 Turturini
2141 469 2187 526 Α
2217 466 2485 529 claudum,
2526 474 2651 520 ante
2695 467 2951 538 reliquias
2997 470 3167 524 sancti
3214 472 3467 541 martyris
3507 476 3707 543 posuit,
3738 487 3799 532 et

538 568 683 618 ossa,
713 560 768 607 et
791 551 967 607 sancti
994 552 1023 592 ι»
1055 549 1257 607 Staetei
1283 552 1349 607 de
1377 553 1649 608 cineribus
1673 554 1914 623 corporis
1940 556 2112 608 maxi-

537 657 680 696 mam
718 650 927 711 partem
965 651 1021 696 et
1052 656 1176 697 ossa
1204 643 1411 697 decem.
1445 642 1535 696 Ille
1564 659 1689 699 vero
1716 644 1967 700 universa
1994 646 2111 701 haec

535 732 915 788 venerabiliter
962 742 1209 802 suscepta
1264 734 1316 787 in
1367 749 1581 799 arcam,
1626 750 1789 803 quam
1816 750 1977 804 supra
2008 737 2109 791 sub

533 823 741 878 duobus
774 823 1035 878 cherubin
1068 823 1297 894 positam
1327 824 1582 888 diximus,
1612 823 1837 894 supplici
1866 825 2107 880 devotio-

532 929 601 969 ne
634 913 936 969 collocavit.
1304 964 1307 969 .

599 1004 686 1060 18.
726 1005 894 1081 Igitur
943 1007 1068 1061 dum
1112 1008 1229 1061 haec
1275 1015 1578 1076 agerentur,
1621 1007 1771 1061 Addo
1823 1007 2106 1079 presbyter

527 1096 741 1151 abbatis
766 1137 782 1160 ,
818 1112 978 1168 quem
1020 1111 1181 1166 supra
1221 1098 1289 1151 ad
1328 1096 1974 1166 Alabingum'quemdam
2004 1114 2103 1166 pro

525 1184 883 1256 suscipiendis
907 1186 1132 1255 alicujus
1169 1187 1342 1241 sancti
1380 1188 1592 1241 ossibus
1636 1186 1842 1240 italiam
1875 1188 2100 1242 missum

526 1277 691 1331 fuisse
719 1277 1017 1338 retulimus,
1047 1291 1244 1335 cornus
1264 1276 1406 1331 beati
1433 1288 1454 1313 ο
1489 1276 1737 1331 Venantii
1758 1278 2015 1347 martyris
2043 1278 2098 1333 in

526 1365 803 1420 territorio
830 1366 1191 1421 Ariminensis
1221 1365 1370 1420 urbis
1396 1364 1670 1419 inventum
1699 1365 1933 1431 sustulit,
1959 1376 2013 1421 et
2043 1366 2097 1422 in

522 1455 805 1511 Franciam
828 1455 1006 1511 redire
1030 1454 1317 1510 festinavit.
1339 1455 1417 1510 Ac
1437 1455 1614 1524 primo
1638 1454 1852 1523 quidem
1879 1466 2098 1525 propter
2118 1448 2121 1457 “

521 1557 722 1603 metum
751 1548 1049 1602 incolarum
1079 1546 1209 1602 illud
1248 1546 1457 1602 occulte
1476 1544 1716 1611 ferebat;
1748 1546 1940 1601 deinde
1968 1557 2096 1601 vero

519 1649 799 1711 postquam
812 1639 1025 1711 Alpium
1037 1640 1163 1710 juga
1178 1639 1410 1703 transiit,
1424 1646 1481 1691 et
1507 1637 1560 1692 in
1582 1637 1714 1691 ﬁnes
1726 1637 2093 1708 Bajoariorum

520 1730 782 1799 pervenit,
808 1730 919 1801 jam
944 1731 1185 1785 securior
1217 1727 1477 1794 effectus,
1510 1727 1710 1782 feretro
1744 1728 2086 1798 impositum,

2210 554 2423 623 expleta
2463 554 2620 609 laude
2656 557 2958 626 vespertina
3001 559 3213 614 caateris
3256 557 3324 612 ad
3365 576 3462 614 sua
3502 565 3795 634 regressis,

2210 643 2324 712 ipsa
2369 658 2490 697 cum
2532 659 2701 713 puero
2743 647 3100 715 pernoctavit.
3168 646 3323 702 Mane
3375 658 3553 706 autem
3599 652 3792 721 facto,

2207 730 2475 785 sublatum
2517 732 2712 798 adhuc,
2760 733 2900 788 sicut
2939 734 3135 801 fuerat,
3182 736 3414 792 debilem
3450 740 3666 797 domum
3701 761 3795 801 re-

2205 833 2450 894 portans,
2502 824 2556 877 in
2601 824 2853 879 lectulum
2897 826 3112 896 posuit;
3160 827 3548 900 cellariumque
3589 849 3791 901 suum,

2205 925 2265 970 ut
2288 932 2457 987 puero
2500 932 2695 987 panem
2740 918 2913 984 daret,
2939 918 3178 975 intravit.
3224 920 3270 973 A
3299 936 3407 991 quo
3435 939 3557 978 cum
3588 924 3790 984 fuisset
3820 945 3848 955 ’

2204 1020 2445 1075 egressa,
2488 1004 2656 1060 (ilium
2696 1024 2872 1073 suum,
2896 1023 3055 1078 quem
3097 1009 3344 1065 claudum
3389 1013 3444 1067 in
3486 1013 3625 1071 lecto
3653 1018 3791 1073 reli-

2202 1096 2347 1165 quit,
2389 1111 2511 1151 cum
2556 1096 2675 1151 aliis
2718 1098 2956 1168 ejusdem
2997 1098 3099 1153 loci
3142 1102 3323 1169 pueris
3369 1102 3424 1155 in
3467 1104 3647 1173 platea
3693 1108 3783 1163 lu-

2202 1188 2417 1244 dentem
2460 1190 2679 1260 reperit,
2716 1191 2791 1244 ita
2816 1206 3029 1258 sanum,
3069 1201 3128 1247 ut
3168 1210 3269 1250 nec
3306 1195 3519 1266 signum
3560 1199 3787 1272 aliquod

2202 1280 2253 1333 in
2276 1294 2341 1335 eo
2363 1281 2606 1350 pristina:
2646 1282 2940 1339 debilitatis
2976 1295 3301 1339 remaneret.
3345 1286 3402 1341 In
3434 1304 3540 1359 quo
3569 1291 3785 1362 liquido

2198 1373 2501 1427 ostenditur
2538 1374 2681 1443 quod
2728 1374 3146 1445 suifragantibus
3188 1379 3397 1434 meritis
3448 1384 3617 1437 sancti
3668 1383 3779 1440 Ve-

2199 1467 2369 1521 nantii
2410 1482 2544 1548 puer
2585 1467 2674 1523 ille
2709 1477 2931 1524 sanatus
2972 1469 3063 1535 sit,
3105 1486 3201 1540 per
3236 1471 3488 1526 virtutem
3528 1474 3643 1544 ejus
3679 1478 3778 1545 qui

2196 1567 2251 1612 et
2289 1557 2456 1611 filium
2492 1558 2665 1630 reguli
2704 1567 2759 1613 et
2800 1574 3027 1629 puerum
3053 1560 3389 1616 centurionis
3415 1564 3581 1618 verbo
3620 1580 3781 1619 cura-

2195 1649 2293 1712 vit,
2320 1649 2454 1703 etin
2478 1649 2626 1704 omni
2662 1649 2779 1704 loco
2814 1651 3099 1720 praesentia
3139 1666 3250 1705 suae
3289 1651 3589 1720 majestatis
3624 1671 3777 1724 qua:-

2195 1756 2408 1810 cuuque
2456 1742 2685 1797 voluerit
2741 1741 2996 1797 facillime
3058 1751 3236 1813 potest
3293 1742 3549 1811 efficere,
3610 1744 3772 1803 Jesus

517 1819 909 1876 conﬂuentibus
934 1819 1169 1889 undique
1215 1818 1529 1891 populorum
1555 1818 1730 1873 turbis
1747 1859 1761 1884 ,
1789 1828 1845 1874 et
1876 1820 2081 1875 excelsa

2193 1830 2441 1886 Christus
2465 1830 2714 1886 Salvator
2737 1840 2942 1894 noster,
2968 1834 3058 1903 qui
3103 1844 3184 1888 est
3226 1849 3387 1904 super
3413 1835 3594 1890 omnia
3624 1838 3770 1892 Deus

518 1912 683 1965 Deum
720 1924 852 1966 voce
888 1910 1256 1975 laudantibus,
1288 1909 1477 1965 detulit
1505 1910 1559 1965 in
1590 1909 1804 1975 cellam,
1838 1925 1958 1980 qua:
1986 1927 2085 1967 vo-
2129 1934 2133 1939 τ

515 2011 672 2056 catur
695 2001 723 2041 ά
758 2000 1085 2067 Suolenhus,
1112 2002 1272 2055 sitam
1304 2001 1357 2054 in
1386 2001 1602 2071 regione
1627 1999 2003 2056 Sualaveldoni
2037 2015 2082 2067 θ,

512 2101 567 2147 et
591 2092 659 2147 ad
683 2090 973 2147 australem
998 2090 1211 2162 plagam
1246 2090 1434 2145 altaris
1469 2090 1715 2146 ecclesiae
1755 2091 1810 2144 in
1849 2090 2083 2155 feretro,

511 2182 652 2237 sicut
674 2180 895 2237 allatum
919 2188 1059 2248 erat,
1085 2180 1380 2236 honorifice
1422 2180 1618 2250 posuit.
1649 2179 1781 2235 Erat
1808 2191 1989 2237 autem
2020 2197 2085 2236 eo

512 2283 757 2344 tempore
778 2273 1096 2345 prapositus
1124 2272 1272 2329 cella:
1302 2272 1447 2327 illius
1469 2287 1536 2327 ex
1568 2271 1826 2329 fratribus
1848 2274 2046 2329 nostris
2066 2315 2080 2339 ,

511 2362 727 2417 nomine
756 2360 1146 2428 Santharatus;
1178 2363 1271 2431 qui
1300 2363 1483 2417 statim
1531 2363 1698 2418 misso
1745 2363 1935 2418 nuntio
1968 2379 2084 2418 om-

510 2469 633 2509 nem
655 2454 736 2510 rei
767 2463 930 2526 gesta:
953 2455 1200 2510 ordinem
1230 2454 1508 2510 mandavit
1532 2455 1736 2521 abbati,
1759 2470 1953 2527 rogans
1977 2456 2080 2511 sibi

509 2542 807 2598 renuntiari
845 2552 1026 2598 utrum
1068 2553 1284 2599 sanctas
1321 2545 1441 2599 illas
1471 2545 1726 2614 reliquias
1770 2547 1823 2599 in
1861 2562 1927 2601 eo
1963 2546 2081 2602 loco

507 2635 597 2690 ubi
628 2643 757 2690 tunc
783 2646 940 2689 erant
972 2650 1292 2706 permanere
1318 2635 1594 2700 voluisset,
1625 2652 1693 2690 an
1723 2638 1824 2691 sibi
1868 2638 1935 2691 ad
1967 2653 2082 2693 mo-

505 2728 800 2783 nasterium
848 2726 1149 2783 transferri.
1189 2727 1389 2783 Omnes
1433 2729 1575 2782 enim
1622 2727 1798 2797 populi
1846 2728 2080 2798 regionis

505 2818 647 2875 illius
675 2820 728 2873 id
755 2820 1044 2889 petebant,
1078 2820 1238 2889 idque
1272 2821 1498 2875 summis
1532 2822 1671 2876 votis
1696 2821 1987 2891 Optabam,
2020 2832 2079 2876 ut

504 2926 698 2981 corpus
723 2912 897 2966 sancti
923 2911 1180 2981 martyris
1207 2912 1280 2966 ibi
1304 2912 1508 2968 habere
1537 2921 1892 2978 mererentur,
1924 2913 2078 2982 cujus

503 3018 658 3076 opem
706 3006 758 3059 in
807 3005 1034 3059 diversis
1061 3004 1434 3059 infirmitatum
1484 3005 1809 3060 sanitatibus
1837 3005 2077 3073 quotidie

503 3096 824 3151 sentiebant.
852 3096 1033 3151 Abbas
1074 3111 1202 3151 vero
1236 3111 1361 3151 cum
1395 3096 1670 3161 audisset,
1702 3111 1824 3150 mox
1859 3094 1928 3152 de
1963 3097 2077 3153 suis

501 3185 636 3240 duos
664 3186 955 3240 monachos
981 3185 1326 3256 presbyteros
1350 3185 1498 3242 misit
1524 3187 1592 3242 ad
1618 3187 1937 3256 praedictum
1965 3187 2073 3242 fra-
2100 3189 2146 3251 C

501 3285 673 3338 trem,
721 3276 1041 3345 prmeipiens
1084 3276 1163 3331 eis
1211 3283 1412 3345 quanta
1458 3277 1756 3348 potuissent
1796 3277 2075 3333 celeritate

500 3374 716 3421 sanctas
743 3365 862 3421 illas
888 3365 1142 3435 reliquias
1183 3366 1285 3422 sibi
1313 3365 1587 3422 afferrent.
1617 3365 1749 3422 Erat
1789 3368 1936 3422 enim
1959 3365 2071 3435 jam

501 3467 628 3513 tunc
660 3472 759 3528 per
800 3473 988 3514 omnes
1030 3473 1166 3528 pene
1209 3459 1458 3529 regiones
1493 3458 1611 3514 illas
1635 3458 1847 3514 celebre
1876 3474 2072 3514 nomen

497 3548 672 3603 sancti
706 3545 956 3603 Venantii
1002 3556 1221 3618 propter
1267 3550 1494 3605 virtutes
1534 3557 1589 3606 et
1629 3548 1909 3613 miracula,
1952 3563 2073 3618 qua:

496 3639 744 3696 Christus
781 3638 1037 3696 Dominus
1064 3650 1120 3695 et
1145 3656 1240 3695 rex
1264 3652 1568 3712 martyrum
1606 3656 1705 3710 per
1731 3655 1855 3695 eum
1892 3640 2072 3696 facere

497 3730 747 3800 dignatus
780 3738 880 3786 est.
904 3730 980 3785 De
1004 3731 1197 3801 quibus
1220 3747 1340 3802 qum
1369 3731 1510 3788 facta
1542 3742 1667 3789 sunt
1695 3734 1749 3788 in
1775 3734 1963 3790 eodem
1994 3732 2071 3788 lo-

497 3835 582 3884 co,
613 3820 927 3891 priusquam
953 3822 1198 3876 venirent
1226 3824 1318 3891 qui
1346 3824 1415 3878 ab
1439 3823 1634 3878 abbate
1657 3824 1806 3878 missi
1831 3823 2065 3888 fuerant,

497 3916 684 3982 paucis
706 3911 942 3966 arbitror
967 3927 1087 3968 esse
1113 3914 1539 3986 perstringenda.

570 4003 653 4057 l9.
694 4000 827 4058 Nam
852 4019 975 4059 cum
1003 4004 1176 4061 adhuc
1202 4005 1458 4060 feretrum
1493 4022 1617 4061 cum
1654 4010 1824 4064 sacris
1855 4011 2067 4064 ossibus

490 4096 642 4169 juxta
686 4095 857 4151 altare
890 4104 1035 4151 esset
1067 4096 1323 4166 positum,
1365 4097 1607 4168 qumdam
1636 4098 1834 4154 femina
1860 4101 1924 4154 de
1949 4100 2066 4169 ipso

498 4200 655 4257 pago,
699 4201 820 4256 qua:
862 4197 990 4241 ante
1032 4202 1125 4241 sex
1168 4204 1338 4243 annos
1380 4187 1657 4242 oculorum
1700 4188 1878 4244 lumen
1927 4188 2065 4242 ami-

495 4286 657 4341 serat,
702 4278 912 4348 rogavit
957 4294 1014 4332 se
1056 4278 1180 4333 illuc
1205 4280 1413 4343 adduci,
1444 4280 1671 4334 credens
1696 4279 1797 4333 sibi
1834 4294 1931 4349 per
1956 4292 2068 4332 me—

496 4367 597 4419 rita
647 4373 702 4418 et
748 4368 1020 4420 orationes
1060 4369 1229 4422 sancti
1265 4368 1514 4423 Venantii
1554 4368 1838 4423 Dominum
1886 4366 2065 4435 propi-

496 4456 639 4509 ti.:2i.
701 4455 942 4524 Cumque
998 4457 1257 4524 perducta
1300 4466 1482 4520 esset,
1531 4465 1588 4512 et
1631 4466 1757 4510 ante
1802 4455 2061 4510 feretrum

2191 1924 2502 1978 benedictus
2539 1924 2592 1977 in
2626 1924 2843 1979 saecula.
2886 1925 3077 1979 Amen.
3121 1922 3246 1979 Haec
3280 1927 3495 1996 quidem
3536 1928 3639 1982 duo
3664 1929 3771 1983 mi-

2192 2013 2371 2068 racula
2404 2030 2522 2084 qua:
2563 2016 2720 2069 modo
2754 2014 2933 2086 retuli,
2956 2012 3025 2068 ab
3046 2015 3124 2068 eis
3149 2015 3242 2084 qui
3266 2025 3561 2083 przesentes
3584 2025 3764 2084 erant,

2188 2117 2242 2159 et
2281 2121 2343 2160 ea
2387 2120 2445 2159 se
2489 2105 2687 2160 vidisse
2728 2106 2905 2160 testati
2951 2113 3096 2171 sunt,
3139 2106 3346 2161 didici:
3393 2114 3589 2161 caetera
3633 2122 3767 2164 vero

2187 2218 2305 2270 quae
2344 2201 2644 2269 scripturus
2684 2215 2822 2263 sum,
2851 2199 2964 2269 ipse
3003 2214 3187 2255 coram
3224 2200 3428 2270 positus
3459 2200 3588 2266 vidi,
3632 2201 3764 2269 quia

2185 2311 2249 2348 ex
2284 2295 2363 2349 eis
2397 2294 2487 2363 qui
2526 2295 2588 2348 ad
2626 2294 2972 2364 perferendos
3011 2308 3195 2348 sacros
3220 2292 3430 2348 cineres
3456 2293 3607 2349 missi
3643 2292 3767 2350 fue-

2185 2395 2305 2440 rant
2333 2401 2471 2440 unus
2496 2400 2663 2440 eram.

2251 2475 2341 2531 ‘20.
2382 2476 2548 2545 Igitur
2587 2492 2710 2531 cum
2734 2478 3070 2531 venissemus
3102 2476 3168 2529 ad
3204 2474 3381 2529 locum
3430 2488 3592 2543 quem
3619 2472 3765 2529 Suo-

2181 2567 2377 2623 lenbus
2415 2569 2596 2621 vocari
2638 2582 2799 2637 supra
2840 2566 3091 2629 diximus,
3135 2566 3338 2636 paratis
3364 2565 3613 2621 celeriter
3635 2580 3760 2621 om-

2182 2659 2340 2713 nibus
2379 2672 2497 2729 qua:
2539 2657 2605 2711 ad
2647 2657 3017 2713 devectiouem
3052 2665 3363 2711 sanctarum
3402 2656 3757 2725 reliquiarum

2181 2748 2487 2804 necessaria
2524 2748 2864 2812 videbantur,
2909 2747 3081 2816 prima
3118 2746 3236 2801 luce
3274 2755 3393 2817 post
3427 2746 3759 2816 completum

2181 2840 2501 2894 matutinum
2545 2837 2802 2905 oﬂlcium,
2845 2838 3131 2894 celebratis
3172 2853 3236 2892 ex
3276 2853 3423 2892 more
3466 2838 3757 2892 missarum

2178 2930 2491 2993 solemniis,
2555 2947 2678 2984 cum
2734 2932 2937 2999 ingenti
2994 2931 3139 2985 luctu
3184 2947 3247 2986 ac
3289 2945 3521 2987 maerore
3563 2945 3756 2985 eorum

2176 3020 2266 3090 qui
2313 3019 2513 3072 ibidem
2555 3025 2709 3072 erant
2749 3019 3090 3084 remansuri,
3142 3029 3386 3074 sanctum
3432 3019 3579 3073 illum
3626 3019 3751 3074 the-

2176 3125 2395 3166 saurum
2422 3108 2758 3173 sustulimus,
2786 3117 2947 3177 atque
2989 3110 3095 3163 iter
3128 3110 3356 3179 ingressi
3397 3120 3612 3179 portare
3636 3124 3756 3165 coe-

2177 3204 2375 3276 pimus.
2422 3200 2553 3255 Erat
2590 3201 2735 3254 enim
2776 3199 2973 3256 caelum
3014 3215 3176 3271 grave
3216 3202 3447 3255 nubibus
3484 3204 3756 3258 obscuris-

2177 3295 2366 3359 simis,
2432 3302 2487 3349 et
2531 3309 2649 3363 qum
2703 3294 2812 3348 cito
2854 3293 2907 3347 in
2950 3291 3220 3362 ingentem
3272 3292 3509 3361 pluviam
3555 3293 3755 3348 resolvi

2176 3391 2416 3452 possent,
2450 3383 2550 3437 nisi
2588 3382 2639 3437 id
2671 3383 2840 3437 virtus
2873 3382 3048 3437 divina
3087 3380 3203 3436 fieri
3237 3382 3568 3451 prohiberet.
3616 3384 3754 3438 Nam

2176 3485 2288 3530 tota
2333 3484 2492 3530 nocte
2536 3474 2622 3528 illa
2664 3475 2779 3528 sine
2823 3474 3224 3528 intermissione
3264 3473 3518 3543 pluebat;
3571 3474 3648 3529 ita
3691 3482 3755 3529 ut

2175 3567 2330 3622 nobis
2366 3566 2471 3620 iter
2510 3564 2637 3619 illud
2679 3580 2742 3619 ea
2790 3565 2876 3619 die
2919 3565 3162 3619 inchoari
3203 3580 3362 3635 posse
3406 3565 3626 3620 minime
3670 3566 3756 3620 vi-

2174 3656 2411 3709 deretur.
2461 3654 2566 3709 Sed
2611 3669 2842 3723 superna
2889 3655 3057 3724 gratia
3103 3670 3199 3724 per
3240 3656 3428 3709 merita
3458 3655 3628 3710 sancti
3662 3657 3753 3710 sui

2176 3746 2227 3798 id
2263 3746 2405 3814 quod
2447 3745 2738 3799 timebatur
2778 3746 2935 3815 longe
2976 3745 3132 3798 aliter
3172 3758 3290 3799 esse
3332 3743 3479 3799 fecit.
3526 3744 3661 3798 Nam
3689 3754 3754 3799 ut

2173 3853 2397 3909 pergere
2435 3838 2719 3907 carpimus,
2746 3853 2869 3891 mox
2912 3837 3186 3906 dissipatis
3223 3837 3471 3896 nubibus.
3503 3836 3624 3891 ςαξιὶ
3656 3851 3753 3890 se-

2173 3930 2378 3985 renitas
2401 3929 2566 3992 venit,
2608 3938 2663 3982 et
2704 3944 2799 3997 per
2822 3929 2961 3983 viam
2996 3929 3095 3982 luti
3121 3944 3308 3997 parum
3342 3930 3612 3983 inventum
3638 3937 3748 3982 est.

2172 4020 2291 4074 llivi
2331 4033 2565 4089 quoque,
2603 4018 2693 4086 qui
2736 4018 2787 4072 iu
2832 4026 2942 4072 tam
2984 4033 3175 4088 magna
3219 4028 3275 4073 et
3301 4009 3416 4089 jugi
3450 4018 3656 4088 pluvia,
3686 4027 3753 4072 ut

2168 4126 2231 4165 ea
2281 4118 2439 4165 nocte
2480 4119 2618 4173 erat,
2658 4123 2904 4162 crescere
2946 4107 3223 4173 solebant,
3266 4122 3402 4178 pene
3450 4106 3581 4160 nihil
3624 4123 3750 4162 cre-

2169 4202 2312 4255 visse
2357 4200 2557 4269 reperti
2602 4208 2745 4255 sunt.
2810 4198 3100 4268 Pergentes
3145 4209 3323 4253 autem
3369 4214 3465 4270 per
3505 4198 3749 4268 singulas

2169 4288 2356 4353 villas,
2395 4289 2572 4343 obviis
2608 4288 2924 4358 populorum
2966 4290 3139 4342 turbis
3180 4288 3601 4355 excipiebamur,
3648 4291 3746 4357 qui

2168 4393 2269 4433 nos
2312 4378 2366 4432 in
2412 4378 2653 4432 dicendis
2695 4380 2939 4433 laudibus
2975 4378 3188 4441 divinis,
3228 4386 3283 4432 et
3317 4378 3370 4431 in
3399 4392 3554 4432 sacro
3576 4393 3748 4433 onere

2169 4467 2391 4523 ferendo
2433 4482 2540 4521 non
2581 4468 2814 4537 segniter
2850 4466 3191 4534 adjuvahant,
3237 4466 3407 4521 donec
3432 4466 3746 4522 veniremus

495 4553 765 4614 prostrata
810 4544 1126 4614 suppliciter
1166 4553 1404 4606 orasset,
1446 4546 1619 4601 visum
1666 4545 1887 4615 recepit.
1936 4545 2062 4600 Post

2188 4576 2220 4614 n
2264 4559 2437 4613 locum
2481 4558 2570 4627 qui
2616 4569 2838 4612 vocatur
2887 4556 3205 4612 llolzkircha
3234 4556 3278 4621 τ,
3307 4557 3468 4610 situm
3512 4556 3565 4609 in
3607 4556 3744 4610 Ala-

494 4637 609 4692 hazc
633 4636 802 4691 altera
826 4637 1020 4690 mulier
1046 4636 1212 4690 lilium
1254 4653 1410 4691 suum
1455 4653 1767 4704 sexennem,
1811 4654 1877 4694 ex
1908 4647 2064 4695 utero

564 4785 588 4812 ει
630 4770 798 4895 Illujus
838 4774 1064 4829 necdum
1103 4776 1154 4830 in
1199 4775 1320 4829 ullis
1370 4774 1524 4830 fastis
1573 4775 1808 4831 natalem
1860 4778 2064 4847 reperi—

564 4857 633 4895 18.
690 4860 739 4895 Ι).

494 4856 633 4896 111118.
665 4856 739 4896 ID.

563 4911 592 4951 ιι
632 4909 827 4982 διαιθιεὶ
857 4913 925 4969 ἓ8
952 4913 1227 4982 Septemb.
1260 4915 1337 4968 In.

565 4992 587 5020 ο
630 4981 925 5061 Episcopus
951 4981 1051 5061 fuit
1075 4985 1164 5038 hic
1192 4984 1249 5039 S.
1282 4984 1592 5061 Yenuutius
1617 5000 1846 5061 martyr.
1864 4987 2057 5061 piter-

492 5068 584 5109 sus
605 5051 672 5105 ab
697 5068 760 5106 eo
781 5069 881 5107 nec
898 5054 1196 5122 eplSCOpltS,
1216 5055 1305 5122 qui
1327 5054 1594 5110 Camerini
1616 5051 1812 5115 colitur
1830 5057 1892 5111 18
1914 5056 2058 5121 Maii,

494 5122 755 5178 martVrio
780 5122 900 5177 istic
926 5132 1234 5178 coronatus.
1264 5122 1339 5176 In.

562 5192 589 5232 ά
626 5192 682 5245 ld
711 5202 792 5247 est
828 5192 937 5246 Soli
962 5208 1056 5247 seu
1086 5192 1298 5247 Solonis
1324 5194 1591 5249 monachi.
1624 5196 1759 5251 Man.
1782 5226 1852 5235 —
1877 5193 2059 5248 Solen-

491 5263 609 5331 hoﬂ‘
629 5262 1208 5335 margiuiascriptum,
1235 5271 1289 5335 et
1313 5261 1442 5335 cella
1474 5262 1703 5335 $.5on
1732 5265 1888 5335 vulgo
1923 5263 2055 5318 dzci-

492 5330 599 5389 tur.
650 5330 822 5386 Situm
869 5332 921 5386 id
972 5332 1351 5386 monasterium
1400 5330 1456 5385 in
1499 5332 1785 5388 Eistatensi
1825 5330 2057 5387 'diaaeesi

491 5401 632 5469 apud
662 5402 835 5456 rivum
863 5401 1201 5461 Altmonam,
1242 5417 1270 5455 a
1310 5399 1368 5453 S.
1400 5399 1555 5464 Sola,
1579 5401 1736 5467 Solo,
1769 5403 1881 5455 sive
1922 5401 2059 5455 Sua-

492 5468 613 5523 lone
659 5470 975 5536 fundatore,
1020 5471 1109 5539 qui
1158 5471 1225 5525 l0
1251 5468 1501 5523 Decemb.
1533 5471 1760 5536 colitur;
1805 5470 2058 5530 Fuldensi

490 5542 817 5596 monasterio
851 5538 1149 5610 subjectum
1174 5557 1187 5593 :
1214 5540 1298 5594 cui
1334 5538 1695 5610 postliminio,
1724 5556 1845 5595 cum
1877 5556 2059 5595 exem-

492 5611 641 5678 ptu‘m
671 5620 842 5673 esset,
880 5609 957 5665 B.
978 5610 1230 5665 Rabanus
1268 5609 1556 5677 impetrato
1585 5609 1838 5665 Ludovici
1875 5610 1953 5664 Pii
1982 5610 2061 5664 di-

489 5678 723 5804 plomate
749 5720 761 5744 ,
792 5682 1147 5748 recuperavit.
1180 5680 1311 5737 Vide
1337 5679 1670 5744 Browerum,
1704 5680 1742 5734 l.
1779 5696 1818 5735 ιι
1869 5678 2054 5749 Antiq.

537 5746 666 5804 uld..
701 5763 747 5802 c.
786 5750 865 5804 l5.
894 5749 1057 5804 Βοιι..

512 5746 666 5813 ῖυΙᾱη
701 5763 747 5802 c.
786 5750 865 5804 l5.
894 5746 1057 5809 Βοιι..

2164 4649 2413 4713 mannia;
2460 4647 2547 4702 ubi
2588 4656 2909 4719 congregata
2952 4647 3185 4701 maxima
3229 4645 3573 4700 multitudine
3616 4662 3744 4715 pro-

2236 4788 2261 4817 ο
2297 4775 2563 4839 Bolland.,
2590 4773 2839 4829 Sualavel
2859 4775 3208 4829 dominorum.
3240 4773 3376 4828 Man.
3396 4772 3740 4829 -—-Browero

2165 4844 2555 4903 Sualeueldoni,
2590 4844 2641 4897 in
2676 4844 2797 4899 Vita
2826 4854 3024 4899 sancta:
3058 4845 3215 4907 Solae,
3245 4860 3408 4912 pagus
3429 4843 3511 4897 vel
3546 4843 3740 4898 domus

2166 4862 2555 4903 .Vuateuetaom,
2590 4862 2641 4897 In
2685 4862 2797 4899 vna
2826 4862 3024 4899 sanetae
3058 4862 3215 4907 boue,
3280 4862 3408 4912 agus
3429 4862 3511 4897 vel
3546 4862 3739 4898 aomus

2166 4914 2400 4978 Sualua;
2430 4914 2483 4967 in
2509 4912 2797 4982 diplomate
2832 4913 3085 4967 Ludovici
3116 4913 3194 4966 Pii
3238 4862 3532 4980 gualcfeldl
3567 4930 3739 4981 pagus

2156 4985 2312 5054 juxta
2340 4983 2836 5054 fluviumfAltmule,
2864 4984 2948 5036 cui
2970 4985 3131 5037 etiam
3155 4983 3398 5054 adjacent
3419 4982 3739 5052 Eystadium

2160 4999 2312 5054 juxta
2340 4999 2559 5038 nuvmm
2584 4999 2836 5047 summe,
2864 4999 2948 5036 Clll
2970 4999 3131 5037 etiam
3155 4999 3398 5104 atliaCPlll
3419 4999 3739 5052 Lysmutum

2160 5064 2214 5111 et
2237 5052 2698 5122 Papenheimium,
2728 5067 2758 5104 a
2787 5069 2892 5121 quo
2918 5068 3023 5107 non
3051 5067 3215 5121 procu
3258 5052 3739 5122 Adistatinonaste-

2161 5119 2818 5191 rium'Haidenheimense
2834 5163 2848 5185 ,
2873 5122 2925 5191 in
2954 5119 3063 5191 quo
3086 5122 3219 5175 obiit
3248 5120 3303 5174 S.
3338 5119 3648 5189 Walhurgis
3679 5119 3740 5173 in

2158 5209 2293 5264 pago
2317 5193 2481 5247 etiam
2505 5190 2877 5246 Sualefeldico.
2910 5190 3072 5245 Bora.

2159 5331 2170 5339 _
2234 5260 2580 5339 Monasterii
2604 5276 2797 5339 nomen
2808 5261 2931 5339 ι’81ιὶ
2954 5262 3091 5339 inter
3113 5260 3347 5339 Mamurri
3369 5267 3423 5339 et
3438 5256 3734 5339 Tuberam,

2158 5331 2211 5384 in
2244 5330 2505 5384 hodierno
2532 5330 2789 5383 comitatu
2812 5330 3251 5393 Werthaimensi,
3282 5330 3347 5381 ad
3375 5326 3592 5380 fluvium
3622 5326 3737 5380 Ab-

2159 5400 2345 5463 stade,
2394 5399 2537 5466 quod
2576 5398 2827 5453 Fuldensi
2866 5400 3195 5453 monasterio
3234 5396 3463 5467 subjecit
3501 5395 3734 5467 Carolus

2161 5464 2493 5539 Magnus—in
2522 5467 2675 5539 cujus
2706 5468 2899 5539 litteris
2941 5464 3733 5539 monasteriumHoltahiricha

2161 5533 2273 5591 seu'
2299 5538 2470 5591 sancti
2520 5533 2694 5601 Sitti,
2747 5554 2776 5592 a
2827 5537 3077 5592 Troando
3119 5537 3362 5606 principe
3388 5533 3736 5606 aedificatum

2161 5607 2375 5672 dicitur,
2405 5608 2543 5675 apud
2573 5599 2882 5660 Broiverum
2915 5607 2981 5675 in!
2996 5606 3090 5675 lib.
3119 5599 3158 5661 ἰι
3185 5599 3578 5675 Antiquitatum
3604 5599 3736 5675 ful-

2161 5669 2403 5729 densium
2424 5669 2453 5739 ,”
2471 5692 2590 5742 cap.
2621 5675 2672 5728 5.
2709 5676 2842 5730 sua.
2867 5704 2937 5715 -—-
2966 5673 3144 5730 Variis
3175 5669 3419 5730 versibus
3447 5671 3576 5726 illud
3603 5669 3732 5725 illu-

2163 5748 2347 5801 stravit
2380 5747 2437 5798 Β.
2469 5746 2737 5798 Rabamxs.
2778 5746 2937 5799 Bon.
