4012 6202
331 296 411 353 53
1736 300 2266 357 PllOLECOMENA.
3536 311 3603 364 51

329 408 543 465 miscui
586 424 750 464 sexus
792 418 847 464 et
890 411 1066 466 aetatis
1091 427 1212 466 cum
1241 411 1439 481 ingenti
1470 412 1653 467 laetitia
1695 414 1925 485 suscepti
1958 423 2004 479 Α
2033 426 2275 472 matrona
2317 418 2537 486 nobilis,
2582 421 2765 477 audito
2807 424 2950 494 quod
2994 439 3088 495 per
3133 424 3404 496 regionem
3456 428 3597 483 illam

330 516 555 557 sumus.
600 501 736 557 Erat
761 510 943 558 autem
976 504 1048 558 ibi
1074 505 1374 559 oratorium
1396 520 1501 560 non
1536 506 1761 575 grande,
1787 508 1930 576 quod

332 592 554 646 intrare
593 607 661 645 ac
698 589 959 648 feretrum
1004 591 1207 649 inferre
1249 593 1508 659 volentes,
1551 611 1665 664 prae
1691 597 1931 651 multitu-

329 684 467 738 dine
503 683 788 738 turbarum
832 700 952 754 quae
989 686 1255 755 prazibant
1295 694 1349 740 et
1384 702 1504 755 quae
1546 689 1926 757 sequebantur,

330 774 568 828 minime
609 775 925 843 potuimus;
972 790 1038 829 ac
1077 791 1174 844 per
1215 776 1319 831 hoc
1361 777 1462 831 sub
1507 778 1662 842 divo,
1711 778 1763 831 in
1811 778 1928 834 loco

329 864 576 918 elitiore
618 865 775 918 altari
812 873 1014 928 erecto,
1045 881 1107 919 ac
1150 864 1351 920 feretro
1377 864 1530 933 juxta
1573 866 1702 920 illud
1729 868 1924 936 posito,

327 968 532 1007 rursus
572 954 863 1007 missarum
902 952 1161 1008 solemnia
1205 954 1598 1009 celebravimus
1625 973 1636 1008 :
1668 955 1757 1009 ubi
1786 956 1929 1010 inter

330 1042 729 1097 celebrandum
770 1043 890 1097 dua:
933 1042 1187 1097 mulieres
1212 1043 1494 1112 spiritibus
1519 1045 1807 1100 immundis
1831 1046 1927 1100 ob-

331 1148 508 1186 sessze
532 1132 717 1185 vexari
751 1141 1054 1202 ceperunt,
1078 1141 1133 1187 et
1174 1148 1297 1187 mox
1324 1148 1421 1203 per
1446 1134 1697 1189 virtutem
1724 1134 1923 1190 Christi

332 1236 398 1276 ae
447 1223 646 1277 merita
688 1222 864 1277 sancti
895 1222 1167 1287 Venantii,
1207 1222 1407 1293 fugatis
1446 1224 1798 1288 dmmonibus,
1844 1226 1924 1279 in-

335 1317 689 1385 tegerrimam
727 1316 924 1370 mentis
964 1324 1019 1370 et
1056 1316 1299 1387 corporis
1338 1325 1653 1372 meruerunt
1682 1318 1925 1387 recipere

338 1399 651 1463 sanitatem.
808 1448 833 1457 θ

405 1500 497 1553 ει.
539 1501 766 1570 Expleta
809 1509 990 1555 autem
1033 1502 1319 1557 missarum
1364 1502 1757 1566 celebratione,
1799 1517 1922 1556 cum

336 1592 566 1663 populus
610 1594 675 1647 ad
720 1608 817 1647 sua
861 1594 1211 1660 revertisset,
1259 1596 1556 1650 oratorium
1602 1595 1745 1663 quod
1785 1594 1919 1649 vici-

337 1699 465 1738 num
509 1692 652 1748 erat,
696 1693 915 1739 sanctos
958 1684 1171 1740 cineres
1214 1685 1512 1749 intulimus,
1558 1702 1621 1742 ac
1664 1686 1917 1741 feretrum

2031 507 2201 561 sancti
2244 507 2337 561 Dei
2383 507 2621 579 reliquiae
2659 512 2981 569 veherentur
3004 513 3141 586 (erat
3167 516 3310 571 enim
3337 516 3391 571 in
3419 519 3502 573 via
3534 521 3599 574 ad

2030 596 2193 651 alium
2246 601 2529 668 quemdam
2584 599 2759 658 lucum
2813 604 2894 660 ire
2933 605 3198 680 volens),
3263 598 3450 664 relicto
3493 626 3601 679 quo

2031 688 2286 743 tendebat
2321 690 2534 756 itinere,
2560 694 2771 748 obviam
2811 696 2966 751 nobis
3004 699 3330 767 properavit,
3357 699 3602 755 fibulam-

2028 790 2132 844 que
2153 793 2302 832 suam
2330 796 2573 847 auream,
2599 798 2758 852 quam
2781 785 2960 856 lingua
2984 787 3311 842 Francorum
3340 805 3595 860 spangam

2027 877 2247 932 vocant,
2293 869 2346 923 in
2394 870 2508 939 ipso
2554 874 2782 927 transitu
2822 876 3070 945 perdidit.
3121 878 3291 945 Quam
3339 894 3462 933 cum
3507 882 3596 934 diu

2026 970 2147 1008 eum
2187 957 2333 1011 omni
2377 960 2637 1015 comitatu
2677 978 2810 1028 suo,
2859 965 2948 1033 qui
2993 977 3111 1020 erat
3154 983 3259 1022 non
3308 970 3585 1031 modicus,

2025 1055 2310 1113 qmereret,
2356 1057 2409 1103 ct
2453 1050 2671 1107 minime
2713 1056 3008 1123 reperiret,
3056 1068 3290 1127 eoeptmn
3340 1060 3440 1114 iter
3478 1077 3598 1114 car-

2024 1138 2203 1206 pebat,
2232 1138 2455 1194 dicens:
2498 1141 2552 1196 Si
2599 1144 2828 1200 Domino
2866 1156 3051 1203 nostro
3088 1147 3212 1204 Jesn
3238 1150 3455 1206 Christo
3482 1153 3597 1221 pla-

2025 1236 2130 1290 cet,
2173 1227 2324 1296 cujus
2370 1233 2541 1286 sancti
2582 1233 2763 1288 famuli
2811 1236 3053 1306 reliquiis
3092 1240 3314 1308 supplex
3359 1244 3592 1306 occurri,

2025 1320 2183 1373 fibula
2224 1336 2383 1389 quam
2411 1324 2615 1391 perdidi
2660 1323 2816 1380 facile
2840 1334 3005 1380 estut
3043 1343 3072 1381 a
3107 1331 3345 1397 quoli'ct
3379 1332 3593 1386 inventa

2023 1408 2153 1462 mihi
2194 1410 2527 1465 restituatur.
2576 1411 2735 1467 Venit
2773 1428 2919 1485 ergo,
2966 1424 3019 1469 et
3054 1418 3291 1472 adoratis
3328 1419 3592 1489 reliquiis,

2022 1498 2325 1568 oblatisque
2362 1503 2675 1558 muneribus
2720 1521 2843 1559 cum
2878 1507 3094 1570 rediret,
3126 1511 3364 1563 occurrit
3392 1512 3440 1565 ei
3471 1514 3589 1582 qui-

2022 1587 2145 1642 dam
2185 1589 2347 1645 homo
2387 1590 2617 1661 ignotus,
2644 1595 2889 1649 eamdem
2912 1594 3129 1649 fibulam
3171 1613 3279 1666 pra:
3319 1614 3375 1653 se
3416 1599 3594 1655 ferens

2022 1679 2075 1732 in
2112 1695 2313 1734 manu:
2358 1697 2519 1751 quam
2559 1679 2680 1737 cum
2726 1684 2814 1738 illa
2852 1700 3002 1739 suam
3046 1684 3161 1741 fore
3201 1688 3457 1743 dixisset:
3492 1690 3594 1745 Re-

336 1790 477 1843 pone
523 1774 698 1829 altare
742 1775 1051 1844 posuimus;
1098 1776 1364 1831 ordinatis
1407 1777 1497 1845 qui
1543 1776 1613 1831 ibi
1660 1777 1916 1831 excubias
1946 1777 1990 1834 B
2019 1773 2155 1843 Cipe,
2200 1775 2394 1846 inquit,
2440 1778 2566 1846 quia
2604 1792 2703 1846 per
2741 1778 3015 1834 orationes
3059 1782 3252 1846 sancti,
3282 1782 3438 1851 cujus
3471 1785 3593 1837 reli-

337 1865 634 1926 ducerent,
679 1873 841 1934 atque
884 1864 1080 1919 divinis
1120 1864 1369 1920 laudibus
1413 1865 1657 1920 dicendis
1699 1882 1920 1935 operam

338 1956 562 2018 darent,
614 1953 715 2022 ipsi
757 1969 856 2009 nos
897 1954 950 2008 in
996 1954 1290 2024 hospitium
1330 1956 1653 2024 recepimus.
1703 1956 1760 2010 ln
1806 1956 1919 2026 ipsa

335 2055 514 2098 autem
562 2052 767 2110 nocte,
828 2059 955 2099 cum
1009 2044 1075 2099 ad
1130 2052 1426 2101 nocturnas
1467 2046 1678 2115 vigilias
1728 2047 1920 2103 divinae

334 2136 519 2193 laudes
542 2138 878 2204 dicerentur,
903 2140 1146 2210 quaedam
1176 2141 1371 2196 mulier
1411 2152 1577 2207 muta,
1606 2158 1705 2212 per
1727 2144 1919 2199 merita

334 2229 505 2283 sancti
551 2227 807 2299 martyris
835 2269 849 2294 ,
894 2228 1069 2283 soluto
1106 2228 1303 2300 linguae
1345 2231 1560 2286 vinculo
1585 2273 1599 2296 ,
1650 2232 1919 2303 loquelam

335 2319 554 2386 recepit.
610 2317 721 2373 Nec
762 2318 935 2374 multo
973 2329 1093 2391 post
1139 2320 1309 2375 altera
1354 2321 1545 2376 mulier
1588 2323 1779 2394 spiritu
1813 2324 1916 2378 im-

332 2413 529 2468 mundo
575 2427 848 2481 possessa,
894 2423 949 2468 et
997 2414 1276 2469 brachium
1314 2414 1519 2470 habens
1556 2417 1787 2481 aridum,
1821 2432 1919 2488 per

333 2504 607 2559 orationes
651 2505 823 2559 sancti
869 2505 1124 2575 martyris
1165 2504 1340 2573 ejecto
1382 2505 1645 2561 dmmonio
1688 2507 1762 2562 ita
1796 2523 1916 2578 pcr-

336 2593 469 2649 fecte
511 2609 745 2664 corpore
788 2604 845 2649 et
882 2605 1061 2650 mente
1107 2605 1296 2649 sanata
1338 2604 1441 2659 est,
1482 2605 1538 2650 ut
1566 2597 1653 2653 die
1679 2599 1915 2677 crastina

337 2684 591 2740 feretrum
638 2701 763 2739 cum
812 2687 1026 2741 caeteris
1070 2687 1186 2755 ipsa
1226 2694 1485 2757 portaret.
1543 2687 1695 2742 Mane
1734 2697 1914 2743 autem

337 2773 479 2830 facto
518 2791 643 2829 eum
690 2775 982 2830 missarum
1020 2777 1277 2831 solemnia
1324 2785 1632 2847 agerentur,
1669 2778 1914 2847 quaedam

336 2868 546 2925 mulier.
591 2885 713 2937 quae
761 2871 934 2924 tribus
982 2871 1145 2926 semis
1192 2873 1349 2926 annis
1393 2887 1535 2926 cmca
1576 2871 1785 2937 fuerat,
1831 2874 1910 2927 vi-

334 2974 450 3013 sum
488 2961 712 3030 reiepit.
772 2944 855 3015 Et'
887 2962 1054 3016 altera
1081 3002 1096 3027 ,
1153 2962 1400 3017 dextram
1452 2979 1672 3017 manum
1711 2963 1916 3019 habens

336 3048 583 3110 debilem,
612 3065 711 3120 per
741 3052 933 3104 merita
977 3052 1147 3106 sancti
1192 3060 1481 3107 consecuta
1520 3060 1604 3106 est
1645 3052 1909 3123 integram

337 3142 641 3198 sanitatem.
770 3152 775 3155 ‘

401 3231 490 3286 22.
529 3232 570 3288 C
594 3249 664 3286 un
710 3240 891 3287 autem
939 3233 1062 3299 inde
1102 3248 1419 3305 promovere
1457 3249 1819 3304 parassemus,
1856 3241 1910 3288 et

338 3322 390 3376 in
432 3323 551 3393 ipso
598 3323 952 3394 proftactionis
995 3333 1193 3381 nostrae
1239 3326 1467 3382 articulo
1518 3327 1833 3382 solemniter
1879 3342 1910 3380 a

338 3414 611 3468 sacerdote
663 3414 937 3469 diceretur
976 3417 1186 3482 oratio,
1249 3433 1390 3472 unus
1442 3433 1509 3473 ex
1560 3418 1772 3474 clericis
1817 3419 1907 3489 qui

338 3504 617 3559 nobiscum
638 3514 814 3569 erant,
841 3506 1058 3561 nomine
1080 3506 1289 3574 Otheri,
1327 3509 1413 3563 cui
1444 3509 1907 3579 suscipiendorum

336 3611 616 3651 munerum
640 3613 763 3667 qua:
790 3613 818 3649 a
845 3598 1037 3667 pepulo
1059 3598 1426 3654 offerebantur
1451 3616 1579 3655 cura
1619 3601 1908 3657 commissa

336 3686 547 3752 fuerat,
606 3695 816 3759 partem
866 3689 1156 3757 quamdam
1200 3689 1375 3743 allatae
1418 3691 1657 3758 pecunia:
1704 3691 1910 3743 furatus

336 3775 463 3847 {AL,
492 3776 797 3850 fraudans],
838 3780 1018 3835 Subito
1056 3780 1271 3846 cecidit,
1314 3788 1368 3836 et
1408 3782 1461 3835 in
1506 3790 1794 3851 conspectu
1831 3791 1911 3836 to-

336 3869 440 3922 tius
481 3869 861 3933 multitudinis,
897 3886 1017 3938 qua:
1056 3872 1464 3927 innumerabilis
1506 3874 1740 3941 undique
1782 3889 1909 3928 con-

335 3960 589 4027 ﬂuxerat,
632 3962 845 4031 spiritui
887 3962 1114 4020 traditus
1156 3966 1450 4032 immundo,
1490 3966 1675 4020 vexari
1713 3966 1907 4035 erepit,

335 4062 381 4106 et
429 4067 668 4122 eousque
709 4067 739 4105 a
780 4053 1044 4108 dmmonio
1076 4069 1361 4123 possessus
1400 4063 1502 4118 est,
1548 4053 1721 4108 donec
1746 4069 1776 4106 a
1805 4054 1910 4108 eir-

335 4142 727 4196 cumstantibus
761 4142 921 4196 allata
955 4144 1201 4212 pecunia,
1230 4160 1392 4214 quam
1430 4144 1483 4197 in
1523 4158 1659 4196 zona
1684 4144 1909 4197 abscon-

335 4229 505 4296 derat,
550 4245 647 4299 per
688 4232 881 4285 merita
924 4240 978 4287 et
1017 4233 1292 4288 orationes
1329 4234 1502 4288 sancti
1527 4233 1623 4288 Dei
1652 4233 1907 4302 martyris

338 4331 443 4375 tam
484 4321 722 4391 perfecte
767 4332 987 4379 curatus
1024 4332 1130 4389 est,
1171 4332 1231 4378 ut
1272 4325 1340 4380 ab
1378 4325 1567 4379 eodem
1607 4325 1725 4379 loco
1762 4323 1913 4379 inco-

337 4413 492 4468 lumis
539 4428 665 4469 cum
706 4413 863 4468 laude
904 4415 999 4470 Dei
1041 4430 1105 4469 ac
1140 4415 1353 4485 publica
1400 4416 1621 4471 sceleris
1663 4417 1746 4471 sui
1779 4430 1908 4470 con-

337 4501 569 4559 fessione
590 4502 847 4559 feretrum
871 4505 1243 4571 comitaretur,
1259 4505 1431 4561 donec
1451 4506 1571 4561 loco
1590 4522 1687 4562 suo
1708 4514 1908 4562 sanctae

337 4595 578 4665 reliquiae
634 4596 1012 4650 conderentur.
1078 4595 1264 4666 Neque
1311 4597 1455 4652 enim
1510 4598 1661 4667 prius
1706 4598 1907 4666 aliquid

334 4684 703 4756 hujuscemodi
749 4685 971 4740 insania:
1012 4687 1079 4740 ab
1118 4685 1345 4741 infantia
1384 4702 1555 4757 usque
1590 4688 1658 4742 ad
1698 4695 1907 4757 tempus

335 4776 464 4830 illud
499 4776 554 4830 in
587 4789 655 4831 eo
686 4776 928 4830 auditum
961 4784 1054 4832 aut
1079 4778 1249 4833 visum
1284 4788 1406 4832 est:
1450 4780 1543 4833 sed
1574 4792 1673 4833 uec
1696 4787 1905 4849 postea,

262 4904 265 4907 γ
334 4865 571 4934 quandiu
610 4863 780 4927 vixit,
827 4873 1063 4933 potestas
1106 4866 1161 4919 in
1203 4880 1326 4920 eum
1367 4868 1488 4921 data
1535 4876 1618 4921 est
1663 4867 1902 4921 inimico.

331 4953 502 5024 igitur
539 4954 665 5008 inde
704 4953 932 5024 profecti
971 4955 1215 5009 venimus
1244 4957 1295 5009 in
1321 4956 1496 5009 villam
1535 4971 1655 5024 qua:
1683 4964 1909 5010 vocatur

332 5041 777 5114 Trutbmuntiga,
806 5044 898 5098 ubi
929 5042 1085 5112 juxta
1126 5059 1310 5100 sacros
1346 5044 1557 5100 cineres
1594 5046 1645 5098 in
1677 5044 1906 5101 ecclesia

328 5132 561 5203 positos,
584 5145 820 5203 quatuor
851 5133 1105 5189 mulieres
1143 5135 1196 5188 in
1243 5134 1357 5203 ipsa
1396 5142 1555 5189 nocte
1582 5134 1649 5187 ab
1678 5135 1908 5190 immun-

331 5222 419 5276 dis
444 5222 723 5291 spiritibus
749 5221 989 5277 liberatze
1015 5232 1160 5277 sunt.

402 5312 497 5366 25.
535 5311 647 5368 Nec
681 5313 1120 5384 praetereundum
1162 5312 1394 5365 arbitror
1431 5327 1547 5367 esse
1589 5313 1906 5368 miraculum

329 5402 480 5474 quod
525 5403 720 5457 merito
744 5402 870 5456 huic
910 5410 1099 5456 sancto
1124 5400 1218 5455 Dei
1251 5401 1557 5455 ascribitur.
1600 5400 1738 5456 Ante
1763 5402 1906 5459 enim

326 5507 499 5566 quam
542 5494 610 5547 ad
653 5494 967 5564 pnedictam
1003 5493 1177 5547 villam
1217 5503 1433 5547 ventum
1474 5502 1637 5557 esset,
1665 5496 1908 5562 quzedam

332 5602 613 5734 “Lucem
635 5605 859 5669 scilicet,
885 5606 950 5658 ad
975 5620 1132 5673 quem
1157 5605 1316 5659 situm
1344 5603 1482 5659 istud
1506 5605 1909 5660 monasterium.

2021 1866 2175 1934 quias
2196 1878 2452 1924 venerata
2493 1886 2572 1936 es,
2601 1872 2808 1926 reddita
2831 1881 2917 1927 est
2939 1872 3055 1927 tibi.
3096 1873 3271 1944 Atque
3301 1876 3375 1930 ita
3404 1877 3595 1932 mulier

2020 1966 2241 2028 accepto
2267 1961 2409 2028 quod
2435 1976 2593 2015 suum
2626 1971 2767 2029 erat,
2805 1963 3000 2020 itinere
3039 1980 3136 2021 suo
3176 1969 3454 2038 pergebat,
3482 1970 3595 2024 lau-

2018 2047 2152 2100 dans
2178 2056 2232 2103 et
2258 2049 2584 2105 benedicens
2612 2051 2801 2106 Deum.

2087 2137 2176 2190 24.
2216 2137 2403 2192 Altera
2434 2149 2614 2195 autem
2647 2141 2734 2198 die
2765 2143 3050 2201 celebr.‘.tis
3072 2146 3248 2216 primo
3276 2163 3434 2203 mane
3465 2151 3591 2205 mis-

2018 2242 2201 2283 sarum
2240 2228 2555 2296 solemniis,
2612 2247 2734 2287 eum
2780 2235 2983 2290 sanctis
3027 2236 3300 2293 cineribus
3353 2239 3455 2292 iter
3504 2240 3589 2293 in-

2016 2318 2208 2388 gressi,
2252 2320 2499 2376 venimus
2536 2322 2589 2376 in
2634 2321 2813 2378 locum
2853 2326 2947 2395 qui
2996 2336 3220 2381 vocatur
3257 2327 3588 2393 Hassarodt,

2017 2409 2071 2464 in
2116 2426 2225 2480 quo
2266 2414 2651 2469 monasterium
2691 2423 2772 2470 est
2814 2418 3223 2483 monachorum,
3270 2421 3358 2489 qui
3387 2423 3589 2491 egressi

2015 2520 2140 2559 cum
2181 2505 2431 2561 eruciqu
2465 2516 2521 2561 et
2556 2508 2734 2578 capsis
2773 2517 3082 2565 sanctorum
3128 2511 3379 2582 reliquias
3417 2517 3594 2569 conti-

2017 2598 2291 2662 nentibus,
2335 2598 2545 2653 divinas
2588 2598 2774 2655 laudes
2815 2602 3180 2666 concinentes,
3207 2618 3269 2656 ex
3298 2604 3383 2657 illa
3417 2603 3588 2676 [Leg.,

2018 2683 2143 2756 alia]
2188 2693 2339 2755 parte
2378 2685 2615 2743 fluminis
2640 2700 2665 2729 ι
2692 2690 2983 2743 adventum
3024 2700 3269 2745 nostrum
3312 2704 3594 2763 exspecta—

2015 2778 2162 2832 bant.
2216 2776 2323 2831 Nos
2365 2791 2493 2832 vero
2535 2791 2658 2832 eum
2699 2779 3034 2835 venissemus
3067 2782 3134 2835 ad
3167 2791 3383 2851 pontem
3418 2783 3594 2837 flumi-

2013 2870 2119 2933 nis,
2145 2875 2367 2937 proptcr
2397 2868 2793 2923 multitudinem
2815 2884 2933 2938 qua:
2965 2869 3035 2923 ab
3058 2869 3376 2925 Alamannia
3406 2874 3587 2926 nobis-

2016 2976 2137 3015 cum
2163 2967 2383 3014 venerat
2420 2968 2475 3014 et
2512 2961 2624 3030 jam
2654 2961 2830 3015 redire
2869 2961 3084 3016 volebat
3108 2969 3167 3016 ut
3194 2964 3381 3017 orandi
3411 2965 3586 3019 locum

2018 3053 2281 3117 haberet,
2344 3067 2636 3122 parumper
2673 3053 3035 3108 constitimus.
3099 3054 3156 3107 In
3202 3069 3310 3122 quo
3359 3055 3477 3109 loco
3520 3072 3584 3112 ex

2012 3143 2210 3198 accolis
2251 3142 2489 3212 regionis
2532 3143 2673 3199 illius
2724 3159 2832 3199 non
2871 3145 3093 3199 minima
3153 3160 3276 3214 pars
3324 3146 3503 3216 populi
3562 3164 3594 3201 e

2012 3234 2225 3288 diverso
2269 3233 2422 3287 nobis
2463 3236 2720 3300 occurrit,
2750 3235 2890 3288 inter
2923 3250 3058 3304 quos
3099 3233 3297 3291 femina
3338 3238 3586 3307 quaedam

2010 3322 2179 3378 vellus
2219 3323 2356 3377 lanae
2399 3322 2600 3390 ferens,
2642 3339 2764 3379 cum
2810 3325 2875 3379 ad
2917 3325 3177 3380 feretrum
3220 3343 3415 3381 munus
3443 3327 3592 3383 obla-

2012 3422 2133 3468 tura
2173 3414 2522 3480 extenderet,
2566 3413 2686 3468 lana
2727 3430 2889 3485 quam
2931 3415 3179 3480 tenebat,
3227 3416 3371 3471 velut
3410 3418 3590 3473 fuums

2011 3505 2250 3581 evanuit.
2298 3503 2451 3572 Quod
2483 3522 2604 3561 cum
2630 3506 2857 3561 vidisset
2881 3506 2992 3571 illa,
3033 3522 3236 3580 pavens
3264 3523 3327 3563 ac
3353 3517 3589 3562 tremens

2013 3596 2175 3666 οωρῆ
2221 3610 2464 3665 quaerere
2503 3596 2910 3667 presbyterum,
2959 3598 3042 3651 cui
3084 3606 3431 3667 peccatorum
3465 3614 3590 3653 suo-

2013 3702 2132 3739 rum
2177 3684 2576 3740 confessionem
2614 3686 2789 3751 daret,
2835 3686 3227 3757 consiliumque
3260 3703 3371 3743 sua:
3396 3688 3590 3744 salutis

2012 3776 2299 3846 acciperet.
2345 3776 2678 3846 Interrogata
2727 3784 2910 3831 autem
2950 3777 2995 3832 si
3040 3778 3162 3832 lana
3209 3793 3331 3847 qua:
3368 3778 3434 3833 de
3475 3795 3588 3833 ma-

2010 3868 2168 3922 nibus
2212 3865 2328 3935 ejus
2370 3867 2588 3922 evanuit
2627 3875 2771 3923 esset
2814 3866 3032 3932 furtiva,
3077 3868 3321 3923 confessa
3359 3877 3443 3922 est
3480 3884 3586 3922 non

2010 3971 2039 4008 a
2080 3970 2140 4009 se
2182 3955 2436 4020 furatum,
2466 3956 2559 4009 sed
2599 3969 2629 4008 a
2670 3956 2902 4024 quadam
2946 3957 3091 4010 socia
3138 3972 3236 4010 sua
3277 3957 3379 4011 sibi
3423 3956 3587 4010 fuisse

2010 4047 2279 4100 donatam.
2329 4045 2572 4116 Cumque
2612 4062 2699 4102 res
2742 4047 2983 4117 diligenti
3028 4047 3377 4116 inquisitione
3419 4048 3582 4098 vesti-

2010 4146 2247 4209 garetur,
2276 4139 2550 4193 inventum
2593 4147 2677 4193 est
2719 4139 2863 4208 quod
2897 4139 3014 4191 ovis
3053 4153 3082 4190 a
3120 4152 3227 4206 qua
3263 4137 3428 4190 vellus
3455 4136 3587 4190 illud

2007 4237 2280 4298 sumptmn
2303 4237 2444 4291 erat,
2487 4227 2708 4296 proprio
2747 4226 3043 4297 possessori
3068 4234 3187 4279 erat
3229 4224 3415 4278 fraude
3458 4228 3585 4279 sub-

2008 4318 2134 4371 lata.
2182 4317 2259 4372 lbi
2299 4317 2514 4386 quidem
2559 4317 2717 4371 turba
2765 4314 2876 4382 illa,
2921 4331 3041 4385 quae
3084 4331 3203 4381 nos,
3229 4325 3289 4370 ut
3329 4316 3582 4380 diximus,

2011 4413 2080 4467 ab
2104 4411 2417 4466 Alamannia
2444 4419 2727 4481 prosecuta
2750 4418 2853 4477 est,
2882 4411 3052 4465 adora.
3071 4412 3117 4466 is
3142 4418 3306 4480 atque
3328 4413 3587 4467 osculatis

2011 4504 2181 4559 sacris
2221 4504 2481 4573 reliquiis,
2525 4504 2741 4559 domum
2781 4518 2999 4558 reversa
3035 4512 3135 4558 est.
3182 4504 3428 4559 Monaehi
3455 4520 3585 4558 vero

2010 4594 2100 4663 qui
2124 4608 2224 4648 nos
2250 4593 2300 4646 in
2326 4592 2493 4647 altera
2520 4593 2755 4648 fluminis
2788 4593 2903 4663 ripa
2928 4592 3367 4663 opperiebantur,
3398 4603 3453 4648 et
3480 4594 3585 4648 alia

2010 4683 2294 4738 multitudo
2328 4699 2446 4752 qua:
2484 4684 2638 4738 nobis
2678 4684 2751 4738 ibi
2789 4686 3045 4747 occurrit,
3068 4684 3307 4738 comitati
3335 4691 3462 4739 sunt
3489 4700 3587 4740 nos

2008 4792 2132 4830 cum
2174 4775 2369 4830 divinis
2404 4775 2650 4830 laudibus
2691 4790 2861 4845 usque
2900 4775 2967 4828 ad
3006 4790 3126 4829 eum
3169 4774 3366 4839 locum,
3399 4777 3449 4828 in
3479 4780 3587 4844 quo

2009 4863 2172 4920 simili
2220 4864 2379 4919 modo
2421 4864 2489 4918 ab
2530 4864 2650 4919 aliis
2688 4863 3098 4919 occurrentibus
3139 4865 3581 4934 excipiebaumr:

2008 4972 2129 5027 quae
2165 4965 2293 5011 tunc
2325 4956 2597 5022 similiter,
2635 4966 2694 5012 ut
2727 4958 2895 5026 prior,
2921 4955 3062 5012 facta
3098 4959 3365 5023 oratione,
3392 4958 3459 5011 ad
3487 4973 3583 5011 sua

2010 5061 2227 5101 reversa
2266 5053 2369 5101 est.
2430 5044 2542 5100 Hoc
2586 5047 2744 5102 modo
2787 5061 2885 5116 per
2926 5046 3166 5118 singulos
3202 5046 3319 5102 dies
3358 5062 3389 5099 a
3431 5060 3586 5100 mane

2010 5149 2183 5204 usque
2206 5135 2273 5189 ad
2297 5148 2576 5204 vesperam
2599 5136 2980 5192 comitantibus
3000 5153 3120 5202 nos,
3136 5146 3190 5191 et
3207 5136 3250 5189 Κ
3257 5138 3366 5205 yrie
3392 5135 3583 5188 cleison

2010 5225 2358 5281 cantantibus
2398 5226 2713 5295 populorum
2756 5228 2948 5292 turbis,
2986 5242 3108 5282 cum
3152 5225 3348 5295 ingenti
3388 5224 3584 5295 gaudio

2011 5317 2412 5389 gradiebamur.

2085 5405 2174 5460 25.
2215 5405 2349 5461 Cum
2392 5416 2570 5461 autem
2619 5408 3199 5478 appropinquassemus
3242 5401 3417 5468 villas,
3466 5419 3586 5473 qua?

2014 5506 2241 5552 vocatur
2275 5496 2679 5568 Hamalunburg
2702 5498 2748 5562 δ,
2774 5497 2877 5552 sita
2917 5511 3077 5565 super
3118 5493 3336 5550 fluvium
3366 5495 3586 5549 nomine

2088 5611 2115 5649 ι)
2134 5609 2300 5679 Hodie
2322 5610 2599 5679 Amelburg
2618 5609 2868 5678 oppidum
2892 5608 2957 5660 ad
2981 5606 3178 5679 satam.
3210 5606 3583 5679 Mam—Aliis,

2021 5678 2341 5751 Hamelburg
2368 5719 2381 5746 ,
2421 5676 2607 5735 notum
2639 5676 2739 5734 huc
2773 5691 2887 5732 (evo
2924 5677 3173 5746 oppidum
3195 5718 3208 5743 ,
3248 5676 3402 5747 cujus
3442 5679 3582 5733 cives
