4012 6202
399 250 469 307 55
1547 252 1638 305 AD
1677 251 1903 308 OPERA
1941 253 2002 308 Β.
2046 255 2294 311 RABANI
2333 256 2549 312 MAURI
3577 263 3646 321 δῦ

401 367 522 423 Sala
549 407 566 431 ,
608 380 727 435 qua:
769 363 869 419 fuit
906 365 1177 434 quondam
1218 364 1379 419 fiscus
1421 366 1600 435 regius
1625 406 1639 429 ,
1685 367 1855 422 donec
1898 383 1965 422 ex
1995 375 2037 432 Α
2069 371 2323 436 crastina,
2347 378 2407 425 ut
2434 370 2613 441 populi
2643 371 2910 440 dicebant,
2935 372 3239 430 audientem
3262 382 3317 429 et
3342 373 3649 446 |oquentem

401 460 650 530 largitate
689 455 902 526 Pippini
944 455 1087 526 regis
1131 452 1482 520 Francorum,
1528 458 1774 525 partibus
1803 458 1972 511 sancti

400 550 663 609 Bonifacii
704 547 988 619 martyris,
1030 548 1254 604 solemni
1292 546 1582 603 donatione
1622 548 1817 604 collata
1860 559 1970 614 est,

399 650 756 699 occurrerunt
796 640 953 695 nobis
996 654 1118 694 cum
1163 639 1339 694 cereis
1383 646 1438 694 et
1483 641 1738 695 crucibus
1779 640 1975 697 fratres

405 733 610 798 nostri,
634 732 723 801 qui
748 730 997 786 habitant
1034 728 1089 785 in
1114 728 1270 793 cella,
1293 744 1412 798 qua:
1432 730 1500 783 ob
1523 729 1626 784 hoc
1646 730 1788 800 quod
1823 731 1891 784 ab
1910 747 1975 785 eo

399 828 670 896 quondam
707 833 791 880 est
831 824 1070 879 habitata
1093 863 1108 887 ,
1152 821 1393 891 Baugulii
1424 835 1448 862 α
1472 830 1716 887 vocatur,
1758 830 1813 876 ct
1853 837 1973 877 cum

401 918 481 972 eis
524 919 713 988 ingens
754 915 1038 970 multitudo
1070 915 1311 968 virorum
1355 928 1420 968 ac
1460 912 1744 968 mulierum
1786 929 1852 968 ex
1897 914 1977 968 di-

407 1007 572 1061 versis
607 1006 738 1061 locis
776 1004 1010 1074 undique
1046 1001 1453 1059 confluentium.
1502 1001 1652 1056 Inter
1683 1016 1820 1073 quos
1858 1012 1978 1056 erat

403 1095 621 1151 claudus
644 1096 862 1165 quidam
894 1096 961 1148 de
983 1094 1098 1163 ipsa
1123 1090 1270 1156 villa,
1298 1106 1461 1161 quam
1486 1106 1648 1161 supra
1674 1093 1973 1157 nominavi,

401 1185 491 1254 qui
544 1193 763 1256 propter
801 1184 977 1239 cruris
1031 1198 1097 1237 ac
1151 1182 1302 1252 pedis
1345 1182 1504 1237 unius
1556 1182 1973 1237 imbecillitatem

401 1274 610 1330 duobus
651 1290 710 1330 se
748 1273 954 1330 baculis
992 1273 1060 1327 ad
1098 1271 1453 1326 incedendum
1497 1273 1851 1327 sustentabat.
1902 1272 1972 1337 ls,

400 1379 522 1419 cum
557 1364 712 1419 nobis
746 1363 1022 1433 paululum
1055 1360 1478 1417 consistentibus
1511 1361 1739 1432 populus
1766 1363 1855 1432 qui
1887 1378 1976 1418 oc-

399 1456 571 1510 currit
605 1469 793 1512 sacras
832 1452 1090 1523 reliquias
1127 1452 1398 1518 adoraret,
1433 1452 1490 1507 in
1522 1462 1814 1523 conspectu
1839 1454 1977 1510 mul-

403 1548 646 1605 titudinis
687 1563 785 1620 per
829 1547 1020 1601 merita
1064 1547 1235 1603 sancti
1285 1546 1538 1617 martyris
1584 1554 1693 1601 tam
1735 1546 1975 1616 perfecte

402 1648 624 1694 curatus
660 1648 760 1702 est,
799 1648 859 1693 ut
892 1638 1031 1693 ultra
1073 1639 1124 1691 in
1167 1637 1491 1694 ambulando
1529 1638 1843 1694 baculorum
1883 1641 1976 1695 ad-

403 1729 656 1785 miniculo
682 1744 789 1784 non
816 1738 1021 1801 egeret.

470 1843 559 1898 26.
598 1841 734 1898 Cum
764 1851 943 1897 autem
970 1842 1317 1911 pergentibus
1342 1841 1497 1896 nobis
1522 1851 1578 1897 et
1602 1832 1814 1898 sacrum
1841 1859 1977 1900 onus

405 1933 704 1990 ferentibus
731 1941 952 1989 ventum
984 1939 1131 1991 esset
1157 1931 1225 1987 ad
1253 1930 1473 1993 ﬂuvium
1492 1973 1506 1996 ,
1545 1934 1851 1989 invenimus
1879 1935 1976 1990 ab-

402 2026 583 2079 batem
629 2030 873 2077 nostrum
920 2038 1042 2077 cum
1083 2020 1455 2081 sacerdotibus
1495 2036 1559 2076 ac
1600 2022 1878 2077 monachis
1921 2032 1978 2078 et

403 2127 595 2184 magna
624 2111 965 2166 multitudine
992 2110 1291 2176 hominum,
1317 2109 1372 2164 in
1401 2109 1569 2165 altera
1602 2110 1717 2180 ripa
1743 2109 1977 2165 ﬂuminis

402 2207 687 2260 adventum
728 2213 973 2260 nostrum
1006 2212 1430 2274 exspectantem.
1480 2203 1610 2261 Erat
1645 2205 1861 2273 quidem
1900 2204 1976 2260 ibi

405 2295 658 2350 transitui
687 2304 873 2351 nostro
903 2295 1056 2349 navis
1083 2304 1302 2363 parata,
1348 2293 1442 2350 sed
1484 2308 1591 2349 non
1623 2294 1678 2348 in
1704 2302 1831 2364 apto
1856 2295 1976 2350 loco

403 2385 472 2441 ad
516 2392 718 2441 terram
760 2385 1056 2450 subducta;
1098 2385 1300 2440 idcirco
1330 2394 1655 2455 praeceptum
1685 2392 1770 2439 est
1796 2385 1977 2441 nautis

304 2552 312 2559 ι
401 2486 461 2532 ut
485 2491 604 2532 eam
635 2476 790 2532 nobis
815 2476 1029 2531 obviam
1054 2476 1335 2542 ducerent,
1362 2477 1454 2546 qui
1483 2475 1640 2547 longe
1665 2490 1878 2531 sursum
1906 2478 1976 2532 ab

400 2585 466 2625 eo
494 2568 613 2624 loco
644 2569 712 2623 ad
739 2568 889 2624 littus
914 2568 1179 2623 venimus.
1211 2567 1322 2622 lllis
1350 2581 1479 2623 vero
1512 2565 1890 2622 festinantibus
1918 2574 1977 2622 ut

394 2664 548 2733 jussa
574 2661 877 2731 explerent,
906 2676 1031 2717 cum
1059 2659 1240 2716 funem
1270 2659 1585 2725 solvissent,
1617 2667 1673 2713 et
1703 2660 1756 2714 in
1783 2674 1976 2715 navem

400 2750 731 2807 descendere
752 2757 1058 2819 parassent,
1081 2748 1260 2805 subito
1284 2761 1317 2801 e
1340 2748 1590 2804 manibus
1613 2762 1797 2802 eorum
1830 2747 1977 2817 lapsa

400 2841 456 2895 in
485 2853 720 2901 amnem,
753 2840 800 2894 vi
830 2838 1061 2905 quadam
1087 2838 1344 2894 invisibili
1374 2847 1561 2893 contra
1591 2839 1851 2907 impetum
1878 2838 1976 2891 flu—

402 2932 563 2986 minis
590 2938 709 2985 acta
739 2929 1036 2993 ferebatur,
1079 2930 1253 2985 donec
1296 2930 1364 2984 ad
1405 2929 1581 2984 locum
1616 2944 1724 2998 quo
1759 2944 1973 2985 sacrum

398 3036 538 3076 onus
555 3026 872 3089 susceptura
891 3027 1012 3075 erat
1032 3018 1198 3074 littori
1218 3018 1469 3089 applieita
1491 3018 1754 3087 pervenit.
1783 3018 1974 3075 Trans-

399 3110 589 3180 positis
618 3117 801 3165 autem
832 3110 1095 3180 reliquiis,
1126 3116 1183 3187 et
1210 3109 1266 3164 in
1293 3116 1451 3180 prato
1474 3110 1753 3180 adjacente
1781 3111 1970 3166 missa-

399 3218 520 3257 rum
548 3202 828 3258 solemniis
861 3210 1083 3272 propter
1120 3201 1518 3259 multitudinem
1561 3202 1660 3257 sub
1701 3201 1791 3257 dio
1834 3202 1973 3258 cele-

402 3294 592 3359 bratis,
615 3309 738 3349 cum
766 3294 821 3348 in
846 3291 1144 3349 oratorium
1169 3290 1311 3360 quod
1338 3290 1391 3345 in
1418 3290 1545 3369 villa
1569 3298 1689 3345 erat
1713 3288 1974 3346 feretrum

399 3401 522 3441 cum
564 3385 734 3441 sacris
775 3383 1048 3440 cineribus
1091 3397 1444 3452 poneremus,
1492 3382 1685 3437 mulier
1728 3384 1976 3453 quaedam

399 3491 688 3532 nervorum
713 3475 1083 3534 contractione
1126 3473 1201 3527 ita
1231 3479 1452 3527 curvata
1476 3511 1490 3537 ,
1536 3481 1597 3527 ut
1645 3472 1863 3541 penitus
1906 3471 1976 3526 ad

400 3566 686 3621 videndum
715 3565 911 3620 ctelum
944 3580 1003 3621 se
1026 3563 1236 3635 erigere
1261 3577 1366 3617 non
1395 3570 1606 3632 posset,
1641 3563 1852 3619 cunctis
1880 3563 1975 3632 qui

400 3655 627 3710 aderant
650 3654 975 3717 videntibus,
997 3667 1179 3709 coram
1210 3653 1379 3708 sancti
1406 3652 1502 3708 Dei
1531 3652 1776 3722 reliquiis
1803 3654 1870 3709 ab
1895 3654 1976 3708 in-

400 3744 706 3809 commodo,
733 3758 842 3815 quo
860 3741 974 3810 jam
1001 3756 1100 3812 per
1123 3741 1322 3798 multos
1351 3757 1523 3803 annos
1552 3742 1830 3798 laborabat
1856 3784 1871 3807 ,
1917 3744 1974 3799 in

401 3843 678 3890 momento
719 3834 978 3903 temporis
1006 3833 1205 3888 virtute
1242 3833 1423 3889 divina
1456 3832 1682 3889 liberata
1718 3840 1822 3888 est.
1873 3832 1976 3889 Po-

397 3935 544 3981 stera
579 3925 665 3980 die
699 3924 824 3980 inde
852 3921 1110 3994 profecti,
1152 3923 1397 3981 venimus
1425 3922 1477 3977 in
1509 3922 1685 3978 locum
1714 3923 1974 3980 vocabulo

396 4014 776 4071 Lihtolvesbah
798 4010 1220 4086 [Licbtesbach],
1244 4012 1337 4081 qui
1360 4019 1446 4068 est
1472 4012 1525 4066 in
1553 4011 1692 4067 saltu
1715 4013 1971 4079 Buconia,

396 4114 628 4175 quatuor
671 4104 838 4159 leueis
882 4103 1093 4159 distans
1137 4116 1169 4156 a
1198 4100 1503 4158 Vuldensib
1539 4104 1829 4158 ccenobio:
1883 4104 1973 4157 ubi

396 4194 631 4265 suscepti
661 4195 730 4251 ab
758 4193 958 4251 accolis
989 4192 1166 4258 silvae,
1207 4207 1437 4264 quorum
1467 4207 1659 4264 magna
1689 4192 1975 4249 multitudo

396 4286 609 4341 obviam
636 4294 886 4350 venerat,
918 4299 1043 4339 cum
1074 4284 1129 4338 in
1153 4282 1395 4339 oratorio
1421 4280 1679 4338 feretrum
1708 4284 1975 4353 posuisse-

298 4424 301 4425 ν
397 4391 538 4440 mus,
583 4375 827 4443 quietiam
850 4373 1045 4429 mulier
1067 4373 1390 4443 paupercula
1411 4373 1583 4431 filium
1602 4389 1759 4429 suum
1786 4390 1972 4430 sexen—
1996 4399 2048 4458 Ι)

398 4482 540 4531 nem,
567 4481 597 4521 a
623 4466 905 4521 nativitate
932 4464 1153 4521 surdum
1180 4472 1235 4518 et
1261 4472 1488 4529 mutum,
1520 4464 1572 4519 in
1598 4463 1740 4518 ulnis
1767 4463 1968 4533 ferens,

396 4568 521 4614 ante
551 4560 723 4613 sancti
755 4557 1010 4626 reliquias
1036 4555 1245 4625 posuit,
1273 4554 1453 4624 ibique
1480 4562 1805 4625 pernoctans
1823 4598 1839 4625 ,
1884 4559 1971 4614 die

909 4637 974 4701 ...ν

395 4746 485 4785 an.
513 4728 714 4784 Christi
756 4727 892 4784 i540
931 4745 961 4782 a
1006 4728 1108 4784 fide
1143 4730 1444 4785 orthodoxa
1487 4732 1747 4788 defecisse
1786 4734 1971 4790 obser-

392 4808 487 4925 ἒιὲι
519 4799 805 4855 Browerus
845 4802 899 4853 in
938 4797 1283 4872 chronologia
1321 4800 1570 4856 abbatum
1600 4800 1966 4860 Fuldensium.

473 4885 558 4924 LL.

465 4974 491 5002 α
521 4962 594 5016 De
628 4963 732 5032 hac
766 4961 1007 5032 Baugulfl
1036 4960 1168 5017 cella
1196 4960 1481 5017 Browerus
1509 4962 1751 5032 disputat
1770 5004 1784 5029 ,
1825 4963 1863 5017 l.
1888 4972 1969 5029 tv,

395 5033 451 5087 in
481 5031 848 5103 chronologia.
880 5031 957 5087 in.

465 5122 609 5178 bSic
653 5138 761 5178 non
805 5138 931 5178 raro
972 5121 1193 5177 ﬂectunt
1230 5121 1496 5179 Fuldense
1537 5124 1925 5178 monasterium
1956 5167 1969 5190 ,

432 5194 535 5316 uo?
564 5192 734 5316 Vaga
761 5193 926 5249 etiam
954 5192 1205 5248 Matthzeo
1233 5191 1441 5249 Parisio
1468 5204 1521 5249 et
1550 5194 1674 5248 aliis
1702 5194 1972 5251 nonnullis

432 5278 499 5317 ιρι
526 5279 607 5317 ur.
689 5278 772 5317 AB.

465 5362 488 5390 ο
516 5352 665 5424 Adde
690 5351 1220 5424 “(cogitantumaut
1243 5351 1371 5424 quid
1399 5350 1591 5424 simile.
1632 5350 1764 5424 Erat
1785 5360 1967 5424 autem

392 5436 565 5491 annus
584 5420 782 5491 Christi
808 5421 932 5485 8'56,
957 5439 1065 5491 quo
1092 5419 1294 5477 Pascha
1321 5420 1497 5491 crat79
1518 5419 1738 5491 Aprilis,
1769 5420 1971 5491 Ascen-

394 5489 694 5570 sioCh't-ist.
720 5491 785 5546 18
806 5490 948 5554 Maii,
974 5489 1027 5547 et
1047 5494 1253 5561 primus
1274 5490 1632 5560 [legationum
1652 5489 1768 5543 dies
1788 5489 1965 5544 Idibus

398 5559 770 5684 ΜἻιηίΕῗὲῒῖω
797 5630 1097 5687 Germania:
1126 5631 1264 5704 regis
1292 5628 1546 5699 diploma,
1573 5626 1793 5683 Rabano
1820 5628 1965 5685 fideli

2079 461 2390 531 reportavit.

2145 551 2233 603 ‘27.
2273 548 2383 606 Nos
2430 567 2560 608 vero
2602 552 2881 622 completis
2928 555 3312 609 matutinorum
3362 555 3646 623 laudibus,

2076 642 2469 712 missarumque
2502 644 2781 700 solemniis
2840 645 2943 700 rite
2978 648 3242 716 peractis,
3284 662 3405 701 cum
3439 650 3653 720 populis

2076 731 2286 786 divinas
2321 731 2508 788 laudes
2534 735 2942 791 concinentibus
2979 737 3084 790 iter
3114 737 3372 806 ingressi,
3406 753 3527 792 cum
3556 754 3651 793 ve-

2077 819 2347 876 nissemus
2398 822 2466 875 ad
2515 832 2858 893 conspectum
2909 828 3255 891 monasterii,
3308 843 3434 883 ecce
3482 831 3651 884 abbas

2076 919 2279 975 noster,
2308 911 2399 981 qui
2431 927 2528 966 nos
2555 913 2727 983 pridie
2753 917 3031 984 praecessit
3058 918 3124 970 ad
3151 917 3506 971 ordinandam
3534 934 3652 973 sus-

2076 1002 2378 1070 ccptionem
2409 1011 2719 1059 sanctarum
2747 1005 3115 1076 reliquiarum,
3143 1009 3357 1062 obviam
3388 1010 3565 1076 venit,
3597 1020 3654 1065 et

2076 1104 2197 1142 cum
2226 1104 2292 1144 eo
2316 1091 2493 1145 omnis
2534 1092 2821 1149 multitudo
2849 1094 3077 1151 fratrum
3108 1106 3447 1164 nostromm,
3492 1114 3654 1153 exce-

2075 1180 2183 1248 ptis
2203 1195 2339 1249 quos
2358 1182 2442 1235 vel
2469 1191 2602 1238 mtas
2623 1182 2704 1239 vel
2731 1183 3016 1240 infirmitas
3037 1187 3187 1242 exire
3211 1188 3506 1256 prohibuit,
3526 1204 3652 1243 cum

2075 1269 2327 1327 crucibus
2353 1280 2410 1327 et
2434 1274 2609 1328 cereis
2632 1312 2648 1339 ,
2695 1283 2973 1344 portantes
3002 1278 3055 1331 in
3084 1276 3277 1332 loculis
3305 1292 3428 1332 ossa
3458 1278 3651 1333 beato-

2076 1378 2196 1417 rum
2236 1373 2531 1433 martyrum
2562 1363 2765 1420 Urbani
2811 1373 2868 1419 et
2912 1364 3156 1433 Quirini,
3201 1382 3323 1436 qua:
3366 1367 3435 1422 de
3478 1366 3649 1423 Roma

2075 1469 2250 1525 nuper
2276 1454 2436 1511 allata
2465 1472 2626 1527 supra
2652 1459 2965 1513 memoravi.
3003 1459 3134 1514 Erat
3159 1460 3323 1516 etiam
3346 1477 3468 1518 cum
3492 1463 3571 1518 eis
3594 1470 3653 1516 et

2075 1540 2438 1614 Reginbaldus
2487 1544 2905 1617 cborepiscopus
2932 1587 2947 1613 ,
3010 1556 3066 1602 et
3114 1548 3323 1603 infinita
3372 1551 3649 1605 hominum

2077 1632 2382 1699 multitudo,
2422 1634 2512 1704 qui
2550 1643 2772 1705 propter
2807 1636 3024 1694 litanias
3063 1634 3312 1704 majores,
3358 1654 3477 1710 qua:
3521 1647 3651 1694 tunc

2007 1719 2054 1778 B
2082 1723 2264 1779 Idibus
2288 1735 2312 1763 ε
2342 1723 2470 1780 Maii
2501 1727 2723 1792 mensis,
2766 1726 2834 1782 de
2872 1728 3101 1783 diversis
3129 1727 3259 1783 locis
3286 1729 3354 1783 ad
3382 1738 3652 1784 monaste-

2080 1814 2220 1868 rium
2257 1804 2667 1872 convenerantf
2694 1813 2934 1891 Cumque
2982 1819 3295 1890 suppliciter
3336 1820 3651 1875 adorasscnt

2078 1918 2205 1958 cum
2234 1919 2443 1959 summa
2472 1908 2847 1973 veneratione,
2896 1919 3203 1980 susceptum
3240 1926 3435 1981 corpus
3473 1912 3648 1966 sancti

2078 1996 2329 2051 Venantii
2370 1998 2624 2070 martyris
2663 1999 2946 2055 ecclesiam
2966 2000 2993 2040 ἀ
3020 2002 3191 2056 sancti
3217 2000 3437 2057 Joannis
3462 1996 3647 2073 Bapti—

2077 2097 2204 2152 stae,
2255 2103 2374 2160 quae
2418 2089 2582 2144 distat
2625 2088 2707 2161 (ut
2751 2089 3005 2161 praefatus
3052 2092 3190 2162 sum)
3238 2107 3270 2145 a
3321 2096 3649 2149 monasterio

2077 2179 2234 2250 quasi
2261 2179 2450 2236 stadiis
2482 2195 2704 2245 novem,
2743 2198 2864 2237 cum
2899 2183 3114 2253 hymnis
3140 2190 3195 2238 et
3219 2182 3468 2240 laudibus
3501 2185 3648 2240 intu—

2076 2269 2274 2325 lerunt.
2313 2270 2467 2340 Quod
2494 2271 2859 2343 Reginbaldus
2892 2274 3306 2345 cborepiscopus
3341 2273 3484 2330 facta
3527 2291 3651 2331 ora-

2074 2358 2224 2413 tione
2255 2359 2311 2414 in
2342 2360 2526 2416 absida
2555 2361 2799 2418 ecclesiae
2828 2362 2893 2416 ad
2922 2361 3184 2416 orientem
3214 2364 3408 2420 altaris
3434 2365 3488 2418 in
3522 2380 3650 2420 arca

2076 2461 2237 2502 saxea
2268 2449 2601 2514 recondidit,
2649 2450 2964 2519 cineresque
3004 2460 3312 2506 sanctorum
3349 2461 3649 2524 martyrum

2080 2537 2283 2593 Urbani
2311 2547 2365 2594 et
2389 2538 2597 2606 Quirini
2625 2541 2827 2609 pariter
2849 2540 3119 2610 deposuit,
3141 2541 3382 2611 singulos
3407 2557 3650 2597 seorsum

2077 2627 2132 2681 in
2164 2628 2390 2699 singulis
2417 2628 2606 2684 loculis
2635 2629 2909 2685 inclusos:
2947 2631 3066 2696 ubi,
3104 2632 3437 2688 orationibus
3461 2649 3649 2688 eorum

2077 2715 2308 2770 fideliter
2333 2716 2500 2772 Deum
2529 2718 2962 2789 deprecantibus,
2992 2720 3250 2776 beneﬁcia
3277 2732 3300 2761 ο
3327 2730 3653 2792 praestantur

2078 2823 2248 2878 usque
2287 2809 2340 2863 in
2380 2819 2701 2879 prmsentem
2742 2812 2882 2866 diem
2909 2853 2923 2878 ,
2972 2812 3040 2867 ad
3081 2811 3289 2871 laudent
3330 2821 3385 2868 et
3425 2814 3651 2885 gloriam

2079 2897 2293 2953 Domini
2339 2899 2509 2954 nostri
2544 2898 2670 2955 Jesu
2708 2900 2941 2966 Christi,
2984 2903 3076 2970 qui
3106 2917 3227 2957 cum
3258 2902 3368 2958 Deo
3393 2903 3550 2963 Patre
3595 2912 3647 2959 et

2079 2986 2282 3057 Spiritu
2309 2997 2498 3044 sancto
2522 2990 2650 3044 vivit
2678 2999 2733 3044 et
2761 3002 2947 3061 regnat
2972 2993 3110 3049 Deus
3135 3011 3233 3064 per
3254 2994 3433 3049 omnia
3458 2993 3651 3050 saecula

2076 3082 2413 3139 smculorum.

2145 3174 2235 3230 28.
2274 3176 2454 3231 Abbas
2479 3191 2607 3231 vero
2630 3176 2859 3244 desuper
2878 3176 3114 3246 ligneum
3138 3179 3311 3232 erexit
3334 3179 3647 3245 aedificium,

2076 3266 2219 3335 quod
2249 3280 2316 3321 ex
2345 3281 2478 3321 auro
2513 3273 2568 3320 et
2596 3273 2821 3336 argento
2849 3265 3104 3321 decenter
3136 3268 3384 3332 ornavit,
3431 3270 3653 3338 scriptis

2077 3355 2132 3408 in
2154 3355 2383 3410 circuitu
2405 3354 2646 3409 metricis
2668 3355 2931 3419 versibus,
2956 3364 3118 3426 gestae
3141 3356 3217 3410 rei
3239 3371 3454 3411 causam
3479 3357 3659 3412 decla-

2076 3446 2343 3511 rantibus,
2373 3447 2476 3501 hoc
2502 3445 2662 3500 modo
2689 3463 2700 3497 :

2140 3554 2914 3619 Praecursor_Domini,Christum
2937 3560 3021 3619 qui
3044 3558 3259 3608 tinxerat
3279 3558 3420 3607 undis
3443 3596 3459 3619 ,

2206 3616 2337 3665 Hanc
2362 3617 2518 3683 aulam
2547 3616 2801 3683 inhabitat,
2816 3616 3415 3683 sanct‘iflcatquedomnm.

2139 3678 2379 3744 Quattuor
2414 3678 2637 3744 hancque
2663 3680 2749 3744 viri
2766 3678 2793 3740 ,’
2809 3678 2984 3729 Christi
3009 3678 3247 3744 mag'nalia
3272 3681 3464 3742 scriptis

2201 3740 2293 3806 Qui
2314 3742 2409 3806 jam
2432 3738 2567 3800 (AL,
2582 3739 2703 3806 tum)
2730 3738 3239 3806 cypresseruntIet-ce
3259 3738 3423 3806 colunt
3444 3744 3648 3806 pariter.

2137 3800 2235 3864 Se_d_
2262 3802 2487 3849 homines
2507 3801 2656 3864 sancti
2679 3799 2914 3864 valdé,_et
2934 3815 3072 3852 sacro
3087 3799 3262 3853 ordine
3288 3804 3402 3854 clari
3430 3838 3444 3864 ,

2196 3861 2301 3927 Non
2326 3864 2487 3927 minus
2510 3861 3130 3927 exsuliant'nObilitantque
3155 3865 3309 3927 locum
3334 3908 3347 3927 ,

2136 3923 2266 3985 Quos
2290 3922 2384 3970 huc
2403 3922 2773 3985 diversisduxit
2793 3934 2859 3971 ex
2881 3922 3096 3982 partibus
3118 3925 3250 3974 orbis
3274 3964 3288 3985 ,

2199 3983 2460 4033 Serrorum
2488 3979 2674 4029 Domini
2700 3979 2931 4031 strenuus
2952 3991 3089 4034 actus
3120 3999 3271 4036 amor.

2139 4042 2583 4117 υιχζιιιιιιιιῐι.ιῖοιιιι,⁵
2612 4042 2879 4117 Quirinum.
2904 4045 3053 4117 Siscia
3092 4049 3221 4117 misit
3239 4083 3252 4103 ,

2198 4106 2329 4214 Quos
2353 4107 2436 4163 pie
2456 4106 2728 4166 suscipiens
2756 4107 2971 4155 enminet
2993 4108 3086 4157 iste
3109 4108 3260 4157 locus.

2138 4166 2345 4237 lns‘gni‘s
2369 4164 2767 4237 praesul‘sanctus
2788 4164 3065 4237 V_enan_tius_
3078 4207 3102 4237 ,_
3117 4178 3265 4231 atque

2200 4223 2275 4291 De
2299 4223 2514 4291 Arimino
2540 4223 2561 4265 ί
2592 4232 2800 4279 veniens
2821 4227 2900 4277 hic
2922 4230 3068 4291 simul
3080 4223 3198 4291 ipse
3221 4236 3401 4280 manet.

2134 4286 2236 4351 Hoc
2253 4286 2512 4351 (Al.,gIlic)
2534 4299 2731 4351 quoque
2754 4296 3007 4351 susceptos
3032 4286 3253 4339 Rabanns
3272 4301 3405 4342 sorte
3427 4292 3603 4342 locavit

2197 4349 2507 4407 Sarcophago
2532 4349 2620 4397 hoc
2642 4349 2813 4412 digne,
2840 4349 2989 4399 edidit
3010 4358 3060 4400 et
3086 4351 3299 4412 titulum,

2136 4409 2420 4475 Depmcens
2440 4421 2613 4461 omnes
2637 4410 2869 4475 templum
2892 4412 2974 4475 qui
2998 4413 3246 4471 gressibus
3266 4409 3449 4466 intrant
3468 4451 3483 4475 ,

2200 4472 2359 4534 ipsum
2386 4477 2438 4522 ut
2461 4473 2805 4521 commendent
2827 4472 2922 4520 rite
2948 4472 3054 4521 Deo
3090 4475 3334 4537 precibus.

2144 4553 2233 4609 29.
2276 4552 2404 4609 Post
2440 4552 2553 4607 haec
2595 4551 2772 4606 allata:
2810 4561 2938 4608 sunt
2979 4553 3027 4607 ei
3071 4554 3311 4625 reliquiae
3338 4563 3648 4611 sanctorum

2074 4728 2374 4800 (sicyocat)
2394 4726 2692 4800 secretario
2720 4741 2818 4800 suo
2838 4742 3161 4800 concessum
3183 4728 3242 4800 in
3268 4729 3654 4800 gratiam_san-

2073 4794 2144 4853 cti
2181 4794 2429 4853 Venantii
2452 4836 2479 4868 ,4
2518 4797 2633 4868 lege
2667 4797 2808 4866 apud
2836 4794 3147 4851 Browerum
3178 4798 3230 4852 in
3259 4794 3444 4868 Antiq.
3487 4798 3645 4853 Fuld.

2077 4812 2144 4853 Cll
2187 4812 2467 4861 venantn,
2519 4812 2633 4918 negt;
2667 4812 2724 4866 ap

2077 4870 2172 4922 lib.
2202 4884 2283 4932 ιιι,
2311 4882 2429 4935 cap.
2460 4866 2546 4920 l3.
2621 4882 2724 4935 an.

2151 4950 2177 4977 ε
2199 4936 2255 4993 S.
2278 4933 2598 4991 Venantium
2618 4934 2723 4989 hoc
2742 4934 2795 4989 in
2816 4933 2934 4990 loco
2952 4935 3228 4991 miraculis
3246 4951 3371 4992 mox
3390 4935 3653 4993 claruisse

2079 5015 2306 5062 testatur
2336 5004 2637 5075 Ludovicus
2665 5002 2792 5060 Pius
2828 5004 3119 5075 imperator
3149 5007 3203 5059 in
3238 5014 3505 5075 praecepto
3534 5016 3648 5061 tra-

2075 5076 2293 5146 ditionis
2316 5074 2501 5146 prmdii
2526 5072 2909 5146 Uresprungen
2935 5072 3010 5146 _B.
3035 5072 3257 5146 Babano
3277 5072 3649 5146 donati,_quod

2075 5145 2282 5214 profert
2325 5143 2614 5214 Browerus
2661 5143 2695 5214 l.
2732 5158 2788 5214 tn
2821 5143 3006 5214 Antiq.
3037 5144 3224 5207 Fuld.,
3262 5161 3312 5199 e.
3345 5145 3432 5201 15.
3481 5143 3544 5214 in
3581 5159 3649 5205 eo

2076 5212 2329 5295 dicuntur
2346 5231 2399 5295 At
2455 5212 2717 5295 miracula
2767 5212 2910 5295 facta
2955 5212 3367 5295 longe-lateque
3410 5213 3649 5295 celeber:-

2076 5284 2209 5339 rima
2231 5299 2248 5364 ε
2285 5282 2488 5367 infirmi
2497 5283 2691 5367 _san.ati
2706 5322 2739 5367 ,_
2754 5282 3069 5338 dzemoniaci
3095 5282 3337 5367 liberati,
3357 5283 3647 5367 paralytiei

2072 5353 2265 5416 curati,
2296 5352 2424 5407 caeci
2456 5351 2773 5416 illutninati;
2807 5363 2862 5406 et
2891 5369 2955 5407 ex
2986 5356 3294 5409 omnimoda
3323 5351 3647 5408 infirmitate

2071 5436 2238 5491 genus
2268 5423 2559 5491 humanum
2587 5422 2871 5476 salvatum.
2903 5443 2921 5474 ι
2955 5423 3117 5478 Βυω..

2069 5561 2114 5617 Μ
2146 5491 2165 5529 ι
2192 5492 2247 5545 ln
2275 5491 2433 5547 editis
2457 5490 2660 5547 Rabani
2688 5492 2839 5547 libris
2859 5492 3053 5564 legitur
3073 5493 3341 5560 Ah’minio,
3364 5493 3645 5548 mendose.

2120 5578 2203 5617 ΑΒ.

2120 5578 2203 5621 ΑΒ.
