4012 6202
270 237 339 291 57
816 216 829 221 ”
1636 241 2163 303 raowconsm.
3466 258 3535 315 ss

268 350 652 436 episcoporum
681 346 914 403 Cornelii
943 357 1105 421 atque
1134 348 1338 406 Callisti
1363 364 1413 416 α,
1458 363 1512 406 et
1545 362 1853 409 sanctorum
1881 356 1932 416 Α
1957 369 2101 418 ossa,
2127 355 2217 425 qui
2250 363 2491 427 tempore
2524 357 2669 413 Decii
2696 358 3035 430 imperatoris
3060 363 3252 435 ligatus
3275 368 3436 436 pedes
3462 372 3531 424 aal

267 444 576 511 martyrum
602 435 819 508 Agapiti
843 437 894 503 δ,
922 436 1136 507 Georgii
1160 450 1203 503 ε,
1230 440 1477 494 Vincenti
1504 450 1558 495 et
1579 442 1855 515 blaximid,

267 537 587 591 sanctarum
618 542 832 598 quoque
859 528 1128 600 virginum
1149 571 1163 594 ,
1204 530 1429 585 Caeciliae
1456 543 1498 595 ο,
1533 518 1784 604 Eugeniae
1812 534 1858 599 ί,

272 622 461 691 Digna?
512 628 567 676 et
615 619 868 674 Emerita:
893 622 938 685 Β,
994 629 1157 690 atque
1201 619 1616 677 Columbansz
1669 623 1863 679 Attulit

270 720 456 766 autem
490 725 586 765 eas
615 708 839 779 quidam
865 710 1096 765 clericus
1133 710 1350 766 ltalicus
1369 753 1383 777 ,
1426 713 1643 768 nomine
1670 713 1818 769 Felix
1842 756 1856 780 ,

270 819 415 861 anno
453 805 521 861 ab
548 803 928 859 lncarnatione
958 803 1173 859 Domini
1200 806 1303 862 858
1335 805 1525 879 [Βοιι.,
1562 807 1721 880 85η,
1770 808 1857 865 die

272 900 468 973 quinto
492 899 698 954 mensis
719 898 940 969 Aprilis.

340 996 435 1053 30.
478 996 608 1052 Post
638 993 796 1064 cujus
825 996 1086 1061 reditum,
1123 1012 1229 1051 non
1259 996 1444 1052 multis
1472 996 1660 1052 diebus
1691 997 1857 1051 inter-

272 1088 489 1157 positis,
521 1087 882 1142 Theodorusi
917 1085 1086 1141 frater
1113 1087 1412 1143 Deusdouae
1436 1128 1452 1154 ,
1498 1087 1652 1157 cujus
1694 1104 1856 1158 supra

272 1176 480 1230 mentio
506 1174 649 1231 facta
676 1184 782 1241 est,
816 1190 938 1231 eum
974 1175 1206 1244 quodam
1234 1176 1382 1231 socio
1410 1192 1507 1233 suo
1539 1177 1854 1243 Sahbatino,

276 1270 345 1323 ab
392 1268 530 1327 urbe
577 1267 751 1322 Roma
798 1266 1079 1338 profectus
1118 1267 1498 1327 Alamanniam
1528 1270 1712 1324 venit:
1761 1280 1853 1336 et,

276 1361 417 1416 sicut
442 1360 645 1421 dudum
674 1359 997 1430 promiserat
1022 1359 1235 1433 abbati,
1266 1369 1576 1417 sanctorum
1603 1360 1858 1431 reliquias

276 1466 458 1509 secum
488 1451 701 1519 detulit,
731 1466 858 1507 ossa
892 1450 1137 1507 videlicet
1166 1452 1339 1508 sancti
1367 1450 1578 1519 Quirini
1603 1450 1648 1518 i,
1679 1453 1770 1522 qui
1800 1454 1854 1508 in

279 1540 448 1596 Siscia
468 1540 873 1619 Pannoniarum
899 1542 1097 1612 oppido
1120 1543 1388 1613 quondam
1411 1545 1695 1616 episc0pus
1719 1554 1854 1611 erat,

275 1641 331 1686 et
362 1632 699 1703 temporibus
726 1631 1049 1687 Diocletiani
1092 1633 1436 1703 imperatoris
1475 1635 1575 1690 sub
1604 1634 1856 1691 Amantio

274 1724 501 1793 pmide
536 1724 679 1783 inter
709 1723 908 1780 multas
938 1738 1075 1794 quas
1101 1738 1201 1794 pro
1228 1723 1428 1780 Christi
1469 1724 1688 1781 nomine
1724 1740 1850 1796 per-
1884 1706 1929 1765 Β

277 1816 396 1871 tulit
432 1816 751 1887 passiones,
802 1817 967 1888 ligata
1022 1818 1091 1875 ad
1135 1818 1332 1874 collum
1381 1819 1523 1875 mola
1564 1820 1618 1876 in
1654 1819 1853 1881 ﬂumen

275 1909 636 1979 praecipitatus
682 1916 786 1964 est.
836 1907 1084 1980 Cumque
1126 1910 1431 1969 diutissime
1475 1925 1638 1984 super
1680 1911 1855 1967 undas

275 2007 505 2066 nataret,
534 2014 655 2054 cum
688 2000 1057 2069 spectantibus
1084 2000 1298 2057 locutus
1322 2011 1423 2069 est,
1456 2017 1526 2061 ne
1554 2018 1654 2060 suo
1682 2011 1853 2060 terre-

276 2098 465 2144 rentur
486 2090 756 2159 exemplo,
793 2100 851 2145 et
877 2092 965 2146 vix
995 2092 1241 2148 oratione
1277 2108 1309 2147 a
1343 2093 1590 2160 Domino,
1622 2102 1684 2150 ut
1711 2109 1855 2150 mer-

273 2185 518 2250 geretur,
538 2180 792 2235 obtinuit.
830 2180 996 2251 Cujus
1025 2198 1222 2253 corpus
1250 2183 1546 2251 inventum,
1579 2195 1634 2240 et
1662 2200 1692 2239 a
1723 2183 1853 2241 lide-

274 2271 415 2326 libus
461 2271 760 2329 honorilice
805 2274 1072 2344 sepultum
1116 2284 1200 2331 est
1242 2277 1417 2346 pridie
1461 2276 1641 2334 Nonas
1684 2278 1848 2334 Junii.

278 2365 587 2423 lncursiorze
624 2379 806 2424 autem
836 2370 1195 2429 barbarorum
1230 2371 1284 2426 in
1322 2379 1504 2441 partes
1537 2371 1678 2429 facta
1713 2372 1852 2428 Pan-

277 2461 478 2525 noniae,
526 2460 758 2531 populus
782 2460 1157 2528 Christianus,
1204 2472 1427 2534 accepto
1452 2478 1679 2534 corpore
1706 2463 1851 2518 beati

276 2550 483 2617 (Μήιιὶ
512 2552 792 2623 martyris,
833 2552 1063 2608 Romam
1091 2551 1259 2624 fugit,
1297 2561 1354 2609 et
1381 2569 1566 2609 sacras
1595 2553 1852 2623 reliquias

277 2644 361 2697 via
386 2643 577 2713 Appia,
610 2644 776 2699 tertio
805 2644 1059 2699 milliario
1093 2646 1162 2700 ab
1191 2644 1356 2711 Urbe,
1388 2645 1443 2701 in
1472 2644 1699 2701 ecclesia
1726 2659 1854 2713 apo-

277 2735 536 2793 Stolorom
568 2734 720 2791 Petri
747 2743 803 2791 et
826 2736 981 2793 Pauli
1007 2776 1025 2804 ,
1068 2738 1159 2792 ubi
1186 2737 1497 2808 aliquandiu
1525 2737 1849 2807 jacuerunt,

275 2826 519 2897 sepelivit
546 2827 601 2881 in
629 2826 750 2882 loco
772 2828 866 2898 qui
892 2828 1092 2884 dicitur
1114 2827 1495 2885 Catacumbas.

340 2938 433 2993 51.
463 2938 670 2995 Detulit
692 2940 820 2995 item
861 2949 918 2995 et
946 2941 1201 3010 reliquias
1228 2939 1427 2996 Urbani
1465 2954 1615 3008 papae
1639 2947 1697 2993 et
1722 2953 1854 3013 com

277 3029 500 3084 fessoris
529 3030 581 3095 ιι,
609 3028 765 3099 cujus
789 3029 1034 3084 doctrina
1059 3046 1156 3085 suo
1177 3038 1415 3099 tempore
1436 3029 1589 3083 multi
1606 3028 1851 3085 coronati

277 3131 402 3176 sunt
427 3121 726 3192 martyrio;
754 3135 876 3176 ossa
897 3135 1109 3190 quoque
1136 3128 1336 3176 sancta
1356 3119 1585 3175 Caeciliae
1602 3120 1848 3191 virginis,

276 3227 395 3281 qua:
420 3226 677 3283 sponsum
710 3226 867 3266 suum
896 3210 1226 3280 fratremque
1252 3210 1369 3281 ejus
1386 3209 1603 3269 Christo
1622 3210 1851 3276 lucrata,

278 3310 546 3374 martyres
583 3300 750 3366 fecit;
789 3310 843 3357 et
874 3301 987 3371 ipsa
1026 3301 1219 3356 deinde
1257 3300 1635 3371 martyrizata,
1676 3301 1853 3372 ignem

277 3392 490 3462 quidem
514 3405 798 3461 superans,
828 3390 920 3445 sed
949 3388 1095 3445 ferro
1118 3390 1294 3445 occisa
1320 3390 1420 3445 sub
1445 3390 1727 3446 Almachio
1753 3389 1855 3447 Ur-

274 3483 357 3537 bis
378 3482 669 3552 praefecto;
701 3496 908 3537 necnon
945 3489 999 3537 et
1040 3495 1164 3537 ossa
1198 3489 1506 3537 sanctorum
1538 3480 1768 3536 Tiburtii
1800 3490 1857 3536 et

278 3573 545 3630 Valeriani
584 3574 601 3612 ι
625 3582 790 3643 atque
816 3572 1051 3638 Maximi,
1080 3587 1308 3642 quorum
1329 3571 1487 3641 primi
1518 3571 1734 3641 quidem
1754 3571 1856 3627 sub

274 3668 530 3737 predicto
552 3665 838 3721 Almachio
873 3662 1034 3720 Urbis
1071 3662 1356 3734 praefecto,
1392 3660 1622 3717 fustibus
1647 3662 1770 3717 cassi
1799 3670 1856 3717 et

275 3758 448 3829 gladio
476 3767 607 3813 sunt
630 3756 908 3827 percussi,
946 3755 1166 3810 ultimus
1192 3769 1320 3811 vero
1347 3753 1531 3809 tandiu
1565 3752 1856 3825 plumbatis

274 3848 597 3902 verberatus
613 3856 718 3910 est,
744 3846 916 3900 donec
934 3845 1182 3901 redderet
1213 3844 1482 3913 spiritum.
1504 3842 1699 3897 Attulit
1719 3857 1852 3912 quo-

273 3954 378 4009 que
405 3953 530 3993 ossa
556 3945 868 3992 sanctorum
895 3935 1130 4007 Agapiti,
1170 3933 1415 3991 Januarii
1435 3941 1491 3989 et
1515 3933 1715 4006 Magni,
1742 3933 1858 3988 dia-

273 4043 531 4084 conorom
560 4027 705 4082 beati
735 4024 872 4081 Sixti
891 4041 1072 4096 papae,
1121 4027 1212 4095 qui
1241 4040 1363 4081 cum
1399 4040 1466 4081 eo
1493 4026 1593 4082 sub
1629 4024 1791 4079 Decio
1813 4035 1855 4064 ω

274 4117 524 4173 decollati
564 4125 725 4182 sunt,
755 4118 895 4173 sicut
934 4117 988 4170 in
1025 4116 1193 4188 gestis
1218 4114 1613 4184 pontificalibus
1640 4114 1853 4183 legitur.

273 4207 508 4263 lenonis
548 4218 578 4246 υ
614 4222 831 4277 quoque
874 4206 1086 4262 diaconi
1124 4215 1181 4261 et
1225 4205 1497 4276 Hippolyti
1538 4213 1563 4240 ο
1606 4203 1859 4275 martyris

341 4400 370 4429 ι
396 4387 551 4442 Alias
588 4388 786 4441 borum
827 4384 1143 4456 pontiﬁcum
1185 4384 1444 4456 reliquias
1473 4383 1695 4439 biennio
1729 4392 1858 4438 ante

271 4458 532 4514 attulerat
559 4454 903 4525 Sabbatinus,
934 4471 1097 4525 supra
1124 4454 1313 4525 n.7l7.’
1336 4454 1501 4525 Βοιι..

342 4528 369 4568 ιι
393 4527 692 4597 Agapitus,
729 4522 1018 4583 Januarius
1058 4534 1113 4597 et
1151 4524 1372 4597 Magnus
1416 4522 1554 4597 infra
1598 4523 1852 4597 dicuntur

272 4593 487 4651 diaconi
516 4593 577 4652 Β.
611 4595 749 4650 Sixti
779 4610 962 4665 papas,
1001 4596 1200 4665 quibus
1220 4593 1545 4665 Vincentius
1564 4593 1727 4665 etiam
1750 4608 1851 4665 _so-

268 4669 390 4722 eius
411 4667 536 4721 fuit.
568 4661 834 4721 Coluntur
850 4661 978 4720 cutu
1006 4661 1248 4720 S.‘Sixto
1271 4664 1305 4719 6
1325 4664 1573 4734 Augusti.
1600 4663 1727 4733 Agit
1750 4661 1853 4716 Ra-

266 4736 448 4793 banus
473 4738 543 4792 de
571 4734 631 4793 S.
653 4735 943 4791 Vincentio
968 4750 1145 4804 poem.
1175 4734 1297 4793 120.
1336 4734 1413 4804 1n.

304 4877 318 4887 ο
342 4817 366 4846 ε
392 4806 629 4888 ﬂabant:
652 4820 827 4888 poeni:
852 4805 920 4860 54
945 4799 1157 4888 ﬁdem;
1180 4803 1407 4876 intelligi
1437 4816 1661 4872 magnus
1682 4799 1851 4857 Geor-

267 4877 407 4947 gius,
439 4876 535 4945 qui
562 4875 633 4929 25
653 4873 859 4945 Aprilis
883 4874 1095 4930 colitur.
1134 4873 1212 4929 In.
1361 4873 1377 4876 ⁷

267 5015 278 5026 ⁸
336 4946 367 4985 ιι
390 4946 481 5027 ῥυ
504 4945 697 5027 Socios
718 4944 818 5000 SS.
845 4944 1075 5000 Tiburtii
1100 4952 1156 4999 et
1174 4942 1470 5007 Valeriani,
1493 4940 1690 5011 quibus
1711 4938 1854 4994 infra

263 5015 557 5085 jungitur?
593 5014 670 5069 In.
1370 5048 1373 5049 ν

268 5083 776 5209 μὲῗὲοΝογθωι).
821 5082 1076 5139 Rabanus
1118 5090 1353 5153 poemat.
1392 5080 1512 5143 122,
1564 5077 1685 5141 151,
1728 5076 1855 5142 155,

377 5195 393 5208 .
419 5172 500 5208 ID.

344 5224 365 5263 ί
394 5225 473 5278 25
500 5223 754 5279 Decemb.
788 5222 1042 5279 [tabanus
1068 5235 1243 5291 poem.
1272 5219 1396 5285 114,
1424 5216 1559 5291 122.
1589 5216 1665 5270 lu.

342 5296 369 5334 ε
396 5293 670 5372 Celantur
705 5293 790 5348 ha:
815 5284 1154 5363 virgines-et
1194 5284 1460 5371 martyres
1496 5286 1567 5340 22
1594 5295 1732 5409 segt.
1780 5284 1855 5338 In.

342 5364 367 5403 Ιι
396 5363 576 5409 Huius
610 5364 842 5409 natalem
889 5363 1115 5409 necdum
1156 5373 1469 5409 renenmus.
1523 5356 1605 5409 An
1700 5394 1712 5408 .
1746 5353 1851 5409 C0-

336 5364 367 5403 ιι
396 5362 576 5431 Hujus
610 5364 843 5419 natalem
889 5353 1121 5431 necdum
1156 5353 1469 5431 reperimus.
1518 5356 1605 5431 _An
1656 5353 1712 5409 S.
1746 5353 1851 5409 Co-

266 5427 505 5495 lumbae,
542 5449 638 5488 seu
666 5431 1048 5494 Cordubensis,
1083 5430 1197 5485 sive
1220 5427 1581 5491 ’Senonensis,
1622 5440 1854 5495 quarum

266 5505 359 5560 illa
394 5503 466 5557 1⁵1
489 5501 790 5572 Septemb,
822 5503 936 5572 hate
959 5499 1019 5555 51
1048 5499 1298 5572 Decemb.
1327 5498 1550 5560 colitur;
1583 5510 1650 5549 an
1676 5494 1855 5564 potius

268 5574 454 5629 lenite
481 5569 726 5641 alicujus,
750 5588 856 5641 nos
880 5570 1028 5641 latet.
1070 5569 1144 5641 lu.

316 5646 364 5705 ,ἱ
391 5631 945 5696 ιιιυὶευιῖειητναινεηι
966 5640 1258 5694 Dcusdona‘
1279 5651 1417 5705 saepe
1440 5634 1682 5689 nominat
1699 5631 1855 5701 Egin—

1962 447 2094 502 colla
2120 448 2497 503 indomitorum
2518 466 2799 520 equorum,
2816 464 2864 508 et
2887 471 2984 525 per
3004 458 3283 512 cardetuni
3311 468 3535 528 tractus,

1959 537 2137 591 emisit
2162 538 2428 608 spiritum.
2463 540 2669 610 Aquilae
2700 552 2726 592 Ρ
2750 544 2910 598 etiam
2951 554 3112 615 atque
3144 547 3429 618 Priscillm,
3459 556 3537 609 uti

1955 630 2123 684 Actus
2176 631 2537 700 apostolorum
2597 642 2900 701 testantur,
2957 638 3226 705 quondam
3278 642 3536 696 comitum

1957 720 2127 784 Pauli,
2156 730 2528 777 sacrosanctus
2566 724 2819 793 reliquias
2842 726 3070 793 detulit;
3112 729 3176 783 de
3214 730 3407 799 quibus
3442 748 3538 800 per

1955 816 2128 880 viam,
2172 832 2279 885 qua
2325 815 2670 885 ferebantur,
2720 833 2973 888 magnum
3023 828 3183 888 atque
3233 820 3534 874 inauditum

1956 906 2180 977 contigit
2213 906 2561 979 miraculum,
2593 923 2723 963 vero
2764 909 2963 965 etenim
3011 924 3205 964 cruore
3250 909 3379 963 visa:
3413 920 3539 964 sunt

1956 1000 2255 1064 maduisse,
2303 1015 2429 1054 nam
2474 1008 2654 1055 tantus
2700 1001 2895 1055 humor
2934 1001 3211 1071 sanguinei
3246 1000 3441 1055 coloris
3471 1002 3536 1055 de

1955 1088 2128 1144 loculo
2170 1089 2226 1141 in
2263 1104 2368 1157 quo
2394 1089 2623 1142 condita:
2665 1087 2878 1144 fuerant
2921 1088 3225 1153 distillavit,
3270 1098 3329 1141 ut
3358 1098 3536 1142 vestes

1956 1190 2167 1247 quoque
2190 1178 2521 1247 portantium
2547 1176 2808 1244 inliceret,
2835 1187 3149 1249 mentesque
3175 1177 3533 1248 spectantium

1942 1267 2034 1324 'rei
2064 1270 2300 1324 novitate
2321 1269 2656 1340 percelleret.

2025 1379 2114 1435 52.
2143 1378 2308 1449 Igitur
2337 1394 2458 1434 cum
2489 1379 2784 1444 venissent,
2818 1379 3053 1448 suscepit
3084 1394 3179 1435 eos
3211 1378 3534 1435 Santhratus

1956 1468 2124 1522 frater
2163 1477 2382 1532 noster,
2436 1484 2597 1538 quem
2643 1468 2846 1523 cellula:
2894 1466 3143 1523 Suolonis
3184 1469 3531 1539 praepositum

1957 1558 2123 1614 fuisse
2153 1573 2312 1627 supra
2340 1557 2573 1613 diximus
2619 1557 2807 1629 (Num.
2831 1557 2939 1628 18).
2975 1558 3040 1612 Et
3083 1561 3371 1613 adventum
3415 1559 3533 1628 qui-

1959 1650 2079 1705 dem
2106 1664 2290 1703 eorum
2333 1663 2452 1702 cum
2481 1647 2761 1703 celeritate
2789 1648 3039 1702 nuntiare
3067 1647 3275 1703 curavit
3307 1647 3485 1702 abbati
3514 1666 3528 1714 ;

1958 1740 2214 1812 reliquias
2244 1757 2370 1795 vero
2402 1741 2455 1796 in
2483 1739 2602 1796 loco
2624 1740 2714 1809 qui
2742 1748 2965 1795 vocatur
2992 1737 3331 1795 Holtzkircha
3367 1740 3533 1794 hono-

1958 1829 2110 1885 rilice
2139 1829 2451 1895 collocavit,
2499 1829 2723 1884 sabbato
2768 1837 2954 1884 sancto
2992 1829 3337 1884 Pentecostcs
3364 1844 3394 1881 v
3423 1828 3530 1882 Ka-

1955 1922 2141 1978 lendas
2160 1921 2300 1977 Junii
2326 1932 2374 1975 (ι.
2401 1920 2663 1977 Convenit
2682 1930 2861 1976 autem
2888 1921 3013 1975 illuc
3035 1920 3318 1975 multitudo
3339 1937 3530 1990 magna

1956 2014 2192 2070 virorum
2223 2030 2286 2069 ac
2312 2013 2618 2078 mulierum,
2660 2012 2801 2067 inter
2826 2025 2960 2081 quos
2986 2010 3212 2065 adducta
3247 2020 3331 2065 est
3358 2010 3532 2080 puella

1953 2103 2199 2175 qumdam
2223 2102 2539 2168 duodennis,
2563 2117 2594 2156 a
2615 2101 2897 2156 nativitate
2917 2115 3058 2156 caeca
3082 2108 3137 2157 et
3156 2101 3393 2156 brachiis
3411 2115 3533 2155 cru-

1956 2193 2213 2265 ribusque
2239 2202 2515 2250 contracta
2544 2212 2557 2247 :
2595 2208 2714 2262 quae
2738 2207 2837 2262 per
2865 2192 3057 2248 merita
3085 2199 3140 2247 et
3166 2193 3437 2246 orationes
3473 2192 3530 2246 in

1952 2283 2084 2356 ipsis
2113 2282 2308 2353 vigiliis
2335 2291 2388 2338 et
2424 2283 2708 2338 sanitatem
2737 2281 3101 2336 membrorum
3123 2287 3177 2336 et
3200 2297 3357 2336 usum
3381 2295 3530 2336 rece-

1951 2376 2031 2447 pit
2060 2374 2358 2432 oculorum.
2389 2374 2514 2428 Inde
2531 2381 2653 2443 post
2680 2373 2794 2427 dies
2816 2372 2949 2426 duos
2973 2370 3058 2426 vel
3084 2379 3194 2426 tres
3215 2370 3400 2443 [Boll.,
3416 2371 3530 2426 dies

1951 2465 2097 2541 octo]
2127 2465 2321 2522 mulier
2344 2465 2588 2535 quasdam
2610 2479 2750 2519 caeca
2780 2479 2936 2518 usum
2961 2463 3179 2532 recepit,
3216 2473 3272 2518 et
3297 2463 3530 2518 hominis

1953 2555 2232 2627 cujusdam
2263 2570 2293 2609 a
2315 2553 2599 2609 nativitate
2624 2553 2756 2607 muti
2786 2551 2854 2606 ad
2882 2552 3204 2620 loquendum
3236 2552 3413 2623 lingua
3443 2569 3527 2608 re-

1952 2650 2140 2705 stituta
2164 2658 2265 2702 est.
2288 2646 2418 2702 Post
2444 2647 2559 2701 haec
2583 2645 2668 2701 die
2707 2645 2863 2699 tertia
2893 2642 3137 2713 quaedam
3166 2643 3376 2707 mulier,
3408 2658 3529 2711 qua:

1955 2737 2130 2792 tribus
2151 2735 2424 2791 continuis
2446 2734 2601 2788 annis
2626 2733 2758 2787 nihil
2779 2732 2967 2786 videns
2990 2739 3011 2767 δ’
3030 2770 3045 2795 ,
3073 2746 3170 2801 per
3190 2730 3382 2784 merita
3406 2747 3530 2785 san-

1953 2834 2161 2881 ctorum
2184 2824 2363 2879 lumen
2390 2824 2628 2895 recipere
2656 2822 2873 2877 meruit.
2903 2820 2967 2874 Et
2998 2821 3243 2889 sequenti
3275 2820 3360 2875 die
3391 2819 3529 2875 alte-

1953 2916 2067 2971 rius
2092 2915 2331 2975 mulieris
2359 2929 2551 2968 manus
2581 2919 2879 2976 contracta,
2909 2911 3147 2980 pristinae
3176 2910 3420 2964 restituta
3449 2919 3534 2965 est

1955 3007 2193 3063 sanitati.

2025 3120 2113 3174 55.
2149 3119 2315 3191 Igitur
2342 3120 2468 3175 dum
2502 3118 2627 3173 talia
2658 3118 2796 3189 apud
2826 3117 3078 3186 reliquias
3114 3124 3424 3172 sanctorum
3452 3116 3533 3172 di-

1958 3212 2155 3267 vinitus
2179 3219 2465 3281 agerentur
2481 3251 2495 3274 ,
2536 3217 2796 3265 venerunt
2820 3208 2911 3278 qui
2941 3208 3007 3261 ab
3032 3207 3223 3261 abbate
3242 3207 3391 3260 missi
3414 3205 3531 3261 fue-

1956 3310 2113 3369 runt,
2140 3317 2207 3356 ex
2243 3300 2522 3356 monachis
2544 3299 2744 3353 nostris
2788 3296 3090 3368 presbyteri
3133 3304 3274 3362 tres,
3301 3311 3532 3365 quorum

1953 3411 2095 3451 unus
2124 3394 2417 3449 vocabatur
2454 3390 2753 3462 Megingoz,
2784 3390 2918 3446 alter
2944 3388 3199 3444 Oedoltus
3233 3388 3531 3452 dicebatur,

1955 3485 2146 3542 tertius
2189 3491 2366 3538 autem
2414 3481 2810 3535 Theothmarus
2854 3488 3006 3544 erat,
3051 3478 3190 3533 idem
3235 3476 3388 3547 cujus
3429 3477 3531 3533 feci

1955 3571 2282 3626 mentionem
2333 3566 2521 3641 (Num.
2573 3567 2659 3639 15)
2702 3567 2756 3621 in
2788 3566 3139 3621 translatione
3186 3564 3534 3636 reliquiarum

1954 3664 2100 3721 beati
2129 3663 2387 3735 martyris
2416 3660 2727 3715 Alexandri.
2769 3659 2870 3728 Qui
2897 3658 3187 3714 secundum
3219 3657 3534 3711 mandatum

1955 3754 2098 3824 quod
2136 3753 2426 3818 habebant,
2465 3750 2701 3821 acceptis
2728 3757 3038 3804 sanctorum
3071 3747 3282 3801 ossibus
3312 3762 3430 3815 quae
3459 3746 3536 3800 al-

1955 3844 2061 3898 lata
2092 3842 2328 3906 fuerant,
2359 3855 2482 3897 cum
2524 3841 2729 3894 honore
2762 3847 2817 3891 et
2855 3836 3154 3891 reverentia
3192 3834 3334 3889 ferre
3359 3848 3539 3904 cmpe-

1954 3942 2100 3989 runt.
2126 3933 2394 3989 Comitata
2423 3938 2508 3986 est
2534 3937 2714 3983 autem
2742 3941 2836 3981 eos
2863 3924 3146 3979 multitudo
3172 3938 3365 3990 magna
3395 3924 3539 3977 viro-

1957 4039 2076 4080 rum
2102 4040 2165 4078 ac
2192 4023 2475 4078 mulierum
2503 4018 2868 4090 psallentium,
2891 4024 2947 4070 et
2967 4015 3173 4069 divinas
3200 4012 3385 4067 laudes
3414 4028 3538 4082 gra-

1958 4113 2247 4169 tulabunda
2288 4126 2420 4166 voce
2465 4107 2793 4165 canentium.
2831 4105 2909 4159 De
2935 4103 3086 4175 pagis
3124 4115 3337 4170 quoque
3371 4109 3428 4154 et
3469 4102 3537 4154 de

1957 4203 2099 4258 villis
2122 4201 2369 4258 certatim
2392 4199 2572 4271 populi
2597 4194 2987 4258 conﬂuxerunt,
3005 4191 3330 4246 adducentes
3353 4205 3535 4245 secum

1959 4375 2161 4432 bardus
2182 4375 2238 4429 in
2258 4372 2492 4427 Historia
2515 4366 2881 4425 translationis
2902 4363 3251 4433 reliquiarum
3275 4362 3375 4419 SS.
3397 4363 3533 4418 Mar-

1959 4446 2137 4504 cellini
2163 4453 2219 4500 et
2239 4442 2408 4510 Petri,
2435 4440 2657 4510 ejusque
2682 4432 3197 4510 avaritiamculpat.
3233 4432 3311 4487 In.

2030 4516 2044 4567 i
2078 4515 2273 4583 Aliqua
2314 4502 2482 4583 hujus
2514 4502 2587 4583 _S.'
2604 4507 2813 4576 Quirini
2851 4502 3108 4559 attulerat
3147 4502 3369 4561 biennio
3409 4511 3536 4560 ante

1958 4587 2099 4642 idem
2130 4580 2474 4653 Sabbatinus.
2514 4580 2592 4634 In.
2959 4642 3018 4653 ___
3131 4642 3146 4653 _
3171 4641 3183 4653 ,

2029 4641 2057 4697 ll
2082 4655 2199 4709 lmo
2229 4651 2513 4723 martyris,
2543 4655 2605 4723 ut
2636 4661 2802 4723 supra
2848 4661 2905 4723 ll.
2951 4642 3050 4708 15,
3094 4641 3186 4696 ubi
3218 4641 3363 4696 Deus
3394 4642 3535 4697 dona

1959 4726 2176 4796 aliquas
2195 4724 2355 4794 hujus
2372 4713 2641 4796 reliquias
2664 4713 2832 4796 dedit:
2855 4713 3018 4769 Bona.

2036 4779 2347 4851 l‘Colunt’ur
2371 4791 2438 4846 14
2470 4779 2690 4861 Ᾱρνὶιὶε.
2736 4784 2990 4839 Rabanus
3031 4794 3209 4852 poem.
3251 4779 3352 4845 52,
3398 4779 3533 4849 126,

1960 4866 2082 4974 15:;
2235 4930 2521 4986 Valeriano
2544 4928 2673 4995 imp.
2706 4923 2958 4995 Babanus
2985 4934 3162 4995 poem.
3193 4917 3316 4995 127.
3347 4918 3424 4974 in.

2030 5013 2062 5042 ιι
2089 5001 2240 5057 Varii
2275 4996 2518 5056 Zenones
2545 4988 2814 5052 coluntur.
2847 4988 3017 5059 Hujus
3055 4989 3269 5044 diaconi
3301 4988 3533 5045 necdum

1959 5072 2195 5129 natalem
2221 5071 2539 5140 reperimus.
2573 5066 2651 5121 In.
2688 5135 2703 5140 _
2742 5133 2785 5140 __
2824 5132 2837 5140 _
2907 5131 2919 5140 _
3207 5127 3246 5140 ἢ
3317 5125 3352 5140 ,ν
3422 5123 3440 5140 ,
3494 5123 3507 5139 ,

2033 5123 2390 5210 {illiut—gusti
2408 5123 3047 5210 passus_sub_Valeriano,
3074 5144 3181 5182 non
3207 5125 3386 5181 Decio.
3410 5123 3535 5195 Agit

1959 5211 2214 5278 Rabanus
2242 5201 2426 5278 poem,—
2450 5207 2540 5271 40,
2569 5206 2657 5269 48,
2690 5201 2919 5278 12l._lp.

2033 5291 2062 5331 ι)
2087 5279 2120 5335 8
2141 5270 2287 5333 Julii.
2313 5271 2921 5343 Rabauuspoemrlﬁti.
2954 5270 3031 5343 In:

2031 5326 2059 5400 ἆ
2084 5326 2714 5411 ᾗόιῐῖῖὶῶὶᾶιᾶἑὲξιᾶἡίί.
2749 5342 2885 5394 Man.
2915 5339 3314 5411 -—_I_trovverus,
3339 5346 3377 5411 χ
3399 5326 3528 5411 Kal.

1958 5399 2118 5474 JuniiT
2134 5399 2433 5487 perperam.
2460 5412 2591 5487 Nam
2615 5426 2769 5487 anno
2782 5411 2946 5487 citato
2980 5406 3313 5487 858_l’estun_i
3339 5399 3531 5487 Petita:

1960 5467 2370 5543 costes'i‘nclidit
2394 5467 2447 5538 in
2483 5486 2519 5537 2
2554 5482 2720 5537 Junii.
2752 5479 2887 5548 Ipsis
2928 5491 3055 5544 ergo
3096 5470 3349 5527 Kalendis
3381 5467 3528 5524 Junii

1961 5559 2059 5615 fuit
2092 5557 2374 5612 sabbatum
2406 5554 2770 5608 Pentecostes.
2799 5549 2957 5601 Βοιι..

2038 5639 2058 5665 τ
2085 5627 2244 5681 Forte
2272 5625 2488 5679 viderat.
2517 5622 2594 5677 ln.
