4012 6194
472 244 540 302 59
1596 237 1687 293 AD
1727 235 1949 292 OPERA
1991 236 2050 289 Β.
2091 233 2343 291 RABANI
2381 232 2600 292 MAURI
3652 216 3727 272 00

471 356 752 425 spiritibus
778 351 1066 409 immundis
1096 351 1372 414 obsessos,
1414 355 1469 403 et
1506 347 1733 403 diversis
1761 346 2042 400 infirmita-
2068 350 2119 407 Α
2143 360 2299 399 verso
2334 345 2388 398 in
2418 343 2585 398 altera
2614 339 2727 408 ripa
2761 335 3004 425 fluminis
3012 332 3180 425 turba
3219 344 3324 384 non
3355 326 3591 392 modica,
3627 327 3726 425 ad-

473 456 587 501 tum
617 446 901 515 generibus
921 442 1181 507 amictus;
1220 440 1499 495 credentes
1523 453 1618 508 per
1644 436 1835 492 merita
1859 443 1913 489 et
1931 450 2046 488 ora-

474 539 648 593 tiones
692 548 999 592 sanctorum
1047 535 1405 590 desideratam
1454 530 1691 599 recipere
1737 527 2041 582 sanitatem.

475 629 618 681 Inter
655 642 788 696 quos
816 626 1043 680 adducta
1072 632 1154 677 est
1198 621 1389 676 mulier
1425 618 1750 673 dtemoniaca
1772 656 1786 680 ,
1834 614 2048 669 nomine

476 717 777 773 Ruodmwi.
828 717 958 769 Erat
999 715 1141 769 enim
1170 727 1193 752 ιι
1228 712 1293 766 de
1329 717 1596 780 potestate
1634 707 1803 761 sancti
1851 704 2048 758 Kiliani

477 810 745 880 martyris,
775 807 1020 861 habitans
1049 804 1102 859 in
1126 804 1249 859 villa
1280 817 1398 871 qua:
1424 808 1645 854 vocatur
1663 796 1894 851 Ascbah.
1928 794 2047 847 Mox

477 899 641 969 igitur
672 904 730 950 ut
759 895 1006 965 pervenit
1030 894 1094 947 ad
1121 899 1465 961 conspectum
1497 887 1657 943 loculi
1689 899 1794 955 quo
1832 891 2050 937 sancto-

478 1005 595 1043 rum
624 988 860 1056 reliquiat
884 985 1211 1047 ferebantur,
1236 989 1450 1051 arrepta
1473 981 1541 1034 ab
1563 975 1836 1032 immundo
1860 975 2052 1044 spiritu

477 1079 566 1134 diu
597 1077 929 1146 multumque
954 1075 1337 1144 torquebatur,
1372 1072 1543 1125 donec
1568 1084 1666 1139 per
1695 1067 1786 1121 Dei
1827 1066 2051 1138 gratiam

477 1168 531 1221 in
558 1174 846 1235 conspectu
878 1162 1235 1218 multitudinis
1263 1168 1371 1215 tam
1401 1158 1638 1230 perfecte
1664 1164 1849 1210 curata
1871 1163 1968 1215 est,
1994 1163 2055 1207 ut

477 1256 728 1323 deinceps
754 1253 1033 1309 incolumis
1064 1261 1119 1306 et
1158 1267 1302 1305 sanae
1345 1250 1539 1304 mentis
1575 1249 1637 1307 in
1681 1247 1775 1301 Dei
1811 1244 2054 1299 laudibus

476 1351 869 1413 perseveraret,
889 1357 1008 1412 quae.
1030 1342 1177 1411 prius
1200 1341 1508 1403 frequenter
1529 1338 1831 1408 hujusmodi
1856 1337 2055 1391 incom-

482 1435 643 1488 modo
665 1432 912 1487 laborare
940 1431 1163 1486 solebat.

548 1559 637 1637 δέ.
670 1557 778 1612 Hoc
804 1557 1020 1626 quidem
1046 1565 1254 1625 gestum
1287 1562 1369 1608 est
1394 1562 1545 1608 sexta
1576 1552 1709 1607 feria
1746 1568 1833 1606 XIV
1862 1551 2056 1606 Kalen-

481 1649 670 1701 darum
695 1647 1073 1718 Augustarum.
1110 1646 1289 1699 Abhas
1315 1660 1443 1699 vero
1470 1644 1613 1698 circa
1646 1644 1904 1697 honorem
1934 1657 2056 1695 san-

483 1745 693 1790 ctorum
732 1751 976 1806 magnam
1008 1749 1198 1803 gerens
1230 1733 1639 1787 sollicitudinem
1661 1773 1675 1797 ,
1707 1746 1792 1785 me
1818 1739 1872 1785 et
1898 1744 2059 1800 quos-
2089 1720 2134 1778 Β

484 1831 606 1884 dam
642 1844 708 1884 ex
752 1828 1011 1884 fratribus
1042 1827 1183 1900 ML,
1216 1828 1475 1898 quosdam
1520 1816 1809 1895 fratribus]
1846 1823 2060 1877 obviam

487 1920 666 1984 misit,
714 1919 1031 1989 praecipiens
1060 1929 1116 1973 ut
1152 1933 1274 1973 ossa
1310 1923 1616 1973 sanctorum
1649 1924 1945 1987 martyrum
1971 1914 2062 1970 Ja-

486 2009 661 2063 nuarii
685 2019 738 2064 et
767 2010 943 2079 Magni
968 2010 1361 2064 dimitterentur
1398 2009 1451 2062 in
1491 2007 1887 2070 monasteriolo,
1920 2006 2060 2076 quod

484 2108 709 2155 vocatur
736 2097 1099 2163 Holtzkircba,
1144 2100 1303 2154 situm
1344 2100 1398 2153 in
1442 2098 1715 2169 provincia
1748 2096 2058 2162 Waldsazi;

480 2199 800 2245 cmterorum
820 2204 944 2244 vero
966 2184 1273 2243 sanctorum
1300 2188 1539 2258 reliquia:
1552 2188 1617 2241 ad
1643 2203 1699 2241 se
1721 2188 2059 2242 ducerentur.

483 2280 828 2335 Occurrimns
855 2287 1035 2333 autem
1062 2279 1140 2332 eis
1188 2279 1239 2332 in
1272 2278 1394 2331 villa
1433 2293 1550 2347 qua:
1574 2278 1771 2332 dicitur
1796 2276 2059 2331 Biscofes-

486 2369 628 2423 heim
650 2369 711 2421 b:
743 2369 831 2422 ubi
863 2369 913 2421 in
942 2368 1032 2422 Dei
1057 2368 1299 2422 laudibus
1324 2375 1702 2436 pernoctantes
1728 2374 1783 2420 et
1810 2365 2066 2420 excubias

486 2462 761 2524 ducentes,
790 2460 958 2513 altera
997 2460 1101 2523 die,
1131 2473 1249 2527 qua:
1274 2465 1391 2511 erat
1422 2457 1719 2523 Dominica,
1753 2456 1820 2512 ad
1849 2455 2064 2511 Holzki-

487 2549 690 2602 richam
719 2564 840 2603 cum
878 2548 1080 2602 sanctis
1103 2547 1345 2616 reliquiis
1375 2547 1746 2617 pervenimus;
1780 2546 2065 2616 positoque

485 2637 539 2692 in
564 2637 791 2692 ecclesia
812 2634 968 2705 juxta
998 2638 1168 2692 altare
1194 2637 1413 2698 feretro,
1444 2653 1564 2691 cum
1589 2651 1743 2691 sacra
1774 2636 2064 2690 missarum

485 2728 745 2783 solemnia
769 2727 1188 2792 celebrarentur,
1218 2726 1410 2781 mulier
1438 2727 1681 2796 quaedam
1725 2742 1755 2779 a
1800 2726 2064 2782 dmmonio

485 2827 671 2874 curata
700 2826 801 2872 est.
829 2817 960 2870 Nam
986 2833 1106 2872 cum
1137 2818 1518 2871 miserabiliter
1558 2818 1609 2870 in
1649 2826 1938 2885 conspectu
1964 2834 2062 2886 po-

485 2910 594 2980 puli
622 2908 978 2973 cruciaretur,
1011 2924 1195 2962 musca
1222 2909 1508 2977 nigerrima
1537 2917 1589 2962 et
1614 2907 1764 2961 mirre
1792 2908 2063 2976 magnitu--

487 3000 627 3055 diuis
653 3000 721 3054 ab
748 3013 840 3053 ore
866 2999 982 3069 ejus
1008 2999 1120 3053 visa
1146 3005 1229 3053 est
1257 2998 1470 3053 avolare
1491 3039 1505 3064 ,
1541 3009 1661 3068 post
1688 2997 1840 3065 cujus
1881 3013 2064 3069 egres-

412 3090 415 3095 ’
491 3106 609 3147 sum
642 3100 852 3160 recepta
880 3090 1076 3145 mentis
1100 3091 1331 3144 sanitate
1358 3101 1541 3145 curata
1572 3099 1672 3146 est.

555 3198 645 3255 55.
678 3197 932 3267 Sequenti
964 3207 1145 3252 autem
1167 3198 1271 3261 die,
1303 3198 1504 3252 relictis
1525 3198 1619 3264 ibi,
1654 3208 1711 3252 ut
1735 3205 2061 3268 praeceptum

485 3298 629 3353 erat,
645 3288 856 3342 ossibus
878 3296 1185 3342 sanctorum
1208 3297 1503 3358 martyrum
1524 3286 1763 3342 Januarii
1785 3298 1840 3344 et
1860 3289 2061 3359 Magni,

489 3386 652 3445 atque
680 3377 735 3430 in
761 3376 953 3440 loculo,
983 3377 1122 3431 sicut
1159 3376 1319 3430 allata
1344 3376 1577 3442 fuerant,
1612 3394 1749 3448 pone
1776 3378 1944 3433 altare
1972 3394 2063 3433 ve-

487 3464 800 3520 nerabiliter
825 3466 1035 3535 positis,
1074 3481 1196 3521 cum
1236 3468 1448 3522 ueteris
1483 3478 1789 3523 sanctorum
1821 3470 2062 3541 reliquiis

483 3553 710 3623 profecti
742 3570 947 3619 sumus,
980 3558 1426 3626 prosequentibus
1454 3575 1551 3613 nos
1576 3559 1834 3616 fratribus
1859 3569 1914 3615 et
1947 3544 2063 3615 ma-

486 3660 591 3716 gna
638 3646 977 3700 multitudine
1018 3648 1294 3701 hominum
1341 3650 1571 3720 regionis
1612 3642 1776 3705 illius.
1818 3650 2063 3720 Undique

485 3734 650 3787 etiam
681 3734 1015 3790 ducebantur
1053 3736 1249 3791 infirmi
1277 3745 1331 3792 et
1365 3739 1529 3793 variis
1564 3741 1904 3809 passionibus
1933 3741 2063 3795 affe-

486 3825 598 3878 cti:
643 3825 782 3879 inter
807 3842 942 3895 quos
969 3826 1143 3895 puella
1181 3829 1421 3896 qumdam
1443 3869 1457 3888 .
1504 3830 1718 3885 nomine
1762 3828 1972 3896 Sclina,
2006 3830 2059 3884 in

487 3913 603 3983 ipso
641 3915 831 3969 itinere
868 3931 975 3985 quo
1004 3916 1413 3987 gradiebamur.
1456 3927 1670 3988 arrepta
1719 3936 1748 3971 a
1798 3918 2062 3973 daemonio

485 4005 766 4070 cucurrit,
809 4013 865 4058 et
905 4020 1085 4059 morsu
1136 4004 1393 4059 feretrum
1439 4008 1882 4076 apprehendens,
1937 4023 2062 4062 mox

485 4109 631 4147 same
680 4096 876 4149 mentis
928 4094 1118 4150 effecta
1174 4103 1289 4160 est,
1334 4105 1660 4166 acceptoque
1701 4106 1900 4152 sanctae
1938 4113 2076 4155 cru-.

485 4186 565 4239 cis
589 4185 800 4251 vexillo,
831 4188 1068 4258 gaudens
1098 4197 1150 4243 et
1180 4188 1403 4244 laudans
1429 4189 1619 4255 Deum,
1647 4198 1955 4245 sanctorum
1978 4205 2057 4244 rc-

482 4274 679 4344 liquias
707 4278 1067 4344 pnecedebat.

2144 444 2361 488 ventum
2394 442 2635 489 nostrum
2662 428 2933 499 operiens.
2984 421 3150 478 Nobis
3188 427 3367 474 autem
3396 430 3520 472 cum
3550 414 3729 471 sacris

2144 523 2355 577 ossibus
2386 536 2576 576 navem
2612 514 3039 574 ascendentibus,
3070 526 3197 566 ecce
3238 506 3433 563 ancilla
3474 505 3726 575 quaedam

2146 612 2416 668 Mathildae
2442 612 2723 667 abbatissa:
2752 604 3067 662 monasterii
3097 602 3237 657 illius
3255 641 3269 665 ,
3316 598 3535 654 nomine
3564 596 3731 651 Liob-

2148 705 2325 771 suind,
2352 706 2542 759 morbo
2561 709 2837 757 contracta
2862 705 3093 759 vetusto,
3119 702 3173 749 et
3193 694 3357 747 humo
3381 691 3455 745 ita
3477 688 3727 753 acclinis,

2150 805 2205 849 ut
2234 796 2300 850 ad
2326 794 2613 848 videndum
2644 790 2839 845 coelum
2872 800 3208 855 nequaquam
3248 799 3306 837 se
3345 781 3554 851 erigere
3582 778 3733 834 vale-

2152 895 2254 950 ret,
2290 884 2439 939 venit
2463 891 2682 951 reptans
2708 878 2954 949 pedibus,
2984 874 3233 928 manibus
3260 870 3567 927 scammelis
3591 878 3619 907 ιι
3647 868 3735 922 in-

2153 976 2332 1041 nixis;
2374 987 2604 1043 cumque
2633 985 2823 1025 navem
2847 968 3005 1022 vellet
3032 964 3322 1020 ascendere
3342 1003 3358 1028 ,
3389 974 3491 1016 nec
3510 967 3733 1029 posset,

2153 1084 2293 1122 unus
2320 1082 2386 1120 ex
2410 1063 2610 1119 nostris
2645 1059 2901 1115 fratribus
2919 1099 2933 1123 ,
2964 1054 3309 1112 Gozmundus
3340 1051 3554 1106 nomine
3575 1090 3590 1114 ,
3617 1049 3735 1103 ele-

2153 1168 2333 1213 vatam
2358 1156 2539 1226 posuit
2567 1154 2621 1209 in
2650 1167 2872 1207 navem:
2912 1146 3254 1217 trauspositis
3288 1152 3464 1197 autem
3491 1141 3647 1195 nobis
3680 1148 3739 1194 et

2157 1250 2207 1303 in
2239 1247 2391 1301 littus
2430 1244 2657 1299 alterum
2687 1255 2809 1296 cum
2835 1238 3004 1294 sacris
3040 1236 3251 1291 ossibus
3295 1231 3559 1298 egressis,
3605 1244 3735 1284 mox

2155 1339 2351 1394 mirum
2376 1324 2441 1391 in”
2456 1334 2673 1389 modum
2696 1346 2793 1401 per
2818 1330 3073 1383 virtutem
3101 1325 3195 1381 Dei
3222 1334 3276 1378 et
3304 1323 3495 1378 merita
3524 1330 3739 1377 saneto-

2157 1445 2276 1485 rum
2306 1427 2500 1483 mulier
2524 1426 2595 1480 ita
2618 1432 2809 1480 curata
2832 1429 2930 1484 est,
2971 1428 3030 1474 ut
3054 1418 3171 1473 sine
3207 1414 3504 1485 cujuspiam
3532 1412 3740 1482 adjuto-

2157 1523 2239 1577 rin
2267 1536 2325 1576 se
2353 1519 2607 1587 erigeret,
2640 1531 2705 1570 ac
2732 1511 3069 1576 scammelis,
3102 1509 3295 1579 quibus
3339 1514 3561 1561 eatenus
3595 1504 3739 1559 inni-

2159 1613 2395 1673 tebatur,
2425 1606 2791 1663 summitatem
2829 1601 3015 1657 feretri
3055 1608 3316 1670 tangeret.
3348 1596 3537 1652 Stabat
3571 1597 3738 1651 etiam

2160 1702 2337 1756 adhuc
2381 1694 2787 1753 innumerabilis
2827 1691 3111 1747 multitudo
3149 1688 3439 1760 promiscui
3484 1702 3647 1742 sexus
3684 1696 3741 1741 et

2162 1790 2339 1845 aetatis
2361 1804 2426 1843 ex
2449 1798 2678 1857 utraque
2701 1791 2855 1854 parte
2880 1780 3137 1845 ﬂuminis,
3163 1780 3303 1832 inter
3327 1793 3464 1847 quos
3488 1786 3604 1831 erat
3633 1776 3742 1831 Re-

2164 1882 2396 1954 ginolfus
2422 1880 2641 1950 quidam
2683 1876 2970 1948 presbyter
2996 1872 3279 1928 Humberti
3322 1870 3427 1943 (ν.
3458 1888 3603 1925 num.
3635 1870 3740 1937 38)

2163 1971 2422 2043 episcopi,
2448 1968 2537 2040 qui
2570 1982 2793 2023 ascenso
2832 1966 3057 2021 editiore
3092 1964 3211 2019 loco
3234 1962 3511 2017 mulierem
3551 1977 3740 2017 sanam

2162 2060 2372 2131 populis
2402 2060 2455 2114 in
2484 2058 2660 2114 divina
2684 2057 2841 2112 laude
2861 2055 3216 2111 clamantibus
3237 2054 3489 2117 ostendit,
3513 2061 3569 2107 ut
3590 2061 3743 2123 gesto

2164 2150 2426 2205 miraculo
2458 2148 2610 2202 multi
2642 2156 2840 2211 testes,
2873 2145 3027 2200 multi
3072 2145 3233 2200 etiam
3274 2144 3369 2198 Dei
3410 2143 3597 2198 ﬁerent
3628 2142 3743 2198 lau-

2165 2242 2400 2295 datores.
2428 2238 2534 2294 Sed
2566 2245 2620 2293 et
2648 2239 2865 2293 domina
2897 2236 3039 2291 illius
3070 2243 3323 2290 attestata
3351 2243 3435 2289 est
3461 2249 3526 2289 ex
3559 2235 3744 2291 multis

2166 2332 2323 2385 annis
2362 2345 2427 2385 eo
2462 2329 2650 2383 morbo
2689 2334 3023 2383 contractam
3067 2326 3214 2380 illam
3242 2333 3294 2379 et
3332 2325 3573 2379 inutilem
3607 2323 3741 2379 effe-

2165 2430 2331 2482 ctam,
2361 2434 2531 2488 usqne
2555 2419 2621 2472 ad
2650 2418 2704 2472 id
2750 2418 3007 2487 temporis
3049 2430 3457 2485 perseverasse,
3503 2429 3609 2483 quo
3643 2430 3745 2484 per

2166 2510 2259 2565 Dei
2288 2511 2517 2579 gratiam
2546 2516 2598 2562 et
2638 2515 2949 2562 sanctorum
2976 2503 3092 2573 ejus
3125 2505 3192 2559 ab
3220 2504 3481 2575 ejusmodi
3530 2503 3740 2558 incom-

2166 2599 2324 2654 modo
2354 2599 2579 2652 liberata
2606 2605 2709 2652 est.

2236 2692 2322 2748 57.
2351 2692 2477 2746 Inde
2503 2690 2730 2760 profecti
2758 2704 2882 2745 cum
2923 2687 3105 2743 divino
3139 2684 3406 2755 adjutorio
3436 2684 3523 2739 die
3549 2684 3726 2751 tertia,

2166 2786 2269 2840 hoc
2293 2792 2376 2839 est
2400 2799 2495 2838 vm
2527 2782 2751 2837 Kalend.
2776 2779 3023 2850 Augusti,
3055 2778 3119 2832 ad
3147 2776 3531 2831 monasterium
3555 2788 3741 2844 perve-

2166 2874 2365 2927 nimus.
2408 2872 2625 2942 Egressi
2669 2880 2849 2924 autem
2880 2869 3077 2923 fratres
3116 2882 3240 2922 cum
3287 2863 3538 2920 crucibus
3582 2871 3744 2932 atque

2166 2962 2340 3016 cereis
2365 2968 2721 3015 occurrerunt
2746 2960 2899 3013 nobis
2920 2959 2975 3011 in
3002 2958 3139 3011 clivo
3172 2956 3370 3010 montis
3403 2954 3495 3025 qui
3521 2961 3744 3010 vocatur

2089 3061 2134 3121 C
2166 3051 2703 3118 Hurodleichesberg.
2747 3047 2925 3102 Turba
2957 3055 3139 3101 autem
3169 3061 3274 3100 non
3306 3045 3513 3101 modica
3547 3060 3614 3100 ex
3643 3056 3743 3098 ac-

2166 3143 2297 3199 colis
2324 3142 2512 3204 eremi,
2546 3139 2739 3210 partim
2788 3137 3002 3207 quidem
3033 3134 3344 3199 nobiscum,
3391 3135 3590 3203 partim
3616 3147 3746 3188 vero

2163 3234 2377 3289 obviam
2404 3232 2657 3295 veniens,
2687 3229 2813 3283 illuc
2842 3225 3191 3281 confluxerat.
3225 3223 3577 3278 Substitimus
3614 3239 3745 3293 pau-

2166 3324 2351 3388 lulum,
2385 3331 2444 3376 ut
2468 3317 2913 3375 convenientibus
2938 3315 3169 3383 spatium
3200 3314 3418 3367 daretur
3439 3311 3661 3377 orandi;
3691 3318 3746 3368 et

2164 3427 2290 3468 ecce
2316 3411 2509 3465 mulier
2532 3409 2801 3479 quaadam,
2829 3421 2949 3475 qua:
2974 3412 3094 3459 erat
3123 3405 3190 3458 ab
3211 3402 3368 3457 annis
3396 3402 3582 3458 decem
3607 3411 3663 3456 et
3680 3416 3748 3458 eo

2166 3503 2395 3572 amplius
2418 3501 2630 3565 clinica,
2664 3498 2998 3569 portabatur.
3043 3495 3286 3564 Cumque
3324 3492 3528 3562 perlata
3556 3509 3586 3547 a
3615 3509 3742 3564 por—

2166 3595 2406 3652 tantibus
2455 3593 2714 3648 feretrum
2755 3590 3049 3659 tetigisset,
3090 3587 3344 3643 continuo
3372 3593 3585 3655 recepta
3627 3600 3742 3639 om-

2166 3688 2314 3742 nium
2336 3685 2565 3740 sanitate
2588 3681 2973 3744 membrorum,
2995 3666 3296 3748 gaudens'et
3312 3676 3535 3731 laudans
3552 3675 3741 3741 Deum,

2165 3779 2424 3834 remeavit
2446 3777 2511 3832 ad
2539 3775 2775 3846 propria.
2806 3773 3027 3828 Fratres
3053 3789 3182 3828 vero
3215 3780 3492 3841 susceptas
3524 3779 3738 3827 sancto-

2163 3887 2281 3924 rum
2311 3869 2562 3938 reliquias
2591 3883 2710 3922 eum
2742 3867 2958 3936 hymnis
2993 3873 3049 3919 et
3091 3864 3336 3920 laudibus
3374 3865 3425 3918 in
3461 3864 3739 3921 ecclesiam

2164 3960 2306 4014 beati
2332 3958 2591 4015 Bonifacii
2634 3958 2884 4027 martyris
2928 3954 3254 4019 intulerunt,
3286 3955 3593 4024 positasque
3620 3969 3738 4009 cum

2164 4050 2337 4106 loculo
2360 4090 2374 4115 ,
2423 4051 2565 4105 sicut
2594 4048 2768 4102 allatae
2799 4046 3031 4110 fuerant,
3070 4043 3225 4111 juxta
3267 4045 3436 4100 altare
3464 4045 3737 4099 beatorum

2163 4140 2545 4209 apostolorum,
2579 4139 2665 4194 die
2688 4145 2958 4205 noctuque
2989 4150 3225 4204 congrua
3253 4134 3597 4189 veneratione
3632 4132 3730 4187 fre-

2162 4232 2515 4300 quentabant.
3254 4216 3263 4229 ’

2231 4320 2318 4374 38.
2353 4320 2447 4374 His
2473 4319 2547 4373 ita
2575 4319 2757 4388 gestis,
2786 4332 2908 4373 cum
2939 4317 3055 4372 dies
3088 4316 3344 4385 aliquanti
3382 4316 3735 4380 transissent,

556 4403 644 4457 36.
678 4403 918 4473 Cumque
947 4407 1281 4461 venissemus
1309 4408 1373 4461 ad
1399 4408 1634 4463 Moenum
1663 4407 1903 4474 ﬂuvium,
1936 4424 2059 4465 san-
2083 4398 2136 4458 Ι)
2162 4410 2245 4464 vir
2268 4410 2588 4464 venerabilis
2615 4409 2870 4463 Rabanus
2907 4408 3074 4463 abbas
3103 4405 3454 4460 Humbertum
3486 4418 3511 4445 ο
3548 4406 3738 4460 Wirzi-

485 4495 823 4549 ctimoniales
857 4497 922 4551 de
949 4499 1280 4552 mOnasterio
1314 4501 1457 4568 quod
1498 4511 1721 4555 vocatur
1755 4501 1990 4572 Zellinga
2032 4514 2055 4541 ο

483 4600 606 4639 cum
633 4586 881 4641 crucibus
903 4596 958 4641 et
982 4589 1156 4642 cereis
1185 4604 1417 4659 egressae
1445 4607 1543 4645 nos
1568 4602 1946 4661 susceperunt;
1979 4595 2060 4647 iu-

484 4674 761 4745 gressique
791 4690 911 4731 cum
940 4692 1094 4731 sacro
1124 4693 1288 4733 onere
1312 4679 1615 4745 ecclesiam,
1641 4691 1697 4735 ut
1720 4682 1946 4751 populus
1966 4684 2058 4751 qui

485 4765 766 4820 nobiscum
788 4776 1029 4832 venerat,
1057 4778 1110 4823 et
1125 4769 1234 4838 jam
1260 4778 1387 4823 tunc
1409 4771 1603 4825 reverti
1626 4771 1856 4837 volebat,
1882 4772 2057 4827 locum

486 4856 711 4911 haberet
736 4859 925 4914 orandi
954 4874 1019 4914 ac
1043 4868 1164 4913 vota
1194 4860 1452 4925 solvendi,
1490 4872 1641 4916 sexta
1670 4862 1801 4916 hora
1834 4864 1938 4917 diei
1965 4877 2054 4919 so-

486 4946 683 5000 lemnia
710 4947 1135 5014 celebravimus;
1176 4951 1371 5018 quibus
1399 4952 1625 5020 expletis
1652 4967 1773 5006 cum
1797 4953 1941 5006 omni
1970 4954 2057 5007 illa

486 5037 827 5095 multitudine
855 5042 1098 5096 venimus
1127 5043 1193 5096 ad
1238 5057 1446 5097 navem.
1494 5042 1624 5098 Erat
1652 5045 1812 5100 etiam
1854 5061 1917 5098 cx
1966 5047 2061 5098 ad-

557 5210 581 5237 ι
609 5197 661 5252 ld
694 5207 795 5262 est,
838 5199 916 5252 uti
958 5202 1176 5268 exponit
1220 5201 1519 5263 Brovverus,
1560 5218 1621 5255 ea
1648 5203 1843 5257 ditione
1880 5200 2057 5256 Fran-

483 5269 651 5389 5:11:55
660 5267 1044 5393 Ιιὶιιίῗι..(ὶοιίίιιι·
1082 5269 1139 5324 S.
1168 5270 1409 5325 Kilianus
1447 5271 1682 5340 episeop.
1722 5271 1993 5341 llerbipol.
2025 5274 2058 5328 8

488 5406 603 5527 Mra
620 5403 696 5460 lbi
740 5408 900 5462 situm
946 5415 1065 5463 erat
1105 5408 1618 5466 Biscofesheimense
1658 5410 2051 5480 partheneium.

528 5543 769 5630 {eglstud
814 5548 1227 5630 monasterium,
1275 5549 1415 5630 quod
1446 5564 1611 5630 prope
1642 5564 1683 5630 Aa
1727 5549 2054 5630 lletzbaehin

490 5618 608 5664 vico
634 5618 794 5667 sitnm
817 5624 950 5682 crat,
973 5618 1603 5686 jamdudninintercidit,
1637 5628 1771 5674 teste
1802 5620 2054 5674 Brntvero

2164 4499 2446 4571 burgensis
2470 4499 2711 4555 ecclesia:
2741 4498 3054 4568 episcopum
3084 4496 3330 4550 invitavit
3366 4496 3433 4551 ad
3474 4505 3738 4551 monaste-

2166 4592 2325 4656 rium,
2348 4591 2490 4661 quod
2514 4590 2853 4646 Holzltiricha
2879 4589 3060 4644 vocari
3079 4589 3190 4659 jam
3212 4603 3374 4657 supra
3403 4589 3602 4644 dictum
3624 4599 3733 4655 est;

2163 4691 2216 4737 et
2244 4682 2369 4751 quia
2394 4682 2463 4736 ad
2489 4682 2607 4752 ejus
2634 4682 2910 4737 dioecesim
2929 4682 3082 4737 locus
3102 4682 3426 4752 pertinebat,
3452 4696 3575 4736 cum
3598 4682 3737 4737 illius

2162 4774 2483 4829 auctoritate
2529 4789 2651 4829 ossa
2701 4782 3008 4830 sanctorum
3058 4784 3353 4844 martyrum
3401 4772 3641 4829 Januarii
3685 4783 3736 4829 et

2163 4865 2339 4935 Magni
2364 4865 2745 4921 venerabiliter
2772 4866 2845 4920 ibi
2877 4866 2929 4920 in
2955 4881 3081 4921 arca
3106 4881 3269 4921 saxea
3293 4868 3359 4922 ad
3379 4867 3641 4922 orientem
3663 4866 3735 4922 al-

2161 4954 2291 5009 taris
2311 4954 2594 5009 collocavit
2630 4970 2721 5009 vni
2753 4955 2871 5009 Kal.
2914 4954 3264 5009 Novembris:
3303 4971 3465 5025 super
3490 4971 3652 5025 quam
3676 4956 3736 5010 li-

2160 5060 2353 5114 gneum
2390 5044 2603 5115 erigens
2638 5044 2959 5109 tedillcium,
3004 5045 3121 5098 auri
3164 5046 3481 5115 argentique
3523 5046 3734 5100 metallo

2161 5201 2215 5255 in
2240 5200 2333 5255 lib.
2366 5214 2405 5254 tt
2429 5198 2826 5268 Antiquitatum
2855 5197 3225 5264 Fuldensium,
3259 5215 3377 5268 cap.
3407 5200 3490 5254 lO.
3516 5200 3591 5253 lo.

2233 5271 2256 5309 ἀ
2288 5270 2362 5323 Ita
2387 5267 2691 5338 legendum,
2722 5285 2827 5322 non
2856 5268 3119 5338 scabellis,
3154 5277 3215 5323 ut
3238 5267 3376 5337 apud
3399 5268 3727 5323 Bollandum.

2161 5337 2460 5393 Scammela
2494 5351 2585 5391 seu
2612 5337 2905 5392 scammula
2939 5347 3063 5391 sunt
3098 5340 3422 5407 reptantium
3459 5338 3729 5393 hominum

2162 5408 2353 5471 fulcra,
2384 5408 2579 5476 quibus
2607 5423 2797 5461 manus
2826 5407 3148 5476 innituntur.
3184 5407 3257 5461 lo.

2234 5490 2256 5515 ι·
2282 5475 2416 5531 Huic
2438 5477 2709 5546 inscripsit
2737 5476 2987 5530 Babanus
3012 5475 3468 5546 Commentarium
3498 5477 3549 5530 in
3571 5476 3731 5532 libros

2158 5546 2406 5618 Judirum
2429 5555 2482 5601 et
2511 5545 2678 5618 Ruth,
2707 5554 2761 5600 et
2784 5546 3142 5618 epistolamin
3178 5560 3279 5618 qu_a
3306 5545 3545 5615 disputat
3573 5554 3728 5618 quota

2158 5617 2504 5685 generatione
2527 5616 2732 5670 licitttm
2764 5615 2829 5669 sit
2858 5616 3201 5670 connubium.
3235 5615 3396 5671 BOLL.
