4012 6202
366 255 431 310 Gl
1743 262 2275 320 PROLEGOMENA.
3556 280 3626 335 ΒΞ

366 370 596 462 pulchra
619 370 889 462 varietate
915 371 1203 435 decoravit,
1247 373 1463 444 scriptis
1497 374 1551 427 in
1582 375 1809 430 circuitu
1841 383 2027 440 [ηε-..Α
2057 378 2160 432 lide
2181 379 2548 447 perduxerunt
2570 382 2637 436 ad
2662 385 2975 440 memoriam
2998 397 3304 445 sanctorum
3330 402 3625 462 martyrum

368 460 526 517 tricis
550 461 800 516 versibus
828 461 1023 517 litteris
1051 463 1343 526 deauratis,
1379 466 1479 520 hoc
1504 466 1690 521 modo:
1800 490 1835 532 ο

496 571 623 638 Ecce
658 574 787 638 viros
810 575 932 622 istos
951 573 1252 638 ,Aprzeclaros
1274 574 1412 638 valde
1441 583 1670 636 patronos
1686 614 1701 638 ,

562 632 711 682 Roma
737 634 889 683 decus
913 632 1047 683 orbis
1071 637 1269 685 miserat
1307 637 1399 686 huc
1422 632 1637 696 pariter:

497 694 631 762 ngs
652 708 850 762 quoque
879 695 1100 762 [tabanus
1126 698 1319 762 humilis
1350 694 1803 762 sus'reperatrabbas
1823 739 1838 762 ,

562 756 780 805 Prasule
815 770 925 805 cum
950 758 1220 807 Humberto
1245 761 1340 808 rite
1360 756 1533 809 locavit
1566 768 1617 808 et
1639 761 1733 808 hic.

495 816 588 881 Hic
611 815 816 881 glagnus
842 827 1009 879 pausat
1033 826 1233 880 martyr,
1258 819 1511 869 Januasius
1533 829 1681 880 atque
1703 858 1717 881 ,

562 879 733 927 ttﬂicio
756 882 978 941 insignes
998 879 1185 941 ,_atqtte
1209 884 1364 930 sacris
1389 879 1611 930 meritis:

496 938 589 1004 Qui
614 953 724 1004 cum
753 938 983 1004 Pontiﬁce
1009 938 1195 1004 Christo
1216 954 1452 990 mucrone
1475 942 1717 1004 perempti

564 1000 770 1062 Levita,
798 1001 923 1051 caelo
955 1001 1268 1050 reddiderant
1292 1000 1489 1053 animas:

443 1081 532 1135 '59.
568 1081 739 1151 Igitur
765 1098 834 1137 ex
874 1097 938 1138 eo
969 1091 1209 1150 tempore
1239 1098 1348 1152 quo
1385 1097 1569 1137 eorum
1620 1098 1787 1138 sacrae
1825 1082 1952 1137 reli~

282 1182 305 1199 ι·
374 1171 512 1240 quia:
538 1171 609 1226 ibi
636 1173 866 1226 conditae
901 1181 1055 1237 sunt,
1104 1173 1281 1227 divina
1332 1189 1498 1242 usque
1544 1174 1702 1228 hodie
1744 1173 1956 1244 populis

373 1262 681 1331 praebentur
719 1263 999 1317 beneﬁcia.
1035 1262 1137 1316 Per
1176 1265 1445 1319 orationes
1478 1266 1622 1319 enim
1665 1273 1720 1318 et
1764 1265 1955 1319 merita

372 1366 559 1405 eorum
583 1352 789 1406 debiles
814 1363 869 1407 et
897 1352 1092 1407 infirmi
1119 1362 1397 1418 curantur,
1421 1363 1474 1408 et
1496 1355 1563 1408 ab
1583 1354 1817 1408 obsessis
1837 1370 1956 1408 cor-

376 1443 594 1511 poribus
624 1443 895 1499 dmmones
914 1443 1238 1515 cll‘ugantur,
1279 1462 1344 1500 ac
1377 1446 1679 1501 desiderata
1727 1447 1957 1502 ﬁdeliter

375 1534 653 1587 orantibus
692 1543 811 1588 vota
849 1543 1193 1603 praestantur.
1244 1535 1322 1590 Ex
1363 1537 1558 1607 quibus
1594 1551 1765 1605 pauca
1794 1538 1956 1591 mira-

375 1622 512 1686 cula,
550 1637 672 1691 quae
698 1623 766 1677 ab
792 1624 876 1677 his
904 1623 995 1693 qui
1022 1633 1314 1693 praesentes
1356 1634 1544 1691 erant,
1584 1634 1639 1683 et
1678 1642 1740 1681 ea
1779 1642 1838 1681 se
1873 1628 1955 1682 vi-

2056 475 2233 521 stante
2266 467 2581 524 Eburbardo
2606 473 2921 543 presbytero
2944 474 3097 542 juxta
3125 477 3315 542 altare,
3340 496 3404 533 ac
3433 481 3627 536 missas

2054 556 2379 612 celebrante.
2411 557 2650 630 Cumque
2697 579 2796 632 pro
2832 579 2893 618 ea
2938 565 3127 622 fuisset
3172 578 3417 633 oratum,
3452 572 3630 627 subito

2054 647 2389 703 immundum
2426 653 2607 706 nescio
2635 654 2763 722 quid
2811 671 2875 710 ac
2914 656 3137 712 fetidum
3176 661 3442 724 evomuit,
3487 663 3632 731 pari-

2053 748 2243 808 terque
2270 756 2392 796 cum
2415 744 2614 798 vomitu
2648 760 2866 815 egresso
2896 747 3158 803 damonio
3187 760 3377 805 curata
3406 760 3461 806 et
3487 766 3631 806 sana:

2053 834 2251 888 mentis
2278 832 2463 888 eliecta
2492 844 2593 899 est,
2622 836 2870 907 factaque
2894 850 3237 908 peccatorum
3263 858 3482 897 suorum
3503 859 3633 898 cou-

2054 921 2319 985 fessione,
2367 928 2602 994 gaudens
2636 937 2690 982 et
2716 928 2938 984 laudans
2964 931 3130 986 Deum
3177 949 3391 989 reversa
3436 944 3519 990 est
3565 935 3634 989 ad

2055 1014 2272 1068 domum
2304 1031 2479 1072 suam.

2124 1103 2214 1155 4'2.
2248 1104 2342 1158 V’ir
2365 1106 2580 1173 quidam
2611 1118 2731 1162 erat
2757 1110 2809 1164 in
2839 1111 3055 1179 regione
3077 1112 3186 1177 illa,
3206 1113 3515 1169 Freviricus
3540 1130 3633 1168 no-

2056 1193 2219 1255 mine,
2249 1194 2313 1246 de
2341 1195 2464 1248 villa
2496 1211 2615 1264 qua:
2638 1208 2863 1253 vocatur
2890 1201 3132 1271 Bettinga
3160 1219 3175 1267 ;
3216 1203 3370 1271 cujus
3407 1206 3597 1259 ancilla
3617 1245 3629 1266 .

2056 1284 2316 1338 vocabulo
2344 1284 2629 1350 Gersnind,
2659 1289 2836 1343 subito
2875 1292 3173 1355 obmutuit,
3204 1308 3269 1347 ac
3299 1309 3394 1362 per
3427 1301 3633 1364 septem

2057 1375 2341 1429 continuos
2384 1376 2499 1430 dies
2541 1386 2686 1431 muta
2735 1381 3067 1448 permansit;
3109 1391 3303 1435 octavo
3332 1393 3510 1435 autem
3551 1384 3637 1438 die

2059 1464 2124 1516 ad
2156 1464 2467 1518 memoriam
2496 1476 2797 1537 martyrum
2828 1469 3077 1533 adducta,
3105 1486 3203 1539 per
3229 1473 3418 1525 merita
3449 1488 3635 1526 eorum

2057 1552 2299 1620 pristina:
2331 1554 2576 1607 restituta
2612 1562 2696 1609 est
2726 1557 2965 1612 sanitati.
3001 1559 3135 1613 Nam
3164 1575 3287 1613 cum
3326 1561 3377 1615 in
3408 1562 3636 1616 ecclesia

2058 1641 2271 1710 publice
2304 1643 2592 1697 missarum
2620 1657 2906 1715 agerentur
2923 1648 3203 1713 solemnia,
3227 1660 3283 1704 et
3310 1650 3466 1705 lectio
3492 1652 3637 1721 lege-

537 1712 970 1806 ‘65‘9‘lsm't’3d
997 1715 1445 1806 ιηθξιηεμηριῖιίίιηι
1464 1715 1657 1771 “ueris
1680 1716 1952 1783 ἀθηοῑθῑθι
1983 1731 2029 1789 Β
2058 1740 2206 1786 retur
2240 1732 2536 1803 Evangelii,
2559 1712 2827 1791 stantibus
2847 1739 3097 1793 omnibus
3115 1737 3267 1806 juxta
3290 1755 3493 1794 morem
3515 1712 3637 1794 cum

373 1804 613 1858 breviter
640 1804 891 1858 intimare
919 1805 1125 1858 curavi.
1158 1803 1294 1859 Villa
1326 1814 1409 1860 est
1442 1807 1509 1861 ab
1531 1822 1596 1862 eo
1625 1808 1956 1861 monasterio

374 1895 622 1965 passibus
649 1895 797 1950 mille
822 1896 1031 1950 distans
1061 1896 1128 1950 ad
1156 1895 1432 1951 Meridiem
1452 1938 1466 1962 ,
1498 1898 1716 1952 nomine
1753 1896 1957 1952 Gundi-

376 1989 632 2052 cbenbus,
669 2001 738 2041 ex
770 2003 876 2058 qua
915 1988 1110 2042 mulier
1133 1989 1378 2058 quaedam
1410 1990 1625 2045 nomine
1658 1988 1950 2059 Adalburg,

377 2093 497 2132 cum
523 2079 752 2133 sedisset
778 2080 845 2134 ad
882 2094 1126 2134 mensam
1153 2096 1279 2136 cum
1307 2081 1505 2137 marito
1532 2097 1662 2147 suo,
1690 2089 1749 2136 ut
1773 2082 1954 2137 cibum

375 2180 623 2240 caperet,
648 2171 827 2225 subita
856 2173 1225 2227 contractione
1263 2188 1552 2227 nervorum
1593 2174 1666 2228 ita
1691 2174 1951 2245 deriguit,

375 2272 434 2316 ut
473 2263 743 2333 unguibus
787 2263 840 2316 in
877 2263 1111 2333 palmam
1137 2264 1329 2319 defixis
1360 2280 1696 2335 nequaquam
1726 2265 1953 2334 digitum

375 2370 404 2407 ι
427 2355 593 2423 digito
619 2354 885 2423 potuisset
913 2355 1204 2425 explicare.
1242 2356 1393 2422 Quod
1432 2372 1662 2412 cernens
1699 2355 1816 2427 ejus
1841 2372 1954 2411 ma-

376 2446 524 2509 ritus,
551 2456 756 2514 quanta
780 2447 955 2515 potuit
981 2445 1274 2512 celeritate,
1306 2448 1617 2516 praedictam
1662 2448 1729 2502 ad
1770 2462 1952 2502 mona-

372 2539 592 2593 sterium
628 2540 961 2609 presbyteris
993 2547 1047 2593 et
1084 2537 1339 2594 fratribus
1364 2540 1465 2595 loci
1496 2540 1639 2594 illius
1662 2548 1953 2609 praisenta-

374 2631 466 2694 vit,
492 2631 803 2700 supplicans
833 2640 890 2684 ut
918 2646 1017 2700 pro
1037 2632 1266 2686 sanitate
1296 2631 1437 2685 illius
1463 2632 1697 2686 divinam
1720 2632 1953 2686 clemen-

377 2721 500 2774 tiam
543 2730 916 2790 precarentur.
969 2721 1138 2775 Ducta
1187 2730 1271 2775 est
1318 2721 1481 2791 igitur
1522 2723 1590 2777 ad
1633 2723 1952 2777 memoriam

376 2823 689 2884 martyrum,
733 2812 1098 2883 fratribusque
1139 2813 1525 2883 vespertinum
1555 2814 1952 2870 celebrantibus

371 2902 634 2966 oliieium,
661 2912 718 2957 et
749 2903 841 2956 illa
889 2918 1073 2958 coram
1119 2903 1277 2957 altari
1325 2910 1594 2971 prostrata
1640 2912 1695 2959 et
1739 2912 1949 2970 orante,

371 2997 586 3050 dextera
616 2996 664 3050 ei
706 3011 901 3050 manus
944 2998 1188 3052 restituta
1227 3005 1344 3062 est;
1389 2997 1559 3051 altera
1603 3007 1783 3052 autem
1828 2997 1947 3055 die.

2058 1821 2273 1877 silentio
2302 1832 2358 1878 et
2386 1825 2685 1879 reverentia
2704 1866 2719 1890 ,
2764 1826 2852 1880 illa
2899 1838 3117 1896 repente
3143 1830 3296 1899 quasi
3324 1830 3372 1884 vi
3404 1832 3635 1900 quadam

2057 1922 2176 1967 acta
2203 1914 2381 1983 erupit
2417 1914 2469 1968 in
2500 1930 2708 1981 vocem,
2751 1926 2805 1970 et
2851 1916 3015 1987 Kyrie
3056 1917 3247 1973 eleison
3280 1934 3463 1973 coram
3489 1921 3635 1973 ouini

2055 2002 2251 2073 populo
2281 2004 2622 2069 exclamavit,
2654 2020 2717 2059 ac
2743 2006 2822 2060 sic
2850 2022 2945 2075 per
2968 2008 3219 2062 virtutem
3243 2008 3337 2062 Dei
3365 2017 3419 2062 et
3447 2010 3637 2062 merita

2056 2105 2365 2150 sanctorum
2397 2105 2693 2167 martyrum
2736 2108 2947 2168 recepta
2990 2099 3258 2154 locutione
3297 2100 3514 2154 domum
3552 2116 3639 2154 re-

2055 2202 2212 2242 versa
2235 2195 2338 2241 est.

2124 2275 2214 2330 4'5.
2245 2277 2370 2332 Dies
2394 2285 2512 2331 erat
2548 2277 2823 2332 natalitius
2855 2286 3165 2334 sanctorum
3207 2287 3508 2349 martyrum
3534 2276 3629 2331 Ja-

2054 2369 2229 2423 nuarii
2261 2376 2314 2422 et
2341 2368 2516 2440 Magni
2545 2387 2556 2423 :
2589 2378 2918 2439 praeceptum
2938 2379 3022 2424 est
3048 2371 3299 2424 omnibus
3325 2370 3389 2423 ad
3412 2369 3501 2439 jus
3526 2386 3640 2423 mo-

2055 2460 2277 2515 nasterii
2317 2460 2462 2514 illius
2498 2461 2926 2530 pertinentibus,
2962 2461 3093 2515 viris
3126 2477 3190 2515 ac
3216 2460 3551 2524 mulieribus,
3582 2471 3641 2515 ut

2054 2568 2119 2607 ea
2148 2553 2235 2606 die
2277 2569 2307 2606 a
2346 2552 2512 2607 rnrali
2556 2568 2620 2607 ac
2661 2553 2841 2607 servili
2886 2568 3051 2622 opere
3078 2562 3355 2617 vacarent,
3389 2554 3640 2622 diemque

2055 2642 2250 2697 festum
2295 2643 2556 2697 dicarent.
2596 2642 2833 2710 Contigit
2875 2644 2927 2695 in
2975 2643 3100 2695 villa
3146 2643 3410 2710 quadam,
3447 2658 3566 2712 quae
3606 2658 3637 2697 a

2056 2730 2304 2785 Schlavis
2346 2728 2452 2801 [Αι.
2475 2771 2490 2796 ,
2529 2730 2779 2801 Schavis]
2822 2730 3141 2785 ChriStianis
3167 2730 3541 2797 habitabatur,
3578 2741 3640 2786 ut

2055 2837 2192 2876 imus
2213 2837 2418 2885 eorum,
2450 2820 2849 2891 parvipendens
2874 2820 3134 2875 honorem
3157 2831 3489 2887 sanctorum,
3515 2836 3639 2875 cum

2054 2912 2167 2967 suis
2190 2912 2364 2966 exiret
2391 2912 2444 2965 in
2476 2927 2686 2983 agrum,
2707 2918 3022 2981 metensque
3048 2920 3283 2981 segetem
3308 2919 3361 2966 et
3383 2926 3636 2974 messem.

2054 3010 2410 3074 congregaret
2434 3002 2486 3056 in
2511 3016 2755 3067 acervos,
2783 3002 2994 3058 caeteris
3016 3003 3284 3057 solemnes
3313 2999 3478 3056 ferias
3500 3002 3639 3056 cele-

371 3088 511 3141 τίκα
540 3087 731 3142 horam
760 3088 999 3153 leniam,
1031 3097 1243 3158 τθοερω
1283 3088 1448 3143 etiam
1488 3089 1719 3144 Sinistra:
1759 3104 1953 3143 manus
1979 3093 2023 3152 C
2057 3094 2357 3149 brantibus.
2403 3093 2612 3147 Interea
2652 3092 2815 3163 igitur
2849 3107 2944 3147 aer
2985 3092 3334 3147 densissimas
3375 3091 3545 3146 crevit
3584 3092 3637 3144 in

372 3178 620 3241 sanitate,
649 3194 775 3232 cum
800 3178 995 3247 gaudio
1023 3179 1279 3232 remeavit
1311 3176 1375 3232 ad
1403 3179 1640 3248 propria.

440 3268 523 3321 40.
555 3269 742 3323 Altera
773 3284 988 3339 quoque
1012 3270 1131 3323 villa
1162 3279 1245 3324 est
1269 3270 1430 3323 etiam
1459 3286 1563 3323 non
1598 3269 1750 3340 longe
1774 3270 1840 3323 ab
1862 3284 1953 3323 eo-

374 3358 491 3412 dem
516 3359 875 3425 monasterio,
900 3360 1113 3413 nomine
1136 3359 1381 3425 Hohbus,
1407 3360 1459 3413 in
1483 3376 1585 3429 qua
1614 3360 1786 3429 puclla
1808 3376 1951 3429 qua:-

373 3450 511 3512 dam,
541 3464 666 3503 cum
696 3457 868 3504 staret
907 3449 975 3503 ad
1014 3450 1304 3505 textrinum
1347 3466 1511 3519 opus,
1543 3450 1824 3505 subitaneo
1853 3451 1953 3504 im-

369 3549 493 3608 petu
518 3540 744 3609 spiritus
771 3539 990 3610 maligni
1012 3548 1251 3608 arrepta,
1282 3541 1636 3609 manibusque
1657 3540 1954 3595 contractis

370 3632 574 3687 inutilis
600 3631 792 3687 effecta
821 3641 924 3687 est.
955 3633 1197 3701 Cumque
1240 3649 1337 3702 per
1380 3633 1663 3687 continuos
1702 3641 1813 3687 tres
1839 3633 1953 3687 dies

368 3739 431 3777 ac
462 3733 574 3776 tres
614 3732 802 3777 noctes
845 3732 1080 3777 aestuans
1112 3732 1166 3776 ct
1194 3722 1523 3787 vociferans,
1556 3723 1723 3778 multa
1771 3724 1951 3795 ignota

367 3814 525 3883 quasi
553 3813 766 3881 cognita
790 3813 1128 3880 loqueretur;
1166 3821 1406 3866 sanctam
1432 3812 1769 3867 Gerdrudam
1802 3826 1828 3853 ιι
1859 3830 1954 3883 ap—

366 3902 634 3977 pellabat,
668 3905 1005 3974 aliorumque
1046 3914 1356 3960 sanctorum
1397 3905 1613 3960 nomina
1648 3905 1951 3975 praclarum

368 3995 497 4052 bat:
539 3998 681 4052 inter
723 4005 918 4051 ctetera
962 4010 1174 4066 quoque
1218 3994 1521 4051 aliirmabat
1562 3996 1784 4049 Luciam
1824 3996 1850 4035 δ
1886 3996 1952 4050 de

366 4088 521 4143 eutlis
541 4088 957 4143 descendentem
986 4103 1044 4142 se
1068 4088 1360 4143 admonere
1384 4096 1443 4141 ut
1482 4087 1551 4142 ad
1580 4094 1826 4141 sanctum
1862 4084 1953 4141 Ja-

367 4182 616 4235 nuarium
644 4180 1003 4252 Magnumque
1022 4191 1291 4252 martyres
1312 4187 1646 4251 properaret,
1668 4178 1953 4248 aiebatque

368 4288 424 4327 se
449 4273 735 4343 przedictos
763 4281 982 4328 sanctos
1008 4273 1209 4339 videre,
1248 4281 1303 4327 et
1330 4286 1499 4342 usque
1536 4271 1604 4326 ad
1646 4270 1821 4325 locum
1860 4270 1952 4325 ubi

369 4362 715 4430 requiescunt
757 4362 1075 4417 nominatim
1114 4364 1440 4432 exprimens,
1480 4362 1560 4416 ire
1588 4362 1947 4417 desiderabat.

369 4453 486 4522 Quo
514 4470 639 4508 cum
667 4453 856 4510 fuisset
898 4470 928 4508 a
969 4456 1285 4524 parentibus
1329 4455 1588 4519 adducta,
1619 4453 1951 4523 presbyteris

369 4562 433 4601 ac
460 4547 737 4602 monachis
775 4548 878 4603 loci
908 4548 1050 4603 illius
1090 4549 1275 4604 eadem
1315 4563 1380 4602 ex
1421 4547 1607 4602 ordine
1649 4545 1947 4616 replicavit.

371 4637 529 4692 Pater
555 4645 734 4692 autem
763 4638 952 4708 puella:
990 4647 1099 4694 tres
1141 4639 1389 4694 denarios
1430 4654 1593 4708 super
1616 4643 1950 4692 contractam

372 4730 494 4787 lilia:
528 4746 639 4786 suae
667 4746 885 4785 manum
915 4731 1141 4800 positos,
1172 4731 1395 4785 dextera
1425 4745 1522 4784 sua
1558 4743 1776 4783 manum
1808 4727 1951 4781 illius

372 4820 438 4874 ad
480 4818 650 4874 altare
689 4835 811 4875 cum
858 4834 1082 4874 munere
1109 4820 1387 4888 porrexit:
1427 4819 1567 4886 quod
1598 4833 1717 4872 cum
1744 4815 1947 4871 factum

372 4910 584 4976 fuisset,
616 4928 739 4967 mox
764 4912 963 4966 mirum
990 4913 1044 4966 in
1071 4911 1286 4966 modum
1313 4927 1411 4982 per
1438 4911 1710 4966 orationes
1738 4919 1951 4966 sancto-

373 5017 513 5064 rum,
541 5001 595 5054 in
621 5017 727 5055 uno
753 5003 1049 5070 eodemque
1076 5011 1349 5056 momento
1373 5010 1426 5055 et
1457 5001 1658 5056 denarii
1688 5015 1851 5069 super
1873 5001 1951 5054 al-

374 5101 491 5145 tare
517 5092 846 5157 ceciderunt,
877 5101 930 5146 et
959 5093 1148 5162 puella:
1180 5093 1388 5160 integra
1433 5091 1630 5146 mentis
1660 5106 1723 5145 ac
1762 5107 1952 5145 manus

376 5182 578 5237 sanitas
608 5182 856 5237 restituta
890 5192 992 5237 est.
1244 5175 1275 5204 ί

445 5274 531 5329 41.
562 5275 691 5329 Erat
712 5277 879 5331 etiam
907 5276 1014 5331 illis
1038 5276 1366 5346 temporibus
1391 5276 1585 5330 mulier
1621 5275 1865 5345 quaedam
1895 5276 1951 5329 in

376 5366 498 5420 villa
516 5382 635 5437 qua:
654 5367 856 5423 dicitur
878 5367 1127 5431 Erlahab,
1152 5368 1359 5421 distans
1381 5384 1409 5421 a
1435 5364 1761 5420 monasterio
1786 5363 1952 5419 leucis

377 5457 676 5523 duodecim,
703 5474 826 5528 qua:
852 5473 949 5528 per
985 5457 1168 5512 decem
1206 5473 1377 5512 annos
1403 5457 1656 5512 continua
1691 5454 1956 5509 immundi

375 5547 591 5615 Spiritus
612 5548 901 5603 vexatione
928 5546 1223 5603 laborabat.
1248 5546 1394 5601 lianc
1418 5556 1672 5616 parentes
1697 5546 1779 5600 sui
1799 5545 1954 5615 plena

447 5674 470 5702 ³
500 5661 768 5718 Nimirum
796 5661 1114 5728 Carleburgi
1144 5662 1462 5716 honoratam
1500 5662 1560 5716 l7
1592 5662 1783 5717 Martii.
1817 5666 1949 5720 .‘iltn.

2054 3184 2243 3249 nubes,
2259 3191 2314 3237 et
2336 3190 2626 3251 tempestas
2646 3196 2786 3236 θωνα
2807 3190 2993 3236 exorta
3021 3190 3123 3246 est,
3150 3180 3360 3250 fulgura
3385 3181 3637 3248 ventique

2055 3275 2407 3329 vehementer
2434 3272 2672 3341 undique
2702 3271 3045 3335 ferebantur,
3085 3272 3483 3325 coruscationes
3507 3285 3639 3338 quo-

2055 3378 2159 3433 que
2178 3362 2332 3417 valde
2356 3361 2644 3426 terribiles,
2662 3370 2716 3415 et
2738 3359 2949 3429 fulgura
2971 3360 3327 3415 discurrentia
3353 3359 3636 3413 horrorem

2055 3445 2281 3509 nimium
2319 3452 2640 3508 mortalibus
2687 3453 3041 3521 ingerebant;
3084 3450 3392 3520 factumque
3437 3451 3639 3521 grande

2054 3542 2396 3607 miraculum,
2437 3541 2665 3595 Domino
2692 3541 3036 3596 discernente
3071 3541 3211 3595 inter
3234 3549 3556 3595 venerantes
3584 3549 3638 3595 et

2055 3634 2192 3690 festa
2239 3642 2551 3689 sanctorum
2598 3631 2715 3702 ejus
2761 3641 3185 3687 contemnentes.
3240 3631 3440 3687 Omnes
3492 3632 3635 3687 enim

2054 3722 2233 3777 acervi
2267 3721 2482 3793 frugum
2505 3738 2642 3792 quos
2670 3722 2837 3776 miser
2865 3722 2953 3776 ille
2976 3737 3038 3775 ea
3067 3721 3153 3775 die
3181 3736 3388 3776 messos
3417 3736 3638 3791 conges-

2054 3823 2202 3870 serat
2229 3815 2438 3870 cmlesti
2471 3814 2592 3886 igne
2629 3814 2931 3882 consumpti
2964 3818 3109 3878 sunt,
3153 3813 3362 3867 caeteris
3395 3828 3531 3880 quos
3552 3811 3637 3865 vel

2054 3908 2185 3978 ipse,
2218 3906 2304 3975 uel
2334 3906 2583 3961 concives
2606 3905 2721 3974 eius
2742 3905 2917 3975 pridie
2947 3911 3286 3959 messuerant
3310 3904 3491 3957 illresis
3519 3919 3641 3971 per-

2056 3997 2438 4061 manentihus;
2482 4003 2769 4065 tantusque
2792 3996 2956 4049 timor
2978 4010 3041 4055 ex
3069 3995 3169 4048 hoc
3200 4008 3388 4047 omnes
3407 3992 3641 4062 perculit

2056 4088 2109 4141 in
2134 4088 2386 4151 circuitu,
2420 4095 2477 4141 ut
2502 4087 2756 4155 deinceps
2786 4085 2922 4139 festa
2959 4093 3266 4139 sanctorum
3302 4098 3510 4138 summa
3552 4097 3641 4137 co-

2052 4178 2226 4233 lerent
2251 4177 2569 4232 reverentia.
3174 4252 3180 4256 -

2121 4266 2211 4320 44.
2261 4265 2499 4336 Contigit
2544 4265 2708 4318 etiam
2752 4265 2804 4318 in
2855 4264 2940 4318 die
2981 4262 3338 4318 solemnitatis
3366 4270 3426 4315 ut
3461 4262 3636 4331 puclla

2051 4359 2297 4429 quaedam
2325 4359 2392 4414 de
2415 4358 2540 4413 villa
2570 4356 2978 4422 Munbrunnosi,
3011 4356 3228 4409 nomine
3273 4354 3454 4409 Sclina
3474 4395 3489 4419 ,
3530 4355 3636 4408 tilia

1978 4437 2029 4497 Ι)
2056 4450 2363 4516 Bernalahi,
2406 4450 2471 4505 de
2504 4448 2817 4520 quotidiana
2851 4449 3133 4502 vexatione
3172 4446 3391 4515 maligni
3418 4446 3639 4516 spiritus

2060 4550 2167 4596 tam
2193 4540 2432 4611 perfecte
2456 4548 2763 4604 sanarctur,
2787 4548 2846 4594 ut
2873 4541 2938 4593 ab
2964 4555 3027 4595 ea
3050 4538 3137 4593 die
3163 4553 3392 4607 nequam
3417 4538 3641 4606 spiritus

2057 4647 2330 4699 nunquam
2355 4645 2475 4685 eam
2510 4630 2807 4684 invaderet.
2849 4629 3068 4683 Talibus
3104 4628 3322 4696 quidem
3364 4629 3640 4683 miraculis

2056 4734 2112 4779 et
2165 4727 2286 4782 aliis
2337 4725 2853 4790 innumerabilibus,
2904 4741 3023 4795 quae
3066 4726 3315 4780 brevitati
3361 4725 3641 4780 studentes

2055 4816 2375 4880 omittimus,
2408 4815 2671 4870 Dominus
2702 4823 2886 4870 noster
2912 4815 3069 4870 Jcsus
3092 4814 3341 4871 Christus
3362 4816 3640 4870 declarare

2057 4905 2308 4975 dignatus
2345 4913 2429 4959 est
2462 4906 2656 4959 merita
2686 4913 2996 4960 sanctorum
3041 4921 3265 4960 suorum
3308 4905 3548 4960 Januarii
3585 4912 3640 4957 et

2059 4995 2257 5065 Magni,
2287 5010 2516 5064 quorum
2560 5010 2683 5050 ossa
2723 4996 2912 5051 ordine
2951 5011 3112 5067 supra
3137 4998 3259 5051 licto
3300 4997 3557 5049 translata
3585 5001 3639 5046 et

2059 5086 2271 5141 condita
2305 5102 2426 5140 esse
2455 5094 2684 5140 constat.
2724 5087 3056 5141 Caeterorum
3088 5103 3213 5141 vero
3250 5101 3477 5155 corpora
3508 5100 3635 5138 san-

2059 5189 2291 5244 ctorum,
2322 5194 2441 5247 quze
2473 5176 2556 5230 vel
2590 5177 2779 5231 eodem
2812 5195 2919 5247 quo
2963 5179 3046 5231 isti
3073 5219 3086 5241 ,
3119 5177 3201 5230 vel
3229 5175 3333 5229 alio
3360 5183 3635 5242 tempore,

2060 5268 2289 5323 adducta
2320 5274 2464 5330 sunt,
2492 5283 2600 5336 quo
2630 5268 2886 5322 translata
2922 5276 2977 5322 et
3004 5266 3215 5322 condita
3243 5273 3367 5318 sunt
3387 5261 3541 5330 juxta
3577 5264 3637 5316 li-

2060 5363 2178 5416 dem
2202 5369 2474 5431 gestorum
2502 5361 2807 5416 declarabo.

2129 5462 2219 5517 45.
2251 5462 2427 5518 Locus
2454 5470 2539 5517 est
2581 5478 2611 5516 a
2655 5461 2980 5516 monasterio
3004 5456 3254 5512 Fuldeusi
3281 5456 3465 5510 decem
3493 5463 3545 5508 et
3571 5468 3636 5509 eo

2061 5554 2289 5624 amplius
2310 5553 2478 5608 leucis
2505 5552 2714 5607 distans
2735 5592 2748 5615 ,
2791 5550 2856 5605 ad
2900 5550 3157 5611 Boream,
3191 5548 3407 5601 nomine
3438 5546 3634 5600 Rathe-

2132 5663 2158 5702 δ
2192 5660 2400 5716 Colitur
2433 5661 2493 5714 l5
2522 5660 2851 5717 Decembris.
2884 5658 3044 5713 BOLL.
