4012 6202
336 244 406 300 63
1470 238 1557 292 AD
1593 235 1821 293 OPERA
1854 234 1913 288 Β.
1956 231 2208 288 RABANI
2246 232 2464 315 MAUR‘I
2624 282 2627 285 .
3516 228 3586 285 64

337 354 565 423 sthorph
593 365 643 417 ι,
667 367 698 406 a
726 350 1004 406 monachis
1021 348 1239 418 quidem
1260 347 1550 411 habitatus,
1580 345 1673 400 sed
1694 344 1760 399 ad
1780 358 1912 414 prm-
1940 344 1988 402 A
2013 348 2241 411 utraque
2267 348 2421 411 parte
2463 340 2731 406 versibus,
2773 338 2864 410 qui
2903 345 3066 412 gesta:
3099 339 3177 394 rei
3207 340 3450 396 ordinem
3492 343 3586 397 de—

338 445 507 499 fatum
529 441 914 497 monasterium
934 456 999 495 eo
1022 449 1260 508 tempore
1277 438 1344 492 ad
1365 438 1644 492 Rabanum
1666 436 1910 490 abbatem

341 532 773 602 pertinentibus:
815 531 869 585 in
914 545 1020 598 quo
1064 528 1344 597 pulchram
1388 536 1444 583 et
1487 527 1680 581 divinis
1725 526 1914 580 ofﬁciis

340 629 723 690 congruentem
758 620 973 675 noviter
1006 618 1274 673 exstruxit
1297 618 1611 682 ecclesiam,
1645 631 1804 686 quam
1831 616 1916 686 pi-

344 711 510 765 cturis
537 719 592 764 et
628 708 962 764 diversorum
992 710 1254 763 varietate
1290 706 1629 763 metallorum
1661 707 1917 760 decenter

342 800 573 866 ornavit,
606 800 863 854 altaribus
883 808 938 852 et
963 797 1216 853 crucibus
1245 811 1375 851 auro
1412 804 1740 866 argentoque
1768 809 1921 865 para-

345 890 417 945 tis
445 889 695 957 vasisque
725 888 923 943 diversi
952 887 1163 958 generis
1180 928 1194 951 ,
1234 901 1355 955 qnze
1381 887 1593 941 divinus
1617 885 1795 939 cultus
1823 899 1920 939 ex-

344 982 542 1051 poscit,
575 988 933 1050 congruenter
957 979 1230 1034 adhibitis.
1260 978 1315 1032 ln
1343 992 1505 1047 quam
1534 992 1656 1032 cum
1684 976 1919 1031 auctori-

349 1081 459 1128 tate
486 1073 781 1136 Humberti,
805 1072 895 1141 qui
922 1069 1234 1126 llerilolfum
1255 1071 1630 1139 presbyterum
1655 1067 1782 1123 illuc
1803 1068 1919 1123 vice

348 1182 447 1222 sua
478 1166 717 1231 miserat,
744 1179 868 1219 ossa
896 1166 1065 1219 beata;
1092 1162 1321 1218 Caecilia:
1339 1162 1584 1231 virginis,
1618 1170 1673 1215 et
1708 1168 1921 1214 sancto-

348 1271 468 1310 rum
492 1264 787 1325 martyrum
820 1253 1048 1308 Tiburtii
1070 1261 1124 1305 et
1150 1250 1422 1306 Valeriani
1447 1249 1649 1314 intulit,
1679 1257 1842 1317 atque
1862 1248 1920 1302 in

347 1345 683 1414 sarcophago
705 1350 1008 1413 saxeovpost
1032 1342 1205 1397 altare
1225 1341 1424 1411 posuit,
1439 1340 1772 1410 singulorum
1786 1339 1923 1395 ussi-

349 1435 452 1491 bus
476 1437 530 1490 in
555 1435 744 1491 loculis
771 1435 997 1507 singulis
1031 1450 1273 1490 seorsum
1304 1436 1554 1500 conditis,
1583 1442 1925 1504 erectamque

350 1522 600 1593 desuper,
632 1534 689 1578 ut
717 1525 766 1579 ei
793 1525 960 1580 moris
980 1534 1119 1591 erat,
1147 1524 1380 1596 ligneam
1412 1526 1650 1579 tumbam
1677 1539 1809 1581 auro
1828 1540 1925 1594 pa-

351 1613 491 1666 ravit
518 1621 572 1667 et
595 1622 836 1685 argento.
877 1614 1112 1669 Titulum
1155 1628 1369 1684 quoque
1414 1615 1491 1669 rei
1533 1623 1696 1686 gestae
1725 1618 1920 1671 seriem

2013 430 2301 496 clarurent,
2333 432 2436 486 hoc
2461 431 2623 487 modo
2653 449 2668 486 :

2135 537 2228 589 Hic
2251 539 2386 589 locus
2402 552 2521 590 ecce
2545 544 2685 590 tenet
2704 546 2980 589 sanctorum
2999 541 3186 591 condita
3211 545 3308 593 rite

2198 599 2346 662 Ossa,
2363 600 2506 662 simul
2529 613 2825 662 memorans,
2851 607 2904 651 et
2928 603 3006 662 pia
3030 603 3152 653 facta
3174 602 3310 655 colit.

2137 659 2294 724 later
2315 660 2559 724 Felicitas,
2581 669 2744 711 sancta
2768 659 2822 711 et
2843 659 3125 724 Concordia,
3146 667 3311 714 nutrix

2202 720 2464 794 Hippolyti,
2484 720 2564 794 hic
2584 722 3044 794 pausant,_Candida
3063 720 3386 794 et_Eutr0pia_.

2139 781 2275 851 Pauli
2300 781 2467 851 itatjue
2485 781 2668 851 hospes
2707 781 2877 845 Aquila
2888 785 2993 851 _hic_
3004 823 3031 851 ,_
3041 794 3093 834 et
3115 781 3553 849 Prisea'quieseunt
3575 827 3590 851 ,

2202 842 2426 905 Eugenia
2450 843 2528 892 hic
2549 842 2691 905 virgo
2715 842 2865 905 amne
2888 842 3064 895 Basilla
3097 854 3311 897 manent.

2140 904 2359 969 Virginis
2378 904 2585 969 Agnetis
2603 904 2683 969 hic
2705 904 3002 955 collactanea
3024 908 3154 959 sistit
3175 945 3190 969 ,

2206 965 2395 1027 Nempe
2427 965 2795 1030 Emerentlana,
2822 973 2998 1029 martyr
3024 973 3077 1018 et
3099 965 3202 1030 ipsa
3221 981 3374 1018 sacra.

2090 1070 2178 1125 47.
2205 1070 2502 1124 Transtulit
2525 1086 2738 1141 quoque
2763 1071 2951 1127 eadem
2990 1072 3077 1128 die
3106 1087 3232 1128 ossa
3262 1074 3432 1128 beatae
3460 1075 3599 1130 Leu-

2020 1163 2103 1217 ba:
2131 1160 2150 1200 ί
2178 1161 2421 1232 virginis,
2448 1162 2601 1232 cujus
2633 1163 2811 1217 Vitam
2841 1173 3003 1233 atque
3032 1174 3181 1235 gesta
3220 1166 3367 1221 brevi
3396 1168 3597 1223 dudum

2020 1250 2201 1306 libello
2230 1251 2642 1320 comprehendi;
2680 1259 2734 1305 et
2760 1252 2939 1323 posuit
2965 1268 3024 1307 ea
3053 1253 3105 1306 in
3138 1265 3323 1324 crypta
3358 1253 3598 1322 ejusdem

2020 1343 2261 1400 ecelesim
2309 1351 2429 1414 post
2454 1342 2645 1408 altare,
2692 1342 2745 1396 in
2774 1343 3032 1399 honorem
3078 1353 3280 1399 sanctae
3306 1345 3401 1401 Dei
3432 1346 3598 1402 Geni-

2022 1432 2194 1496 tricis,
2245 1443 2665 1503 sanctarumque
2710 1432 2978 1504 virginum
3021 1432 3222 1489 Christi
3271 1436 3600 1502 dedicatum,

2025 1523 2079 1577 in
2105 1538 2229 1577 arca
2263 1539 2448 1588 saxea,
2493 1538 2658 1593 quam
2698 1523 2860 1577 etiam
2892 1522 3035 1593 ligno
3066 1524 3453 1580 circumdatam
3484 1528 3603 1582 auri

2029 1614 2342 1685 argentique
2369 1613 2585 1668 metallo
2612 1613 2866 1669 decenter
2884 1613 3116 1667 ornavit.

353 1680 740 1767 declarantem,
767 1704 993 1759 metrico
1018 1680 1257 1759 carmine
1283 1680 1686 1777 compositum,
1726 1705 1920 1762 litteris
1951 1680 1996 1739 Β
2090 1680 2179 1782 λδ,
2207 1680 2462 1796 δξηηεηιί
2491 1734 2669 1781 autem
2696 1726 2782 1781 die
2810 1741 2909 1795 per
2936 1742 3153 1780 manum
3173 1727 3415 1797 praedicti
3439 1727 3608 1781 οιιοιιη

353 1794 630 1852 deauratis
656 1797 709 1851 in
736 1797 962 1852 circuitu
989 1798 1330 1868 conscripsit,
1359 1797 1412 1852 in
1442 1798 1584 1853 hunc
1612 1798 1827 1853 modum
1853 1818 1865 1853 :

480 1910 739 1973 Postquam
765 1909 867 1960 Rex
895 1922 1067 1973 regum
1087 1911 1304 1962 Christus
1323 1923 1472 1972 super
1490 1910 1675 1960 aethera
1699 1910 1828 1961 celsa

544 1971 710 2021 Victor
730 1971 1034 2031 conscendit,
1059 1973 1245 2021 arbiter
1269 1971 1576 2033 omnipotens
1593 2009 1607 2031 ,

481 2034 746 2095 Serrorum
785 2034 977 2095 turbam
999 2033 1080 2082 hic
1102 2034 1257 2095 liquit,
1281 2033 1574 2095 plebemque
1597 2033 1792 2085 ﬁdelem

545 2094 638 2153 Qui
664 2095 815 2144 verbo
838 2102 891 2142 et
914 2094 1049 2144 factis
1074 2094 1271 2156 plurima
1294 2095 1422 2144 lucra
1442 2094 1631 2145 darent.

486 2155 625 2219 Inter
648 2168 770 2218 quos
793 2156 874 2219 isti
897 2193 913 2219 ,_
938 2155 1143 2219 quorum
1166 2157 1242 2219 hic
1261 2157 1483 2206 membra
1503 2159 1763 2219 quiescunt
1781 2194 1797 2218 ,

551 2216 790 2266 Virtutum
809 2216 962 2266 titulis
984 2218 1153 2267 eximii
1176 2217 1391 2268 fuerant.

485 2279 547 2328 Ili
571 2292 789 2340 pompam
812 2280 976 2340 mundi
997 2285 1311 2339 spernentes,
1336 2284 1430 2328 rite
1454 2280 1691 2330 tenebant

549 2339 760 2402 Martyrii
780 2339 983 2402 palmam
1003 2341 1380 2402 virgineumque
1413 2343 1583 2402 decus.

489 2401 717 2463 Germani
742 2412 859 2450 ecce
885 2401 981 2463 duo
1000 2401 1078 2449 hic
1098 2409 1323 2463 pausaut,
1345 2415 1467 2463 quos
1492 2401 1638 2463 Virgo
1662 2403 1804 2453 beata

551 2461 752 2511 Lucr-ala
776 2467 854 2511 est
875 2462 1063 2511 Christo
1084 2461 1310 2513 donmate
1334 2461 1541 2513 Caecilia.

490 2522 781 2584 Valerianus
802 2522 940 2571 adest
968 2536 1112 2584 unus,
1150 2522 1399 2573 Tiburtius
1422 2527 1564 2581 alter,

553 2583 757 2633 Nomine
782 2584 1063 2646 praeclarus,
1086 2583 1261 2633 clarior
1287 2594 1336 2635 et
1362 2587 1569 2635 meritis.

490 2644 589 2695 llas
609 2652 710 2695 tres
736 2644 967 2708 personas
996 2645 1211 2708 Romana
1237 2659 1299 2694 ex
1327 2658 1438 2708 arce
1463 2650 1687 2694 meantes

552 2705 778 2769 Suscepit
801 2705 985 2768 Raban,
1011 2707 1363 2769 Christe,_tuus
1382 2706 1589 2755 famulus
1611 2743 1625 2763 ,

488 2767 822 2830 Patronosque
844 2769 936 2831 sibi
961 2767 1345 2831 exoptanstieri,
1366 2778 1472 2831 arte
1492 2771 1718 2831 magistra

548 2828 753 2882 Ornavit
770 2828 1021 2889 tumulum,
1046 2828 1254 2879 condidit
1279 2828 1337 2880 et
1353 2830 1563 2880 titulum.

431 2935 520 2990 46.
549 2934 857 2990 Εάίὓωνίι
881 2934 1046 2988 etiam
1075 2934 1360 2989 ecclesiam
1389 2935 1544 2991 valde
1587 2936 1936 3005 conspicuam

361 3027 418 3082 in
451 3034 634 3082 monte
675 3024 910 3091 excelso,
956 3026 1237 3081 duodecim
1269 3026 1383 3082 fere
1421 3027 1609 3083 stadiis
1637 3029 1705 3084 ad
1748 3028 1935 3084 Orien-

364 3126 473 3173 tem
504 3133 534 3172 a
581 3133 680 3173 suo
718 3118 1044 3174 monasterio
1086 3118 1375 3175 distantem
1430 3136 1442 3170 :
1487 3135 1653 3189 quam
1701 3136 1824 3176 cum
1869 3137 1937 3177 ex

361 3214 632 3283 prmcepto
680 3205 884 3280 Otgarii
943 3208 1333 3279 archiepiscopi
1388 3224 1485 3280 per
1545 3209 1936 3279 Reginbaldum

365 3298 808 3369 chorepiscopum
838 3299 953 3369 ejus
984 3299 1037 3355 in
1075 3300 1335 3355 honorem
1360 3301 1640 3357 beatorum
1672 3303 1938 3372 apostolo-

363 3388 562 3454 lorum,
633 3389 1085 3458 patriarcharum,
1151 3392 1554 3461 prophetarum,
1617 3400 1935 3465 martyrum,

366 3476 732 3534 confessorum
754 3488 917 3549 atque
934 3479 1222 3551 virginum,
1249 3483 1597 3554 omniumque
1627 3493 1939 3542 sanctorum

369 3569 652 3639 spirituum
706 3570 1002 3625 cmlestium
1036 3570 1251 3627 fecisset
1284 3575 1609 3638 consecrari,
1663 3575 1843 3631 intulit
1885 3575 1940 3631 in

368 3671 490 3709 eam
513 3671 635 3711 ossa
665 3669 865 3713 sancta:
886 3657 1181 3715 Felicitatis
1205 3659 1233 3700 δ
1262 3662 1451 3716 matris
1472 3672 1676 3731 septem
1708 3662 1939 3718 ﬁliorum

370 3753 690 3817 martyrum,
718 3755 771 3800 et
794 3754 992 3802 sancta:
1017 3747 1363 3814 Concordiae;
1391 3758 1695 3805 sanctarum
1728 3766 1941 3821 quoque

368 3835 639 3906 virginum
667 3835 899 3901 Basillaa,
934 3836 1405 3904 Emm’erentianze,
1429 3839 1680 3896 Candidze
1703 3850 1725 3879 ο
1758 3849 1813 3896 et
1835 3841 1942 3895 Eu-

370 3925 558 3996 tr0pia3
583 3925 620 3973 ά.
639 3926 832 3996 quibus
869 3927 1076 3981 addidit
1115 3943 1241 3983 ossa
1274 3943 1340 3983 ac
1378 3929 1694 3986 vestimenta
1721 3940 1940 3987 sancto-

372 4031 491 4070 rum
521 4016 725 4086 Aqnilm
754 4024 808 4072 et
848 4016 1125 4082 Priscillae,
1172 4034 1204 4071 ν
1238 4030 1260 4057 θ
1287 4018 1509 4075 Kalend.
1539 4019 1783 4087 0ctobr.,
1824 4038 1943 4078 ere-

369 4116 620 4179 ctamque
644 4110 892 4181 desuper,
915 4112 1121 4167 sicutet
1148 4113 1200 4167 in
1221 4115 1430 4169 caeteris
1458 4114 1681 4181 fecerat,
1714 4118 1942 4189 ligneam

376 4197 638 4255 fabricam
684 4214 818 4256 auro
869 4209 1198 4273 argentoque
1264 4204 1561 4271 decoravit,
1611 4207 1830 4278 scriptis
1875 4225 1938 4262 ex

442 4370 555 4445 lI_l_n
600 4370 1243 4445 litteri§__compositionis
1284 4392 1377 4433 seu
1421 4382 1753 4445 concordiae,
1801 4384 1944 4439 inter

370 4438 703 4518 Wolfgerum
744 4438 1257 4518 Wirtsiliurgensem
1296 4449 1605 4518 episcopum
1648 4462 1701 4505 et
1742 4438 1945 4518 Ratga-

373 4508 513 4562 rium
538 4508 782 4562 abbatem
812 4508 1129 4567 Fuldensém
1162 4515 1308 4569 inita:
1328 4508 1740 4575 anno-secundo
1765 4508 1945 4577 Ludo-

373 4578 837 4660 chihAllgllSliz'lll.
866 4583 1066 4660 mentio
1104 4587 1415 4660 monasterii
1464 4587 1759 4660 Rateatorf,
1803 4594 1947 4660 quod

376 4648 428 4702 in
446 4648 677 4727 “dimcesi
714 4648 1185 4727 Wirtziburgensi,
1222 4654 1377 4727 cujus
1406 4668 1592 4727 postea
1624 4648 1949 4718 llumbertus

374 4717 681 4788 episcopus,
707 4719 867 4774 situm
894 4717 1041 4775 erat:
1060 4723 1247 4777 Exstat
1269 4717 1454 4781 charta
1478 4729 1543 4782 de
1566 4727 1825 4786 limitibus
1846 4717 1951 4788 Ra?

373 4786 589 4869 tesdorf
600 4789 736 4869 apud
760 4788 1043 4869 Pistorium
1073 4793 1124 4846 in
1152 4792 1551 4869 Traditionibus
1573 4786 1945 4869 Fnlilcnsibus,

376 4872 500 4927 pag.
532 4856 654 4940 sit:
684 4857 926 4940 Meminit
944 4860 1100 4940 buﬂjus
1118 4864 1266 4940 cellae
1286 4865 1542 4940 [labantis
1561 4868 1614 4922 in
1634 4856 1949 4938 praefatione

377 4933 727 5013 expositionis
780 4945 939 5013 super
990 4933 1209 5013 Cantica
1257 4933 1698 5013 adludovicu'm
1747 4958 1949 5013 regem.

382 5016 401 5048 ‹
433 5003 632 5070 Nuper,
660 5003 854 5068 inquit,
886 5003 1101 5070 quando
1130 5006 1195 5056 ad
1221 5021 1316 5060 vos
1342 5007 1396 5060 in
1427 5008 1614 5062 cellula
1643 5003 1952 5068 monasterii

379 5068 570 5141 nostri,
596 5082 715 5136 qua:
737 5068 963 5141 vocatur
984 5071 1275 5141 Ratestorf,
1294 5085 1513 5132 vocatus
1536 5079 1673 5137 veni.
1699 5088 1753 5134 et
1774 5098 1954 5137 sermo

378 5135 480 5211 fuit
507 5135 648 5211 inter
673 5154 774 5195 nos
800 5140 1188 5211 deScripturis
1213 5135 1403 5210 sacris,
1446 5167 1465 5200 ι
1499 5156 1602 5202 etc.
1640 5135 1776 5204 Man.

382 5207 482 5326 Bob
512 5206 585 5263 De
614 5207 716 5264 hac
738 5216 792 5265 et
822 5210 993 5266 tribus
1020 5206 1371 5282 sequentibus
1391 5206 1569 5273 aetum
1591 5234 1753 5288 supra
1778 5238 1830 5274 n.
1863 5220 1948 5275 15.

461 5292 545 5326 LL.

425 5290 545 5329 OLL.

453 5354 476 5382 θ
509 5345 636 5411 Qum
664 5350 777 5426 haec
804 5348 1376 5426 Candida,_i_ncertum.
1412 5355 1492 5426 An
1523 5372 1587 5410 ex
1616 5357 1682 5411 iis
1705 5374 1821 5426 qum
1850 5358 1954 5411 llo-

385 5426 684 5492 gige‘passa:
704 5421 957 5492 dicuntur
985 5420 1038 5474 in
1068 5421 1444 5492 Martyrologio
1460 5424 1705 5480 Romano
1722 5420 1761 5479 ii
1783 5426 1950 5491 Junii,

384 5480 701 5555 29August.
736 5499 784 5542 et
815 5490 836 5541 1
871 5490 1179 5546 Decembris
1194 5480 1224 5544 ’ἴ
1244 5492 1318 5547 ln.

391 5618 402 5629 θ
451 5550 482 5634 :1
510 5550 601 5634 Ali
621 5557 871 5634 soror_S1
899 5560 1114 5634 blieasii,
1139 5562 1381 5634 episcopi
1406 5561 1750 5634 Rhernensis,
1798 5565 1952 5634 cujus

388 5620 527 5675 infra
550 5622 609 5678 fit
638 5627 873 5680 mentio?
922 5620 1211 5700 Utriusque
1243 5620 1436 5687 natalis
1470 5632 1533 5686 14
1564 5620 1813 5690 Decemb.
1863 5620 1940 5691 in.

2020 1816 2255 1886 episc0pi
2282 1816 2565 1871 collocavit
2592 1816 2843 1885 reliquias
2865 1825 3177 1871 sanctorum
3227 1819 3608 1889 episcoporum

2021 1905 2279 1972 Cornelii,
2311 1906 2536 1971 Callisti,
2590 1905 2730 1962 Sixti
2780 1909 2829 1971 ⁸,
2886 1906 3094 1973 Sinisii,
3133 1906 3338 1964 Nicasii
3378 1918 3430 1965 et
3463 1909 3610 1965 Feli-

2022 1997 2101 2053 cis
2131 1998 2181 2062 ιι,
2210 1997 2409 2053 Stactei
2443 2012 2657 2068 quoque
2686 2005 2742 2051 et
2768 1997 3030 2066 Pamphili
3060 1998 3517 2070 presbyterorum,
3556 2011 3613 2057 et

2024 2097 2336 2142 sanctorum
2359 2098 2656 2158 martyrum
2679 2087 2913 2157 Crispini
2940 2098 2992 2143 et
3014 2088 3343 2158 Crispiniani
3370 2090 3416 2155 ί,
3450 2090 3611 2147 Nerei

2023 2187 2080 2230 et
2112 2177 2362 2242 Achillei,
2394 2177 2698 2232 Sebastiani
2741 2192 2974 2248 quoque,
3011 2177 3213 2233 Castuli
3249 2187 3304 2233 et
3354 2179 3610 2245 Romani,

2025 2268 2203 2337 Papia:
2226 2278 2281 2323 et
2315 2268 2506 2333 Mauri,
2538 2276 2703 2340 atque
2734 2269 3029 2335 Valeriani,
3058 2279 3475 2340 sanctarumqne
3499 2271 3611 2325 vir-

2028 2357 2211 2426 ginum
2235 2358 2481 2423 Caeciliae,
2508 2358 2759 2430 Eugenia)
2802 2368 2961 2428 atque
2982 2359 3281 2415 Anastasis:
3312 2371 3612 2432 martyrum

2027 2448 2229 2502 Christi
2264 2450 2314 2502 in
2348 2450 2572 2504 ecclesia
2626 2450 2768 2505 beati
2796 2449 3057 2505 Bonifacii
3089 2453 3360 2524 martyris,
3408 2452 3460 2506 in
3492 2453 3611 2508 loco

2029 2555 2135 2608 quo
2161 2541 2309 2610 prius
2341 2549 2589 2595 sanctum
2622 2557 2820 2612 corpus
2867 2543 3010 2597 illius
3054 2543 3384 2613 quiescebat.
3416 2543 3613 2598 rEdifi-

2032 2631 2173 2685 cavit
2200 2631 2347 2685 enim
2374 2632 2452 2692 ibi
2475 2640 2678 2687 turrem
2711 2633 2979 2703 lapideam
3004 2643 3127 2704 post
3164 2634 3355 2699 altare,
3383 2635 3435 2689 in
3459 2636 3614 2705 cujus

2032 2722 2196 2775 turris
2232 2723 2542 2777 summitate
2580 2724 2756 2778 media
2804 2724 3043 2778 condidit
3070 2724 3449 2794 pra-dictorum
3490 2742 3614 2781 ossa

2034 2819 2368 2877 sanctorum,
2407 2826 2549 2867 arere
2587 2828 2764 2868 saxeae
2813 2812 3097 2883 diligenter
3153 2814 3355 2869 inclusa
3396 2833 3411 2869 :
3454 2830 3617 2884 super

2035 2917 2195 2972 quam
2219 2902 2429 2956 culmen
2446 2902 2681 2972 ligneum
2709 2904 2972 2959 columnis
2993 2918 3227 2975 quatuor
3256 2915 3615 2962 sustentatum

1962 3018 2008 3082 ρ
2039 2992 2270 3063 erigens,
2301 3006 2434 3045 auro
2458 2994 2672 3045 ornavit
2702 3000 2755 3045 et
2785 3002 3026 3063 argento.
3078 2995 3226 3050 Intra
3263 2997 3405 3066 quod
3435 3013 3618 3052 arcam

2039 3082 2323 3153 oblongam
2387 3081 2756 3152 quadrangulo
2817 3083 3091 3138 schemate
3150 3084 3351 3140 faciant
3416 3090 3618 3157 posuit,

2039 3187 2201 3243 quam
2229 3171 2390 3225 etiam
2416 3186 2551 3224 auro
2579 3180 2634 3225 et
2654 3180 2877 3242 argento
2909 3182 3069 3242 atque
3093 3173 3360 3243 lapidibus
3392 3192 3621 3244 ornans,

2041 3261 2370 3332 singulorum
2394 3269 2701 3316 sanctorum
2725 3262 3050 3334 imaginibus
3071 3263 3326 3320 deceater
3348 3270 3627 3337 expressis

2039 3353 2338 3418 decoravit,
2371 3367 2666 3423 versusque
2696 3354 2851 3423 quasi
2889 3367 2954 3407 ex
2991 3369 3221 3424 persona
3251 3354 3492 3424 ejusdem
3530 3376 3594 3413 ar

2040 3458 2117 3496 ca:
2146 3442 2380 3512 prolatos
2409 3442 2463 3496 in
2492 3443 2722 3498 circuitu
2736 3444 3079 3514 conscripsit,
3112 3447 3216 3502 hoc
3236 3450 3427 3503 modo:

2164 3574 2650 3645 Nopiine-quosnnoto
2671 3577 2805 3645 locus
2841 3578 2917 3645 hic
2941 3580 3227 3645 ct_imagine
3252 3584 3411 3645 signat
3430 3622 3443 3644 ,

2228 3636 2491 3701 Erasini-os
2512 3638 2691 3701 Christi
2718 3652 2834 3690 ecce
2863 3642 2952 3691 Dei
2992 3636 3196 3691 famulos
3217 3678 3233 3701 ,

2163 3698 2263 3766 Qui
2280 3700 2427 3766 corde
2447 3701 2497 3766 in
2524 3700 2695 3766 pavido
2721 3703 2994 3766 rubuerunt
3016 3698 3253 3762 sanguine
3276 3717 3432 3766 sacro,

2226 3759 2344 3810 Post
2366 3759 2562 3812 Christo
2576 3763 2674 3824 jam
2697 3764 2885 3814 animas
2910 3777 2971 3813 ex
2981 3759 3191 3825 posuere
3213 3777 3344 3814 suas.

2044 3860 2150 3916 Sed
2172 3860 2300 3916 etin
2324 3868 2475 3917 turre
2517 3860 2760 3930 subjecta
2785 3879 2974 3920 versus
3003 3866 3356 3936 conscripsit;
3385 3878 3621 3939 quatuor

2042 3954 2259 4023 quidem
2284 3954 2340 4009 in
2371 3970 2477 4010 uno
2504 3954 2693 4022 latere,
2725 3965 2780 4011 et
2807 3966 3041 4027 quatuor
3066 3959 3121 4013 in
3162 3960 3354 4026 altero,
3384 3961 3626 4032 elegiaco

2043 4044 2305 4110 carmine,
2332 4044 2439 4099 hoc
2462 4045 2621 4102 modo
2640 4047 2970 4116 compositos
3003 4067 3015 4102 :

2169 4153 2461 4226 Maxtyribus
2481 4154 2672 4226 Christi,
2695 4168 2901 4226 quorum
2924 4156 3000 4226 hic
3020 4158 3316 4226 (sacrajossa
3342 4162 3625 4226 quiescunt,

2229 4214 2458 4267 Rabanus
2490 4214 2685 4268 humilis
2705 4214 2921 4271 condidit
2943 4214 3070 4271 hunc
3092 4214 3305 4272 titulum.

1972 4364 2026 4424 D
2068 4450 2076 4453 Α
2127 4380 2318 4453 c_Aliis
2344 4396 2397 4437 iv
2435 4380 2594 4453 K9!”-
2625 4384 2768 4453 apud
2796 4385 3106 4440 Browerum
3130 4402 3182 4441 vr
3215 4385 3365 4450 Kal.;
3392 4389 3445 4442 in
3467 4388 3560 4443 lib.
3590 4406 3629 4445 tt

2050 4450 2445 4523 Antiquitatum
2473 4450 2819 4523 Fuldetisium
2866 4470 2983 4523 cap.
3030 4455 3117 4518 12,
3163 4457 3254 4511 ubi
3294 4459 3407 4513 haec
3436 4459 3631 4514 inscri-

2054 4522 2196 4597 ptio;
2220 4522 2367 4574 Anno
2384 4521 2593 4597 Domini
2612 4522 2714 4597 808
2730 4523 2867 4597 (lege
2886 4521 3007 4597 837)
3024 4525 3203 4579 indici.
3223 4543 3310 4592 xv,
3331 4528 3631 4584 dedicatum

2053 4602 2128 4667 est
2152 4593 2265 4667 ΔΙιρς
2296 4593 2584 4667 οταιογὶαηι
2609 4594 2763 4663 jussu
2808 4593 3011 4667 Olgnri'r'
3052 4598 3422 4667 archiepiscopi
3463 4616 3497 4651 α
3532 4598 3634 4654 Re-

2053 4660 2300 4734 ginbaldo
2354 4660 2717 4734 cltorepiscopo
2765 4680 2816 4718 vi
2875 4660 2993 4720 Kal.
3057 4660 3241 4721 Octob.
3289 4668 3343 4722 in
3369 4660 3632 4723 'Itonorem

2056 4732 2324 4785 beatorum
2352 4731 2729 4807 apestoloru'm,
2759 4736 3201 4807 patriarcharum,
3238 4737 3630 4807 prophetarum,

2057 4812 2370 4875 martyrum,
2418 4802 2777 4875 confessoruni
2823 4816 2979 4874 atque
3020 4802 3297 4875 virginum,
3332 4802 3387 4861 ἐι
3433 4802 3633 4863 sancite

2060 4869 2352 4940 Felicitatis
2394 4873 2577 4925 matris
2620 4887 2691 4925 vn
2719 4869 2971 4940 ﬁlionim,
3004 4869 3117 4928 etcf
3135 4874 3248 4929 Sita
3287 4869 3373 4930 est
3399 4878 3513 4932 hzec
3543 4895 3632 4934 ec-

2054 4940 2216 5012 clesia
2263 4938 2317 5012 in
2345 4949 2526 5012 mopte
2555 4938 2742 4996 Sancti
2771 4943 2935 5006 Petri,
2990 4943 3269 5012 adjacente
3300 4950 3635 5004 monasterio

2055 5009 2306 5063 Fuldcnsi
2329 5012 2395 5063 ad
2418 5008 2714 5074 Orientem,
2750 5012 2887 5066 infra
2911 5008 3067 5068 num.
3088 5015 3176 5069 50.
3207 5016 3344 5070 Min.

2053 5078 2151 5202 Bof
2185 5078 2310 5148 Agit
2337 5078 2403 5133 de
2426 5092 2488 5132 ea
2519 5081 2775 5137 Rabanus
2817 5098 2993 5152 poem.
3028 5084 3148 5149 1l0,
3203 5086 3325 5151 151,
3354 5086 3475 5153 155,
3507 5088 3627 5145 158.

2134 5165 2215 5202 LL.

2098 5164 2215 5204 OLL.

2132 5216 2251 5297 l5Alli
2283 5224 2407 5297 tres.
2424 5214 2639 5297 fuerunt
2663 5221 2943 5297 episcopi
2970 5224 3324 5297 Rhemenses,
3366 5242 3405 5297 _e
3434 5227 3633 5295 quibus

2060 5286 2244 5360 Sistus
2272 5293 2327 5341 et
2346 5284 2599 5360 ‘Siﬂnitius,
2629 5284 2747 5345 aliis
2777 5284 3033 5360 Sinicius,
3073 5284 3327 5351 Brewero
3352 5284 3583 5352 minus
3613 5311 3632 5349 :

2060 5357 2310 5412 coluntur
2338 5355 2359 5407 1
2396 5357 2667 5426 Septemb.
2698 5360 2772 5415 In.

2132 5428 2159 5466 ιι
2190 5426 2350 5549 Fuga
2384 5428 2622 5548 Iepiscopi
2662 5431 3002 5489 ilhc-mensis.
3056 5435 3117 5489 21
3163 5435 3323 5491 Febr.
3378 5436 3644 5491 Rabanna-

2132 5512 2234 5549 em.
2307 5532 2355 5548 ...
2407 5514 2457 5549 ι).

2060 5512 2234 5565 poem.
2268 5512 2355 5549 οτι..
2384 5512 2457 5550 In.

2140 5570 2153 5605 ί
2188 5565 2259 5619 25
2293 5566 2478 5622 Octob.
2530 5569 2784 5625 Rabanns
2823 5588 2997 5631 poem.
3051 5574 3169 5629 1‘26.
3212 5574 3287 5629 De
3333 5576 3453 5630 aliis
3507 5584 3632 5631 ante

2055 5645 2233 5691 actum
2260 5636 2320 5689 Ν.
2356 5636 2440 5703 13,
2470 5640 2553 5703 17,
2577 5641 2663 5704 9.9,
2694 5643 2779 5697 51.
2822 5636 2896 5695 In.
