4012 6202
299 297 369 353 ὦ
1702 288 2225 347 PilOLEGOMENA.
3512 294 3583 349 66

436 406 630 457 Horum
655 412 726 465 tu,
754 406 933 466 lector,
958 404 1000 454 si
1023 413 1235 466 noscere
1254 402 1608 466 nnmlnagcuras
1625 441 1639 463 ,

494 469 622 516 Area
642 464 953 529 superposita
979 464 1143 529 pandit
1167 473 1215 514 et
1243 467 1346 525 ipsa
1373 464 1495 513 tibi;

426 527 582 577 Roma
602 525 752 577 decus
771 525 937 577 mundi
954 525 1102 586 ,laus
1124 538 1309 587 rerum,
1332 538 1518 587 summa
1548 530 1764 586 potestas
1783 563 1795 585 ,

494 591 597 640 Hos
614 592 712 651 jam
739 591 952 639 lectores
975 586 1337 651 pontiﬁcesque
1361 586 1558 651 habuit:

433 650 555 703 Cum
581 647 761 712 quibus
787 650 865 698 hic
887 647 1089 712 pausam
1108 651 1285 712 sumpti
1309 648 1376 712 de
1400 648 1620 709 partibus
1643 647 1775 695 orbis

495 707 689 762 Virtute
722 712 859 773 clari,
882 707 1096 770 Christe,
1124 711 1193 758 tui
1218 707 1399 757 famuli.

306 834 357 872 .n
402 815 634 886 reliquis
659 830 791 870 vero
821 814 1031 869 duobus
1063 812 1348 878 lateribus,
1389 810 1729 882 asclepiadeo
1774 827 1898 868 car-

304 910 451 965 mine
480 910 586 964 hos
614 923 807 963 versus
838 906 1165 977 conscripsit
1192 923 1205 959 :

495 1020 692 1071 Felices
718 1023 915 1069 nimium
939 1026 1086 1081 atque
1107 1020 1240 1068 beati
1263 1058 1276 1074 ,

495 1082 628 1141 Quos
658 1096 749 1131 rex
776 1084 995 1131 Christus
1018 1093 1168 1129 ovans
1191 1093 1303 1129 arce
1324 1091 1535 1141 superna

495 1145 684 1194 Sanctis
704 1157 793 1205 pro
813 1144 1002 1191 meritis
1024 1142 1224 1205 collocat
1246 1144 1410 1205 astris,

498 1205 657 1255 Vitam
681 1202 970 1267 perpetuam
994 1202 1154 1267 reddit
1179 1203 1359 1267 etgillis.

492 1268 582 1325 Qui
608 1264 845 1325 templum
874 1264 1063 1313 Domini
1088 1264 1341 1324 gressibus
1362 1264 1543 1313 intrant
1567 1300 1584 1326 ,

492 1327 592 1376 Hos
616 1340 745 1376 nunc
765 1326 1026 1386 admoneo,
1050 1327 1200 1374 corde
1226 1327 1439 1384 benigno

493 1388 739 1439 Christum
766 1387 1051 1449 suppliciter
1075 1393 1128 1435 ut
1156 1399 1302 1447 prece
1329 1392 1555 1447 poscant,

499 1450 634 1509 Quod
660 1462 769 1498 cum
796 1449 1092 1510 martyribus
1115 1449 1275 1497 sidera
1301 1455 1513 1509 praestet.

1930 409 1976 467 Α
2009 419 2101 467 rm,
2134 402 2294 457 simul
2333 417 2454 457 cum
2491 403 2920 472 expositionibus
2969 405 3100 460 suis.
3129 405 3456 477 Sequentem
3489 427 3586 465 au-

2004 505 2110 548 tem
2140 494 2377 549 libellum
2402 494 2523 549 ideo
2548 494 2945 551 conﬁciendum
2969 497 3199 565 putavit,
3238 512 3397 568 quem
3419 502 3584 557 etiam

2002 586 2056 638 in
2110 584 2299 653 viginti
2350 593 2475 640 octo
2530 585 2781 656 capitulis
2828 586 3115 652 breviavit,
3165 598 3224 643 ut
3262 589 3588 648 locutionem

2004 676 2212 731 metrici
2242 677 2442 745 prioris
2471 677 2635 733 libelli
2668 679 2721 732 in
2746 693 2813 733 eo
2845 679 3161 735 lucidiorem
3192 680 3418 737 faceret.
3459 686 3590 741 Post

2000 764 2119 822 haec
2146 766 2363 835 scripsit
2409 767 2476 822 ad
2504 766 2821 823 Hcistolfum
2847 767 2875 807 ἀ
2911 770 3380 842 archiepiscopum
3412 777 3479 831 de
3502 777 3589 831 In-

2000 856 2284 910 stitutione
2308 855 2630 912 clericorum
2662 858 2831 915 libros
2852 867 2988 924 tres,
3014 860 3067 914 in
3094 862 3288 930 quibus
3309 864 3378 919 de
3407 869 3588 924 eccle-

2000 947 2239 1003 siasticis
2273 948 2578 1016 ordinibus,
2620 958 2675 1004 et
2697 949 2891 1006 ofﬁciis
2921 952 3152 1007 diversis
3175 970 3295 1025 quae
3334 958 3390 1012 in
3416 960 3591 1017 eccle-

2000 1038 2078 1092 sia
2105 1045 2388 1108 geruntur,
2436 1040 2578 1094 ratio
2616 1041 3043 1107 demonstratur,
3082 1051 3138 1097 et
3167 1046 3300 1099 ordo
3346 1047 3588 1104 discendi

1999 1143 2065 1184 ac
2109 1130 2302 1185 modus
2330 1132 2543 1186 dicendi
2594 1132 2872 1187 verthei
2925 1133 3250 1189 declaratur.
3293 1137 3372 1192 Ad
3423 1155 3584 1209 quem

1998 1219 2162 1274 etiam
2213 1221 2432 1291 scripsit
2487 1231 2781 1277 tractatum
2842 1239 3005 1294 super
3054 1225 3405 1298 Evangelium
3458 1231 3589 1286 Ma:-

2002 1310 2147 1374 thazi,
2178 1325 2564 1367 consummans
2589 1313 2739 1367 illum
2761 1314 3072 1369 octolibris.
3103 1315 3268 1384 Cujus
3289 1328 3343 1373 et
3369 1321 3587 1377 hortatu

1999 1398 2126 1453 fecit
2151 1398 2404 1454 homilias
2422 1400 2667 1456 diversas
2681 1417 2780 1471 per
2805 1411 2974 1457 totum
3000 1420 3225 1472 annum,
3249 1409 3316 1462 ad
3343 1408 3588 1468 diversas

1999 1487 2342 1545 festivitates.
2375 1492 2444 1545 Et
2475 1492 2541 1547 de
2571 1494 2737 1548 variis
2763 1495 2907 1550 vitiis
2936 1505 3097 1566 atque
3124 1498 3417 1556 virtutibus
3461 1504 3590 1559 sub-

374 1574 466 1630 49.
496 1573 739 1629 Aliorum
779 1581 960 1627 autem
1006 1579 1314 1627 sanctorum
1344 1569 1601 1639 reliquias
1631 1569 1697 1625 de
1720 1569 1900 1624 diver—
1993 1579 2174 1650 iunxi;
2209 1596 2489 1638 sermones
2518 1582 2585 1637 ad
2617 1584 3018 1654 pmdicandum
3066 1590 3264 1659 ροριιιο
3288 1592 3405 1645 θεῖ,

310 1668 382 1722 sis
419 1668 667 1736 partibus
716 1666 868 1721 orbis
907 1665 1172 1735 plurimas
1213 1663 1582 1734 congregavit,
1627 1669 1790 1730 atque
1840 1661 1896 1717 in

2073 1674 2321 1755 5l.‘Post
2348 1675 2464 1731 haac
2510 1686 2700 1747 rogatu
2736 1679 3130 1750 episcoporum,
3167 1682 3433 1739 Frccholﬁ
3464 1696 3488 1725 ε
3518 1685 3593 1740 vi-

311 1761 588 1827 orawriis.
640 1775 762 1829 qua:
795 1768 1039 1829 tempore
1087 1757 1170 1813 sui
1219 1756 1502 1828 regiminis
1528 1769 1755 1809 numero
1780 1753 1899 1845 __tri-
1926 1773 1972 1831 Β
2000 1770 2219 1835 delicet,
2248 1770 2554 1824 Fridurichi
2588 1769 2608 1808 τ
2636 1781 2692 1825 et
2717 1770 3001 1828 Humberti
3033 1776 3078 1839 ε,
3108 1776 3326 1845 scripsit
3352 1777 3405 1831 in
3429 1777 3591 1832 Octo-

312 1847 456 1917 ginta
487 1856 890 1912 construxerat,
922 1848 1071 1901 etab
1100 1844 1371 1915 episcopis
1401 1844 1456 1898 in
1500 1858 1732 1914 quorum
1764 1843 1900 1897 dite-

312 1939 423 1993 cesi
467 1938 699 2001 fuerant,
727 1936 969 1991 dedicari
1004 1935 1227 2001 fecerat,
1261 1933 1559 1989 honoriﬁce
1587 1932 1895 1989 collocavit.

314 2030 388 2086 De
408 2046 637 2102 quorum
655 2030 788 2086 locis
811 2036 868 2084 et
894 2029 1361 2085 consecrationum
1391 2026 1708 2082 auctoribus
1736 2033 1900 2095 atque

314 2122 665 2191 temporibus,
687 2128 1110 2190 sanctorumque
1123 2121 1453 2185 nominibus,
1472 2136 1699 2190 quorum
1715 2121 1901 2191 spoliis

313 2211 650 2266 illustrantur
679 2211 726 2265 si
756 2210 871 2266 vita
901 2226 1086 2266 comes
1113 2219 1168 2266 et
1197 2210 1414 2266 divinus
1440 2209 1594 2266 favor
1644 2210 1899 2280 adfuerit,

314 2301 448 2358 locis
480 2302 800 2373 opportunis
833 2302 978 2358 scire
1002 2301 1311 2358 volentibus
1338 2302 1648 2357 declarabo.

380 2416 468 2472 50.
518 2414 655 2472 Cum
688 2416 853 2488 igitur
897 2416 982 2470 vir
1015 2414 1104 2470 ille
1146 2414 1475 2471 venerabilis
1510 2414 1900 2470 monasterium

313 2506 411 2561 sibi
435 2504 788 2561 commissum
827 2519 928 2574 per
955 2519 1127 2559 annos
1152 2503 1345 2573 viginti
1377 2516 1404 2543 δ
1434 2502 1687 2559 nobiliter
1723 2503 1900 2559 rexis-

315 2602 408 2658 set,
439 2593 687 2665 deposito
717 2608 863 2647 curae
887 2593 1179 2665 pastoralis
1200 2593 1458 2663 pondere,
1485 2594 1551 2648 ad
1582 2594 1898 2659 ecclesiam,

315 2701 472 2758 quam
517 2686 589 2741 ad
620 2683 899 2740 Orientem
930 2684 1246 2739 monasterii
1268 2684 1296 2722 ι»
1328 2684 1382 2737 in
1426 2691 1609 2739 monte
1648 2691 1901 2740 constru-

317 2784 455 2831 ctam
486 2789 611 2832 esse
648 2791 811 2846 supra
866 2774 976 2830 dixi
1010 2772 1198 2845 (Num.
1226 2772 1339 2844 46),
1367 2788 1427 2828 se
1473 2772 1702 2828 contulit
1743 2790 1756 2825 :
1802 2772 1901 2828 ibi-

316 2882 418 2938 que
458 2880 685 2921 manens
729 2881 794 2921 ac
835 2865 948 2919 Deo
985 2865 1248 2929 serviens,
1303 2862 1512 2918 caelesti
1550 2862 1904 2932 philosophia:

314 2956 556 3013 vacabat.
603 2956 737 3011 Erat
784 2955 930 3011 enim
977 2954 1031 3008 in
1079 2952 1377 3024 Seripturis
1406 2969 1438 3007 a
1467 2952 1698 3024 pueritia
1749 2952 1903 3009 valde

316 3048 607 3113 studiosus,
652 3055 706 3102 et
747 3045 1044 3101 secundum
1077 3045 1275 3099 donum
1310 3044 1412 3099 sibi
1460 3044 1673 3099 coalitus
1712 3044 1897 3098 datum

2006 1863 2257 1916 teuchum
2312 1859 2500 1932 [Boll.,
2570 1860 3022 1935 Pentateuchum]
3073 1868 3586 1922 commentariorum

2002 1952 2171 2006 libros
2195 1966 2346 2010 xxtx,
2375 1952 2478 2005 hoc
2504 1959 2588 2005 est
2610 1952 2664 2005 in
2685 1951 2939 2007 Genesim
2968 1953 3136 2010 libros
3162 1972 3235 2021 tv,
3264 1957 3316 2010 in
3346 1958 3591 2013 Exodum

2002 2039 2171 2096 libros
2219 2058 2293 2106 tv,
2352 2044 2407 2096 in
2462 2042 2761 2097 Leviticum
2796 2042 2965 2098 libros
2994 2061 3090 2109 vn,
3120 2047 3173 2099 in
3218 2046 3483 2103 Numeros
3527 2048 3592 2104 li-

2001 2134 2130 2190 bros
2177 2150 2249 2198 tv,
2286 2134 2537 2189 similiter
2586 2136 2720 2189 etin
2762 2137 3246 2192 Deuteronomium
3294 2138 3462 2195 libros
3514 2157 3590 2205 tv,

2003 2227 2057 2282 in
2083 2224 2212 2282 Jesu
2240 2226 2388 2281 Nave
2425 2226 2594 2282 libros
2633 2243 2693 2281 ιιι
2727 2226 2919 2298 [Boll.,
2949 2226 3051 2299 iv],
3093 2235 3147 2283 et
3170 2229 3224 2282 in
3252 2227 3501 2284 Iudicum
3531 2231 3595 2284 li-

2001 2317 2131 2373 bros
2151 2317 2304 2383 duos,
2325 2318 2377 2371 in
2392 2317 2536 2372 Ruth
2561 2331 2776 2388 quoque
2799 2317 2998 2372 librum
3021 2334 3206 2372 unum.
3235 2319 3382 2374 Fecit
3402 2322 3590 2385 etiam,

2003 2413 2197 2478 rogatu
2232 2406 2481 2461 Hilcwini
2533 2406 2558 2446 1³
2612 2406 2846 2472 abbatis,
2877 2405 3046 2461 libros
3078 2423 3133 2461 tv
3174 2408 3229 2461 in
3260 2409 3595 2480 expositione

2002 2498 2125 2554 libri
2168 2498 2437 2554 Samuelis
2464 2506 2519 2552 et
2546 2497 2776 2569 Regum.
2823 2496 3087 2553 Similiter
3132 2498 3406 2556 Ludovico
3428 2502 3596 2573 impe-

2004 2600 2187 2647 ratore
2224 2594 2238 2633 ί
2272 2592 2547 2654 hortante,
2573 2592 2629 2646 in
2647 2590 3098 2661 Paralipomenon
3125 2592 3296 2647 edidit
3324 2592 3489 2648 libros
3519 2610 3592 2649 IV.

2007 2683 2238 2755 Scripsit
2263 2692 2523 2754 prmterea
2558 2683 2952 2753 expositionem
2988 2683 3042 2737 in
3072 2684 3355 2739 historiam
3386 2684 3590 2747 Judith,

2003 2771 2201 2827 librum
2247 2787 2446 2837 unum;
2485 2781 2542 2826 et
2589 2772 2643 2825 in
2671 2772 2957 2826 historiam
2985 2771 3184 2827 Esther
3229 2772 3477 2829 similiter
3532 2773 3596 2829 li-

2003 2862 2163 2917 brum
2188 2878 2391 2929 unum;
2426 2878 2563 2933 quos
2595 2862 2817 2916 tradidit
2845 2860 3032 2917 Judith
3057 2861 3334 2933 Augustae.
3369 2864 3596 2919 Librum

2004 2969 2221 3025 quoque
2283 2953 2715 3010 Machabteorum
2767 2954 3027 3025 priorem,
3090 2965 3307 3025 petente
3364 2956 3597 3012 Geroldo

2005 3045 2395 3100 archidiacono
2426 3056 2474 3111 ι,
2510 3045 2706 3100 libellis
2746 3044 2957 3100 duobus
2999 3045 3331 3116 explanavit,
3365 3062 3598 3117 sequen-

316 3138 599 3194 lectionem
634 3138 942 3194 divinorum
974 3135 1237 3189 librorum
1265 3133 1558 3204 plurimum
1603 3135 1899 3199 adamavit,
1931 3136 1975 3199 C
2009 3144 2117 3191 tem
2156 3150 2289 3191 vero
2314 3134 2493 3189 libello
2518 3150 2647 3190 uno.
2675 3134 2898 3189 Librum
2928 3150 3165 3205 quoque,
3195 3136 3286 3206 qui
3315 3153 3592 3207 nuncupa-

318 3238 475 3298 atque
499 3229 556 3284 in
587 3229 674 3284 his
699 3227 898 3297 saepius
929 3226 1220 3280 meditatus
1244 3232 1346 3280 est.
1394 3224 1544 3280 Unde
1574 3225 1741 3280 etiam
1774 3224 1902 3280 hor-

318 3330 426 3376 tatu
465 3321 695 3377 fratrum
762 3334 983 3375 suorum
1040 3326 1206 3389 atque
1263 3318 1563 3373 amicorum
1615 3332 1903 3389 aggressus

317 3420 399 3466 est
423 3412 669 3466 scribere
714 3410 1081 3480 expositiones
1121 3407 1384 3465 librorum
1431 3409 1758 3474 divinorum,
1790 3418 1899 3464 tam

321 3499 528 3557 Veteris
564 3516 730 3572 quam
759 3500 894 3556 Novi
925 3499 1280 3555 Testamenti.
1322 3500 1482 3565 Nam,
1514 3510 1574 3555 ut
1597 3501 1711 3571 ipse
1737 3509 1905 3556 testa-

323 3599 402 3646 tas
444 3602 555 3657 est,
591 3592 827 3662 primum
863 3590 1081 3660 scripsit
1126 3605 1268 3645 anno
1317 3590 1495 3647 astatis
1544 3607 1655 3646 sua:
1683 3592 1906 3647 circiter

321 3681 598 3752 trigesimo
646 3691 669 3720 ο
707 3681 763 3735 in
792 3680 1008 3736 laudem
1061 3688 1263 3736 sancta:
1290 3682 1468 3737 crucis
1499 3681 1637 3737 duos
1671 3682 1902 3749 libellos,

321 3771 417 3827 hoc
453 3780 540 3827 est
567 3786 736 3826 unum
773 3770 1001 3825 metrico
1049 3769 1212 3842 style,
1241 3786 1364 3825 cum
1408 3770 1596 3843 ﬁguris
1638 3773 1901 3843 mysticis,

320 3875 435 3930 quae
476 3862 534 3917 in
563 3860 764 3916 divinis
789 3860 947 3916 libris
973 3860 1131 3933 longe
1166 3868 1291 3917 ante
1319 3870 1632 3932 praenotata:
1660 3870 1807 3930 sunt,
1845 3873 1905 3919 ut

320 3951 370 4006 in
418 3951 505 4007 his
550 3950 998 4007 manifestaretur
1023 3949 1226 4007 Christi
1271 3952 1453 4022 passio
1500 3961 1557 4007 et
1604 3951 1905 4023 redemptio

319 4052 523 4108 nostra,
563 4042 618 4097 in
665 4042 838 4113 ﬁgura
873 4051 1074 4099 sancta:
1115 4042 1293 4097 crucis
1341 4057 1464 4097 esse
1510 4043 1901 4114 prmnuntiata;

320 4135 372 4188 in
404 4150 513 4204 quo
540 4134 705 4189 etiam
739 4134 915 4190 soluta
954 4134 1202 4189 oratione
1245 4133 1488 4205 subjecta
1514 4142 1599 4188 est
1648 4134 1905 4191 uniuscu-

317 4223 510 4294 jusque
544 4222 728 4295 ﬁgura:
754 4223 1094 4294 explanatio:
1112 4232 1168 4279 et
1193 4223 1275 4279 sic
1295 4223 1487 4296 viginti
1510 4232 1658 4290 octo,
1681 4233 1905 4296 excepta

322 4316 720 4387 superliminari
750 4316 968 4387 pagina,
998 4316 1254 4371 videntur
1279 4317 1335 4371 in
1363 4333 1429 4372 ea
1464 4317 1729 4373 contineri
1772 4318 1907 4388 ﬁgu-

2007 3233 2098 3280 tur
2123 3224 2432 3296 Sapientiae,
2467 3225 2686 3279 hortatu
2708 3223 2972 3296 Otgarii'k
3006 3227 3397 3298 archiepiscopi
3422 3228 3474 3283 in
3503 3230 3598 3283 tri-

2004 3317 2107 3373 bus
2146 3316 2366 3382 libellis,
2410 3324 2573 3386 prout
2596 3316 2790 3386 potuit,
2830 3316 3120 3383 enodavit;
3151 3325 3206 3373 et
3229 3318 3427 3373 librum
3465 3316 3597 3374 Jesu

2005 3407 2103 3463 ﬁlii
2126 3407 2337 3471 Sirach,
2367 3407 2459 3478 qui
2500 3406 2803 3477 appellatur
2833 3404 3268 3473 Ecclesiasticus,
3308 3408 3492 3462 decem
3528 3408 3591 3463 li-

2004 3497 2120 3554 bris
2148 3497 2398 3553 similiter
2418 3496 2727 3553 elucidavit.
2766 3495 2784 3535 1
2816 3496 2876 3551 1n
2899 3496 3191 3552 Jeremiam
3226 3513 3439 3568 quoque
3472 3515 3598 3569 pro-

2003 3588 2222 3658 phetam
2242 3604 2311 3642 xx
2339 3587 2506 3644 libros
2527 3587 2882 3659 expositionis
2897 3586 3054 3655 juxta
3075 3603 3295 3643 sensum
3323 3587 3592 3658 majorum

2006 3682 2192 3737 edidit.
2239 3679 2299 3736 In
2351 3679 2620 3751 Epistolas
2667 3694 2882 3751 quoque
2926 3679 3060 3735 Paul
3127 3681 3347 3736 hortatu
3397 3681 3595 3752 Lupim

2006 3771 2216 3827 diaconi
2262 3771 2653 3828 collectaneum
2724 3771 2876 3837 fecit,
2932 3770 3193 3842 colligens
3244 3772 3311 3828 de
3364 3771 3597 3828 diversis

2005 3861 2278 3932 opusculis
2308 3872 2621 3918 sanctorum
2652 3859 2875 3915 Patrum
2926 3860 3225 3916 sententias
3274 3875 3483 3926 eorum,
3536 3871 3595 3917 et

2006 3952 2063 4007 in
2092 3953 2338 4009 ordinem
2370 3952 2685 4024 disponens,
2726 3952 2781 4007 in
2806 3967 2913 4006 xxx
2960 3951 3114 4007 libris
3144 3951 3294 4007 illum
3339 3952 3598 4008 determi-

2007 4047 2176 4100 navit.

2084 4145 2172 4200 52.
2201 4143 2339 4200 Sunt
2366 4159 2581 4216 quoque
2605 4143 2709 4198 alia
2748 4141 3008 4211 opuscula
3031 4140 3160 4209 ejus,
3189 4156 3311 4210 quae
3330 4142 3398 4196 ad
3423 4141 3593 4196 inter-

2009 4243 2195 4303 rogata
2226 4233 2563 4288 diversorum
2596 4233 2646 4286 ei
2675 4231 3004 4301 respondere
3038 4230 3404 4286 necessarium
3438 4229 3542 4285 fuit
3577 4250 3591 4284 :

2006 4339 2234 4395 quorum
2270 4339 2434 4378 unum
2474 4332 2558 4379 est
2592 4323 2658 4377 de
2691 4321 3131 4392 coepiscoporutn
3164 4330 3191 4359 η
3213 4316 3590 4390 ordinatione,

390 4487 1097 4577 .‘._A}.‘{‘9}‘2.3_B‘._s‘313':a.
1125 4487 1738 4577 di.9‘1!“l°-.?f§9?9“?i“.5
1785 4491 1913 4577 Ρίηθ
1939 4500 1992 4559 Β
2040 4500 2125 4577 _."_
2144 4500 2372 4577 Abbati?
2394 4499 2473 4577 ἓξ,
2491 4502 2729 4577 Dionysii
2760 4511 2816 4557 ει
2838 4501 3252 4574 archicapellani
3284 4505 3426 4561 Sacri
3446 4507 3598 4577 Pala-

321 4557 692 4632 emendandus
736 4566 850 4612 tum
880 4558 935 4612 in
961 4572 1123 4632 anno,
1167 4570 1280 4612 tum
1309 4559 1649 4628 potissimum
1696 4560 1751 4615 in
1784 4560 1905 4632 fuga

320 4628 387 4683 ad
408 4627 747 4683 Ludovicttm
774 4643 974 4698 regem.
1000 4628 1160 4683 Βοιι..

392 4717 423 4756 ι»
438 4716 676 4791 Additur
693 4718 835 4791 apud
855 4717 1175 4791 Bollandum
1209 4718 1376 4791 sancti
1401 4718 1565 4784 Petri,
1595 4734 1716 4791 quae
1738 4722 1905 4791 verba

322 4787 374 4841 in
402 4786 525 4842 aliis
552 4786 954 4843 editis'desunt.
1002 4788 1222 4844 Rectius
1251 4788 1411 4854 foret,
1435 4791 1489 4843 in
1527 4786 1700 4846 monte
1723 4790 1907 4847 Sancti

322 4855 490 4911 Petri.
510 4855 654 4929 Lege
673 4859 952 4929 praemissa
980 4873 1131 4913 num.
1158 4858 1248 4913 46.
1280 4858 1416 4914 ΜΑΒ.

390 4961 415 4990 ε
448 4949 606 5007 Anno
631 4950 835 5006 Christi
859 4950 982 5007 8l5.
1010 4949 1174 5007 Βοιιη

390 5040 417 5081 δ
449 5040 609 5116 Aliis,
660 5040 1100 5116 Siqislttlphum,_
1127 5042 1592 5116 archiepiscopum
1646 5042 1913 5116 Mogunti-

321 5126 476 5176 num,
506 5113 598 5180 qui
626 5111 769 5167 sedit
794 5112 864 5168 ab
885 5111 1034 5167 anno
1057 5113 1175 5168 chr.
1202 5111 1328 5167 814‘
1357 5114 1425 5169 ad
1463 5111 1587 5178 826,
1621 5122 1678 5168 et
1723 5111 1910 5170 sacer-

321 5182 513 5255 dotem
527 5182 800 5255 ordinavit
838 5183 1159 5255 Baliarium;
1191 5184 1241 5237 ei
1269 5184 1368 5237 hos
1392 5183 1561 5238 libros
1584 5184 1797 5255 priores
1831 5186 1913 5240 in-

321 5252 545 5321 scripsit
565 5265 657 5305 an.
685 5251 813 5306 Chr.
841 5253 966 5309 819.
998 5253 1073 5308 In.

353 5355 422 5467 hs
474 5342 724 5467 Epliscopi
794 5345 1144 5401 Lexovicnsis
1211 5344 1296 5399 cui
1359 5345 1559 5400 dicavit
1620 5346 1911 5413 Pentateu-

394 5429 505 5467 um.
570 5430 624 5467 ιι.

321 5429 708 5570 ῗηῖηέξιίξξξιρξ
731 5485 1162 5570 Ultrajectensis,
1189 5488 1278 5570 cui
1307 5488 1789 5570 inscripsit‘lilh‘ros.
1816 5488 1911 5570 .ιό-

320 5567 452 5617 sue;
466 5568 615 5677 lquos
630 5556 807 5611 solum
834 5565 944 5613 tres
958 5569 1206 5613 numerat
1231 5560 1399 5614 codex
1415 5556 1514 5615 ms.
1542 5557 1813 5614 Chiﬁletii.
1836 5559 1910 5613 lo.

400 5626 426 5664 ε
515 5640 601 5698 ulc
621 5626 876 5698 episcopo
906 5627 1279 5698 Herbipolensi
1305 5629 1499 5685 obtulit
1528 5644 1653 5683 suas
1680 5628 1734 5682 in
1763 5627 1914 5684 Judi-

327 5708 421 5749 ces
440 5703 494 5749 et
520 5666 1211 5753 ιίῖιιίινὶῖιῖτῖὥῖειί’ὧῖἓεξῖ“’ἰῖ›ἶ

2014 4569 2075 4624 tii
2106 4570 2363 4627 Ludovici
2394 4570 2498 4627 Pii.
2528 4572 2602 4627 In.

2092 4642 2107 4681 ί
2138 4640 2210 4694 At
2252 4657 2416 4715 qum‘
2439 4643 2782 4715 praeponitur;
2819 4643 3096 4713 praefatio,
3133 4655 3216 4700 est
3257 4645 3325 4701 ad
3368 4645 3599 4704 Ludovi-

2013 4725 2137 4783 cum
2159 4712 2349 4783 regem
2379 4712 2705 4779 Germanias,
2735 4712 2958 4770 alterius
2986 4716 3176 4770 ﬁlium.
3206 4715 3281 4770 In.

2089 4781 2102 4832 i
2142 4780 2541 4858 Archidiacono
2587 4784 2978 4858 sacripalatii,
3007 4787 3162 4858 cujus
3206 4785 3458 4858 familiari
3491 4789 3598 4844 col-

2016 4852 2198 4928 loquio
2227 4869 2285 4909 se
2315 4854 2420 4928 frui
2450 4866 2562 4910 tum
2580 4854 2646 4928 _in_
2670 4852 2872 4928 palatio
2895 4852 3232 4928 Vangionum
3259 4857 3515 4928 civitatis,
3542 4858 3597 4915 id

2016 4922 2101 4980 est
2121 4922 2454 4994 Wormatim,
2486 4922 2756 4980 scribit'in
2785 4922 3097 4994 praefatione
3119 4927 3395 4983 Rabanus.
3425 4922 3504 4982 In.

2091 4994 2118 5034 ιι
2147 4993 2273 5067 Fuit
2294 4995 2381 5049 hic
2418 4996 2670 5051 decessor
2684 4993 2890 5067 Rabani
2921 4997 2975 5051 in
3003 4998 3471 5067 archiepiscopatu
3486 4997 3600 5053 Mo-

2019 5064 2266 5135 guntino,
2289 5074 2347 5119 et
2376 5067 2518 5121 sedit
2556 5067 2625 5121 ab
2651 5080 2793 5120 anno
2818 5066 2923 5123 826
2955 5069 3023 5123 ad
3051 5068 3175 5124 847.
3193 5064 3268 5124 Ei
3294 5064 3459 5124 etiam
3486 5068 3594 5123 Ec-

2021 5134 2384 5206 CIesiasticum
2412 5136 2710 5206 inscripsit.
2734 5135 2809 5190 In.

2098 5203 2118 5245 1
2145 5206 2389 5261 Absolvit
2413 5216 2537 5276 post
2562 5203 2781 5277 obitum
2807 5207 3060 5264 Ludovici
3100 5208 3180 5263 Pii
3211 5207 3555 5277 imperatoris
3577 5248 3593 5269 ,

2017 5277 2111 5346 qui
2155 5277 2343 5332 incidit
2384 5275 2436 5331 iu
2468 5277 2735 5333 Kalendas
2754 5275 2882 5334 Julii
2924 5281 3050 5333 anni
3083 5279 3206 5335 840.
3238 5275 3441 5333 Obtulit
3485 5277 3596 5332 ﬁlio

2015 5347 2131 5417 ejus
2154 5347 2413 5419 Lothario
2446 5348 2797 5419 imperatorii
2813 5348 2887 5404 In.

2086 5430 2124 5457 In
2154 5417 2337 5488 Lupus
2382 5435 2413 5474 e
2463 5417 2726 5491 discipulo
2774 5418 2979 5476 Rabani
3031 5418 3196 5474 abbas
3228 5417 3494 5474 Ferrarite
3544 5419 3596 5475 in

2015 5486 2268 5543 Francia.
2297 5489 2372 5543 In.

2064 5503 2268 5544 rancna.
2297 5503 2372 5544 ID.

2088 5570 2114 5598 η
2151 5560 2334 5627 Forte,
2359 5562 2877 5632 chorepiscoporum,
2906 5568 3191 5632 annotarat
3226 5560 3595 5619 Colvenerius.

2015 5630 2180 5686 Liber
2209 5632 2297 5687 hic
2322 5630 2548 5687 necdum
2578 5630 2718 5703 typis
2743 5632 3011 5700 vulgatus.
3043 5631 3115 5684 lu.
