4012 6194
405 299 473 354 5'1
1530 285 1621 340 AD
1659 285 1883 342 OPERA
1926 284 1985 336 Β.
2028 278 2276 334 RABANI
2318 277 2534 332 ΜΛΕΒΙ
3579 276 3653 333 68

398 424 565 481 super
605 420 713 475 quo
750 403 819 459 ad
845 402 1157 472 nugonem
1201 412 1227 438 α
1258 399 1722 469 archiepiscopum
1756 398 1973 465 scripsit
2003 405 2050 460 Α
2077 396 2200 448 dum
2232 407 2350 444 esse
2392 392 2650 444 honorem
2694 396 2999 458 parentum,
3030 396 3085 440 et
3114 386 3503 455 subjectionem
3548 404 3651 457 pe-

398 502 594 555 librum
645 509 829 550 unum.
883 492 964 545 Ad
1032 490 1323 560 Notingum
1382 502 1594 556 querare
1662 487 1969 555 episcopum

401 587 785 648 Veronensem,
807 584 873 637 de
893 580 1237 636 Prazscientia
1272 594 1335 633 ac
1359 578 1829 648 praedestinatioue
1851 577 1966 639 Dei,

400 675 472 731 de
506 675 675 746 gratia
698 681 751 727 et
787 672 958 725 libero
997 669 1220 724 arbitrio
1267 668 1485 737 scripsit
1529 667 1727 722 librum
1753 682 1917 720 unum
1954 683 1966 717 :

395 768 450 821 in
478 779 602 834 quo,
640 763 768 831 quid
800 769 944 815 recte
974 759 1313 814 sentiendum
1346 764 1511 821 esset,
1549 755 1801 811 ostendit.
1834 755 1971 809 Nam

397 855 468 909 ad
498 853 826 907 Ludovicum
878 852 1257 919 imperatorem
1305 847 1521 916 scripsit
1567 846 1761 901 librum
1803 859 1970 898 unum

392 954 587 1000 contra
614 960 707 999 eos
732 943 823 1011 qui
844 942 1171 997 oblationem
1189 940 1485 995 secundum
1508 937 1766 1008 Regulam
1797 937 1966 989 sancti

404 1034 672 1090 Benedicti
715 1035 994 1090 destruere
1033 1034 1328 1088 volebant:
1360 1033 1445 1087 cui
1490 1039 1544 1085 et
1579 1030 1731 1084 misit
1772 1029 1973 1096 episto-

400 1126 506 1180 lam
537 1127 948 1181 consolatoriam
989 1133 1109 1194 post
1155 1124 1515 1178 edamitatem
1546 1138 1665 1192 quae
1700 1121 1749 1176 ei
1778 1119 1975 1174 accidit

399 1232 464 1270 ex
502 1225 655 1285 parte
683 1216 913 1270 ﬁliorum
939 1229 1157 1269 suorum
1195 1222 1250 1267 et
1289 1214 1642 1281 optimatum;
1677 1211 1729 1264 in
1758 1225 1861 1277 qua
1906 1224 1971 1262 ex

399 1305 597 1358 divinis
631 1304 952 1360 testimoniis
1000 1303 1237 1358 ostendit
1279 1302 1422 1370 quod
1466 1299 1658 1354 falsum
1713 1298 1972 1367 judicium

400 1413 507 1450 non
550 1405 725 1464 potest
768 1404 913 1450 recte
954 1395 1313 1450 condemnare
1349 1393 1686 1447 innocentem
1731 1408 1744 1443 :
1780 1391 1832 1443 in
1869 1404 1974 1457 qua

400 1485 566 1537 etiam
595 1484 882 1537 novissime
904 1491 1159 1552 provocat
1181 1497 1304 1537 eum
1330 1481 1398 1535 ad
1418 1479 1804 1550 indulgentiam
1836 1479 1887 1531 in
1917 1492 1976 1531 se

400 1573 831 1627 commissorum.
855 1572 1048 1625 Postea
1072 1573 1287 1626 hortatu
1317 1570 1557 1638 ejusdem
1582 1569 1976 1624 fecitcollecta—

400 1662 541 1715 rium
581 1676 747 1715 unum
797 1663 864 1715 de
909 1662 1193 1716 sententiis
1247 1660 1549 1714 divinorum
1599 1659 1879 1720 librorum,
1919 1657 1972 1710 in

2074 484 2253 538 testati
2280 499 2309 535 a
2337 480 2442 534 Deo
2471 479 2754 542 ordinata},
2799 478 2990 533 deinde
3011 478 3075 530 de
3106 478 3333 531 diversis
3364 476 3652 546 speciebus

2073 574 2352 634 virtutum,
2399 579 2454 624 et
2498 585 2529 623 e
2559 569 2831 623 contrario
2886 568 3162 631 vitiorum,
3217 567 3530 620 testimonia
3582 567 3653 621 de

2073 662 2394 717 auctoritate
2442 659 2625 714 divina
2683 659 2738 712 in
2789 658 2978 713 eodem
3014 671 3177 725 opere
3205 654 3501 722 subiunxit,
3553 657 3652 712 de-

2074 759 2385 805 monstrans
2406 748 2640 818 qualiter
2657 748 2959 816 cuicunque
2981 747 3154 801 ordini
3186 746 3238 799 in
3267 745 3507 799 Ecclesia
3533 745 3649 799 Deo

2073 838 2410 894 militandum
2436 837 2528 899 sit,
2553 836 2696 905 quod
2718 851 2852 906 opus
2878 852 2931 890 xi
2954 834 3201 904 capitulis
3230 834 3649 887 consummavit.

2072 931 2157 985 Ad
2187 931 2515 999 interrogata
2544 928 2758 998 quidem
2791 929 2985 983 Bonosi
3012 929 3224 983 abbatis
3251 928 3650 997 respondendo,

2073 1021 2341 1091 quomodo
2383 1020 2719 1090 cognationis
2769 1020 3072 1074 commistio
3116 1019 3433 1073 declinanda
3474 1017 3563 1081 sit,
3596 1027 3655 1072 et

2074 1114 2281 1184 magica
2306 1127 2397 1167 ars
2421 1112 2715 1177 divitanda,
2739 1110 2969 1165 confecit
2990 1111 3184 1165 librum
3206 1126 3395 1164 unum.
3419 1108 3655 1179 Scripsit

2075 1221 2284 1275 quoque
2310 1205 2547 1259 libellum
2574 1220 2737 1258 unum
2761 1205 2827 1259 ad
2854 1204 3131 1274 Otgarium
3157 1203 3648 1272 archiepiscopum,

2077 1299 2129 1351 in
2156 1312 2262 1366 quo
2288 1297 2518 1365 primum
2555 1296 2620 1349 de
2652 1295 2967 1365 pmnitentia
3009 1292 3249 1362 legitima
3275 1301 3329 1345 et
3351 1307 3444 1359 spe
3474 1291 3653 1344 indul-

2078 1387 2306 1458 gentior;
2336 1385 2529 1441 deinde
2558 1385 2768 1438 diversa
2794 1383 3025 1453 capitula
3059 1383 3124 1436 de
3151 1382 3449 1436 canonibus
3470 1381 3652 1435 diver-

2077 1491 2260 1531 sorum
2291 1474 2638 1530 conciliorum
2670 1472 2964 1539 subjunxit,
2996 1471 3061 1524 ad
3113 1470 3431 1536 corrigenda
3474 1468 3651 1522 homi-

2077 1583 2204 1622 num
2238 1567 2367 1620 vitia
2396 1574 2451 1620 et
2503 1565 2745 1619 instituta
2801 1563 3076 1634 religionis
3117 1562 3442 1617 Christiana:
3495 1561 3655 1615 robo-

2079 1656 2268 1712 randa.
2298 1655 2570 1709 Praeterea
2607 1668 2819 1722 quoque
2846 1654 3078 1708 Macario
3118 1652 3382 1707 monacho
3428 1659 3653 1721 petente

400 1766 508 1820 quo
537 1751 769 1819 primum
803 1752 1126 1806 testimoniis
1152 1749 1350 1804 divinis
1392 1748 1662 1818 probavit,
1686 1748 1977 1802 observan-
2005 1736 2051 1794 Β
2079 1746 2144 1800 de
2173 1753 2428 1814 computa
2457 1742 2687 1797 confecit
2709 1741 2976 1813 dialogum
3007 1756 3172 1794 unum
3198 1741 3246 1792 ι).

471 1892 497 1919 ιι
530 1881 707 1952 Drogo
734 1888 853 1952 erat
876 1870 1162 1952 episcopus
1186 1879 1458 1952 Meteusis,
1486 1878 1669 1952 dictus
1705 1875 1973 1952 archiepi-

399 1964 593 2018 scopus
616 1948 685 2004 ob
707 1949 852 2019 pallii
876 1948 1130 2003 honorem
1156 1960 1211 2003 et
1234 1950 1419 2003 vicarii
1445 1948 1725 2019 apostolici
1751 1948 1977 2019 dignita-

400 2017 509 2073 tern
530 2034 559 2073 a
584 2017 769 2088 Sergio
801 2035 936 2088 papa
970 2028 1243 2088 acceptam
1275 2035 1416 2072 anno
1441 2020 1563 2073 844.
1617 2017 1760 2088 Man.
1780 2047 1849 2057 —-
1873 2017 1980 2088 _Est

399 2091 486 2143 hic
526 2085 708 2158 Drogo
725 2085 966 2158 filius—VS.
998 2085 1174 2143 Caroli
1224 2088 1396 2156 Magni
1428 2106 1491 2141 ex
1537 2086 1846 2158 concubina,
1872 2085 1975 2138 lie-

398 2159 625 2228 ginaain
643 2157 852 2227 palatio
878 2157 1131 2212 Ludovici
1169 2159 1246 2211 Pii
1276 2159 1565 2218 enutritus,
1617 2157 1740 2210 dein
1767 2157 1975 2228 episco-

396 2226 793 2308 pus‘M‘ete’nsisﬂ,
823 2242 852 2281 a
881 2228 1070 2308 Sergio
1094 2228 1151 2308 _ll
1174 2297 1185 2308 .
1206 2229 1440 2281 vicarius
1470 2228 1644 2308 sedis“
1665 2226 1973 2308 apostolica:

400 2296 453 2349 in
482 2296 650 2350 Gallia
678 2307 731 2353 et
755 2296 1042 2352 Germania
1073 2297 1386 2365 designatus
1417 2312 1558 2350 anno
1587 2297 1713 2350 Chr.
1754 2296 1879 2350 844.
1915 2296 1973 2348 In

399 2366 829 2448 epistola'Sergii
869 2368 933 2421 ad
976 2368 1254 2448 episcopos
1286 2366 1677 2448 Transalpinos
1717 2366 1974 2448 archiepi-

393 2450 577 2506 scopus
596 2435 839 2490 Metensis
854 2437 1173 2506 appellatur,
1191 2452 1291 2504 qua
1309 2435 1714 2506 prceeminentia
1738 2435 1826 2506 diu
1847 2444 1973 2488 ante

393 2504 494 2583 sub
520 2504 687 2583 fratre
719 2521 842 2583 _s_uo
866 2503 1146 2583 Ludovico
1169 2503 1264 2560 Pio
1294 2503 1810 2583 ususnprgeseditin
1844 2519 1971 2557 con-

392 2571 518 2627 cilio
549 2576 688 2644 apud
719 2575 1021 2631 Theodonis
1058 2577 1238 2629 villam
1269 2588 1413 2629 anno
1455 2571 1578 2639 835,
1609 2584 1664 2628 et
1697 2574 1969 2628 Ebbouem

2080 1876 2410 1948 Rhemorum
2460 1877 2922 1947 archiepisc0pum
2971 1878 3136 1948 gradu
3175 1892 3272 1931 suo
3302 1875 3512 1945 dcjccit.
3555 1877 3657 1948 Le—

2080 1948 2284 2016 gendus
2321 1947 2643 2001 llincmarus
2671 1950 2722 2001 in
2758 1947 3045 2016 posteriOri
3082 1962 3243 2017 Opere
3265 1948 3523 2017 adversus
3553 1947 3657 2001 Go-

2081 2017 2436 2080 tbescalcum,
2461 2031 2510 2070 c.
2536 2018 2627 2087 56,
2645 2018 2733 2071 ubi
2756 2018 3006 2083 leguntur
3033 2017 3446 2087 subscripsisse:
3479 2016 3655 2087 Drago

2079 2087 2522 2156 archiepiscopus,
2551 2085 2695 2141 Hetti
2722 2087 3159 2156 archiepiswpus,
3188 2085 3314 2149 etc.,
3352 2096 3405 2140 et
3431 2085 3655 2141 conclu-

2080 2156 2228 2209 ditur
2272 2155 2356 2210 his
2395 2155 2573 2210 Verbis
2600 2164 2668 2208 ;⁷‹
2702 2155 2828 2211 Haec
2873 2155 3139 2226 scriptura
3170 2157 3293 2226 data
3337 2168 3422 2211 est
3450 2173 3480 2209 a
3522 2158 3659 2210 Dro-

2113 2240 2235 2289 one,
2264 2226 2356 2294 qui
2382 2227 2586 2296 synodo
2605 2226 2927 2296 priesidebat
2953 2225 3056 2279 una
3081 2243 3199 2281 cum
3230 2225 3372 2296 lletti
3398 2227 3529 2296 epis-'7
3549 2242 3654 2293 opu

2126 2294 2419 2361 revirensi,’
2438 2294 2676 2357 Fulconi,
2704 2297 2796 2364 qui
2827 2311 3107 2350 successor
3127 2298 3180 2349 in
3208 2296 3333 2350 sedc
3357 2294 3654 2349 Rhemensi

2077 2364 2313 2420 Ebbouis
2335 2366 2647 2421 designatus
2675 2363 2874 2419 fuerat.
2906 2386 2923 2416 ι
2967 2366 3129 2421 Βοιιη

2152 2435 2434 2488 b'Adnotat
2460 2433 2755 2489 Browcrus
2788 2454 2799 2487 :
2842 2436 3145 2489 Desiderato
3178 2433 3429 2488 nonnulla
3459 2435 3512 2487 in
3550 2450 3651 2485 ms.

2079 2505 2279 2574 expleat
2319 2504 2466 2559 velint
2489 2506 2578 2574 qui
2602 2513 2787 2574 potest.
2820 2504 2982 2559 BOLL.

2860 2712 3649 2745 ..._......._...__._.L_—————-

1043 2865 1146 2949 B.
1227 2861 1657 2950 RABANI
1735 2812 2130 2948 MAURI'
2186 2859 2473 2951 VITA
2540 2859 2999 2949 ALTERA

1684 3068 1970 3113 AUCTORE
2011 3067 2367 3110 TRITHEMIO

654 3226 745 3286 (Ex
773 3225 987 3275 editione
1006 3225 1203 3286 Georgii
1229 3222 1520 3275 Colvenerii.
1544 3247 1607 3260 —
1626 3222 1877 3271 Accedunt
1898 3225 2024 3269 noue
2040 3214 2388 3273 Bollandianaa,
2417 3228 2479 3264 ex
2503 3215 2636 3265 Actis
2658 3216 2960 3276 Sanctorum,
2987 3217 3042 3263 ai
3068 3214 3188 3264 hanc
3208 3214 3380 3265 Vitam.
3391 3226 3404 3277 y

1526 3449 1916 3511 EPISTOLA
1961 3445 2508 3509 DEDlCATORlA
2524 3490 2538 3503 .

470 3704 943 3762 Reverendissimo
971 3702 1025 3756 in
1069 3700 1287 3756 Christo
1323 3700 1489 3770 patri,
1512 3699 1981 3768 illustrissimoque
2008 3703 2052 3765 (ζ
2085 3698 2213 3752 tavi.
2244 3697 2352 3753 Nec
2374 3698 2567 3751 mirum
2594 3696 2638 3749 si
2662 3696 2811 3765 plura
2840 3702 3116 3765 gestorum
3144 3696 3261 3767 ejus
3286 3698 3499 3756 silentio
3535 3720 3661 3773 per-

399 3797 630 3869 principi
672 3804 726 3849 et
775 3793 1012 3855 domino,
1040 3790 1258 3846 domino
1305 3791 1579 3851 ALBERTO,
1615 3796 1818 3843 sancta:
1860 3787 1975 3842 Mo-

401 3891 638 3963 guntina:
669 3900 693 3926 ιι
731 3884 874 3939 sedis
916 3890 973 3937 et
1019 3880 1488 3951 Magdeburgensis
1516 3879 1759 3934 ecclesiae
1802 3877 1980 3933 archi-

400 3982 672 4050 episcopo,
699 3974 838 4030 sacri
871 3972 1099 4026 Romani
1126 3970 1340 4040 Imperii
1366 3970 1594 4041 principi
1621 3970 1861 4034 electori,
1885 3984 1981 4039 per

409 4070 753 4128 Germaniam
808 4062 1321 4128 archicancellario,
1372 4071 1532 4131 atque
1578 4062 1797 4132 primati
1857 4060 1981 4115 Hal-

408 4160 762 4218 berstatcnsis
794 4155 1054 4216 ccclesim,
1084 4153 1504 4208 administratori
1534 4151 1981 4222 Brandeburgen-

404 4253 541 4307 sium
591 4251 642 4313 ι),
707 4245 1002 4303 marcbioni
1066 4242 1477 4304 Stetinensium,
1536 4241 1978 4303 Pomeranorum,

402 4338 805 4399 Cassubiorum,
839 4344 893 4389 ct
936 4333 1247 4386 Sclavorum
1278 4330 1422 4395 duci,
1454 4329 1978 4394 Nurenbergensium

406 4425 748 4494 burggravio,
779 4438 843 4476 ac
872 4422 1163 4488 Rugiorum
1195 4420 1444 4488 priuexpi,
1483 4418 1719 4473 Joannes
1750 4418 1790 4471 Τ
1797 4432 1984 4472 unus-

409 4528 536 4569 unus
566 4512 733 4566 abbas
767 4509 1078 4565 monasterii
1101 4509 1270 4562 sancti
1297 4507 1482 4562 Jacobi
1513 4506 1727 4574 Majoris
1758 4505 1982 4574 apostoli

409 4605 462 4657 in
491 4603 672 4658 suburl
694 4602 813 4656 anis
843 4597 1243 4667 llcrbipolensis
1281 4596 1533 4661 civitatis,
1559 4596 1827 4664 quondam
1858 4611 1983 4649 vero

409 4691 873 4762 Spanheimensis,
924 4688 1127 4743 ordinis
1168 4686 1340 4742 sancti
1387 4685 1680 4749 Benedicti,
1725 4685 1985 4754 quidquid

410 4788 478 4841 ad
508 4786 676 4839 Deum
706 4784 878 4839 oratio
898 4780 1151 4852 praevalet
1176 4779 1492 4850 peccatoris.

482 4876 701 4932 Obedivi
735 4874 1003 4928 mandatis
1039 4873 1163 4936 tuis,
1199 4870 1644 4926 reverendissimc
1685 4869 1901 4940 praesul,
1930 4881 1986 4926 et

414 4967 591 5020 Vitam
615 4965 752 5020 beati
781 4962 1188 5032 prmdecessoris
1216 4961 1287 5015 tui
1314 4960 1519 5015 Rabani
1542 4960 1710 5015 Mauri
1733 4959 1984 5031 Magnen-

2081 3789 2305 3842 transivi
2332 3806 2344 3841 :
2376 3787 2572 3857 quippe
2598 3786 2686 3855 qui
2716 3784 2918 3838 nullum
2948 3794 3074 3840 ante
3109 3803 3193 3840 me
3219 3788 3404 3854 fixum,
3428 3791 3658 3850 solidum

2079 3888 2135 3933 et
2178 3878 2528 3932 sufficientem
2568 3876 2634 3931 de
2686 3875 2786 3929 hac
2839 3875 2954 3945 ipsa
3006 3876 3228 3930 materia
3258 3881 3403 3948 potui
3458 3882 3659 3938 habere

2081 3968 2416 4038 scriptorem,
2445 3966 2536 4020 sed
2568 3966 2773 4035 primus
2817 3973 3005 4019 auctor
3027 3982 3145 4020 esse
3183 3968 3298 4021 sine
3324 3972 3660 4038 prmcedente

2081 4057 2390 4128 compellor,
2417 4065 2472 4111 et
2507 4071 2571 4110 ex
2606 4056 2787 4109 multis
2832 4065 2995 4126 atque
3037 4057 3265 4112 diversis
3311 4060 3493 4129 agellis
3515 4062 3657 4116 deci-

2082 4150 2269 4203 dentes
2310 4147 2561 4217 colligere
2608 4148 2803 4215 spicas,
2837 4145 3233 4216 Dominiciqu
3265 4149 3529 4205 thesauris
3559 4167 3657 4206 ηο-

2081 4255 2180 4293 vus
2230 4254 2437 4293 messor
2483 4237 2784 4307 manipulos
2836 4236 3036 4291 inferre
3091 4239 3359 4308 antiquos.
3410 4242 3493 4295 Ab
3540 4242 3660 4310 ejus

2082 4347 2314 4400 namque
2351 4332 2578 4385 transitu
2609 4332 2675 4386 de
2705 4332 2807 4385 hoc
2834 4330 3033 4385 mundo
3068 4333 3132 4385 ad
3163 4332 3445 4387 Dominum
3489 4350 3660 4403 usque

2083 4425 2148 4475 ad
2172 4438 2293 4486 nos,
2317 4421 2445 4474 anni
2471 4429 2852 4490 computantur
2871 4421 3255 4492 quinquaginta
3280 4438 3471 4477 novem
3497 4432 3659 4492 atque

2082 4512 2345 4576 sexcenti,
2401 4512 2554 4581 cujus
2602 4513 2759 4583 longa
2808 4512 3152 4582 intercapedo
3198 4515 3455 4582 temporis
3491 4516 3659 4569 multa

2082 4619 2180 4673 per
2205 4619 2327 4657 cum
2352 4602 2583 4673 gloriose
2610 4603 2747 4657 facta
2776 4611 3088 4673 perpetuam
3120 4604 3172 4657 in
3216 4604 3537 4659 oblivionem
3567 4607 3661 4660 de-

2085 4695 2254 4749 duxit.
2300 4693 2516 4759 Plures,
2546 4693 2742 4759 fateor,
2788 4694 3140 4748 historiarum
3178 4697 3467 4763 scriptores
3510 4698 3657 4749 varia

2086 4784 2302 4838 laudum
2332 4784 2603 4853 praeconia
2646 4784 2713 4837 de
2743 4784 2847 4838 hoc
2892 4783 3203 4838 beatissimo
3249 4791 3409 4852 atque
3463 4783 3660 4838 doctis—

2086 4878 2222 4933 simo
2250 4878 2366 4932 viro
2394 4879 2446 4931 in
2477 4878 2589 4932 suis
2640 4875 3101 4931 lucubrationibus
3152 4877 3347 4945 passim
3387 4875 3510 4929 hinc
3536 4875 3660 4929 inde

2086 4969 2436 5039 scripserunt,
2462 4981 2690 5037 quorum
2730 4974 2906 5020 tamen
2959 4964 3139 5019 nullus
3169 4966 3341 5019 Vitam
3372 4963 3487 5033 ejus
3531 4979 3663 5017 con-

414 5060 494 5121 lii.
529 5072 696 5113 sacrm
730 5056 998 5125 quondam
1035 5053 1355 5124 Moguntina:
1384 5053 1526 5106 sedis
1562 5061 1666 5106 ῑιιτιξ
1699 5054 1985 5123 archipon-
2010 5061 2062 5121 D
2089 5057 2292 5111 tinuata
2322 5056 2462 5111 serie
2492 5055 2813 5125 composuit.
2840 5054 2954 5121 Qua
2987 5070 3053 5108 ex
3091 5069 3149 5107 re
3196 5053 3346 5107 labor
3373 5052 3500 5106 mihi
3540 5068 3665 5121 gra-

415 5151 594 5215 tificis,
642 5158 803 5219 atque
838 5147 1073 5202 doctoris
1104 5144 1470 5199 celeberrima:
1519 5145 1788 5214 Opinionis
1829 5150 1990 5213 atque

415 5241 698 5304 doctrinae,
726 5254 793 5293 ex
841 5236 1066 5292 diversis
1099 5242 1398 5303 temporum
1427 5233 1780 5304 scriptoribus
1808 5232 1988 5287 veraci

415 5344 470 5387 et
519 5333 793 5387 succincta
838 5327 1147 5383 narratione
1182 5326 1235 5380 in
1266 5341 1431 5381 unum
1458 5326 1708 5379 volumen
1747 5339 1990 5393 compor-

489 5476 514 5502 α
544 5464 755 5517 Electus
779 5462 812 5517 9
837 5460 1010 5514 Martii
1061 5472 1202 5512 anno
1254 5455 1417 5519 1514,
1464 5463 1588 5508 ante
1622 5454 1984 5522 archiepisco-

423 5548 519 5600 pus
552 5531 1016 5601 Magdeburgensis
1042 5537 1097 5582 et
1120 5526 1526 5601 administrator
1553 5522 1980 5601 llalbcrstadicn-

421 5593 525 5664 sis;
550 5593 670 5654 dein
708 5618 735 5653 a
766 5593 940 5653 Leone
972 5615 1103 5668 papa
1134 5597 1175 5650 Χ
1206 5612 1293 5649 an.
1331 5595 1465 5648 1518
1515 5594 1653 5646 inter
1681 5593 1981 5645 cardinales

2086 5150 2339 5205 vissimus
2359 5150 2696 5210 occurrebat,
2720 5149 2845 5217 quia
2870 5149 2994 5204 dum
3016 5163 3114 5217 per
3133 5149 3371 5201 diversos
3391 5153 3636 5199 auctores
3655 5179 3671 5204 ,

2085 5241 2213 5310 quid
2238 5241 2463 5309 quisque
2493 5239 2558 5292 de
2603 5239 2828 5294 Rabauo
2859 5240 3157 5308 scripserit,
3195 5239 3499 5308 compulsus
3540 5250 3662 5289 sum

2085 5345 2347 5397 quzerere,
2407 5329 2615 5400 singula
2669 5346 2788 5398 quze
2826 5332 2997 5400 reperi
3050 5331 3226 5384 minus
3279 5328 3451 5397 lepide
3500 5334 3664 5393 atque

2086 5460 2285 5531 ascitus
2314 5477 2324 5511 :
2350 5461 2458 5531 vita
2481 5459 2694 5515 functus
2716 5461 2785 5514 24
2817 5459 2966 5531 Sept.
2998 5477 3085 5514 an.
3120 5460 3274 5513 1525.

2162 5532 2185 5568 δ
2219 5530 2384 5583 Filius
2414 5530 2567 5583 Joan.
2597 5532 2844 5585 electuris
2873 5530 3379 5599 Brandeburgensis.
