4012 6202
303 244 373 297 '69
1695 239 2223 296 PliOLEGOMENA.
3515 239 3587 292 70

300 353 595 408 concinne
619 355 771 423 potui
800 355 1074 409 ordinare.
1102 353 1233 420 Quis
1280 354 1423 407 enim
1453 352 1651 406 nostris
1680 351 1912 405 maxime
1938 356 1990 411 Α
2017 364 2103 403 res
2133 351 2310 404 divina
2338 350 2435 407 tibi
2457 364 2671 420 semper
2692 351 2746 406 in
2774 352 2953 408 animo
2969 351 3091 418 fuit,
3118 353 3363 423 nihilque
3384 356 3593 412 deicio:

306 445 693 512 temporibus,
726 446 792 499 ad
830 446 944 499 luec
986 453 1133 498 tanta
1178 444 1478 513 reperiatur
1506 443 1752 508 idoneus,
1774 450 1917 496 utea

308 532 488 586 faciat
510 534 785 589 litteraria
831 535 1164 605 perennitate
1200 533 1541 596 reviviscere,
1566 548 1685 601 qure
1715 549 1810 603 per
1838 541 1918 588 tot

309 638 496 677 annos
526 624 583 678 in
616 624 887 678 oblivione
923 623 1232 676 mortalium
1278 630 1488 675 constat
1530 623 1912 691 permansisse.

308 710 533 765 Pudeat
562 711 872 766 Germania:
909 710 1190 780 pontiﬁces
1217 710 1415 764 innatre
1456 720 1516 763 ut
1546 712 1618 764 ita
1660 710 1911 775 dixerim,

308 804 611 865 socordiae,
643 803 734 872 qui
763 803 1088 856 vanitatibus
1123 801 1310 865 dediti,
1336 810 1392 855 et
1427 802 1520 856 Dei
1570 803 1827 857 honorem
1860 804 1913 856 in

309 894 530 948 sanctis
560 894 861 964 negligant,
892 902 945 947 et
969 894 1217 948 decorem
1248 893 1436 962 patrice
1482 895 1621 962 turpi
1662 895 1908 948 dissimu—

310 984 526 1038 latiéne
572 993 948 1039 contemnunt.
983 982 1294 1051 Compatior
1330 982 1626 1037 infelicitati
1677 986 1913 1037 nationf-t

313 1090 449 1130 mea:
482 1074 849 1140 Germanica,
874 1073 1023 1140 cujus
1049 1082 1196 1127 tanta
1224 1082 1308 1127 est
1354 1072 1541 1128 feritas
1584 1075 1961 1155 animorum,‘

312 1175 373 1219 ut
400 1180 589 1234 neque
616 1179 745 1218 suos
773 1177 922 1218 recte
962 1165 1171 1218 noverit
1200 1164 1481 1218 instituere
1527 1173 1702 1226 natos,
1737 1180 1910 1233 neque

313 1270 407 1309 eos
438 1255 537 1325 qui
576 1270 698 1309 sese
734 1254 975 1309 moribus
1025 1263 1079 1307 et
1117 1254 1359 1308 doctrina
1391 1257 1603 1308 caeteris
1650 1264 1909 1325 perstan-

317 1346 485 1399 tiores
514 1345 776 1398 exhibere
798 1345 1136 1410 studuerunt,
1167 1345 1446 1415 condignis
1469 1345 1684 1399 landum
1714 1357 1769 1399 et
1796 1362 1908 1400 me-

317 1436 551 1489 ritorum
587 1434 759 1489 titulis
781 1435 1126 1489 consueverit
1156 1436 1443 1490 honorare.
1472 1436 1552 1489 Ab
1579 1451 1643 1490 eo
1678 1453 1907 1506 namque

319 1536 585 1594 tempore,
616 1540 727 1594 quo
772 1534 992 1578 sanctus
1035 1524 1383 1594 archiprzesul
1431 1525 1684 1581 Rabanus
1710 1528 1908 1598 migra-

318 1618 399 1670 vit
424 1618 491 1670 ad
538 1617 818 1670 Christum
846 1632 1017 1685 usque
1046 1618 1113 1670 ad
1161 1618 1553 1671 ordinationem
1592 1620 1664 1673 tui
1692 1620 1907 1688 pontiﬁ-

2017 455 2179 508 quam
2206 441 2526 497 clericorum
2557 443 2739 497 choris
2788 444 3049 499 interesse
3076 444 3434 515 psallentium,
3466 464 3594 502 aras

2015 530 2240 600 pulchro
2261 531 2456 585 decore
2476 546 2693 597 ornare,
2735 542 3045 588 sanctorum
3074 544 3127 589 et
3158 536 3591 592 beatissimorum

2016 628 2312 688 martyrum
2337 619 2538 674 Christi
2567 621 2725 676 simul
2777 631 2832 677 et
2878 622 3249 676 conﬁtentium
3274 640 3396 678 ossa
3444 627 3593 679 vario

2013 718 2069 765 et
2094 710 2264 765 nitido
2289 711 2575 781 splendore
2602 713 2717 766 auri
2748 713 2949 767 vestire
2974 722 3029 766 et
3057 714 3286 782 argenti.
3317 714 3466 779 Quod
3493 732 3593 786 ego

2014 803 2079 856 de
2114 812 2202 856 tua
2236 804 2641 872 religiosissima
2670 804 2996 859 Celsitudine
3028 814 3175 859 tanto
3206 806 3385 859 verius
3426 810 3593 860 conli-

2014 893 2330 960 dentiusque
2356 894 2594 946 scribere
2618 894 2788 961 potui,
2806 904 3004 962 quanto
3031 894 3232 947 diutius
3256 904 3381 947 ante
3398 877 3593 948 dect-n-

2010 980 2160 1034 nium
2201 992 2547 1035 conversatus
2572 982 2623 1034 in
2653 984 2799 1035 curia
2830 983 3156 1035 serenissimi
3182 984 3440 1052 principis
3474 984 3596 1039 Joa-

2010 1070 2213 1134 chimi,
2266 1068 2799 1141 Brandenburgensis
2856 1072 3219 1137 marchicnis,
3274 1074 3592 1142 imperiique

2010 1162 2266 1231 principis
2285 1163 2558 1228 electoris,
2581 1162 2834 1216 Germani
2858 1164 2968 1229 tui;
2993 1166 3133 1233 apud
3160 1163 3408 1218 Ursulam
3438 1164 3465 1202 δ
3492 1167 3591 1217 Cu-

2009 1252 2167 1306 lonite
2200 1260 2267 1307 ad
2291 1251 2573 1321 Sprevum,
2600 1254 2897 1322 principem
2933 1263 3002 1317 te,
3026 1254 3385 1323 juvenemque
3410 1256 3593 1324 singu-

2008 1343 2107 1399 lari
2145 1344 2345 1413 pietate
2398 1346 2452 1398 in
2491 1345 2659 1398 Deum
2709 1345 3028 1409 ferventem,
3057 1355 3113 1400 et
3145 1346 3250 1399 vidi
3294 1347 3504 1416 plenius
3536 1354 3591 1400 et

2006 1435 2206 1490 audivi.
2247 1434 2383 1488 Cum
2432 1436 2593 1503 igitur
2644 1436 2823 1489 divina
2879 1437 3227 1490 miseratione
3262 1445 3586 1505 praeventus,

2006 1526 2182 1580 adhuc
2210 1541 2344 1595 puer
2366 1526 2699 1589 adolescens,
2731 1534 2875 1578 tanta
2903 1527 3123 1594 pietate,
3145 1534 3290 1578 tanta
3323 1526 3588 1580 charitate

2006 1631 2069 1670 ac
2090 1617 2370 1671 devotione
2389 1616 2747 1670 sanctissimis
2770 1623 2821 1669 te
2842 1614 3040 1669 Christi
3069 1614 3381 1668 ministeriis
3402 1625 3590 1683 aptare

318 1708 981 1773 catnsﬁeverendissime
1014 1708 1211 1777 prmsul
1238 1707 1476 1773 Alberte,
1510 1709 1905 1781 Moguntinccn-
1932 1695 1978 1753 B
2007 1706 2256 1777 gestires,
2311 1714 2372 1759 ut
2419 1721 2523 1759 non
2574 1706 2734 1760 modo
2785 1705 3086 1760 senioribus
3139 1713 3440 1774 stuporem,
3491 1706 3589 1757 sed

320 1799 398 1851 sis
449 1799 694 1852 ecclesia:
740 1798 1129 1866 archiepiscopi
1184 1799 1511 1853 exstiterunt
1566 1815 1808 1867 numero,
1859 1802 1905 1857 si

322 1902 468 1946 recte
523 1892 768 1955 memini,
824 1891 1213 1960 quinquaginta
1255 1904 1306 1958 α,
1354 1908 1385 1947 e
1434 1894 1629 1963 quibus
1675 1894 1903 1962 Rabani,

320 1982 645 2036 sanctissimi
670 1982 793 2046 viri,
823 1983 1138 2036 memoriam
1164 1983 1340 2039 nullus
1367 1985 1639 2040 revocavit
1662 1986 1727 2039 ad
1754 2001 1905 2040 men-

322 2080 459 2135 tem,
488 2086 677 2125 nomen
700 2069 815 2138 ejus
845 2072 1161 2141 posteritate
1183 2082 1370 2127 notum
1401 2073 1579 2129 facere
1617 2074 1791 2130 nullus
1816 2089 1905 2130 eo-

328 2175 451 2214 rum
497 2162 800 2215 attentavit.
840 2160 958 2214 Tibi
1014 2171 1344 2216 reservatum
1376 2174 1458 2218 est
1510 2166 1613 2219 hoc
1658 2172 1903 2220 sanctum

321 2266 456 2319 opus
479 2249 933 2315 Christianorum,
960 2251 1419 2308 Cbristianissime
1444 2255 1644 2324 prmsul
1692 2265 1745 2309 et
1771 2255 1903 2309 emi-

307 2343 640 2396 'nentissime
671 2343 939 2412 princeps,
972 2350 1063 2396 tuo
1100 2344 1303 2397 nomini
1352 2343 1579 2398 debetur
1613 2345 1751 2399 tanti
1791 2345 1903 2415 glo-

325 2433 400 2487 ria
426 2434 549 2497 viri,
578 2434 696 2501 qui,
724 2441 966 2487 veterum
992 2441 1153 2503 atque
1197 2435 1657 2491 sanctissimornm
1686 2437 1904 2507 pontiﬁ-

326 2539 441 2576 cum
472 2522 796 2586 imitatione,
829 2532 881 2577 te
927 2522 979 2576 in
1009 2525 1219 2579 cunctis
1267 2540 1451 2579 verum
1483 2526 1683 2581 Christi
1717 2527 1902 2583 studes

326 2614 579 2667 exhibere
620 2613 955 2677 ministrum,
1008 2621 1062 2667 et
1100 2614 1623 2683 irreprehensibilem
1659 2616 1903 2671 ecclesiae

328 2702 417 2755 tibi
447 2704 750 2758 commissa:
796 2703 962 2756 verbo
1007 2712 1062 2757 et
1108 2704 1354 2772 exemplo
1391 2705 1719 2774 pontiﬁcem.
1751 2705 1898 2760 Felix

326 2779 544 2864 proinde
596 2794 935 2865 Moguntina,
969 2802 1020 2848 te
1065 2796 1402 2861 moderante,
1433 2805 1619 2852 sancta
1649 2797 1897 2864 ecclesia,

324 2885 408 2953 qui
430 2898 586 2939 sacra
616 2892 929 2938 sanctorum
950 2898 1073 2938 ossa
1093 2886 1312 2939 tumulis
1339 2895 1651 2941 reverenter
1668 2887 1899 2954 elevata,

324 2973 528 3042 pepulis
551 2974 856 3028 veneranda
882 2982 1105 3043 praestas
1132 2974 1408 3041 ﬁdelibus;
1438 2985 1493 3031 et
1516 2992 1635 3046 qure
1656 2985 1899 3032 veterum

325 3063 523 3117 incuria
560 3079 685 3118 mox
706 3072 865 3117 erant
895 3063 1208 3119 resolvenda
1238 3066 1293 3119 in
1332 3067 1592 3132 cinerem,
1622 3070 1898 3125 memoriae

324 3164 588 3224 p’rpetuae
616 3155 847 3208 ﬁrmiter
878 3156 1288 3210 commendasti.
1322 3157 1474 3213 Unde
1502 3155 1757 3214 Germani
1783 3175 1899 3216 om—

326 3261 418 3299 nes
451 3244 576 3312 jnre
628 3254 683 3300 te
712 3244 892 3299 lumen
931 3261 1085 3300 suum
1121 3254 1176 3301 et
1205 3248 1369 3302 decus
1405 3248 1724 3305 immensum
1762 3266 1900 3320 prse-

326 3336 515 3399 dicant,
541 3340 635 3406 qui
659 3337 755 3391 Dei
782 3337 961 3392 cultor
985 3353 1043 3393 es
1063 3339 1351 3404 maximus,
1377 3350 1663 3396 venerator
1686 3350 1899 3397 sancto-

326 3443 439 3481 rum
462 3428 582 3496 ejus
610 3428 1011 3499 integerrimus,
1045 3428 1316 3500 religionis
1345 3431 1622 3486 catholicae
1648 3431 1900 3488 defensor

326 3519 814 3582 constantissimus,
845 3533 1039 3589 genere
1082 3520 1336 3590 princeps
1375 3521 1757 3587 nobilissimus,
1786 3524 1899 3578 vita

326 3618 375 3663 et
409 3609 652 3664 moribus
676 3610 916 3664 omnium
965 3609 1083 3665 sine
1130 3611 1499 3666 controversia
1534 3610 1895 3679 clarissimus;

322 3712 373 3755 ct
396 3702 599 3757 idcirco
651 3715 925 3769 nunquam
962 3701 1080 3755 sine
1114 3701 1320 3757 honore
1369 3703 1747 3758 nominandus.
1776 3703 1902 3760 Htec

324 3804 373 3850 et
400 3796 485 3850 his
521 3792 730 3862 majora
757 3794 952 3847 divinae
991 3793 1355 3848 miserationis
1383 3794 1652 3848 cumulata
1706 3795 1904 3849 beneﬁ-

326 3888 405 3943 cia
440 3885 788 3956 pensiculatis
826 3885 980 3940 sedes
1024 3884 1338 3954 apostolica,
1388 3885 1528 3954 quod
1572 3885 1700 3940 nulli
1762 3886 1901 3955 apud

325 3979 622 4036 Germanos
677 3985 901 4033 eatenus
960 3977 1252 4047 contigisse
1304 3977 1539 4047 legitur,
1605 3977 1900 4047 principem

320 4080 473 4126 tetate
494 4071 773 4137 juvenem,
817 4068 910 4122 sed
938 4068 1177 4122 moribus
1205 4083 1412 4133 senem,
1437 4084 1559 4123 cum
1587 4068 1675 4122 vix
1700 4083 1899 4123 annum

324 4161 589 4232 attigisses
618 4160 865 4228 quintum
909 4166 1071 4226 atque
1104 4158 1444 4221 vicesimum,
1474 4158 1752 4227 prarmissa
1794 4158 1901 4214 ele-

320 4252 497 4305 ctione
520 4249 748 4304 fratrum
771 4248 1046 4312 canonica,
1083 4257 1133 4302 te
1161 4247 1482 4319 Moguntinaa
1520 4250 1664 4305 sedis
1692 4258 1748 4304 et
1794 4250 1902 4305 Ma-

323 4337 744 4407 gttenbnrgensis
761 4336 1003 4392 ecclesia:
1018 4337 1498 4408 archiepiscopum,
1517 4346 1680 4408 atque
1697 4340 1899 4409 prima-

324 4439 425 4483 tem
482 4427 875 4484 Germanorum
925 4427 1238 4498 pontiﬁcum
1291 4430 1531 4483 omnium
1576 4430 1891 4496 constituit,

322 4520 523 4587 tibique
568 4534 763 4573 munus
813 4518 1240 4573 consecrationis
1293 4517 1500 4587 placida
1563 4520 1896 4591 benignitate

318 4624 440 4663 cum
465 4608 750 4679 palliorum
797 4609 989 4663 decore
1024 4609 1305 4678 utriusque
1342 4608 1581 4663 ecclesiae
1607 4611 1893 4665 concessit.

320 4701 544 4773 lnsuper
571 4712 633 4755 ut
675 4716 870 4756 nomen
917 4710 998 4757 ter
1024 4701 1243 4755 maximi
1288 4702 1401 4755 sive
1439 4702 1660 4756 triarchi
1704 4702 1896 4757 merito

320 4794 537 4848 videare
558 4802 903 4857 consecutus,
927 4794 1418 4847 administratorem
1448 4801 1500 4847 te
1546 4794 1773 4864 insignis
1801 4794 1900 4849 Ec-

322 4885 497 4939 clesiae
549 4883 1004 4940 Halberstatensis
1051 4885 1354 4947 constituit,
1384 4892 1439 4940 et
1464 4886 1688 4956 gloriam
1733 4887 1900 4942 Celsi-

326 4976 520 5030 tudinis
558 4984 662 5030 tua:
689 4990 850 5044 super
873 4991 1061 5030 omnes
1094 4973 1398 5030 Germaniae
1421 4976 1704 5044 pontiﬁces
1739 4978 1899 5033 subli-

324 5069 502 5122 mavit.
528 5066 683 5134 Quod
716 5067 896 5120 divina
934 5066 1382 5135 praeordinatione
1410 5066 1608 5121 factum
1635 5084 1741 5124 non
1785 5084 1899 5123 am-

326 5159 467 5226 bigit,
500 5158 593 5228 qni
639 5158 807 5212 vitam
839 5167 893 5211 et
934 5172 1111 5211 mores
1151 5164 1272 5211 tuos
1324 5159 1392 5213 ab
1430 5159 1646 5213 ineunte
1671 5176 1901 5216 noscens

324 5257 478 5303 actate
519 5249 815 5304 studiosius
844 5248 1219 5318 pensiculavit.
1242 5249 1377 5304 Nam
1416 5252 1616 5305 teneris
1653 5253 1719 5305 ab
1743 5253 1901 5308 annis

392 5414 419 5445 ι
442 5402 608 5475 [tant
633 5404 844 5475 primus
864 5405 1090 5459 istorum
1113 5405 1502 5475 quinquaginta
1537 5407 1608 5462 sit
1634 5408 1693 5461 Β.
1722 5408 1897 5464 Baba~

325 5489 452 5534 nus;
482 5474 725 5537 ultimus,
751 5475 1026 5529 Albertus.

390 5544 417 5583 δ
441 5543 741 5609 Berlinum,
788 5545 943 5599 sedes
972 5545 1243 5610 electoris,
1272 5545 1547 5601 conditum
1590 5546 1903 5601 denomina-

328 5622 544 5681 tumque
583 5613 758 5669 fertur
782 5614 850 5668 ab
895 5615 1113 5671 Alberto
1140 5615 1278 5671 Urse
1316 5616 1561 5686 principe
1596 5616 1900 5672 Anhaldino

1922 4390 1976 4449 D

2004 1796 2170 1851 etiam
2197 1797 2483 1861 universis,
2525 1797 2615 1865 qui
2672 1807 2724 1851 te
2760 1797 2964 1862 videre,
3013 1798 3218 1861 audire,
3253 1812 3347 1851 seu
3388 1797 3588 1865 alloqui

2004 1888 2351 1953 meruissent,
2378 1887 2634 1957 grandem
2683 1888 2955 1943 incnteres
3004 1888 3590 1958 admirationem,quis

2002 1992 2200 2048 negare
2221 1978 2438 2047 poterit,
2468 1978 2570 2032 nisi
2597 1978 2838 2042 demens,
2871 1988 2942 2042 te,
2967 1987 3256 2046 antequam
3285 1980 3589 2033 nascereris

2004 2068 2058 2121 in
2088 2068 2368 2132 mundum,
2399 2066 2579 2120 divina
2618 2067 2952 2135 providentia
2996 2066 3229 2121 electum
3262 2076 3317 2120 et
3338 2082 3589 2137 segrega-

2003 2159 2202 2215 tumin
2233 2159 2336 2213 hoc
2374 2159 2733 2212 ministerium
2786 2157 2912 2211 trini
2967 2157 3335 2227 pontiﬁcatus,
3380 2158 3433 2210 in
3479 2173 3588 2226 quo

2001 2266 2109 2305 non
2149 2250 2322 2305 solum
2367 2250 2463 2304 tibi
2505 2248 2821 2303 multimoda
2867 2248 3172 2303 sanctitatis
3213 2248 3405 2301 merita
3433 2257 3589 2316 potes

2003 2341 2308 2409 acquirere,
2341 2340 2435 2395 sed
2477 2340 2798 2394 commissos
2843 2339 3139 2393 etiamtum
3182 2337 3305 2393 ﬁdei
3332 2337 3590 2391 mortales

2001 2431 2131 2496 vita,
2155 2431 2402 2486 doctrina
2442 2439 2497 2485 et
2517 2430 2775 2501 pastorali
2800 2430 3122 2484 auctoritate
3142 2430 3208 2483 ad
3224 2428 3450 2496 justitia:
3472 2430 3591 2482 vias

1999 2523 2294 2579 revocare?
2320 2522 2417 2576 His
2437 2523 2688 2576 maximis
2708 2537 2738 2575 a
2768 2536 2974 2576 summa
2998 2521 3089 2574 Dei
3118 2520 3454 2587 providentia
3488 2519 3589 2571 lto-

2000 2616 2223 2669 noribus
2266 2614 2548 2683 susceptis,
2586 2613 2785 2682 optime
2836 2612 2992 2675 facis,
3030 2611 3284 2680 operibus
3317 2609 3448 2678 ipsis
3481 2624 3577 2660 ve-

2000 2722 2123 2761 rum
2149 2715 2201 2762 te
2233 2707 2543 2776 pontiﬁcem
2568 2705 2888 2768 exhibendo,
2922 2706 3012 2773 qui
3051 2711 3249 2772 praeter
3286 2703 3579 2757 multorum

2001 2799 2443 2854 consuetudinem
2493 2796 2802 2866 prresulum,
2831 2795 3142 2850 cmlestibus
3191 2802 3401 2847 terrena
3445 2802 3587 2861 post-

1998 2893 2176 2962 ponis,
2198 2901 2251 2946 et
2273 2891 2495 2963 praefers
2521 2898 2722 2944 aeterna
2742 2889 2981 2944 caducis.
3012 2888 3165 2943 Unde
3185 2887 3402 2941 beatum
3430 2895 3479 2938 te
3507 2885 3589 2938 di—

2002 2993 2126 3039 cent
2163 2982 2471 3038 Gertnania:
2499 2981 2679 3050 populi
2719 2994 2932 3044 omnes,
2976 2978 3019 3031 si
3051 2987 3229 3031 tamen
3264 2974 3431 3047 (quod
3452 2975 3589 3028 faxit

2001 3073 2374 3145 Omnipotens)
2404 3088 2574 3143 usque
2596 3074 2663 3127 ad
2691 3071 2853 3126 ﬁnem
2870 3068 3301 3142 perseveraveris
3326 3068 3379 3121 in
3409 3075 3588 3136 coepto

1998 3165 2276 3237 proposito
2299 3162 2620 3219 sanctitatis.
2656 3161 2796 3216 Sunt
2825 3160 3023 3225 aemuli,
3054 3175 3159 3213 non
3205 3158 3438 3222 dubites,
3468 3157 3587 3226 qui-

1999 3253 2373 3323 busjuvenilis
2401 3254 2502 3308 iste
2536 3252 2717 3307 fervor
2758 3251 3061 3306 sanctitatis
3103 3259 3207 3302 tute
3238 3248 3467 3302 habetur
3496 3263 3588 3301 su-

2000 3356 2238 3417 spectus,
2288 3347 2341 3400 in
2394 3360 2502 3415 quo
2552 3345 2618 3409 si,
2668 3344 2961 3397 miserante
3013 3343 3144 3404 Deo,
3196 3339 3585 3410 permanseris,

2000 3454 2163 3510 auges
2190 3438 2347 3493 bonis
2378 3436 2642 3500 laetitiam,
2666 3443 2722 3489 et
2762 3432 3151 3501 misanthropis
3190 3430 3332 3484 haud
3361 3444 3586 3500 parvam

2001 3529 2391 3586 confusionem.
2422 3528 2536 3597 Ego
2561 3534 2740 3581 autem
2771 3526 2948 3580 sciens
2972 3523 3313 3577 devotionem
3356 3530 3504 3576 tuam
3532 3522 3587 3575 in

2002 3627 2220 3674 sanctos
2247 3617 2361 3682 Dei,
2395 3615 2607 3671 conﬁdo
2632 3625 2683 3670 te
2715 3616 2770 3669 in
2807 3615 2944 3668 bene
2991 3613 3201 3682 coeptis,
3246 3626 3432 3665 eorum
3462 3624 3588 3679 pre-

2002 3710 2157 3765 cibus
2180 3717 2233 3764 et
2257 3708 2468 3762 meritis
2490 3720 2928 3777 permansurum,
2957 3712 3011 3758 et
3037 3704 3193 3758 bonis
3212 3703 3454 3772 quotidie
3479 3711 3588 3755 stn-

2002 3800 2106 3855 diis
2146 3799 2452 3854 additurum
2483 3796 2735 3857 meliora;
2788 3808 3067 3865 quousque
3105 3792 3319 3846 tandem
3372 3791 3588 3846 illorum

1998 3895 2272 3964 particeps
2311 3892 2554 3957 effectus,
2587 3891 2703 3946 sine
2729 3890 2838 3944 line
2880 3890 3114 3960 gaudeas
3163 3887 3217 3940 in
3248 3886 3423 3950 caelis,
3452 3902 3589 3956 quo-

2002 3999 2120 4038 rum
2152 3999 2348 4039 nomen
2376 3992 2432 4039 et
2454 3983 2770 4038 memoriam
2808 3995 2930 4035 eum
2961 3986 3110 4033 tanto
3147 3977 3343 4031 mentis
3373 3976 3587 4030 deside—

2000 4073 2105 4139 rio,
2134 4081 2191 4141 et
2237 4073 2404 4127 animi
2434 4073 2649 4127 fervore
2687 4070 2944 4133 bonoras,
2978 4082 3121 4121 nunc
3163 4064 3349 4120 sedulo
3389 4063 3585 4134 praesul

2002 4164 2179 4218 viator
2204 4163 2257 4217 in
2289 4163 2467 4218 terris.
2500 4161 2782 4215 Rabanum
2829 4159 2968 4227 apud
2998 4155 3365 4225 Mogontiacus
3395 4155 3583 4223 despea

2000 4262 2146 4309 ctum
2171 4260 2225 4309 et
2255 4267 2393 4324 pene
2422 4252 2750 4322 sempiterna
2777 4249 3049 4304 oblivione
3092 4246 3379 4317 sepultum,
3404 4248 3456 4301 in
3484 4262 3583 4301 no-

2001 4347 2147 4401 mine
2168 4344 2302 4414 justi
2330 4358 2540 4400 summa
2572 4357 2692 4396 cum
2717 4340 3069 4395 veneratione
3098 4338 3287 4393 levasti
3319 4339 3383 4392 de
3414 4348 3581 4402 terra,

2001 4443 2223 4506 propter
2251 4433 2391 4504 quod
2423 4441 2477 4489 et
2518 4431 2857 4501 omnipotens
2885 4430 3141 4484 Dominus
3167 4429 3401 4483 animam
3437 4438 3583 4483 tuam

2005 4542 2128 4581 cum
2172 4525 2375 4580 sanctis
2416 4524 2527 4579 suis
2572 4509 2830 4577 exaltabit
2858 4521 2912 4575 in
2941 4520 3133 4591 patria.
3163 4519 3231 4572 Et
3258 4533 3358 4589 ego
3398 4534 3465 4572 ne
3492 4519 3586 4574 de-

2006 4616 2197 4671 fuerim
2221 4626 2328 4671 tam
2350 4623 2538 4670 sancto
2566 4613 2865 4668 ministerio
2912 4620 3025 4677 tuo,
3052 4611 3246 4673 libens,
3277 4608 3416 4679 quod
3448 4610 3585 4664 mihi

2003 4723 2175 4777 nuper
2195 4707 2516 4776 imposuisti,
2541 4720 2677 4760 onus
2708 4702 2939 4772 suscepi,
2982 4702 3255 4770 vitamque
3300 4702 3585 4756 memorati

2002 4797 2274 4867 pontiﬁcis
2299 4795 2616 4859 beatissimi,
2649 4810 2754 4863 qua
2782 4793 2930 4862 potui
2955 4791 3230 4863 diligentia
3258 4805 3325 4844 ex
3355 4790 3585 4847 diversis

2004 4893 2281 4939 auctorum
2306 4884 2461 4938 libris
2490 4884 2545 4938 in
2576 4898 2743 4936 unum
2764 4881 3005 4936 codicem
3047 4879 3315 4935 laboriose
3334 4895 3583 4949 compor-

2007 4976 2135 5041 tavi,
2160 4977 2212 5029 in
2243 4992 2350 5046 quo
2379 4976 2423 5030 si
2454 4990 2562 5029 non
2606 4972 2845 5030 satisfeci
2887 4981 2978 5027 tuo
3008 4973 3293 5036 desiderio,
3327 4973 3398 5027 sit
3442 4974 3580 5027 bona

2004 5065 2254 5120 voluntas
2276 5064 2329 5117 in
2354 5061 2679 5134 pauperculo
2706 5062 2976 5117 sulliciens
3006 5063 3321 5118 obedientize
3347 5078 3444 5131 pro
3471 5077 3585 5115 me-

2006 5155 2128 5208 rito.
2154 5153 2373 5209 Obedivi
2397 5151 2631 5223 jubenti,
2656 5151 2759 5207 feci
2806 5162 3066 5221 quantum
3107 5153 3275 5221 potui,
3325 5160 3379 5204 et
3408 5158 3579 5204 totum

2007 5245 2147 5313 quod
2189 5244 2322 5299 mihi
2361 5243 2428 5298 de
2454 5243 2706 5298 laudibus
2745 5244 2876 5298 tanti
2926 5243 3195 5314 pontiﬁcis
3240 5242 3575 5304 occurrebat,

2001 5402 2145 5457 circa
2174 5418 2263 5456 an.
2294 5400 2423 5456 Chr.
2461 5400 2615 5465 1142,
2649 5401 2789 5456 sicut
2808 5402 2983 5455 vicina
3014 5399 3137 5453 huic
3158 5397 3351 5468 Oppido
3378 5397 3582 5451 Berna-

2001 5473 2110 5537 via,
2136 5471 2512 5535 Bernavicum,
2540 5471 2860 5526 Berwaldia.
2892 5470 2988 5524 Est
3036 5467 3213 5537 autem
3231 5467 3401 5537 iursus
3448 5467 3581 5522 idio-

2004 5551 2149 5598 mate
2174 5541 2470 5595 Teutonico
2515 5542 2621 5595 ber.
2664 5540 2880 5595 Berlino
2908 5538 3113 5608 adjacet
3158 5536 3377 5591 Colonia
3430 5538 3582 5606 oppi-

2006 5614 2155 5678 dum,
2174 5612 2241 5667 ab
2263 5627 2329 5665 co
2350 5609 2555 5680 Sprevo
2587 5612 2747 5665 llnvio
2772 5617 3076 5677 separatum
3091 5648 3105 5663 .
