4012 6194
443 298 503 351 Ἠ
1548 291 1639 345 AD
1676 291 1904 346 OPERA
1942 291 2004 344 Β.
2046 289 2299 345 RABAM
2341 288 2557 344 MAURI
3631 290 3703 345 72

445 411 536 455 tuo
563 401 761 456 nomini
798 400 1163 455 saeratissimo
1195 398 1453 453 dedicavi.
1479 399 1700 467 Suscipe
1730 415 1871 453 nunc
1891 415 2018 470 ergo
2050 403 2094 459 Α
2123 398 2222 453 sub
2268 398 2435 453 ferula
2486 397 2809 468 pontificalis
2850 398 3166 452 Eiuineutiae
3214 406 3337 462 tum,
3389 396 3702 468 diligentius

440 491 689 546 manibus
716 490 1067 553 consecratis,
1100 489 1547 544 reverendissime
1582 489 1848 559 princeps,
1905 490 2019 559 pri-

440 580 623 635 mitias
653 579 863 651 frugum
896 579 1246 632 Trithemiani
1277 578 1477 634 sterilis
1521 578 1700 649 agelli,
1728 587 1821 633 tuo
1841 577 2018 648 ponti-

442 673 622 729 ftcatui
644 688 851 729 summa
876 688 996 727 cum
1018 672 1320 726 humilitate
1346 669 1570 727 ferentis
1594 671 1833 736 oblatas;
1860 679 1913 727 et
1926 672 2017 741 qui

441 776 686 819 smnmus
708 777 768 817 es
795 763 888 817 Dei
929 763 1201 826 sacerdos,
1240 761 1424 832 paleas
1449 778 1479 815 a
1524 762 1705 832 granis
1734 762 2021 832 dignanter

440 868 684 917 secerne,
707 860 766 906 ut
787 852 971 907 sterile
999 852 1280 921 parvitatis
1308 865 1442 905 meae
1466 850 1783 921 opusculum
1814 852 1878 905 de
1897 849 2017 904 Vita

441 944 615 998 sancti
652 942 858 996 Rabani
880 941 1127 1012 praesulis
1157 950 1249 997 tuo
1294 942 1519 1011 imperio
1544 942 1920 1012 compositum,
1950 942 2019 995 ti-

442 1032 603 1102 bique
654 1032 913 1097 dicatum,
952 1046 1017 1086 eo
1064 1032 1307 1086 securius
1343 1031 1398 1084 in
1424 1030 1598 1085 lucem
1638 1031 1884 1101 prodeat,
1913 1046 2021 1100 quo

2124 489 2557 558 enucleatinsqne
2588 486 2747 543 fuerit
2786 490 3147 542 emendatum.
3187 488 3354 543 Adest
3374 490 3517 543 enim
3542 489 3705 544 Sere-

2123 579 2277 635 nitati
2299 590 2404 634 tua:
2422 581 2644 649 copiosa
2665 595 2787 634 cum
2810 581 3131 635 auctoritate
3155 580 3404 645 scientia,
3429 583 3570 637 unde
3592 599 3703 637 non

2124 671 2297 727 solum
2321 672 2610 727 defendere
2644 672 2785 727 hanc
2810 671 3234 727 lucubrationem
3266 687 3441 728 meam
3471 673 3538 726 ab
3560 672 3706 741 inju—

2122 760 2203 814 ria
2230 761 2433 830 poterls
2459 762 2844 824 detractorum,
2872 761 2965 815 sed
2991 761 3175 825 etiam,
3201 775 3324 815 cum
3352 776 3488 830 opus
3513 759 3699 821 fuerit,

2126 848 2455 905 adamussim
2492 852 2778 921 castigare.
2807 850 2954 912 Vale,
2981 850 3294 919 pontificum
3326 850 3595 920 princeps.
3622 849 3703 903 Ex

2124 954 2246 995 meo
2291 940 2561 1006 caanobio,
2611 948 2762 996 sexta
2795 941 2881 997 die
2928 940 3131 995 mensis
3173 938 3507 993 Novembris.
3544 939 3707 994 Anno

2126 1030 2339 1086 Domini
2363 1029 2652 1086 millesimo
2671 1030 3099 1102 quingentesimo
3122 1030 3546 1099 quintodecimo.

1639 1304 2098 1399 INCIPIT
2167 1310 2489 1398 VITA.

940 1616 1171 1677 LIBER
1214 1614 1527 1677 PRIMUS.

518 1714 792 1776 Rabanus,
835 1724 1195 1782 cognomento
1244 1714 1483 1775 Maurus,
1540 1711 1741 1767 familia
1775 1710 2025 1783 Magnen-

445 1808 571 1870 tius,
596 1805 812 1859 uatione
838 1804 1080 1860 Francus
1113 1804 1415 1868 orientalis,
1440 1804 1615 1874 patria
1660 1802 2022 1865 Buebonicus,

447 1896 501 1951 in
531 1896 728 1966 Oppido
751 1894 1004 1950 Fuldensi
1051 1896 1312 1961 nascitur,
1337 1905 1532 1965 quarto
1576 1894 1754 1951 Nonas
1781 1895 2024 1950 Februa-

445 1990 534 2052 rii,
566 2003 708 2044 anno
732 1988 1022 2043 Dominicaa
1046 1988 1348 2043 nativitatis
1373 1987 1849 2058 septingentesimo
1873 1994 2024 2041 octo-

447 2080 653 2150 gesimo
700 2086 911 2144 octavo,
962 2079 1254 2135 indictione
1300 2080 1667 2135 Romanorum
1719 2080 2025 2141 undecima,

446 2171 536 2239 qui
566 2168 669 2224 fuit
692 2169 868 2225 Caroli
895 2171 1039 2241 regis
1081 2169 1259 2242 Magni
1306 2171 1637 2226 Francorum
1664 2171 1953 2225 vicesimus
1975 2183 2025 2233 ι,

445 2269 502 2315 et
529 2261 753 2315 Romani
780 2261 1052 2330 pontificis
1100 2262 1325 2316 Adriani
1374 2263 1535 2330 primi
1587 2261 1848 2330 septimus
1882 2261 2029 2316 deci-

447 2364 569 2403 mus
612 2365 805 2403 annus.
851 2349 1016 2420 Cujus
1063 2359 1218 2420 pater
1264 2352 1479 2406 nomine
1523 2351 1893 2405 Rnthardnsb
1923 2350 2030 2404 Ma-

449 2438 738 2507 gnentiana
784 2437 988 2493 familia
1035 2449 1204 2505 satus,
1230 2441 1313 2495 vir
1340 2441 1487 2495 dives
1518 2450 1573 2495 et
1615 2449 1825 2511 potens,
1861 2440 2029 2495 multo

450 2535 691 2598 tempore
734 2529 835 2583 sub
881 2528 1215 2585 Francorum
1264 2530 1598 2601 principibus
1643 2531 1695 2583 in
1741 2529 2029 2584 Germania

450 2628 672 2675 strenue
702 2621 914 2676 militat.
965 2620 1135 2675 Mater
1181 2636 1312 2676 vero
1361 2622 1642 2676 dicebatur
1681 2620 2029 2690 Aldegundis,

448 2710 842 2766 honestissima:
871 2711 1298 2767 conversationis
1324 2710 1539 2776 mulier,
1587 2726 1708 2781 qua:
1754 2712 1928 2781 ipsum
1965 2712 2029 2766 li-

448 2800 580 2854 lium
608 2816 762 2855 suum
793 2801 863 2855 ab
906 2801 1130 2856 infantia
1155 2803 1323 2857 Deum
1372 2802 1562 2857 timere
1611 2803 1808 2863 docuit,
1838 2803 2033 2858 litteris

2049 1614 2097 1673 B
2124 1609 2284 1682 gnine
2311 1609 2720 1679 phlegmaticus,
2745 1609 2863 1679 plus
2913 1625 3140 1681 corpore
3165 1614 3376 1685 pinguis
3400 1630 3562 1685 quam
3585 1634 3707 1673 ma-

2126 1700 2377 1766 cilentus,
2413 1700 2590 1770 capite
2615 1698 2768 1756 fortis
2804 1710 2861 1755 et
2889 1717 3137 1773 magnus,
3164 1707 3511 1777 omniumque
3536 1726 3709 1766 mem-

2125 1792 2345 1848 brorum
2372 1793 2718 1863 proportione
2760 1794 2932 1849 forma
2969 1796 3190 1851 decente
3215 1798 3527 1868 dispositus.
3556 1802 3710 1858 Unde

2127 1899 2251 1939 cum
2281 1884 2435 1939 bona:
2464 1898 2598 1954 puer
2629 1884 2842 1948 indolis,
2875 1886 2942 1942 de
2990 1887 3078 1942 die
3120 1888 3175 1942 in
3215 1890 3359 1946 diem
3398 1908 3614 1963 semper
3642 1897 3713 1949 ad

2128 1975 2352 2031 meliora
2380 1976 2690 2046 proﬁceret,
2715 1987 2769 2031 et
2782 1976 2895 2050 jam
2942 1986 3070 2034 tunc
3094 1979 3362 2049 quoddam
3393 1983 3445 2037 in
3476 1998 3540 2039 eo
3571 1983 3714 2039 futu-

2130 2082 2202 2121 rae
2227 2067 2503 2138 dignitatis
2531 2077 2584 2123 et
2608 2068 2911 2123 sanctitatis
2936 2084 3256 2139 praesagium
3281 2074 3565 2138 reluceret,
3591 2092 3709 2132 me-

2128 2166 2285 2213 tuens
2329 2158 2417 2228 pia
2460 2166 2634 2214 mater
2675 2174 2743 2215 ne
2799 2160 3145 2230 corruptibile
3191 2177 3385 2233 corpus
3437 2166 3492 2219 in
3533 2169 3716 2224 medio

2127 2263 2309 2318 prava:
2342 2250 2578 2305 nationis
2599 2250 2854 2319 positum,
2880 2251 3120 2322 qualibet
3145 2254 3429 2311 occasione
3457 2257 3718 2329 deturpa-

2129 2347 2210 2393 ret
2257 2340 2515 2404 animam,
2545 2356 2678 2397 neve
2718 2351 2923 2396 terrena
2951 2342 3263 2400 inhabitatio
3296 2362 3501 2401 sensum
3540 2350 3721 2419 depri-

2132 2438 2287 2482 meret
2315 2428 2481 2483 multa
2519 2432 2829 2502 cogitantem
2858 2430 3013 2504 (Sap.
3043 2449 3120 2499 tx,
3162 2434 3269 2505 15),
3319 2440 3534 2494 tradere
3562 2441 3714 2496 illum

2131 2518 2199 2573 ad
2224 2521 2614 2577 monasterium
2636 2523 2988 2590 deliberabat,
3004 2526 3056 2580 in
3077 2542 3185 2595 quo
3204 2528 3391 2598 purius
3410 2546 3530 2585 eum
3554 2548 3719 2602 posse

2130 2612 2441 2666 conversari
2471 2614 2693 2670 minime
2729 2615 3032 2673 dubitabat.
3073 2617 3179 2672 Sed
3214 2619 3316 2674 hoc
3350 2622 3537 2676 matris
3587 2639 3717 2693 pro-

2130 2702 2366 2772 positum
2395 2719 2426 2758 a
2474 2706 2737 2775 principio
2766 2707 3003 2775 genitori
3050 2723 3155 2762 non
3186 2708 3407 2779 placuit,
3459 2716 3602 2781 quod
3631 2725 3715 2769 ta-

2134 2808 2256 2850 men
2299 2803 2505 2866 postea,
2535 2796 2719 2852 divino
2765 2799 3059 2870 inspiratus
3100 2802 3341 2868 numine,
3372 2807 3712 2872 approbavit.

450 2889 661 2953 imbuit,
690 2897 747 2943 et
771 2906 875 2943 non
917 2891 1095 2945 minus
1122 2890 1368 2959 exemplo
1406 2905 1567 2958 quam
1597 2892 1770 2945 verbo
1799 2893 2028 2946 docilem
2067 2960 2101 2966 _
2134 2885 2439 2941 Humanum
2465 2889 2732 2957 siquidem
2762 2889 2923 2946 facile
2966 2900 3207 2947 mutatur
3250 2895 3554 2959 consilium,
3578 2913 3717 2966 quo-

449 2976 567 3045 ejus
600 2978 841 3032 animum
876 2980 943 3035 ad
980 2993 1141 3034 omne
1192 2995 1328 3050 opus
1373 2980 1571 3035 bonum
1620 2981 2032 3052 diligentissime
2058 2960 2103 3020 (ἶ
2136 2973 2238 3028 “es
2271 2973 2449 3028 diVina
2476 2984 2715 3045 ροιεειθε
2756 2993 2912 3033 suum
2938 2981 3007 3035 ab
3040 2988 3246 3038 ωῑθτηο
3272 2960 3713 3053 Ρηεέεείῖητιίυηι

451 3069 702 3123 erudivit.
734 3070 1021 3126 Enimvero
1046 3072 1132 3141 pia
1166 3081 1360 3135 mater,
1389 3088 1510 3128 cum
1537 3074 1712 3129 adhuc
1737 3090 1889 3130 mens
1919 3076 2033 3129 nati

450 3166 595 3212 esset
638 3160 828 3229 puerili
873 3162 1235 3217 teneritudine
1274 3163 1547 3228 ﬂexibilis,
1597 3178 1775 3220 mores
1803 3163 1919 3234 ejus
1967 3166 2033 3221 ad

451 3244 653 3301 Christi
701 3248 968 3318 dogmatis
993 3250 1357 3322 integritatem
1397 3252 1736 3310 laudabiliter
1780 3255 2030 3321 instituit,

450 3335 681 3393 lascivos
704 3338 950 3408 pueritiae
974 3349 1153 3396 motus
1173 3342 1593 3411 prudentissima
1624 3344 1832 3400 ratione
1880 3360 2032 3400 eom-

449 3428 682 3497 pescuit,
709 3429 994 3485 ecclesiam
1038 3432 1281 3500 visitare,
1310 3432 1406 3488 Dei
1431 3448 1707 3489 sermones
1736 3434 1941 3498 audire,
1980 3444 2034 3490 et

449 3516 644 3574 divinis
669 3519 860 3575 crebro
885 3521 1144 3579 interesse
1188 3525 1457 3594 mysteriis
1492 3525 1668 3581 adhuc
1693 3542 1827 3595 pene
1858 3528 2033 3582 infan-

452 3618 560 3663 tem
601 3609 908 3665 continuata
963 3612 1322 3669 sollicitudine
1371 3618 1663 3673 mandavit.
1692 3617 1820 3672 Erat
1852 3627 2029 3674 autem

452 3698 705 3755 Rabanus
730 3716 885 3770 puer,
916 3710 1024 3757 tam
1068 3714 1274 3760 natura:
1300 3706 1454 3762 donis
1487 3721 1649 3775 quam
1679 3709 1866 3779 gratia:
1908 3726 2028 3764 mu-

449 3788 669 3844 neribus
691 3804 721 3844 a
749 3791 972 3848 Domino
999 3794 1365 3865 multipliciter
1396 3808 1737 3867 prasventus:
1767 3814 1887 3868 qua:
1911 3816 2028 3855 ma-

450 3892 551 3947 gna
600 3892 724 3933 cum
760 3886 1000 3951 tempore
1048 3893 1395 3954 sumpserunt
1448 3886 1775 3943 incrementa
1808 3888 2027 3959 vigoris,

449 3964 622 4022 donec
660 3976 933 4037 postremo
960 3971 1135 4027 virum
1180 3974 1248 4029 ad
1279 3987 1503 4030 summa:
1542 3976 1888 4047 perfectionis
1918 3980 2030 4049 api-

451 4071 567 4110 cem
618 4057 1002 4127 perdnxerunt.
1030 4061 1246 4133 Ingenio
1277 4064 1377 4119 fuit
1420 4066 1626 4133 docilis,
1658 4069 1917 4125 memoria
1945 4070 2026 4124 vi-

451 4150 792 4216 vacissimus,
821 4160 1001 4208 mente
1023 4154 1181 4208 simul
1209 4163 1261 4210 et
1289 4171 1515 4227 corpore
1542 4159 1643 4214 sub
1667 4160 2026 4230 pulcherrima

448 4239 814 4310 dispositione,
842 4244 1069 4312 pudicus
1095 4256 1256 4316 atque
1274 4249 1635 4315 castissimus;
1662 4250 1714 4304 in
1740 4250 1893 4320 cujus
1916 4267 2029 4307 mo-

450 4329 602 4384 ribus
647 4330 921 4386 relucebat
967 4334 1266 4405 integritas,
1322 4346 1378 4394 et
1427 4340 1709 4410 singularis
1753 4340 1806 4394 in
1846 4342 2027 4396 animo

452 4417 815 4487 tranquillitas
837 4420 1111 4475 rutilabat.
1144 4422 1335 4479 Omnia
1367 4434 1545 4482 tamen
1577 4429 1676 4483 ista
1708 4429 1761 4482 in
1791 4443 1857 4483 eo
1887 4430 2024 4485 dona

452 4513 561 4559 tam
592 4507 778 4577 gratiae
798 4523 958 4576 quam
986 4520 1193 4566 natura:
1211 4513 1411 4569 clarius
1428 4517 1784 4581 emicuerunt,
1809 4534 1929 4574 cum
1956 4520 2022 4575 ad

450 4594 659 4651 virilem
693 4598 1024 4666 pervenisset
1048 4610 1281 4668 natalem,
1310 4604 1362 4658 in
1393 4622 1498 4676 qua
1526 4608 1783 4664 virtutum
1812 4610 2022 4667 culmen

449 4687 688 4742 omnium
716 4688 987 4757 perfectus
1022 4703 1273 4762 operator
1300 4698 1561 4752 ascendit.
1598 4699 1868 4767 Quantum
1896 4719 2024 4760 vero

451 4775 519 4829 ad
547 4775 772 4832 visibilis
791 4779 1095 4848 pertinebat
1124 4783 1356 4839 hominis
1379 4786 1664 4852 rationem,
1687 4804 1913 4859 corpore
1939 4809 2025 4848 sa-

453 4868 520 4921 tis
550 4868 836 4925 admodum
868 4860 979 4925 fuit'
1002 4873 1272 4940 robustus,
1304 4877 1670 4947 complexione
1705 4884 1863 4938 misto
1900 4901 2024 4940 sau-

520 5043 680 5126 f‘lmo
713 5061 898 5126 annus
927 5057 1044 5126 erat
1067 5052 1214 5119 regni
1265 5053 1440 5126 Caroli
1485 5056 1553 5110 29
1591 5067 1643 5110 et
1686 5061 2023 5126 pontificatus

448 5109 672 5192 .ﬁtlriani
700 5116 790 5192 lii,
820 5132 948 5192 cum
1120 5109 1253 5190 papa
1300 5109 1501 5179 electus
1528 5109 1658 5182 isitlJ

452 5179 540 5258 Ille
562 5183 786 5258 Ijippino
813 5187 950 5254 patri
972 5188 1043 5241 ’24
1072 5179 1221 5258 Sept.
1253 5208 1338 5246 an.
1368 5195 1469 5250 763
1498 5179 1709 5251 mortuo

489 5253 545 5330 ,δ
577 5252 632 5307 In
668 5252 1060 5337 Vitaﬁtcphani
1086 5252 1237 5337 jar-pte
1260 5262 1320 5315 ill
1340 5266 1593 5337 dicuntur
1614 5270 1679 5321 ad
1711 5252 1851 5324 hunc
1873 5252 2019 5325 alii;

448 5327 569 5394 pirro
606 5340 719 5392 rege
747 5327 956 5389 directi,
992 5327 1258 5383 Ful’ru‘dus
1295 5335 1426 5387 abba
1465 5345 1511 5388 et
1559 5337 1856 5392 Itothardus
1884 5341 2012 5394 dua‘.

449 5388 695 5463 Sedqui's
722 5396 861 5449 hunc
882 5388 1129 5453 eumdem
1162 5403 1504 5459 confirmabit
1541 5388 2017 5463 cumineo-DEI;

450 5459 513 5510 ba
523 5476 551 5512 η
561 5459 667 5547 [ρει
675 5473 821 5518 rente
835 5466 857 5517 ?

523 5540 545 5611 ξ
576 5532 728 5611 Circa
759 5550 956 5611 annum
984 5535 1111 5611 Chr.
1141 5538 1243 5611 ’ἲςξό
1269 5550 1467 5611 empto.

2135 3069 2392 3129 cperatur
2424 3063 2755 3118 instinctum.

2205 3152 2425 3209 Praefuit
2448 3155 2502 3209 in
2528 3155 2719 3212 diebus
2740 3157 2846 3213 illis
2868 3158 3077 3216 novello
3106 3173 3127 3200 ε
3160 3162 3413 3222 Fuldensi
3443 3182 3721 3228 monaste-

2132 3243 2218 3299 rio
2245 3245 2724 3301 reverendissimns
2751 3248 2939 3314 abbas,
2978 3252 3196 3308 nomine
3229 3252 3520 3327 Bangolfus
3575 3260 3713 3333 [ΑΙ.,

2133 3334 2468 3408 Bangulfus],
2498 3336 2581 3391 vir
2606 3352 2812 3409 magna:
2862 3340 3169 3411 religionis,
3218 3352 3274 3398 et
3315 3346 3609 3406 multarum
3658 3353 3719 3408 in

2132 3423 2349 3480 Christo
2372 3426 2630 3483 virtutum
2656 3444 2670 3483 :
2702 3431 2791 3499 qui
2820 3443 3009 3488 sancto
3036 3433 3256 3492 Sturmo
3276 3437 3302 3479 ά
3331 3440 3448 3510 ejus
3472 3442 3572 3499 loci
3596 3447 3717 3517 pri-

2132 3533 2221 3573 mo
2259 3518 2438 3575 abbati
2470 3522 2764 3578 succedens
2783 3565 2799 3587 ,
2831 3526 2988 3581 annis
3009 3527 3224 3596 praefuit
3263 3532 3500 3602 quinque
3532 3544 3588 3590 et
3631 3538 3717 3592 vi-

2131 3609 2264 3679 ginti
2318 3623 2341 3650 ο
2368 3652 2385 3676 ,
2440 3627 2634 3668 nomen
2681 3615 2983 3672 sanctitatis
3015 3619 3154 3689 apud
3191 3619 3490 3679 Germanos
3520 3640 3717 3684 omnes

2131 3710 2453 3759 consecutus
2478 3703 2789 3774 gloriosum.
2821 3705 2989 3774 Hujus
3026 3708 3236 3765 abbatis
3270 3711 3554 3769 clarissimi
3593 3732 3713 3772 ma-

2130 3792 2352 3862 gisterio
2383 3792 2639 3849 [tabanus
2667 3809 2834 3865 puer,
2867 3810 2990 3852 cum
3024 3806 3169 3853 esset
3199 3816 3463 3857 annorum
3490 3804 3714 3861 circiter

2131 3894 2323 3935 novem
2350 3922 2364 3945 ,
2415 3897 2443 3934 a
2503 3883 2817 3952 parentibus
2867 3887 3118 3953 traditur,
3171 3897 3227 3943 et
3276 3889 3426 3959 juxta
3461 3908 3709 3951 normam

2130 3971 2300 4027 sancti
2331 3973 2500 4041 patris
2526 3973 2803 4030 Benedicti
2845 3979 3125 4034 monachis
3155 3979 3518 4038 instituendus
3560 4000 3709 4040 com-

2130 4065 2433 4118 mendatur.
2473 4063 2638 4119 Facta
2690 4074 2773 4121 est
2823 4067 2937 4122 haec
2981 4068 3034 4123 in
3079 4073 3465 4127 monasterium
3497 4073 3706 4132 Rabani

2129 4152 2385 4209 solemnis
2411 4154 2631 4211 traditio
2667 4156 2923 4212 vicesima
2953 4158 3128 4227 prima
3150 4161 3236 4216 die
3257 4166 3457 4218 mensis
3485 4163 3661 4221 Martii
3687 4207 3703 4232 ,

2128 4257 2248 4313 quae
2276 4242 2379 4299 fuit
2403 4246 2644 4316 ejusdem
2680 4248 3003 4304 sanctissimi
3035 4253 3204 4321 patris
3241 4252 3516 4311 Benedicti
3548 4256 3703 4312 festi-

2132 4337 2299 4393 vitate
2323 4337 2596 4403 solemuis,
2630 4353 2774 4394 anno
2790 4341 3080 4397 Dominicae
3105 4345 3401 4400 nativitatis
3423 4348 3707 4418 sexingen-

2133 4428 2326 4483 tesimo
2350 4429 2702 4500 nonagesimo
2739 4431 2987 4499 septimo,
3018 4432 3309 4489 indictione
3341 4435 3703 4492 Boiiianorum

2129 4517 2335 4586 quinta.

2200 4606 2405 4662 Claruit
2438 4622 2503 4663 eo
2550 4616 2793 4680 tempore
2814 4610 2867 4665 in
2890 4620 3189 4669 memorato
3214 4618 3544 4670 monasterio
3576 4617 3701 4672 Ful-

2131 4698 2281 4753 deusi
2329 4700 2515 4770 ingens
2546 4702 2830 4757 multitudo
2871 4706 3252 4761 monachorum
3281 4746 3297 4771 ,
3350 4709 3441 4777 qui
3477 4711 3701 4766 arduam

2128 4807 2224 4863 pro
2261 4790 2355 4846 Dei
2390 4808 2573 4848 amore
2602 4793 2770 4849 vitam
2794 4795 3072 4862 ducentes,
3103 4815 3133 4853 a
3179 4800 3301 4854 vino
3345 4810 3401 4855 et
3449 4804 3702 4859 carnibus

2123 4883 2270 4936 omni
2298 4891 2537 4953 tempore
2567 4884 2931 4954 abstinebant,
2958 4898 3015 4944 et
3047 4906 3146 4946 nec
3173 4889 3263 4960 jus
3285 4895 3529 4949 carnium
3560 4911 3701 4964 prte-

2125 5057 2625 5133 abbas__Fnldensis
2696 5066 2927 5119 emnobii
2990 5070 3250 5133 moritur,
3291 5074 3376 5126 cui
3441 5077 3698 5130 successit

2130 5126 2356 5197 Baugolf
2368 5127 2605 5204 ejusdem
2633 5136 2943 5189 monasterii
2970 5126 3283 5204 monachus;
3318 5165 3334 5194 ο
3363 5126 3497 5197 obiit
3516 5126 3697 5198 adiali

2124 5209 2341 5277 sanctus
2377 5198 2757 5278 St‘u‘rmtlsnseu
2805 5205 3046 5261 Sturmio
3086 5211 3144 5263 l6
3184 5198 3460 5278 Dera'rnb.,
3502 5215 3697 5268 colitur

2124 5268 2392 5338 praecipue
2415 5269 2485 5321 9.0
2508 5269 2678 5338 April.

2198 5348 2220 5375 ο
2250 5337 2589 5416 Ιιςρριόιςοὸιίε
2629 5349 2833 5416 tantum
2883 5355 2930 5397 et
2957 5347 3159 5416 viginti.
3196 5350 3251 5404 ln
3292 5351 3487 5406 Annal.
3541 5352 3693 5406 FllItI.

2122 5407 2395 5492 apustio:
2436 5408 2553 5492 haec
2599 5410 2947 5492 referuntur:
2987 5407 3348 5492 ἱβειυῳιίΐηε,
3381 5422 3544 5476 abbas
3570 5422 3696 5476 Ful-

2125 5475 2302 5553 densis
2325 5479 2574 5541 cmnobii,
2608 5481 2791 5560 relicta
2824 5500 2982 5560 quam
3040 5475 3224 5545 habuit
3256 5475 3537 5560 potestate
3571 5475 3679 5546 ﬁltat

2123 5559 2333 5613 ganum
2365 5561 2730 5605 successorem
2767 5554 2968 5607 habuit.
3004 5578 3021 5606 ι

520 5597 545 5635 ά
578 5599 648 5652 De
702 5616 765 5654 eo
804 5604 873 5655 ita
905 5606 1139 5662 Annales
1167 5597 1462 5665 Fuldetises
1483 5629 1572 5667 an.
1605 5614 1725 5671 779.
1758 5638 1775 5665 ι
1811 5616 2014 5674 Sturmi
2114 5667 2123 5673 .
