4012 6202
288 294 369 357 73
1043 308 1056 321 ·
1648 284 2188 355 PROLEGOMENA.
3497 292 3568 348 τι

290 423 385 470 ter
410 406 685 471 inﬁrmos,
705 405 1031 475 omninoque
1055 403 1280 469 debiles,
1304 402 1587 459 sumebant
1610 402 1667 458 in
1685 400 1886 468 cibum,
1915 409 1969 466 Α
2063 399 2186 456 Mox
2213 398 2359 456 enim
2383 407 2445 455 ut
2469 414 2641 459 annos
2685 401 2931 472 pueritiae
2972 404 3264 473 superavit,
3310 421 3370 464 se
3396 413 3567 469 totum

292 515 403 557 nec
431 495 597 567 hujus
642 494 829 550 mundi
870 494 1238 565 voluptatibus
1267 494 1578 550 utebantur.
1612 492 1776 549 Panis
1802 506 1892 548 eo-

289 607 420 647 rum
446 588 751 645 cribrarius
775 593 895 643 erat
915 594 970 639 et
998 585 1233 640 rusticus
1257 602 1272 652 ;
1306 583 1465 650 fahte,
1495 585 1635 654 pisa,
1667 591 1725 639 et
1745 582 1892 639 olera

290 680 480 743 cibus,
508 690 653 747 aqua
674 673 760 727 vel
786 673 1015 728 cervisia
1032 680 1215 751 potus.
1231 672 1500 727 Vivebant
1525 670 1593 726 de
1622 670 1896 725 laboribus

297 783 568 822 titanuum
599 780 846 831 suarum,
898 764 1038 819 sicut
1074 763 1188 817 veri
1223 763 1394 834 patris
1420 762 1590 818 nostri
1618 761 1894 817 Benedicti

294 872 568 929 sequaces
592 864 649 911 et
684 854 958 920 monachi,
983 869 1105 909 cum
1134 853 1308 909 nullos
1337 867 1404 909 eo
1431 860 1672 923 tempore
1701 852 1755 907 in
1783 865 1896 907 mo-

294 948 545 1004 nasterio
597 960 786 1001 servos
834 943 1279 1015 permitterentur
1329 943 1529 999 habere
1588 940 1893 999 saeculares.

296 1037 440 1092 Nam
466 1035 731 1107 quidquid
759 1034 939 1106 operis
977 1033 1274 1091 necessarii
1323 1033 1631 1090 faciendum
1674 1034 1729 1089 in
1780 1048 1898 1089 mo-

302 1129 557 1185 nasterio
585 1126 969 1183 claustralibus
1005 1124 1356 1193 occurrisset,
1399 1141 1505 1181 non
1533 1123 1892 1191 saecularium,

299 1222 396 1277 sed
436 1220 692 1276 manibus
729 1216 893 1273 ﬁebat
925 1216 1333 1272 monachorum.
1378 1216 1581 1273 Omnes
1612 1228 1741 1272 tunc
1775 1231 1895 1272 mo-

300 1313 467 1369 nachi
516 1312 588 1367 ad
641 1310 954 1366 monasticae
1000 1309 1199 1380 regula:
1226 1311 1520 1380 puritatem
1560 1309 1744 1364 vivere
1786 1316 1899 1363 sat-

302 1404 564 1474 agebant,
606 1401 661 1455 in
693 1400 963 1455 communi
990 1400 1090 1454 sub
1121 1400 1280 1454 unius
1308 1397 1604 1455 directione
1637 1396 1895 1467 pastoris,

300 1495 365 1550 in
400 1510 526 1550 vera
568 1500 909 1564 paupertate,
960 1492 1076 1546 sine
1120 1490 1331 1562 peculio
1358 1490 1665 1547 castitatem
1702 1489 1898 1545 mentis

306 1597 361 1643 et
387 1585 637 1657 corporis
665 1581 1045 1638 inviolabiliter
1073 1590 1460 1638 conservantes
1477 1621 1493 1648 ,
1541 1580 1897 1652 omnipotenti

300 1678 422 1734 Deo
471 1676 529 1731 in
581 1674 839 1729 fraternae
890 1672 1176 1728 charitatis
1224 1672 1438 1728 vinculo
1491 1671 1819 1727 serviebant.
1852 1670 1897 1726 Ο

1995 492 2192 548 divinis
2227 492 2556 562 mancipavit
2592 493 2866 564 obsequiis
2890 534 2905 560 ,
2944 495 2998 550 in
3027 495 3255 552 ecclesia
3292 496 3569 569 frequens,

1996 584 2053 639 in
2079 584 2247 640 choro
2271 583 2614 654 psallentium
2639 585 2909 652 assiduus,
2939 595 2997 642 et
3024 587 3141 644 sine
3167 589 3422 646 vanitatis
3443 600 3571 647 nota

1996 674 2053 729 in
2090 674 2314 729 servitio
2353 673 2567 729 Domini
2602 674 2909 746 singularis.
2944 675 3132 733 Nullus
3183 680 3571 736 monachorum

1996 763 2139 820 inter
2163 764 2491 821 cantandum
2522 771 2579 820 et
2599 763 2885 836 legendum
2920 766 3013 822 illo
3041 766 3144 822 fuit
3169 768 3426 836 alacrior,
3454 770 3576 825 nul-

1996 852 2081 907 lus
2106 853 2173 908 ad
2195 853 2560 909 obedientiam
2601 856 2876 910 seniorum
2902 856 3049 911 inter
3066 872 3254 914 omnes
3281 861 3577 931 promptio-

1996 959 2111 998 rem
2168 960 2226 1000 se
2259 960 2499 1021 unquam
2537 946 2802 1001 exhibuit.
2836 947 3003 1002 Deum
3053 962 3187 1017 pura
3234 950 3432 1006 mentis
3465 951 3576 1007 ele-

1996 1034 2213 1089 vatione
2255 1048 2470 1105 semper
2514 1036 2717 1090 amavit
2762 1051 2925 1106 super
2959 1039 3139 1092 omnia
3169 1079 3184 1105 ,
3236 1040 3389 1110 cujus
3429 1042 3575 1096 ordi-

1999 1123 2293 1180 natissimae
2343 1124 2604 1179 voluntati
2659 1125 2917 1195 quidquid
2969 1136 3250 1198 acceptum
3303 1140 3529 1185 noverat
3557 1170 3575 1197 ,
3616 1173 3667 1207 ι,

1998 1211 2221 1281 implere
2260 1228 2471 1268 summo
2497 1221 2693 1268 conatu
2736 1217 3035 1287 satagebat.
3064 1217 3144 1271 Ea
3169 1233 3317 1283 vero,
3346 1235 3465 1288 qute
3490 1220 3576 1275 di-
3598 1264 3628 1299 η

1997 1308 2137 1363 vium
2163 1309 2429 1365 voluntati
2469 1309 2659 1365 didicit
2701 1325 2821 1366 esse
2869 1313 3172 1379 contraria,
3216 1329 3491 1385 nunquam
3521 1315 3576 1370 in

1998 1401 2175 1457 cordis
2203 1402 2560 1472 ergasterinm
2588 1404 2800 1459 censuit
2835 1404 3190 1462 admittenda.
3232 1404 3428 1462 Mentis
3467 1422 3580 1463 suze

1999 1492 2212 1548 oculum
2270 1509 2302 1548 a
2352 1494 2661 1565 pulveribus
2724 1504 2952 1552 terrente
3010 1498 3321 1568 cupiditatis
3383 1514 3579 1569 purum

2000 1586 2291 1641 custodivit
2308 1594 2366 1641 et
2391 1588 2647 1644 mundum
2671 1628 2686 1652 ,
2718 1596 2880 1658 atque
2924 1589 2978 1643 in
3024 1590 3202 1645 medio
3234 1589 3580 1663 conti-atrum

2000 1692 2223 1732 suorum
2262 1678 2410 1733 omni
2454 1686 2697 1749 tempore
2744 1681 2861 1735 sine
2908 1680 3204 1737 offensione
3251 1682 3489 1737 vivebat.
3522 1683 3578 1739 in

310 1767 435 1823 felix
484 1775 652 1831 tetas,
690 1773 748 1820 et
790 1774 1031 1835 tempora
1067 1763 1487 1819 charismatibus
1519 1762 1693 1817 sancti
1725 1760 1896 1833 Spiri-
1922 1763 1970 1823 B
1995 1768 2245 1824 oratione
2273 1778 2459 1825 saneta
2494 1784 2632 1840 pene
2660 1769 2762 1826 fuit
2796 1772 3111 1838 continuus,
3153 1772 3207 1827 in
3242 1772 3476 1829 lectione
3502 1775 3582 1830 die

312 1868 399 1912 tus
422 1857 634 1913 abunde
674 1841 967 1921 fructuosa,
1017 1854 1235 1927 quando
1263 1852 1565 1911 claustralis
1594 1854 1719 1910 vitae
1758 1867 1883 1922 pro—

313 1946 546 2003 fessores
569 1953 727 2001 erant
760 1945 947 2017 optimi
975 1952 1031 2001 et
1062 1944 1209 2000 omni
1246 1945 1439 2001 decore
1459 1944 1717 2000 virtutum
1740 1943 1890 1999 miri-

313 2036 413 2091 licc
437 2036 613 2091 ornati
645 2044 701 2091 et
718 2034 938 2106 praediti
964 2035 978 2089 !
1018 2033 1113 2090 llis
1138 2035 1271 2090 viris
1316 2035 1371 2090 in
1402 2033 1730 2089 monasterio
1763 2031 1892 2087 Ful-

311 2129 465 2183 densi
508 2128 616 2183 vita
662 2136 718 2183 et
774 2127 1185 2183 conversatione
1238 2126 1593 2182 sanctissimis
1635 2125 1893 2182 Rabanus

315 2237 448 2290 puer
466 2221 645 2275 divina
671 2220 1010 2275 ordinatione
1043 2218 1379 2288 coniunctus,
1429 2218 1724 2273 venerabili
1773 2217 1894 2273 cui-

314 2313 436 2366 dam
492 2311 763 2366 monacho
794 2310 1026 2376 seniori,
1064 2310 1358 2383 Rathgario
1400 2311 1636 2377 nomine,
1670 2311 1894 2366 scientia

314 2404 616 2457 litterarum
641 2442 657 2468 ,
684 2410 740 2456 et
764 2402 969 2458 sanctis
996 2402 1238 2458 moribus
1266 2401 1585 2459 imbuendus
1602 2402 1895 2457 committi—

316 2507 403 2550 tur
427 2535 444 2561 ,
476 2510 509 2549 a
536 2510 645 2565 quo
679 2493 1090 2564 diligentissime
1138 2495 1206 2549 ad
1234 2495 1438 2566 optima
1476 2509 1705 2564 qumque
1730 2491 1896 2549 infor-

314 2597 514 2641 matur.
550 2586 715 2641 Bonze
739 2600 952 2657 quoque
981 2586 1348 2656 dispositionis
1375 2601 1528 2657 puer,
1571 2587 1773 2642 bonum
1811 2602 1897 2641 as-

319 2688 535 2734 secutus
573 2678 853 2733 doctorem
875 2716 892 2743 ,
944 2676 1124 2732 divina
1174 2677 1521 2732 miseratione
1569 2676 1897 2750 adiuvante,

322 2786 438 2825 mox
466 2779 670 2827 sanctae
691 2771 1121 2827 conversationis
1145 2771 1455 2842 primordia,
1474 2778 1736 2842 quantum
1767 2779 1902 2829 tetas

319 2860 405 2915 illa
430 2862 699 2931 permisit,
715 2862 852 2917 bene
880 2862 1173 2929 inchoavit,
1199 2861 1254 2916 in
1275 2861 1576 2933 meliusque
1599 2860 1902 2917 successive

314 2953 597 3022 perduxit,
658 2960 714 3007 et
770 2953 973 3021 optimo
1021 2951 1235 3007 tandem
1283 2950 1391 3007 ﬁne
1458 2952 1870 3006 consummavit.

382 3044 579 3098 Postea
608 3057 736 3097 vero
760 3057 924 3113 quam
950 3057 1153 3098 annum
1194 3051 1404 3099 sextum
1441 3042 1710 3099 decimum
1745 3058 1895 3099 com-

1988 1858 2238 1914 vinarum
2291 1859 2697 1930 Scripturarum
2743 1860 2861 1917 sine
2900 1861 3302 1918 intermissione
3340 1862 3590 1920 laudabi-

1988 1947 2116 2004 liter
2144 1959 2460 2020 occupatus.
2490 1949 2659 2007 Nemo
2690 1951 2841 2006 illum
2868 1951 3005 2007 vidit
3031 1953 3265 2009 otiosum
3288 1993 3303 2019 ,
3345 1970 3454 2010 non
3502 1952 3583 2011 fa-

1990 2039 2134 2096 bulis
2159 2080 2177 2107 ,
2258 2056 2353 2097 seu
2420 2042 2611 2098 otiosis
2674 2043 3021 2099 sermonibus
3079 2043 3230 2100 illum
3295 2046 3583 2117 quisquam

1993 2132 2200 2188 audivit
2251 2133 2518 2189 intentum
2542 2174 2559 2199 ,
2611 2149 2789 2205 neque
2848 2148 3002 2190 more
3063 2135 3421 2206 complurium
3483 2152 3584 2208 per

1994 2224 2296 2279 claustrum
2326 2222 2665 2279 discursibus
2689 2224 2841 2281 vanis
2868 2225 3155 2295 quisquam
3179 2227 3379 2298 reperit
3413 2243 3580 2300 vaga-

1995 2312 2254 2368 bundum.
2295 2310 2409 2368 Deo
2436 2327 2650 2384 semper
2684 2321 2867 2370 mente
2913 2313 3133 2369 deditus
3159 2353 3175 2380 ,
3226 2325 3320 2370 aut
3363 2314 3581 2371 lectioni

1998 2403 2406 2475 Scripturarum
2464 2405 2750 2472 incubuit,
2804 2412 2900 2461 aut
2946 2404 3163 2477 scripsit
3219 2405 3422 2477 aliquid
3482 2423 3584 2478 pro

1997 2495 2269 2550 communi
2295 2493 2525 2549 fratrum
2556 2495 2810 2561 utilitate,
2848 2494 2933 2551 vel
2972 2503 3120 2553 certe
3144 2511 3329 2552 secum
3359 2497 3415 2553 in
3446 2498 3583 2554 cella

1998 2588 2271 2643 solitarius
2291 2589 2542 2643 habitans
2567 2597 2704 2645 erat.
2728 2588 2872 2644 Nihil
2904 2589 3049 2644 enim
3098 2589 3308 2645 dulcius
3354 2589 3430 2644 illi
3484 2589 3586 2646 fuit

1998 2692 2160 2748 quam
2200 2678 2512 2733 continuum
2539 2688 2850 2733 sanctarum
2882 2680 3119 2733 studium
3149 2677 3581 2749 Scripturarum,

2000 2777 2055 2824 et
2090 2769 2211 2825 ideo
2238 2768 2388 2825 cellae
2421 2768 2735 2824 monasticte
2782 2778 3052 2823 secretum
3079 2809 3095 2834 ,
3144 2767 3331 2824 multis
3381 2770 3585 2841 impor-

2000 2864 2165 2920 tabile
2220 2863 2635 2928 claustralibus,
2703 2860 2941 2931 paradisi
3006 2860 3227 2917 delicias
3288 2862 3580 2932 reputavit.

2001 2956 2155 3023 Quod
2184 2954 2330 3010 enim
2356 2953 2598 3025 piscibus
2631 2953 2779 3008 rivus
2808 2958 2864 3006 et
2892 2967 3053 3022 aqua,
3085 2952 3187 3007 hoc
3216 2954 3373 3008 bonis
3393 2961 3446 3008 et
3470 2961 3585 3008 stu-

2002 3048 2169 3105 diosis
2195 3044 2476 3101 monachis
2501 3042 2801 3099 rectissime
2831 3041 3029 3098 dicitur
3056 3042 3209 3098 cella.
3250 3042 3384 3098 Nam
3423 3043 3583 3100 sicuti

315 3134 569 3203 plevisset
597 3135 797 3202 aetatis,
831 3141 972 3191 anno
1000 3134 1249 3190 videlicet
1271 3134 1568 3190 Dominicze
1600 3134 1897 3192 nativitatis
1923 3115 1968 3177 (ἶ
2000 3139 2178 3211 pisces
2206 3137 2296 3192 diu
2332 3136 2516 3192 vivere
2553 3135 2670 3191 sine
2713 3151 2853 3205 aqua
2890 3144 3199 3206 nequeunt,
3227 3136 3307 3191 sic
3330 3137 3583 3194 monachi

316 3226 370 3278 in
396 3240 562 3280 carne
585 3226 1036 3297 octingentesimo
1067 3236 1260 3296 quarto
1289 3237 1315 3266 α
1335 3267 1349 3292 ,
1382 3225 1675 3281 indictione
1702 3225 1899 3282 Roma-

318 3332 507 3372 norum
557 3318 897 3384 duodecima,
939 3316 1228 3389 Bangolfus
1275 3317 1442 3373 abbas
1471 3317 1755 3374 Fuldensis
1799 3320 1898 3373 ini-

318 3410 487 3480 gravit
530 3411 600 3464 ad
641 3411 953 3475 Dominum,
990 3425 1133 3465 anno
1175 3408 1451 3480 regiminis
1496 3409 1582 3464 sui
1637 3410 1896 3466 vicesimo

322 3502 524 3570 quinto.
562 3500 679 3568 Quo
729 3518 835 3557 non
882 3502 997 3557 sine
1045 3501 1296 3572 opinione
1354 3501 1662 3557 sanctitatis
1690 3517 1898 3573 magna:

315 3592 543 3661 sepulto,
558 3592 980 3662 praenominatus
997 3592 1208 3648 Rabani
1230 3591 1399 3647 Mauri
1424 3600 1723 3673 prmceptor
1736 3593 1901 3648 Raht—

313 3685 494 3755 garius
531 3684 798 3741 electione
834 3684 1063 3741 fratrum
1093 3686 1338 3741 unanimi
1382 3685 1576 3741 tertius
1600 3686 1652 3740 in
1680 3685 1898 3741 abbatia

313 3775 607 3831 succedens
635 3815 651 3842 ,
683 3774 899 3846 praefuit
941 3774 1097 3830 amnis
1146 3774 1380 3830 sedecim
1411 3773 1477 3841 ιι,
1530 3775 1616 3829 vir
1657 3775 1898 3845 probate

315 3866 613 3938 religionis,
641 3876 698 3923 et
733 3883 943 3939 magna:
972 3867 1298 3923 sanctitatis.
1337 3864 1437 3921 Hic
1475 3864 1756 3921 Rabanuin
1784 3881 1900 3937 prae

313 3960 523 4016 ueteris
557 3961 817 4032 singulari
849 3960 1106 4032 diligebat
1154 3959 1376 4028 ail‘ectu,
1419 3967 1707 4031 propterea
1752 3958 1898 4030 quod

313 4066 432 4106 eum
483 4059 715 4107 noverat
756 4051 878 4122 plus
909 4053 1161 4107 omnibus
1206 4053 1274 4106 ad
1309 4050 1675 4107 obedientiam
1715 4065 1899 4122 prom-

316 4152 499 4209 ptum,
531 4141 666 4197 etin
693 4140 1013 4197 lectionibus
1053 4142 1356 4197 divinarum
1388 4140 1789 4212 Scripturarum
1812 4141 1897 4197 in-

318 4233 522 4291 defessa
570 4233 937 4289 sollicitudine
984 4235 1306 4290 studiosum.
1350 4232 1583 4290 Videbat
1624 4235 1775 4290 illum
1827 4236 1896 4292 ad

314 4323 479 4376 ardua
509 4331 695 4377 natum
720 4364 735 4389 ,
761 4334 817 4378 et
845 4325 936 4393 qui
970 4326 1136 4380 verbo
1168 4334 1224 4381 et
1251 4326 1502 4396 exemplo
1536 4325 1721 4382 multis
1753 4334 1897 4383 esset

310 4429 433 4469 cum
463 4425 707 4485 tempore
752 4416 1069 4487 profuturus
1104 4417 1157 4472 in
1188 4418 1441 4475 salutem.
1470 4408 1706 4474 Noverat
1724 4419 1888 4473 etiam

311 4507 605 4563 salutarem
648 4510 961 4579 pastoribus
999 4512 1365 4567 necessariam
1391 4525 1510 4567 esse
1542 4512 1843 4566 doctrinam
1873 4553 1887 4577 ,

312 4615 433 4654 cum
464 4600 605 4654 bona
633 4600 868 4656 hominis
896 4601 1005 4655 vita
1043 4601 1161 4656 sine
1203 4603 1431 4657 scientia
1462 4602 1725 4672 spirituali
1756 4602 1893 4657 divi-

313 4705 505 4744 narum
537 4688 936 4760 Seripturarum
979 4706 1085 4746 non
1134 4690 1368 4746 suﬂiciat
1398 4691 1465 4745 ad
1496 4692 1891 4747 institutionem

312 4778 667 4835 subditorum.
708 4780 841 4835 Nam
869 4781 959 4851 qui
986 4781 1086 4835 sibi
1113 4781 1215 4835 soli
1239 4790 1324 4836 est
1348 4782 1544 4847 bonus,
1582 4779 1728 4834 utilis
1759 4780 1893 4835 alio-

314 4886 431 4924 rum
464 4879 640 4925 rector
688 4886 808 4926 esse
856 4887 963 4925 non
1001 4880 1197 4942 potest.
1223 4869 1522 4940 Propterea
1558 4869 1893 4940 Rathgarius

312 4961 539 5017 docilem
585 4975 812 5030 puerum
867 4976 1208 5031 nequaquam
1262 4961 1451 5016 statuit
1484 4960 1890 5030 negligendum,

309 5066 470 5123 quem
514 5050 837 5107 illustratum
867 5052 1051 5107 divino
1080 5051 1285 5122 Spiritu
1316 5050 1504 5104 multis
1535 5065 1642 5104 non
1675 5051 1891 5105 dubita-

310 5146 404 5200 bat
454 5144 574 5202 forc
617 5129 1054 5216 praeponendum.
1111 5143 1220 5198 Nec
1272 5159 1370 5197 sua
1423 5142 1522 5197 fuit
1569 5142 1893 5197 conﬁdentia

311 5233 628 5300 frustratus,
656 5252 777 5291 cum
801 5232 973 5303 major
997 5235 1235 5288 evaserit
1281 5233 1535 5288 Babanus
1556 5233 1888 5300 eruditione,

306 5325 589 5397 dignitate,
617 5324 774 5380 simul
799 5333 856 5379 et
880 5324 1075 5379 merito
1112 5323 1432 5388 sanctitatis,
1463 5338 1628 5393 quam
1667 5338 1890 5380 suorum

306 5416 505 5487 aliquis
531 5415 622 5471 vel
654 5415 892 5486 cogitare
910 5416 1195 5487 patuisset,
1241 5412 1326 5468 vel
1363 5423 1542 5468 mente
1578 5414 1887 5483 concipere.

384 5564 412 5594 ι
440 5551 600 5605 Anno
646 5548 751 5606 8l5
793 5549 999 5605 obiisse
1040 5549 1315 5605 contendit
1348 5546 1635 5603 Browerus
1687 5546 1781 5602 lib.
1835 5563 1889 5602 tv

310 5621 466 5678 Fnld.
497 5622 707 5691 Antiq.,
730 5635 852 5676 cum
871 5621 1129 5690 depositae
1150 5619 1484 5691 praefectum
1534 5618 1890 5689 superfuisset

311 5709 401 5747 an.
432 5692 709 5748 tredecim.

705 5782 985 5844 Ρηιιοι.
1019 5781 1201 5844 CVll.

1997 3229 2246 3285 crebrius
2278 3238 2434 3283 extra
2473 3225 2663 3282 cellam
2693 3226 3056 3281 discurrentes
3081 3267 3095 3292 ,
3138 3226 3201 3282 in
3230 3242 3357 3282 vera
3387 3228 3583 3285 mentis

1995 3320 2230 3392 puritate
2265 3336 2376 3375 non
2421 3319 2740 3375 subsistunt.
2782 3316 2928 3373 Cella
2966 3318 3110 3373 enim
3177 3319 3458 3374 monachis
3498 3328 3585 3376 est

1996 3413 2209 3469 ollicina
2238 3413 2502 3467 virtutum
2531 3450 2547 3479 ,
2578 3418 2634 3466 et
2662 3410 2893 3465 mundus
2935 3409 3160 3463 nimium
3205 3409 3584 3480 frequentatus

1998 3506 2291 3561 multorum
2329 3519 2493 3560 causa
2530 3498 2810 3557 vitiorum.
2860 3499 3004 3557 Cella
3046 3501 3329 3557 monachis
3372 3509 3457 3557 est
3502 3502 3586 3557 di-

1996 3598 2137 3653 vina:
2164 3596 2350 3654 schola
2378 3594 2628 3652 scientia:
2652 3635 2667 3661 ,
2702 3603 2856 3649 extra
2886 3608 3049 3663 quam
3090 3592 3329 3649 caelestis
3358 3609 3466 3649 non
3490 3592 3585 3649 da-

1998 3696 2089 3743 tur
2141 3687 2417 3759 sapientiae
2446 3686 2715 3741 doctrina.
2746 3680 2901 3740 Unde
2924 3684 3247 3750 monachus,
3272 3684 3362 3754 qui
3407 3699 3587 3740 secre-

1997 3786 2113 3833 tum
2140 3778 2290 3834 cella:
2325 3793 2434 3832 non
2463 3775 2659 3848 diligit,
2696 3776 2765 3831 ad
2809 3791 2994 3832 veram
3024 3776 3308 3832 scientiam
3346 3775 3586 3846 Scriptu-

1998 3885 2183 3925 rarum
2206 3869 2302 3925 Dei
2330 3868 2554 3924 minime
2585 3867 2857 3940 pertingit.
2888 3866 3040 3935 Quod
3063 3868 3409 3923 beatissimus
3429 3878 3586 3938 pater

1999 3961 2089 4017 hic
2139 3968 2365 4025 noster,
2407 3967 2630 4017 sanctus
2679 3959 2846 4030 probe
2899 3958 3253 4014 considerans
3280 3956 3583 4024 Rabanus,

1998 4053 2190 4109 cellam
2218 4054 2295 4111 ab
2320 4052 2547 4107 infantia
2589 4067 2685 4107 sua
2728 4051 2915 4106 dilexit
2957 4051 3338 4115 monasticam,
3389 4050 3444 4105 in
3473 4064 3585 4120 qua

2000 4144 2390 4219 conscientiam
2435 4159 2588 4200 suam
2624 4142 2691 4197 ab
2722 4143 2977 4213 operibus
3010 4143 3197 4196 mundi
3224 4142 3378 4197 vanis
3406 4151 3585 4201 custo-

1999 4236 2133 4293 divit
2161 4235 2407 4300 illmsam,
2433 4242 2488 4289 et
2513 4234 2753 4288 omnium
2782 4233 3177 4302 scripturarum
3202 4272 3218 4299 ,
3252 4240 3360 4288 tam
3391 4233 3583 4291 huma-

1999 4341 2191 4383 narum
2207 4340 2369 4395 quam
2391 4322 2947 4394 divinarum,,plenam
2969 4321 3072 4377 fuit
3100 4331 3383 4379 assecutus
3403 4325 3572 4382 scien~

2000 4419 2153 4473 tiam.
2179 4416 2340 4473 Cella:
2362 4429 2595 4484 namque
2618 4423 2888 4469 secretum
2909 4413 3210 4469 amtenitati
3233 4427 3584 4485 comparatur

1988 4508 2255 4582 paradisi,
2288 4508 2340 4562 in
2363 4522 2469 4578 qua
2499 4504 2887 4562 delectabiliter
2916 4505 3240 4573 consistens,
3264 4520 3329 4560 ac
3354 4504 3455 4560 sibi
3481 4521 3584 4575 per

1999 4603 2166 4660 divini
2214 4601 2417 4657 amoris
2441 4599 2755 4655 continuum
2781 4598 3100 4654 exercitium
3127 4598 3311 4654 unitus
3338 4639 3354 4664 ,
3403 4606 3584 4655 mente

2000 4693 2158 4750 simul
2185 4702 2241 4748 et
2266 4706 2493 4762 corpore
2519 4688 2783 4744 habitavit
2810 4705 2992 4745 secum
3020 4689 3076 4744 in
3118 4689 3276 4744 domo
3303 4687 3397 4744 Dei
3428 4688 3582 4758 quie-

2001 4794 2106 4849 tus,
2136 4784 2319 4837 animo
2346 4779 2578 4835 creatori
2607 4794 2706 4834 suo
2735 4778 2958 4833 devotus
2979 4819 2994 4843 ,
3039 4778 3169 4832 nulli
3206 4779 3437 4832 fratrum
3468 4793 3584 4833 mo-

1999 4874 2168 4929 lestus
2199 4914 2214 4935 .
2246 4872 2379 4927 nulli
2412 4869 2591 4940 gravis
2621 4909 2636 4935 ,
2692 4867 2822 4922 nulli
2852 4883 3114 4923 onerosus
3141 4908 3158 4934 ,
3206 4869 3300 4924 scd
3328 4877 3583 4939 acceptus

1993 4965 2153 5021 bonis
2176 4962 2446 5027 omnibus,
2476 4969 2530 5016 et
2556 4960 2609 5013 in
2638 4958 2851 5014 vinculo
2875 4958 3156 5013 charitatis
3185 4957 3436 5014 fraterna:
3464 4956 3578 5012 sin-

1996 5068 2119 5109 cere
2166 5053 2419 5108 dilectus.
2449 5050 2506 5105 1n
2532 5064 2598 5104 eo
2624 5049 2724 5103 fuit
2757 5049 3079 5119 completum
3100 5088 3115 5113 ,
3154 5049 3295 5117 quod
3329 5062 3427 5117 per
3453 5061 3581 5116 pro-

1994 5145 2214 5214 phetam
2264 5142 2553 5198 Jcremiatn
2608 5140 2808 5195 dudum
2864 5139 3060 5210 legitur
3115 5138 3576 5209 pronuntiatum:

1995 5237 2202 5291 Bonum
2229 5247 2303 5291 est
2332 5234 2551 5299 homini,
2586 5249 2705 5288 cum
2738 5233 3019 5303 portaverit
3034 5232 3227 5301 jugum
3259 5228 3471 5283 Domini
3512 5228 3578 5282 ab

1995 5327 2349 5382 adolescentia
2374 5342 2473 5379 sua
2500 5324 2663 5395 :quia
2704 5322 2897 5377 sedebit
2939 5320 3210 5375 solitarius
3257 5327 3305 5372 et
3339 5317 3535 5370 tacebit
3559 5356 3575 5381 ,

1992 5418 2239 5490 quoniam
2294 5415 2478 5470 levabit
2521 5430 2575 5468 se
2610 5429 2769 5484 supra
2800 5428 2854 5466 se
2892 5410 3107 5481 (Tltren.
3141 5423 3221 5474 tu,
3248 5405 3319 5460 27
3343 5415 3390 5460 et
3418 5404 3574 5478 ηιμ).

2064 5553 2093 5592 δ
2123 5528 2235 5606 lmo
2266 5549 2331 5603 15
2360 5555 2589 5611 tantum,
2636 5544 2703 5600 ab
2730 5559 2819 5597 an.
2851 5541 2953 5596 802
3006 5539 3073 5594 ad
3098 5537 3234 5611 8U,
3265 5552 3373 5609 quo
3401 5551 3432 5592 a
3461 5535 3577 5592 fra-

1992 5622 2167 5678 tribus
2193 5620 2468 5691 depositus
2493 5608 2689 5689 legitur
2715 5614 2766 5666 in
2793 5612 2996 5666 eisdem
3019 5608 3213 5663 Annal.

3023 5769 3063 5828 3
