4012 6202
274 294 289 300 ”
324 293 393 350 75
1420 279 1513 335 AD
1550 272 1779 334 OPERA
1820 273 1881 328 Β.

2013 269 2177 330 BAN!
2210 266 2433 331 MAURI
3514 275 3587 327 70

324 409 453 464 llaec
473 413 601 463 sunt
627 402 925 476 pumicata:
949 399 1197 457 convivia
1223 396 1423 452 mentis
1445 435 1459 459 ,
1488 407 1611 465 qm:
1630 404 1797 447 nemo
1822 388 1903 442 in-
1930 387 1980 448 A
2006 386 2157 444 illum
2198 388 2513 458 operatione
2564 402 2821 459 magnoin
2849 400 2956 446 non
2985 384 3269 443 dubitabat
3290 397 3410 442 esse
3438 383 3582 443 lum-

326 498 534 568 telligit,
565 496 667 551 nisi
696 494 791 565 qui
815 492 1031 563 accipit,
1072 504 1235 546 neruo
1261 502 1391 543 vero
1416 484 1646 554 accipit,
1676 481 1782 537 nisi
1806 480 1898 550 qui

324 606 385 644 se
406 602 507 658 pro
528 587 629 642 Dei
646 596 837 640 amore
853 582 923 638 ab
948 582 1096 638 omni
1124 579 1312 635 carnis
1350 577 1609 633 illecebra
1629 573 1902 630 veraciter

324 678 648 752 segregavit.
678 674 795 731 Non
823 674 971 729 enim
1014 672 1356 729 consentiunt
1402 670 1459 724 in
1487 682 1659 723 unum
1676 664 1900 722 cohabi-

328 780 444 825 tare
485 782 614 823 vera
649 767 849 838 gaudia
894 764 1090 821 mentis
1118 805 1133 831 ,
1187 771 1245 818 et
1271 758 1653 829 corruptibiles
1694 757 1901 812 delicias

322 862 533 918 ventris
555 901 570 927 ,
604 859 858 930 quoniam
889 857 1097 912 duobus
1120 853 1409 911 contrariis
1431 851 1638 907 servire
1671 848 1902 904 dominis

328 955 583 1011 Salvator
628 952 870 1008 omnium
910 963 1017 1004 non
1062 947 1193 1003 dicit
1221 956 1342 1000 esse
1383 942 1659 1014 possibile.
1709 940 1903 995 Beatus

327 1048 492 1117 igitur
518 1061 745 1115 magnus
766 1044 866 1099 iste
892 1056 1083 1098 servus
1106 1037 1311 1095 Christi
1342 1036 1622 1099 Rabanus,
1644 1034 1754 1104 qui,
1779 1048 1903 1102 gra-

327 1141 401 1194 tia
433 1138 669 1209 Spiritus
694 1135 862 1191 sancti
891 1139 1195 1204 praiventus
1217 1171 1231 1195 ,
1262 1130 1318 1184 in
1356 1126 1574 1182 consilio
1622 1125 1917 1196 impiorum-

328 1249 432 1286 non
471 1231 600 1285 abiit
630 1271 646 1294 ,
683 1239 731 1282 et
760 1228 811 1283 in
847 1229 931 1281 via
984 1234 1313 1297 peccatorum
1366 1238 1469 1275 non
1507 1219 1666 1282 stetit,
1724 1234 1814 1272 nec
1848 1216 1903 1270 in

326 1323 574 1376 cathedra
600 1322 894 1375 deriserunt
920 1316 1155 1373 consedit
1178 1333 1197 1368 :
1219 1312 1314 1368 sed
1340 1313 1393 1365 in
1424 1311 1537 1381 tege
1565 1308 1780 1363 Domini
1803 1307 1913 1375 fuit

325 1413 568 1468 voluntas
607 1412 722 1481 ejus
764 1408 1079 1465 confirmata
1107 1414 1165 1461 et
1191 1402 1437 1468 stabilis,
1468 1411 1522 1455 et
1552 1401 1607 1454 in
1633 1398 1903 1469 iustifica-

327 1504 567 1558 tionibus
598 1502 713 1571 ejus
744 1499 1022 1555 meditatio
1055 1496 1200 1550 illius
1221 1493 1308 1548 die
1332 1490 1630 1562 permansit
1656 1502 1719 1543 ac
1748 1495 1911 1543 nocte

328 1593 503 1666 (I’sal.
532 1610 574 1660 ι,
610 1594 661 1658 l,
692 1592 769 1662 Ξ).
803 1590 999 1645 Beatus
1025 1629 1040 1653 ,
1081 1588 1300 1656 inquam
1324 1625 1338 1650 ,
1389 1583 1474 1636 vir
1507 1582 1634 1646 iste,
1667 1589 1723 1635 et
1757 1578 1905 1633 omni

324 1684 631 1757 posteritati
658 1683 853 1738 merito
878 1675 1347 1745 venerandus,qui
1366 1675 1423 1728 in
1448 1673 1557 1727 hac
1579 1670 1906 1726 mortalitate

2005 496 2148 548 nm,
2171 483 2397 538 ande‘et
2420 480 2595 537 libens
2622 482 2787 553 petita
2818 480 3104 537 concessit.

2066 599 2129 654 in
2158 599 2347 656 diebus
2371 598 2476 655 illis
2500 598 2727 654 ﬂorebat
2767 597 2820 652 in
2862 611 3028 667 regno
3055 594 3390 653 Francorum
3432 593 3581 649 Albi-

2002 708 2136 757 nus,
2164 693 2254 767 qui
2291 700 2345 748 et
2368 689 2653 757 Alcuinus,
2678 692 2897 746 natione
2929 689 3183 760 Anglicus
3205 731 3219 756 ,
3247 688 3583 760 pronessione

2003 783 2300 838 monachus
2332 781 2359 820 δ
2382 822 2397 846 ,
2426 781 2616 839 ordine
2666 781 2875 848 Levita,
2903 780 3164 851 dignitate
3201 778 3369 834 abbas
3407 790 3429 818 ε
3463 794 3583 833 mo-

2004 872 2224 929 nasterii
2256 872 2338 927 sui
2370 870 2585 929 Martini
2634 871 2964 927 Turonensis
2985 912 2999 936 ,
3025 869 3202 925 Caroli
3235 870 3380 942 regis
3405 868 3580 939 Magni

2003 965 2277 1037 quondam
2307 970 2644 1033 prteceptor,
2692 962 2745 1017 in
2783 963 2932 1018 omni
2980 961 3241 1017 varietate
3282 961 3580 1030 scriptura-

2003 1072 2123 1111 rum
2152 1052 2521 1116 doctissimus,
2552 1052 2643 1122 qui
2678 1052 2885 1123 primus
2928 1051 3067 1122 apud
3104 1050 3288 1106 Gallos
3327 1058 3383 1104 et
3420 1049 3585 1105 ltalos

2004 1147 2188 1203 Romm
2218 1146 2245 1185 ἀ
2271 1186 2285 1212 ,
2320 1145 2544 1212 Parisii,
2569 1154 2622 1199 et
2655 1142 2961 1198 Suessionis
2983 1182 2999 1207 ,
3040 1139 3241 1196 scholis
3292 1142 3585 1197 monacho-

2004 1255 2125 1295 rum
2174 1237 2403 1308 publicis
2449 1235 2701 1308 prmlatus
2735 1232 2901 1287 multa
2936 1230 3151 1302 scripsit
3181 1229 3247 1284 ad
3296 1228 3582 1289 utilitatem

2004 1344 2343 1385 communem
2370 1369 2385 1394 ,
2425 1336 2480 1382 et
2527 1326 2719 1396 plures
2758 1324 2811 1376 in
2861 1321 3008 1377 omni
3055 1320 3278 1375 scientia
3313 1317 3585 1376 auditores

2005 1420 2252 1478 edumvit
2298 1421 2659 1479 doctissimos.
2705 1416 2788 1471 Ad
2837 1417 2978 1470 hunc
3018 1404 3379 1469 venerabilem
3409 1412 3584 1466 virum

2007 1514 2095 1585 (eo
2134 1522 2371 1585 tempore
2415 1513 2468 1566 in
2497 1512 2630 1566 urbe
2660 1509 2828 1564 Roma
2868 1506 3146 1563 custodem
3167 1512 3223 1561 et
3251 1504 3585 1571 ministrum)

2005 1605 2260 1661 Ecclesia:
2297 1602 2676 1658 Lateranensis
2709 1612 2765 1664 ε,
2824 1614 2889 1654 ac
2937 1595 3136 1654 scholis
3192 1595 3578 1649 monachorum

2006 1699 2236 1773 publicis
2274 1698 2648 1769 praesidentem
2675 1737 2688 1760 ,
2736 1692 3064 1762 Rathgarius
3104 1688 3270 1745 abbas
3302 1689 3368 1742 de
3416 1686 3584 1741 Fulda

325 1777 537 1847 Ροδίίυδ
565 1816 581 1842 ν
635 1788 819 1830 “me”
866 1773 1063 1827 “mum
1095 1768 1151 1821 in
1198 1762 1666 1820 beneﬁcam“
1936 1765 1981 1825 Β
2009 1759 2159 1847 inisit
2200 1759 2483 1847 Rabanum
2515 1804 2636 1844 cum
2673 1786 2793 1841 aliis
2824 1784 2844 1823 ε
2874 1759 3083 1838 duobus
3121 1780 3421 1845 monachis,
3453 1778 3584 1834 llai—

326 1867 654 1931 seminavit,
702 1865 770 1919 de
795 1875 905 1932 quo
929 1875 1070 1915 nunc
1101 1856 1334 1911 fructum
1372 1861 1586 1908 interrae
1632 1848 1907 1904 felicitatis

326 1959 613 2012 manducat
661 1956 714 2009 in
766 1952 940 2008 cmlis.
989 1946 1222 2018 Pfepter
1259 1945 1403 2016 quod
1453 1942 1601 1999 omni
1654 1947 1907 1997 censetur

326 2049 534 2103 honore
561 2047 755 2117 dignus
778 2084 793 2110 ,
826 2059 891 2098 ac
926 2041 1250 2111 sempiterna
1307 2035 1565 2092 memoria
1624 2034 1906 2088 celebran-

325 2142 446 2206 dus,
479 2141 571 2210 qui
606 2138 782 2194 factus
810 2136 1053 2191 imitator
1091 2132 1474 2203 discipulorum
1516 2128 1763 2194 Domini,
1792 2120 1908 2182 ~do-

323 2234 498 2288 ctrina
527 2241 584 2287 et
624 2230 867 2286 moribus
894 2229 1202 2284 universam
1232 2224 1523 2280 illustravit
1565 2220 1861 2277 Ecclesiam
1888 2260 1903 2286 ,

324 2335 380 2380 et
417 2324 600 2379 varios
654 2322 1030 2377 hzeretieorum
1066 2332 1283 2373 errores
1316 2314 1639 2384 disputando
1665 2311 1908 2367 scriben-

327 2418 503 2486 doque
531 2412 830 2471 conl’ut’avit
854 2453 869 2477 ,
892 2412 959 2465 de
988 2409 1183 2481 quibus
1222 2421 1322 2463 suo
1371 2405 1595 2461 inferius
1629 2404 1748 2460 loco
1794 2401 1908 2473 pie-

327 2508 450 2562 nius
474 2505 670 2561 dicturi
701 2519 906 2560 sumus.

397 2616 530 2671 Cum
583 2629 714 2687 ergo
752 2614 949 2671 lzeatus
986 2609 1325 2682 Magnentius
1358 2616 1608 2663 octavum
1638 2605 1907 2662 decimum

326 2707 501 2763 :etatis
539 2721 650 2762 suae
678 2719 878 2759 annum
914 2703 1222 2773 attingeret,
1253 2700 1342 2771 qui
1373 2698 1470 2753 fuit
1498 2698 1790 2753 Dominica:
1818 2712 1911 2751 na-

328 2800 554 2856 tivitatis
581 2796 1063 2869 octingentesimus
1090 2803 1276 2850 sextus
1310 2806 1334 2834 α
1362 2833 1378 2858 ,
1420 2799 1475 2847 et
1504 2788 1802 2846 incredibili
1828 2789 1911 2845 di-

326 2890 572 2950 vinarum
633 2891 1039 2960 Scripturarum
1096 2896 1369 2942 teneretur
1422 2900 1644 2949 amore,
1688 2880 1911 2952 jamque

327 2998 518 3039 omnes
548 2983 839 3051 deputatas
879 2976 981 3035 sibi
1029 2980 1275 3032 doctores
1303 2983 1465 3046 atque
1495 2974 1784 3046 magistros
1828 2972 1909 3027 vel

328 3081 617 3144 aequasset,
630 3069 715 3126 vel
737 3069 901 3124 etiam
926 3073 1235 3138 superasset
1253 3064 1553 3120 eruditione
1572 3069 1627 3119 et
1643 3063 1908 3128 doctrina,

333 3179 432 3221 nec
480 3172 658 3218 tamen
709 3161 761 3216 in
807 3160 929 3222 his,
972 3157 1039 3213 ad
1086 3172 1205 3229 qua:
1250 3155 1501 3212 discendo
1548 3163 1907 3226 pervenerat,

334 3264 515 3325 posset
543 3267 664 3311 esse
698 3256 1019 3314 contentus,
1068 3247 1164 3303 sed
1207 3261 1307 3317 pro
1356 3245 1725 3317 magnitudine
1772 3242 1913 3300 desi—

335 3341 471 3398 derii
517 3342 598 3397 sui
637 3340 703 3395 ad
747 3339 952 3411 majora
1000 3337 1143 3392 sacri
1170 3337 1330 3391 studii
1360 3351 1557 3392 arcana
1586 3334 1865 3390 festinaret
1893 3374 1909 3401 ,

335 3436 511 3490 locum
542 3433 609 3487 ad
665 3440 876 3502 tempus
925 3440 1134 3491 mutare
1162 3428 1434 3500 proiectus
1461 3443 1626 3484 causa
1654 3427 1908 3482 decrevit.

338 3526 471 3579 Nam
498 3538 562 3579 eo
594 3533 836 3597 tempore
863 3520 1097 3577 studium
1129 3521 1426 3575 litterarum
1452 3520 1715 3592 generale,
1754 3519 1913 3575 sicuti

335 3618 522 3684 postea
555 3653 571 3678 ,
618 3613 848 3667 necdum
894 3612 945 3665 in
998 3609 1253 3665 Fuldensi
1302 3608 1629 3663 monasterio
1680 3607 1911 3678 vigebat.

339 3700 587 3756 Mouachi
635 3700 834 3755 etenim
885 3699 1074 3753 humili
1124 3698 1523 3769 Scripturarum
1563 3696 1914 3768 intelligentia

340 3792 579 3847 contenti
604 3832 619 3859 ,
657 3791 897 3846 moribus
920 3806 1129 3862 graves,
1159 3798 1215 3845 et
1244 3790 1622 3846 subrusticana
1660 3786 1917 3857 simplici—

339 3888 452 3938 tate
500 3883 689 3938 imbuti
719 3923 733 3947 ,
783 3881 974 3937 altiora
1020 3883 1260 3937 scientiae
1287 3882 1464 3936 studia
1492 3897 1598 3935 non
1628 3881 1911 3935 curabant.

343 3972 496 4029 Unde
541 3973 886 4028 beatissimus
926 3972 1139 4042 juvenis
1165 3986 1286 4027 cum
1317 3986 1415 4040 pro
1440 3971 1638 4041 ingenti
1669 3969 1917 4040 Scriptu-

340 4080 527 4121 rarum
581 4065 891 4131 desiderio,
946 4075 1168 4134 propter
1214 4063 1598 4134 magistrorum
1637 4063 1916 4132 penuriam

341 4157 579 4211 animum
628 4171 786 4212 suum
828 4155 881 4209 in
933 4155 1151 4225 proprio
1178 4154 1374 4209 satiare
1430 4153 1760 4208 monasterio
1810 4167 1917 4207 non

342 4257 543 4316 posset,
558 4249 827 4317 sciretque
854 4246 1202 4317 Rathgarium
1233 4260 1290 4300 se
1316 4253 1588 4315 pastorem
1615 4244 1815 4300 habere
1843 4243 1921 4298 fa-

342 4338 660 4403 vorabilem,
681 4338 914 4406 quadam
950 4337 1037 4392 die
1065 4340 1132 4393 ad
1158 4339 1322 4411 pedes
1348 4338 1463 4408 ejus
1483 4339 1835 4408 provolvitur,
1865 4346 1920 4393 et

1936 3109 1984 3175 ε

2004 1894 2164 1937 mone
2192 1890 2247 1936 ct
2277 1880 2557 1935 Diedone:
2592 1892 2821 1949 quorum
2871 1874 3021 1948 prior
3067 1872 3351 1942 episc0pus
3400 1880 3586 1940 postea

2004 1973 2108 2029 fuit
2133 1974 2189 2029 in
2216 1972 2523 2029 llalberstat
2545 2012 2561 2038 ,
2591 1970 2859 2045 posterior
2888 1982 3015 2022 vero
3044 1965 3259 2021 Ilattoni
3290 1964 3344 2018 in
3371 1965 3587 2020 abbatia

2001 2069 2259 2127 Fuldeusi
2301 2070 2531 2129 fratrum
2572 2067 2835 2124 electione
2870 2063 3149 2120 successit.
3184 2061 3412 2118 Albinus
3458 2074 3590 2132 ergo

2006 2166 2201 2220 missos
2235 2164 2305 2219 ad
2338 2179 2396 2220 se
2428 2152 2734 2218 monachos
2758 2158 2824 2213 de
2848 2156 3017 2211 Fulda
3043 2155 3142 2209 sub
3177 2151 3473 2224 magisterii
3506 2152 3588 2207 sui

2009 2254 2180 2317 ferula
2202 2253 2522 2322 suscipiens,
2538 2265 2753 2307 omnem
2777 2247 2918 2303 circa
2941 2245 3061 2300 illos
3082 2243 3413 2313 diligentiam
3437 2240 3589 2296 adhi-

2006 2348 2147 2411 buit,
2196 2355 2250 2400 et
2300 2344 2460 2401 nullis
2489 2358 2587 2414 pro
2629 2340 2837 2395 salubri.
2862 2352 3055 2393 eorum
3084 2330 3416 2391 institutione
3445 2330 3591 2386 labe-

2009 2441 2157 2503 ribus
2210 2439 2472 2510 pepercit.
2525 2436 2811 2490 Rabanum
2871 2439 3052 2486 tamen
3077 2470 3093 2493 ,
3164 2442 3326 2498 quem
3377 2426 3587 2482 caneris

1936 2528 1946 2537 ’
2008 2533 2309 2588 acutiorem
2353 2530 2569 2601 ingenio
2605 2526 2841 2591 videbat,
2879 2522 3228 2596 propensiore
3257 2519 3433 2577 studio
3461 2534 3591 2590 pro-

2009 2623 2335 2693 sequebatur
2366 2619 2591 2677 docendi
2624 2660 2643 2685 ,
2671 2626 2726 2675 ct
2754 2615 3013 2689 singulari
3050 2630 3181 2671 cura
3214 2609 3593 2669 sollicitudinis

2008 2717 2156 2772 circa
2210 2715 2359 2771 illum
2391 2713 2667 2784 vigilabat.
2714 2710 2885 2769 Annis
2935 2723 3031 2767 sex
3077 2705 3355 2763 continuis
3392 2706 3417 2743 ε
3451 2702 3595 2772 apud

2008 2806 2261 2861 Albinum
2306 2805 2625 2877 magistrum
2655 2803 2907 2859 Babanus
2935 2797 3368 2857 studiosissimus
3383 2794 3596 2849 auditor

2012 2909 2173 2972 atque
2232 2898 2528 2967 discipulus
2576 2897 2761 2951 Roma:
2810 2891 3157 2963 permansit,
3218 2899 3273 2945 et
3326 2885 3596 2941 discendis

2012 2988 2311 3059 Scripturis
2344 2986 2669 3042 indefessum
2688 2983 2936 3040 studium
2966 2982 3184 3039 sedulus
3221 2976 3498 3050 impendit.
3537 2974 3594 3028 ln

2014 3081 2105 3138 bis
2154 3077 2362 3132 artibus
2413 3084 2652 3146 septem,
2702 3087 2837 3142 quas
2892 3070 3227 3139 professores
3281 3065 3595 3123 earumdem

2015 3165 2264 3222 liberales
2315 3172 2545 3227 vocant,
2600 3160 2772 3216 evasit
2820 3158 3161 3214 doctissimus
3188 3197 3203 3222 ,
3251 3165 3309 3212 et
3342 3156 3398 3210 in
3448 3154 3597 3211 omni

2014 3254 2278 3319 scientia,
2333 3260 2444 3308 tam
2490 3251 2794 3306 divinarum
2831 3262 2993 3317 quam
3031 3246 3390 3300 humanarum
3431 3244 3600 3300 tradi-

2017 3349 2220 3405 tionum
2248 3388 2265 3410 ,
2312 3362 2418 3401 non
2464 3352 2584 3399 erat
2634 3341 2709 3396 illi
2758 3340 3044 3398 secundus.
3089 3337 3376 3393 Enimvero
3429 3351 3596 3405 quam

2014 3436 2258 3491 eruditus
2308 3434 2472 3490 fuerit
2513 3433 2566 3487 in
2615 3430 3009 3503 grammaticis,
3068 3429 3118 3483 in
3164 3425 3490 3491 rhetoricis,
3545 3425 3597 3478 iu

2016 3526 2226 3597 legitis,
2261 3525 2321 3580 in.
2346 3523 2703 3580 arithmeticis
2726 3563 2741 3589 ,
2775 3521 2828 3575 in
2855 3518 3198 3590 geometricis
3230 3559 3245 3585 ,
3290 3518 3342 3572 in
3372 3506 3599 3588 poeticis

2015 3623 2071 3670 et
2100 3613 2340 3680 musicis,
2373 3613 2427 3667 in
2459 3610 2837 3667 astronomicis
2858 3620 2913 3665 et
2935 3608 3354 3672 mathematicis,
3395 3606 3448 3660 in
3473 3605 3598 3675 phy-

2016 3705 2143 3762 sicis
2172 3713 2226 3760 et
2256 3703 2659 3775 metaphysicis,
2690 3702 2745 3757 in
2774 3699 3163 3771 philosophicis
3185 3707 3241 3754 et
3264 3697 3597 3768 theologicis,

2018 3798 2072 3851 in
2116 3796 2367 3851 humanis
2406 3810 2627 3865 quoque
2670 3802 2729 3848 et
2772 3792 3004 3857 divinis,
3043 3791 3349 3861 quicunque
3389 3787 3600 3859 plenius

2017 3886 2318 3959 intelligere
2352 3885 2655 3950 desiderat,
2711 3881 2827 3953 ejus
2870 3882 3143 3944 volumina
3169 3923 3182 3945 ,
3217 3897 3336 3951 qua:
3363 3889 3418 3935 et
3446 3878 3599 3949 plura

2017 3986 2142 4034 sunt
2171 3987 2226 4033 et
2250 3975 2650 4048 elegantissima
2676 4015 2690 4039 ,
2720 3973 3029 4044 diligentius
3056 3971 3312 4028 revolvat.
3342 3969 3397 4024 In
3423 3970 3601 4039 dispu-

2021 4072 2183 4129 tando
2208 4070 2339 4125 tanti
2371 4068 2475 4122 fuit
2497 4065 2760 4122 acuminis
2788 4105 2802 4131 ,
2846 4073 2906 4119 ut
2952 4064 3193 4119 omnium
3232 4061 3598 4132 sophistarum

2019 4160 2485 4219 nominatissimus
2529 4157 2821 4212 haberetur
2870 4160 2927 4210 et
2974 4161 3138 4209 esset.
3184 4151 3375 4217 Unde,
3429 4149 3597 4204 veluti

2019 4253 2157 4309 alter
2193 4250 2563 4322 Augustinus,
2619 4246 2998 4302 hiereticorum
3050 4252 3228 4300 terror
3267 4252 3322 4299 et
3372 4242 3601 4297 malleus

2020 4350 2157 4408 erat,
2182 4356 2316 4411 quos
2341 4354 2530 4395 omnes
2588 4338 2729 4392 facili
2783 4334 3161 4409 congressione
3210 4334 3501 4404 superabat
3545 4341 3602 4387 et

344 4432 474 4531 quid
504 4432 733 4531 habe-ret
758 4431 812 4485 in
838 4430 1021 4484 animo
1065 4447 1275 4489 summa
1323 4448 1445 4486 cum
1475 4433 1777 4487 humilitate
1807 4447 1921 4487 ma—
1945 4470 2001 4531 Β
2023 4435 2173 4491 vicit.
2212 4432 2279 4488 Et
2306 4449 2428 4487 cum
2454 4440 2657 4486 tantam
2696 4430 2936 4485 omnium
2965 4429 3311 4484 scientiarum
3333 4436 3477 4482 esset
3504 4443 3599 4481 eo-

346 4523 600 4580 nifestum
633 4522 836 4576 faciens
864 4561 879 4586 ,
912 4536 1232 4576 consensum
1276 4522 1359 4576 sui
1389 4524 1534 4577 senis
1578 4522 1915 4590 deprecatur.

347 4613 555 4670 l’lacuit
591 4611 779 4684 petitio
830 4611 1183 4667 adolescentis
1212 4612 1425 4677 abbati;
1462 4621 1517 4667 et
1559 4612 1783 4667 consilio
1837 4627 1921 4668 se-

347 4705 562 4760 niorum
607 4703 844 4758 adhibito
871 4744 887 4768 ,
937 4701 1149 4758 failem
1178 4702 1472 4773 postulanti
1509 4704 1655 4759 dedit
1694 4720 1924 4759 consen-

349 4812 489 4852 sum.
511 4794 775 4851 Cernebat
796 4794 940 4848 enim
965 4794 1144 4849 senior
1169 4795 1447 4866 providus,
1463 4804 1520 4850 ut
1539 4796 1699 4868 paulo
1718 4797 1921 4851 dictum

350 4893 435 4942 est
484 4886 635 4957 prius
661 4927 676 4952 ,
710 4884 941 4958 gratiam
972 4884 1026 4940 in
1055 4901 1120 4940 eo
1152 4885 1392 4942 relucere
1440 4887 1673 4943 divinam
1700 4929 1716 4956 ,
1770 4886 1923 4957 cujus

422 5083 743 5156 {Alcuinus
766 5100 855 5139 an.
881 5084 992 5156 780,4
1025 5093 1274 5141 mortuus
1294 5092 1379 5142 est
1404 5103 1416 5138 :
1446 5085 1515 5141 ad
1536 5101 1699 5156 quem
1726 5085 1924 5141 missus

350 5164 435 5213 est
457 5155 715 5212 Rabanus
748 5155 991 5209 an.‘802.

420 5227 451 5268 ι»
481 5227 538 5281 In
566 5226 846 5283 .Chronol.
903 5226 1202 5281 Turonensi
1232 5225 1439 5280 dicitur
1476 5226 1755 5280 canonicis
1795 5240 1923 5295 pro-

354 5297 519 5359 fuisse
546 5312 561 5351 :
588 5299 654 5352 de
683 5297 1006 5353 monacham
1030 5294 1149 5364 ejus
1171 5295 1331 5353 silent
1359 5296 1593 5365 antiqui.

425 5378 448 5406 ο
488 5365 546 5420 ln
574 5368 806 5424 concilio
844 5363 1084 5424 Romano
1112 5366 1239 5421 anui
1280 5366 1381 5422 799
1409 5363 1508 5421 sub
1533 5366 1712 5419 Leone
1736 5363 1799 5417 lll
1826 5364 1922 5417 ha-

351 5437 516 5558 Ιιῧιοὶ.
535 5437 832 5520 appellatur
858 5477 872 5503 ,
898 5435 1111 5492 actione
1134 5436 1193 5502 ‘2,
1222 5435 1380 5489 abbas
1410 5434 1711 5488 monasterii
1742 5434 1926 5487 Sancti

410 5523 477 5558 Μ
499 5522 593 5558 ms.

410 5510 593 5559 mtim'.

420 5573 445 5613 ἀ
491 5575 746 5632 Doeuisse
772 5576 1056 5632 Alcuinum
1101 5576 1154 5630 in
1203 5572 1353 5629 italia
1400 5572 1603 5635 Romae,
1638 5574 1734 5625 aut
1760 5573 1923 5627 etiam

354 5644 521 5699 l'aris.
553 5645 911 5715 autAugustze
937 5645 1323 5711 Suessionum,
1355 5643 1494 5711 apud
1523 5642 1772 5709 antiquos
1817 5660 1920 5697 nun

2023 4528 2169 4600 piam
2219 4526 2465 4598 adeptus,
2498 4538 2769 4594 nunquam
2818 4531 2998 4577 tamen
3052 4522 3103 4575 in
3152 4521 3456 4589 superbiam
3499 4519 3603 4572 fuit

2025 4618 2216 4683 elatus,
2249 4630 2521 4687 nunquam
2550 4629 2648 4669 suo
2677 4629 2735 4669 se
2765 4611 2972 4682 judicio
3000 4611 3231 4666 inaniter
3262 4625 3421 4679 super
3466 4608 3603 4662 alios

2025 4710 2246 4774 extulit,
2277 4723 2548 4779 nunquam
2572 4707 2931 4776 simpliciores
2949 4717 3003 4761 et
3027 4705 3203 4760 minus
3225 4704 3277 4758 in
3306 4701 3603 4771 Scripturis

2026 4799 2269 4857 eruditos
2317 4798 2479 4854 etiam
2528 4797 2719 4852 leviter
2743 4795 3084 4866 contempsit.
3127 4794 3182 4848 ln
3208 4807 3335 4847 vera
3365 4803 3601 4859 namque

2027 4891 2335 4949 humilitate
2349 4890 2602 4947 fundatus
2616 4889 2931 4957 monastiea,
2949 4886 3209 4960 parvulus
3224 4887 3278 4941 in
3301 4884 3473 4941 oculis
3488 4884 3599 4939 suis

2027 5095 2128 5147 leai

2047 5112 2076 5149 e
2116 5110 2271 5150 inuis.

2078 5113 2125 5205 ge
2169 5165 2293 5219 llaec
2323 5162 2633 5217 omnimodo
2663 5158 2836 5227 l‘alsa;
2876 5157 3089 5214 occasio
3128 5157 3331 5211 erroris
3350 5169 3429 5227 ex
3477 5168 3600 5208 car-

2028 5237 2173 5289 mine
2213 5233 2358 5303 operi
2392 5233 2456 5286 de
2484 5232 2653 5303 Cruce
2679 5230 2899 5303 praefixo
2924 5244 3027 5303 non
3056 5236 3201 5303 recte
3237 5226 3520 5303 intellecto.

2105 5307 2121 5344 ι
2168 5295 2278 5357 lino
2318 5317 2439 5357 cum
2488 5302 2650 5356 unico
2680 5295 2872 5357 solum
2914 5300 3062 5355 socio
3122 5298 3359 5352 [linteae
3402 5295 3607 5350 missus

2025 5384 2264 5497 gistniio'n
2294 5372 2542 5438 Romam,
2569 5372 2665 5429 sed
2683 5373 2749 5428 ad
2781 5370 3173 5429 monasterium
3202 5367 3515 5422 'l‘uroaense
3537 5364 3595 5443 S_.

2081 5459 2139 5497 ar
2168 5459 2258 5496 ιηι.

2086 5513 2507 5638 :Atlituislecundo
2547 5528 2689 5568 anno
2733 5511 3012 5584 regiminis
3043 5509 3320 5580 ﬂathgarii
3357 5513 3604 5562 mortuus

2192 5600 2217 5635 ς
2319 5599 2402 5637 us.

2022 5598 2109 5637 CSI.
2126 5598 2402 5637 Λιωιιιιιε.
