4012 6194
320 330 403 392 17
1688 316 2239 377 Pammenem.
3248 298 3257 307 ‘
3536 315 3606 372 π

316 439 1122 524 apparebat,etqnantomajor
1134 432 1931 524 exstitit,tantoseperamplius
1957 432 2011 489 Α
2034 442 2176 524 anno
2196 426 2447 524 videlicet
2483 428 2715 485 abbatite
2738 428 3019 499 Rathgarii
3062 429 3349 487 memorati
3386 438 3603 485 octavum

320 518 668 595 humiliarit.
715 534 952 592 Noverat
978 532 1155 596 enim,
1191 526 1444 584 monachi
1485 524 1766 580 scientiam
1808 523 1924 578 sine
2026 522 2197 588 Quem
2240 518 2439 577 fratres
2463 534 2587 573 cum
2613 532 2808 591 magna
2830 520 3116 576 charitatis
3138 520 3607 593 laetitia-mpo-

325 643 470 684 vera
499 624 809 685 humilitate
831 622 1032 677 mentis
1052 619 1409 690 perniciosam
1436 629 1565 672 esse
1594 613 1877 671 stultitiam
1906 650 1921 675 ,

326 717 507 772 etiam
538 716 591 771 si
616 713 761 785 apud
800 711 1047 767 homines
1073 708 1417 765 doctissimus
1458 705 1740 761 habeatur.
1789 700 1929 758 Dicit

327 810 485 864 enim
514 806 803 877 Scriptura
828 818 843 858 :
867 802 1122 857 Doctrina
1148 801 1245 855 viri
1290 815 1386 870 per
1409 797 1717 869 patientiam
1746 794 1929 866 digno-

329 900 512 953 scitur
544 896 731 968 (Prov.
746 893 1116 966 x1x).Patiens
1144 899 1327 946 autem
1352 888 1620 945 veraciter
1638 902 1798 944 nemo
1819 885 1929 942 dici

329 998 613 1054 meretur,
660 987 754 1057 qui
797 984 1018 1041 humilis
1058 998 1166 1038 non
1213 982 1404 1046 'fuerit,
1451 990 1507 1036 et
1534 978 1929 1050 Omnipotentis

332 1077 496 1131 nutui
551 1075 712 1146 plena
760 1073 1036 1130 voluntate
1088 1068 1381 1139 subjectus.
1437 1070 1688 1125 Rabanus
1745 1076 1927 1121 autem

332 1175 553 1232 riester,
582 1181 750 1221 verus
775 1164 870 1218 Dei
916 1172 1129 1218 amator
1152 1202 1167 1227 ,
1198 1161 1289 1231 qui
1320 1169 1375 1215 et
1401 1161 1615 1215 humilis
1638 1170 1694 1213 et
1720 1159 1931 1229 patiens

334 1261 617 1316 veraciter
639 1258 868 1321 exstitit,
906 1264 1115 1326 quanto
1163 1256 1216 1309 in
1266 1253 1427 1309 bouis
1467 1252 1662 1309 studiis
1702 1251 1933 1321 amplius

334 1350 684 1423 profecerat,
719 1356 877 1403 tanto
898 1347 1072 1417 magis
1112 1346 1354 1400 animum
1394 1359 1548 1399 suum
1585 1357 1768 1397 coram
1818 1342 1936 1397 Deo

332 1452 395 1498 et
444 1440 761 1498 horninibus
804 1437 1143 1494 humiliabat.
1195 1434 1310 1491 Non
1357 1434 1511 1489 illum
1549 1448 1691 1488 vana
1728 1431 1930 1487 terreni

340 1531 575 1587 honoris
614 1529 842 1584 ambitio
875 1527 1045 1581 traxit
1072 1525 1141 1580 ad
1168 1524 1403 1580 studium
1428 1564 1443 1590 ,
1489 1539 1594 1579 non
1642 1530 1932 1593 paupertas

342 1622 431 1678 vel
470 1622 657 1691 inopia
683 1618 888 1674 fecerat
908 1616 1231 1673 monachum
1262 1615 1325 1669 in
1349 1613 1647 1685 Scriptnris
1669 1626 1797 1668 esse
1819 1621 1933 1667 stu-

345 1714 603 1778 diosum;
633 1711 731 1767 sed
775 1710 873 1765 Dei
921 1723 1101 1773 amor,
1132 1707 1227 1777 qui
1266 1705 1436 1760 vincit
1459 1704 1664 1763 omnia.
1683 1712 1931 1758 mentem

347 1806 493 1860 illius
539 1803 855 1859 incenderat
878 1799 955 1854 ad
982 1797 1280 1868 spiritualis
1309 1796 1551 1851 scientiae
1578 1795 1929 1853 incrementa.

347 1895 496 1952 Nihil
533 1903 621 1949 est
648 1890 867 1947 diliicile
904 1892 1065 1947 bonae
1087 1888 1348 1945 voluntati
1372 1929 1391 1953 ,
1426 1886 1567 1942 nihil
1595 1884 1935 1942 fumidabile

348 1985 523 2042 Deum
549 1983 821 2043 veraciter
847 1979 1069 2035 amanti.
1117 1978 1270 2035 Unde
1309 1994 1432 2032 cum
1464 1992 1527 2032 se
1556 1983 1726 2032 totum
1754 1974 1935 2029 divino

352 2077 719 2146 mancipasset
765 2071 1048 2142 obsequio,
1077 2069 1324 2140 nihilque
1347 2068 1403 2122 in
1436 2069 1540 2122 hoc
1566 2066 1773 2121 mundo
1791 2079 1937 2136 qtae-

354 2174 523 2231 reret,
544 2164 680 2219 nihil
704 2169 927 2232 cuperet
949 2159 1036 2214 vel
1072 2167 1305 2229 optaret,
1344 2157 1450 2213 nisi
1477 2157 1647 2212 Deum
1679 2155 1855 2221 solum
1880 2163 1938 2210 et

358 2257 647 2313 scientiam
668 2254 1075 2324 Scripturarum
1097 2289 1118 2318 ,
1142 2250 1368 2320 dignum
1389 2263 1447 2306 se
1476 2247 1699 2304 Christo
1731 2247 1938 2303 shrduit

351 2347 613 2406 exhibere
635 2344 990 2408 ministrum,
1026 2357 1057 2396 a
1101 2355 1210 2411 quo
1258 2347 1484 2395 noverat
1530 2352 1691 2393 omne
1735 2336 1939 2393 donum

355 2437 681 2495 mortalibus
722 2433 1009 2506 provenire
1060 2430 1383 2504 perlectum.
1431 2429 1658 2500 Semper
1704 2429 1936 2499 aliquem

355 2529 556 2584 divina:
579 2525 833 2582 lectionis
858 2523 1100 2579 codicem
1128 2522 1379 2578 versabat
1400 2522 1458 2577 in
1485 2509 1735 2576 manibus
1757 2562 1777 2587 ,
1801 2536 1940 2576 sent-

354 2634 458 2689 per
484 2620 539 2675 in
569 2617 869 2687 semetipso.
1044 2613 1223 2671 unitas
1252 2610 1460 2685 [Forte,
1494 2612 1701 2686 uultus]
1733 2613 1939 2683 aliquid

358 2702 685 2784 operabatur
704 2707 863 2765 boum
883 2705 1231 2777 operationis.
1253 2705 1321 2760 Et
1345 2719 1522 2775 neque
1547 2705 1738 2761 diebus
1763 2720 1940 2774 neque

363 2802 612 2859 noctibus
637 2801 707 2856 ab
733 2798 1151 2869 investigatione
1184 2796 1487 2852 divinarum
1513 2795 1762 2850 cessabat
1785 2792 1938 2851 Scri-

2025 620 2153 667 runt
2178 651 2195 678 ,
2244 611 2387 666 dona
2428 609 2743 681 multiplicia
2779 611 2833 665 in
2881 624 2948 667 eo
2999 611 3185 666 divina
3225 612 3559 671 honorantes
3587 633 3600 644 ·

2027 703 2223 775 quippe
2244 703 2338 772 qui
2367 709 2633 757 noverant
2664 701 2813 757 illum
2838 716 2949 757 non
2973 701 3147 757 solum
3186 715 3409 774 prope:
3429 704 3608 760 scio"-

2028 793 2115 849 tiae
2139 792 2627 863 praecminentiam,
2655 799 2710 845 et
2730 792 3051 862 magistrum
3071 807 3196 848 esse
3215 793 3602 859 venerabilem,

2028 883 2121 938 sed
2144 881 2315 936 multo
2336 881 2510 951 magis
2529 880 2600 936 ob
2623 881 2745 935 vitae
2769 881 3043 948 meritum,
3069 883 3283 939 cunctis
3303 885 3357 939 in
3388 883 3608 940 Christo

2027 974 2315 1029 virtutibus
2357 972 2699 1042 locupletem.
2737 973 2894 1027 Enim
2917 988 3048 1029 vero
3090 988 3188 1046 per
3241 976 3375 1030 illud
3422 993 3610 1034 sexen-

2026 1067 2175 1121 nium
2203 1106 2219 1132 ,
2261 1082 2371 1137 quo
2414 1066 2601 1122 Romae
2645 1069 2745 1123 sub
2794 1069 3011 1125 abbatis
3047 1070 3365 1141 magisterio
3412 1074 3609 1131 litteris

2027 1173 2265 1228 operam
2294 1158 2518 1213 dederat
2544 1199 2558 1223 ,
2602 1160 2657 1213 in
2687 1160 2867 1215 omnia
2899 1161 3123 1216 scientia
3147 1204 3161 1226 ,
3210 1171 3320 1216 tam
3371 1164 3607 1218 humana

2027 1268 2187 1322 quam
2221 1252 2399 1307 divina
2422 1294 2441 1319 ,
2486 1267 2650 1323 super
2673 1267 2862 1309 omnes
2900 1263 3203 1310 coaetaneos
3228 1272 3355 1312 suos
3384 1259 3612 1315 miriﬁce

2029 1343 2331 1415 profecerat
2352 1384 2369 1409 ,
2413 1345 2697 1414 evasitque
2729 1359 2971 1399 summus
3016 1346 3069 1399 in
3100 1347 3247 1401 omni
3286 1348 3461 1403 seibiii
3491 1350 3611 1420 phi-

2030 1437 2285 1507 losophus
2309 1476 2324 1502 ,
2357 1445 2624 1507 pactaque
2658 1436 3070 1502 disertissimus,
3097 1444 3151 1491 et
3177 1437 3459 1509 theologus
3478 1455 3608 1496 cun-

2030 1541 2240 1587 ctorum
2285 1530 2499 1601 judicio
2538 1529 3042 1585 excellentissimus.
3068 1529 3240 1585 Tanta
3286 1532 3518 1602 denique
3559 1542 3615 1588 et

2031 1623 2219 1677 Roma:
2253 1630 2311 1676 et
2345 1621 2535 1676 liuidae
2556 1621 2770 1675 cunctis
2808 1620 2935 1674 vitae
2970 1634 3081 1676 suae
3116 1621 3309 1676 (hebes
3350 1622 3611 1678 virtutum

2033 1721 2089 1766 et
2124 1712 2444 1766 meritorum
2500 1710 2859 1765 sanctimonia
2898 1710 3137 1777 claruit,
3189 1713 3335 1781 quod
3376 1727 3565 1768 eorum
3597 1756 3612 1778 ,
3654 1746 3657 1751 -

1962 1784 2017 1842 Β
2036 1805 2129 1875 qui
2159 1819 2280 1860 cum
2307 1818 2373 1859 eo
2396 1803 2713 1858 habitabant
2729 1842 2744 1866 ,
2770 1801 2941 1874 gratia
2967 1801 3118 1858 illum
3160 1802 3254 1858 Dei
3280 1813 3611 1873 prteventum

2037 1896 2261 1968 speciali
2284 1895 2463 1951 nullus
2487 1894 2768 1950 dubitavit.
2802 1893 2957 1950 Unde
2990 1893 3092 1949 sibi
3119 1908 3227 1949 non
3266 1894 3438 1951 solum
3489 1911 3617 1966 pro-

2038 1989 2159 2054 fuit,
2184 1988 2282 2044 sed
2300 1986 2487 2042 multis
2504 1984 2689 2049 verbo,
2715 1984 2935 2054 scriptis
2953 1992 3009 2041 et
3027 1984 3274 2056 exemplo
3293 1984 3485 2041 salutis
3513 1985 3615 2041 iter

2038 2080 2290 2136 ostendit.
2317 2078 2644 2147 Bathgarius
2665 2091 2902 2148 quoque,
2936 2076 3263 2132 venerabilis
3285 2077 3475 2142 abbas,
3497 2079 3609 2148 qui,

2038 2180 2100 2227 ut
2123 2183 2287 2240 supra
2323 2168 2577 2233 diximus,
2614 2167 2764 2223 illum
2803 2182 2919 2239 pm
2957 2168 3173 2223 ueteris
3195 2169 3401 2223 arctius
3431 2169 3618 2241 dilige-

2038 2262 2132 2317 bat
2156 2300 2172 2327 ,
2210 2258 2328 2329 ejus
2355 2256 2622 2329 proiectui
2661 2258 2805 2313 miro
2842 2257 3326 2326 mugratnlabatur
3377 2258 3611 2317 aﬁectu.
3695 2269 3708 2278 '

2039 2350 2367 2422 gavisusque
2409 2348 2570 2402 tatem
2611 2360 2671 2402 se
2712 2345 2916 2402 habere
2958 2345 3283 2417 discipulum
3306 2385 3322 2411 ,
3379 2347 3470 2417 qui
3500 2347 3613 2419 jam

2041 2441 2267 2497 idoneus
2293 2448 2440 2495 esset
2489 2452 2841 2509 quoscunque
2882 2445 2939 2492 et
2972 2436 3110 2493 alios
3149 2439 3343 2495 docere
3365 2478 3382 2504 ,
3408 2440 3620 2509 magni-

2040 2533 2183 2589 ficas
2219 2529 2575 2600 omnipotenti
2624 2530 2735 2585 Deo
2782 2528 3079 2601 gratiarum
3119 2529 3303 2585 retulit
3352 2529 3617 2586 actiones.

2040 2624 2243 2680 Verum
2270 2632 2331 2677 ut
2351 2621 2707 2677 ecclesiastici
2726 2620 2936 2676 ordinis
2957 2619 3244 2677 collatione
3270 2619 3444 2689 major
3475 2630 3622 2676 esset

2040 2714 2266 2769 Rabano
2291 2712 2431 2766 inter
2452 2710 2649 2766 fratres
2670 2711 2999 2777 auctoritas,
3037 2726 3136 2781 per
3188 2710 3430 2781 singulos
3475 2717 3621 2769 sacri

2040 2801 2327 2861 urbisterii
2359 2800 2556 2872 gradus
2583 2808 2828 2855 eventu
2860 2839 2876 2865 ,
2904 2808 3181 2870 postremo
3206 2807 3386 2854 rector
3420 2798 3570 2854 illum
3596 2839 3616 2866 ,

363 2902 660 2964 ptumum.
690 2888 829 2944 Nam
863 2896 1061 2960 praeter
1092 2887 1227 2943 illud
1254 2896 1489 2956 tempus,
1524 2886 1667 2957 Quod
1711 2885 1804 2940 vel
1852 2886 1937 2940 ἰα-
2042 2893 2325 2967 trieesimp
2344 2891 2523 2947 artatis
2547 2906 2712 2955 anno,
2746 2890 2816 2944 ad
2848 2889 3205 2946 sacerdotalis
3245 2887 3405 2945 cilicii
3446 2888 3623 2962 digni-

355 2986 636 3042 evitabilis
655 2985 957 3042 necessitas
991 2982 1298 3053 requirebat
1333 2989 1573 3046 naturae,
1628 2979 1713 3034 vel
1770 2978 1938 3034 divini
2042 2994 2208 3041 tatem
2253 2982 2540 3054 promovit.
2591 2980 2692 3049 Qui
2728 2981 3010 3052 presbyter
3054 2988 3436 3048 consecratus,
3486 2980 3625 3036 nihil

358 3078 548 3134 cultus
579 3077 717 3133 ratio
747 3074 1081 3148 postulabat,
1106 3074 1251 3143 quod
1282 3071 1551 3141 reliquero
1568 3078 1690 3125 erat
1718 3110 1733 3135 ,
1777 3084 1941 3125 mune

2044 3082 2285 3154 pristina:
2325 3077 2645 3135 humilitatis
2670 3077 2874 3143 omisit;
2897 3075 3031 3132 nihil
3065 3077 3374 3132 monasticae
3398 3090 3626 3133 conver-

319 3251 324 3255 .
363 3134 767 3233 Scripturaruni
801 3160 981 3255 studio
1017 3134 1360 3255 illiti-69%?“
1382 3134 1416 3222 ν.
1452 3156 1618 3255 idque:
1665 3163 1841 3255 10-1“?
1882 3168 1940 3210 se
1965 3134 2021 3207 Ci
2302 3134 2360 3227 et
2388 3169 2639 3240 puritatis
2664 3134 2939 3241 neglexit;
2973 3168 3069 3224 sed
3113 3167 3304 3238 majori
3336 3183 3398 3228 se
3442 3167 3626 3223 humi—

361 3255 657 3312 δτδίῑηιυε
702 3253 1018 3324 νενάίάίεεον
1050 3251 1193 3323 (θυοδ
1221 3250 1378 3305 aliter
1411 3263 1574 3319 (ιιιειιη
1605 3248 1661 3302 in
1699 3248 1794 3303 Dei
1827 3247 1943 3304 ιίω-
2043 3264 2181 3319 litati
2218 3261 2510 3332 subjiciens
2533 3302 2549 3328 ,
2599 3270 2769 3319 totam
2816 3262 2885 3318 ad
2929 3260 3193 3333 regularis
3228 3261 3625 3316 observantiam

363 3350 521 3405 dibus
548 3390 564 3415 ,
620 3355 717 3403 aut
765 3346 938 3402 sacris
1004 3344 1198 3400 fuisset
1256 3341 1578 3398 lectionibus
1626 3355 1938 3410 expensum.

2046 3352 2345 3423 disciplinae
2381 3353 2624 3407 animum
2663 3351 2964 3416 convertit,
3001 3351 3318 3421 cunctisque
3366 3349 3627 3405 fratribus

360 3436 656 3509 Propterea
685 3437 900 3507 quoties
940 3436 1015 3490 ab
1051 3434 1355 3490 actionibus
1395 3440 1607 3502 poterat
1630 3447 1825 3487 vacare
1847 3446 1943 3501 pu—

2047 3434 2160 3500 suis
2183 3458 2245 3499 se
2268 3443 2815 3515 obsequentissimum
2846 3443 3092 3498 eahibuit
3116 3460 3129 3507 ;
3154 3450 3209 3499 et
3238 3442 3321 3497 vel
3351 3442 3585 3498 orationi
3611 3483 3624 3507 ,

361 3527 541 3592 ωίείς,
579 3526 696 3582 suis
726 3525 934 3580 utiliter
971 3522 1256 3580 insistebat
1300 3521 1560 3590 Primus,
1623 3534 1943 3590 mm

2046 3537 2133 3593 vel
2152 3550 2322 3594 sacrae
2345 3516 2588 3591 lectionis
2616 3534 2796 3590 studio
2816 3546 3031 3603 semper
3052 3534 3293 3588 intentus
3311 3532 3431 3587 fuit.
3460 3531 3625 3597 Cella,

361 3617 613 3673 oratione
686 3614 970 3685 praemissa
1007 3612 1228 3685 speciali
1294 3611 1582 3671 devotione
1629 3611 1829 3669 mentis
1878 3610 1952 3667 ad
2049 3629 2191 3684 διωι
2245 3627 2398 3697 prius
2449 3632 2533 3680 εει
2583 3626 2785 3681 dmum
2816 3665 2830 3688 ,
2880 3622 3167 3695 paradisus
3192 3622 3269 3679 mi
3299 3623 3544 3687 ρκειίιίι,
3576 3631 3632 3678 ει

363 3709 559 3773 neunt,
587 3712 683 3763 aut
708 3706 854 3777 legit,
885 3713 981 3763 aut
1004 3704 1241 3774 scripsit,
1266 3712 1361 3759 aut
1379 3702 1649 3774 legentem
1672 3701 1731 3761 in
1747 3701 1943 3761 scholia

2048 3722 2277 3777 chorum
2306 3716 2648 3788 psallentium
2691 3715 2929 3771 fratrum
2955 3756 2969 3782 ,
3001 3715 3198 3769 emtum
3242 3713 3530 3782 reputavit.
3562 3712 3632 3768 Et

361 3800 621 3855 Altinum
654 3798 861 3855 audivit
887 3798 1227 3869 magistrum.
1258 3795 1354 3851 llis
1382 3795 1531 3855 illum
1572 3795 1743 3851 sacris
1764 3795 1943 3851 inten-

2048 3810 2177 3880 quia
2190 3808 2410 3865 cunctis
2424 3821 2525 3877 pro
2540 3805 2739 3862 Christi
2761 3806 2979 3861 neniine
2994 3805 3269 3863 humiliter
3278 3804 3630 3875 obsequistua

364 3900 485 3947 tum
512 3892 741 3957 studiis,
782 3900 841 3945 et
874 3891 995 3948 sine
1028 3889 1432 3947 ὼιθιεωὶεθῦοηθ
1451 3890 1837 3945 conlinunt“
1857 3903 1950 3945 θο-
2051 3901 2185 3966 duit,
2203 3901 2327 3971 jure
2345 3897 2596 3954 erunibus
2623 3896 2849 3953 dilectus
2870 3894 2989 3951 fuit.
3021 3895 3290 3950 Amabant
3306 3908 3429 3950 eunt
3454 3894 3630 3949 sancti

360 3991 646 4053 stipatum,
676 3997 873 4053 magna
908 3980 1006 4037 Dei
1030 3981 1310 4038 miseratio
1337 3990 1663 4039 cunctarum
1685 3981 1948 4037 νὶιιυωω
2053 3991 2295 4047 seniores
2321 3997 2381 4043 ut
2413 3988 2600 4053 lilium,
2644 3986 3042 4043 venerabantur
3066 3986 3290 4042 studiosi
3317 3986 3544 4056 juvenes
3570 3993 3634 4039 ut

365 4075 647 4131 decoravit
692 4083 893 4130 ornatu
918 4113 934 4140 ,
989 4073 1323 4144 contulitque
1357 4073 1569 4144 optanti
1610 4086 1831 4128 sensum
1853 4087 1943 4143 per

2052 4082 2293 4139 calcatis
2308 4081 2566 4137 doctrinas
2592 4080 2928 4150 magistrum.
2954 4078 3154 4134 Omnes
3173 4092 3386 4150 qupque
3408 4078 3465 4133 in
3490 4092 3636 4132 com-

367 4168 552 4225 munia
573 4174 1015 4223 consummatum
1044 4164 1380 4236 intelligendi
1411 4162 1753 4237 Scripturas,
1777 4163 1953 4218 dedit.
2054 4174 2209 4229 muni
2254 4173 2417 4228 totius
2463 4172 2614 4227 illum
2672 4135 2946 4241 religionis
2992 4135 3317 4225 monasticis.
3365 4168 3636 4224 habebant

368 4273 475 4328 que
501 4259 640 4313 bene
663 4255 861 4325 merito
887 4263 1203 4323 sanctorum
1224 4254 1527 4318 scientiam,
1564 4262 1620 4309 et
1649 4254 1701 4309 in
1742 4253 1943 4310 cunctis

2054 4264 2360 4335 exemplum
2384 4305 2399 4328 ,
2431 4271 2488 4318 et
2519 4276 2790 4317 summum
2816 4262 3133 4317 eruditionis
3169 4260 3492 4317 Christianae
3539 4260 3635 4316 do—

370 4350 627 4421 operibus
663 4348 790 4405 boni
824 4347 1361 4405 θοηεηηιωίηίοηθωδ
1400 4346 1572 4403 Annis
1610 4346 1826 4401 tandem
1856 4359 1953 4421 εξοΧ
2057 4365 2387 4413 cumeutum.
2416 4355 2690 4425 Praecipue
2738 4364 2922 4410 tamen
2957 4353 3433 4425 congratulationis
3456 4352 3637 4410 cilicio

372 4442 565 4496 Rom
594 4441 737 4511 apud
776 4439 1097 4511 magistrum
1126 4453 1250 4494 cum
1290 4437 1493 4508 ingenti
1541 4437 1800 4492 doctrina:
1828 4451 1953 4505 pro-

372 4530 518 4586 fectu
572 4530 831 4600 expletis,
866 4529 1058 4584 beatus
1097 4528 1191 4584 Dei
1231 4527 1462 4583 famulus
1487 4568 1502 4593 ,
1532 4542 1640 4583 una
1671 4543 1795 4583 cum
1830 4526 1956 4581 ﬂai-

374 4637 538 4678 mone
579 4629 637 4677 et
672 4620 909 4675 Dicdone
934 4608 955 4685 ,
984 4619 1219 4689 pastoris
1254 4619 1339 4673 sui
1367 4618 1548 4675 edicto
1577 4628 1864 4673 revocatur
1890 4618 1958 4672 ad

375 4712 645 4767 Fuldense
693 4710 1104 4775 monasterium,
1132 4709 1222 4780 qui
1261 4708 1475 4763 tametsi
1507 4708 1676 4763 multo
1706 4707 1961 4762 libentius

370 4803 481 4859 sub
514 4803 818 4858 directione
849 4800 1201 4872 prmeeptoris
1231 4800 1286 4854 in
1316 4815 1489 4856 annos
1511 4800 1695 4869 plures
1721 4808 1957 4870 emptum

374 4895 750 4951 wntinuasset
773 4895 1009 4950 studium
1029 4935 1044 4959 ,
1079 4908 1177 4949 suo
1205 4901 1384 4948 tamen
1413 4903 1698 4964 promptus
1722 4894 1961 4950 obcdivit

377 4986 599 5052 abbati,
653 4986 836 5042 sciens
894 4985 1258 5042 obedientiam
1310 4985 1523 5041 cunctis
1571 4987 1961 5041 monachorum

378 5077 679 5147 prtevalere
704 5076 1019 5139 virtutibus,
1052 5090 1150 5145 per
1182 5090 1343 5145 quam
1386 5075 1555 5132 solam
1601 5076 1705 5131 iter
1732 5077 1967 5147 patescit

380 5166 764 5225 clattstralibus
786 5167 854 5220 ad
878 5165 1113 5235 patriam
1135 5166 1436 5221 ccelestem.

453 5260 615 5315 Anno
643 5259 806 5329 igitur
831 5257 1125 5313 Dominicaa
1167 5254 1477 5313 Nativitatis
1517 5255 1968 5328 octingentesimo

382 5350 709 5407 (Νωριθοίωο
732 5362 759 5390 ιι
779 5390 796 5413 ,
830 5347 1128 5403 ihdictione
1154 5346 1522 5401 Romanorum
1540 5346 1745 5415 quinta,
1776 5346 1968 5401 beatus

386 5441 648 5498 Babanus
687 5454 889 5495 annum
930 5452 1097 5510 agens
1139 5438 1317 5493 aetatis
1355 5445 1607 5506 quartum
1638 5444 1802 5507 atque
1825 5437 1969 5493 vice-

388 5534 610 5596 simum,
634 5532 848 5588 abbatis
869 5530 950 5585 sui
973 5536 1240 5600 praecepto
1266 5529 1332 5584 de
1359 5527 1531 5582 Belua
1552 5544 1676 5583 cum
1700 5528 1967 5585 Haimone

390 5636 449 5681 et
498 5624 737 5679 Diedone
780 5624 848 5678 ad
892 5620 1280 5677 monasterium
1328 5619 1597 5674 Fuldenae
1628 5620 1965 5676 revertitur:

468 5750 491 5777 ιι
526 5736 590 5792 Ει
617 5737 732 5792 iure
759 5750 1023 5793 annorum
1059 5733 1195 5788 ratio
1219 5745 1284 5786 cx
1311 5731 1468 5788 dictis
1493 5732 1720 5787 corruit.

1981 4487 2041 4548 D

2060 4446 2386 4519 Rathgarius
2424 4445 2597 4506 abbas
2636 4444 3116 4499 revetendissimus
3141 4443 3469 4509 exsultabat,
3494 4443 3637 4513 quod

2061 4540 2233 4604 illum,
2258 4553 2419 4609 quem
2450 4535 2713 4607 singulari
2736 4536 3165 4605 prosequebatur
3191 4533 3382 4589 allecto
3413 4533 3634 4599 amoris,

2063 4637 2214 4684 tanta
2240 4634 2488 4683 cerneret
2520 4625 2755 4696 insignia
2788 4624 3070 4694 possidere
3101 4624 3379 4678 virtutum.
3418 4623 3486 4677 Et
3510 4638 3636 4679 vere

2063 4718 2257 4790 dignus
2304 4716 2404 4771 fuit
2444 4716 2614 4771 amari
2640 4715 2707 4769 ab
2741 4714 3009 4777 omnibus,
3041 4714 3131 4783 qui
3158 4714 3489 4769 conditorem
3523 4729 3640 4770 om—

2064 4810 2212 4865 nium
2253 4823 2390 4879 puro
2424 4822 2639 4876 semper
2664 4806 2849 4861 dilexit
2876 4804 3090 4860 allecto.
3123 4803 3402 4874 Complcta
3443 4806 3543 4861 fuit
3584 4805 3635 4861 in

2065 4900 2161 4955 illo
2186 4899 2395 4978 placida
2434 4897 2525 4952 illa
2552 4906 2768 4952 aeterna:
2805 4896 3083 4966 sapientiae
3110 4896 3424 4965 pollicitatio
3455 4898 3637 4952 dicen-

2069 4991 2139 5045 tis
2159 5008 2171 5043 :
2191 4988 2303 5059 Ego
2328 4988 2599 5058 diligentes
2626 5003 2706 5040 me
2729 4986 2890 5057 diligo
2916 4999 2934 5037 :
2957 4995 3005 5040 et
3028 4988 3116 5057 qui
3137 5004 3291 5042 mane
3316 4988 3641 5058 vigilaverint

2070 5081 2139 5134 ad
2166 5096 2271 5146 me,
2300 5078 2555 5132 invenient
2582 5093 2681 5131 me.
2715 5074 2920 5130 Mecum
2951 5086 3091 5142 sunt,
3127 5077 3326 5147 inquit,
3359 5076 3555 5132 divitiw
3592 5086 3638 5130 et

2069 5171 2237 5243 gloria
2265 5211 2279 5235 ,
2327 5185 2445 5236 opes
2493 5177 2805 5237 superum-let
2827 5166 3060 5236 justitia.
3110 5165 3300 5222 Melior
3326 5176 3402 5220 est
3439 5164 3641 5233 fructus

2070 5281 2216 5321 meus
2249 5278 2381 5317 auro
2417 5270 2466 5315 et
2498 5258 2673 5330 lapide
2717 5258 2941 5330 pretioso
2969 5270 2987 5308 :
3015 5265 3064 5310 et
3091 5255 3352 5325 genimina
3390 5269 3507 5307 mea
3555 5270 3643 5305 ar-

2073 5362 2225 5425 gento
2253 5351 2410 5407 electa
2448 5346 2632 5420 (Prov.
2663 5363 2783 5415 vm,
2808 5346 2917 5418 Π).
2946 5345 3140 5401 Dilexit
3168 5343 3423 5399 Rabanus
3444 5343 3643 5401 etenim

2074 5443 2395 5515 sapientiam
2441 5439 2539 5497 Dei
2587 5439 2800 5506 Patris,
2852 5437 3005 5506 cujus
3052 5434 3240 5490 notitia
3298 5434 3646 5491 credentibus

2077 5537 2236 5592 datur
2255 5549 2352 5605 per
2373 5532 2530 5588 (idem
2555 5532 2609 5586 in
2623 5526 3131 5601 Scripturissanctis
3148 5544 3162 5579 :
3178 5540 3409 5596 quarum
3429 5525 3646 5581 lectioni

2080 5636 2228 5684 tanto
2274 5625 2518 5683 crebrius
2580 5623 2866 5687 incubuit,
2917 5626 3117 5690 quanto
3171 5617 3352 5675 Dcuur
3389 5618 3652 5674 sincerius
