4012 6194
322 322 395 381 79
1457 314 1547 368 AD
1585 311 1810 370 OPERA
1849 312 1910 367 Β.

2015 309 2205 369 \BANI
2240 310 2455 369 MAURI
3514 305 3583 360 δε)

328 432 549 493 amavit.
581 428 712 502 Ejus
749 428 951 501 gutturi
982 426 1201 481 fructus
1226 437 1393 479 sacrm
1424 421 1672 478 lectionis
1692 436 1907 493 semper
1933 429 1983 488 Α
2010 423 2147 479 alios
2170 423 2223 478 in
2254 421 2642 493 grammaticis,
2678 420 2812 476 alios
2840 435 2967 476 vero
2998 420 3051 474 in
3080 416 3393 484 rhetoricis;
3423 426 3587 487 atque

326 524 499 583 dulcis
519 521 759 587 exstitit;
789 534 952 589 quem
982 518 1036 572 in
1072 516 1283 573 fervore
1313 515 1488 570 sancti
1521 513 1758 585 Spiritus
1780 528 1905 583 gus-

326 617 481 673 tavit.
511 613 556 671 O
586 627 749 683 quam
793 610 977 666 suavis
1016 618 1099 664 est
1138 607 1407 661 veraciter
1455 605 1690 674 gustauti
1745 619 1907 674 sapor

325 705 492 761 divini
541 701 774 765 amoris,
802 714 900 770 per
923 714 1084 768 quem
1114 695 1274 765 hujus
1298 694 1482 750 mundi
1512 703 1705 749 cuncta
1729 694 1909 749 dulce-

327 803 487 852 scunt
512 794 763 858 adversa,
789 800 845 846 et
871 790 998 846 forti
1027 791 1209 844 animo
1236 789 1500 844 vilescunt
1545 787 1727 842 omnia
1758 787 1908 842 blan-

327 889 589 942 dimenta.
628 884 771 938 Nihil
815 890 1015 953 praiter
1048 881 1299 936 divinum
1345 880 1399 934 in
1443 878 1695 934 allectum
1730 879 1909 934 cordis

327 977 661 1041 admittitur,
695 974 786 1029 ubi
818 972 966 1028 solus
995 979 1210 1027 creator
1260 986 1424 1041 super
1458 969 1638 1024 omnia
1671 977 1904 1024 amatur.

328 1067 496 1137 llnjus
526 1066 667 1137 sacri
693 1064 980 1135 ergastcrii
1018 1077 1262 1117 summus
1291 1068 1545 1131 operator
1570 1060 1779 1115 exstitit
1803 1060 1910 1113 Ra—

326 1134 498 1216 banus
529 1134 650 1224 iste,
697 1134 897 1225 dequo
926 1154 1229 1224 loquimur,
1264 1152 1319 1206 in
1346 1167 1454 1222 quo
1482 1150 1780 1220 spiritualis
1807 1149 1907 1204 do-

327 1252 515 1306 ctrinae
552 1248 830 1319 plenitudo
863 1248 1168 1301 exuberans
1195 1251 1361 1298 totam
1390 1242 1682 1297 illustravit
1727 1240 1908 1295 Eccle-

325 1343 485 1406 siam,
535 1349 592 1394 et
639 1339 823 1410 plures
854 1335 1089 1393 erudivit
1120 1336 1188 1391 ad
1211 1334 1501 1403 justitiam.
1525 1334 1592 1388 Et
1621 1348 1690 1388 ne
1717 1331 1910 1387 ordine

325 1442 656 1504 praepostero
677 1430 877 1488 diutius
903 1444 1218 1499 evagemur,
1246 1443 1424 1499 opera:
1446 1428 1677 1498 pretium
1700 1424 1909 1495 judica-

326 1527 503 1580 vimus
555 1523 861 1578 intermissa
906 1528 1172 1589 repetere,
1206 1527 1262 1572 et
1299 1533 1419 1587 qua:
1446 1518 1589 1573 circa
1624 1516 1909 1571 Rabanum

328 1619 397 1673 ab
428 1617 568 1673 Urbe
603 1629 902 1679 reversum,
932 1614 1245 1683 priusquam
1273 1612 1555 1682 presbyter
1574 1610 1738 1665 fuerit
1762 1608 1911 1664 ordi-

327 1719 507 1773 natus,
535 1708 647 1763 sint
672 1712 821 1777 gesta
848 1704 1083 1760 breviter
1110 1711 1391 1758 annotare.

2008 514 2142 569 alios
2189 515 2243 568 in
2288 512 2569 566 altioribus
2616 511 2812 566 divinae
2856 519 3019 581 atque
3052 511 3301 565 humana:
3339 509 3581 581 philoso-

2006 605 2149 675 phia:
2172 603 2477 673 scripturis,
2505 603 2622 658 sine
2649 602 2848 658 invidia
2877 601 3295 676 communicans.
3312 600 3456 669 quod
3474 599 3587 655 siu-

2008 693 2119 767 guli
2171 695 2238 748 ab
2263 708 2328 749 eo
2353 692 2747 764 postulassent;
2772 704 2960 747 omnes
2980 707 3127 754 vero,
3161 705 3297 761 quos
3338 689 3390 744 in
3429 689 3586 745 audi-

2010 784 2210 839 torium
2267 799 2422 840 suum
2449 783 2719 838 docendos
2767 782 3004 848 admisit,
3037 796 3142 835 non
3198 781 3371 836 solum
3399 796 3583 851 prosa,

2009 874 2105 928 sed
2131 874 2296 928 etiam
2345 872 2625 939 carmine,
2660 870 2923 943 quidquid
2958 870 3305 936 occurrisset,
3345 870 3587 929 scribere

2010 963 2357 1019 informavit.
2761 978 2770 988 ‘

2083 1056 2276 1113 Multos
2313 1057 2570 1127 insignes,
2617 1058 2804 1114 doctos
2832 1066 2993 1129 atque
3035 1057 3406 1113 sanctissimos
3432 1057 3585 1112 audi-

2011 1156 2157 1203 tores
2177 1148 2385 1213 habuit,
2414 1163 2641 1218 quorum
2660 1148 3070 1205 excellentiores
3097 1159 3260 1219 atque
3282 1149 3587 1220 prmcipuos

2012 1236 2373 1309 Megenl‘ridus
2394 1239 2449 1292 in
2475 1238 2614 1294 libro
2637 1238 2702 1292 de
2727 1237 3061 1311 Temporibus
3084 1241 3269 1310 gratia:
3295 1240 3586 1310 quartode-

2012 1330 2154 1385 cimo
2169 1330 2484 1385 nominatim
2504 1341 2912 1398 commemorat,
2928 1340 2983 1387 et
2994 1340 3121 1388 sunt
3141 1332 3262 1387 isti:
3285 1330 3514 1388 Strabus
3534 1341 3581 1394 ι,

2012 1422 2310 1477 monachus
2353 1421 2655 1488 Fuldensis,
2692 1423 2869 1493 patria
2892 1423 3134 1479 Francus
3161 1422 3463 1489 orientalis,
3493 1423 3587 1492 qui

2012 1507 2274 1584 magistro.
2321 1513 2374 1568 in
2410 1514 2669 1586 regimine
2715 1515 3025 1571 scholarum
3073 1516 3258 1572 Fuldaa
3298 1516 3586 1581 successit,

2012 1608 2099 1664 vir
2144 1608 2198 1663 in
2237 1609 2387 1664 omni
2412 1608 2743 1680 plenitudine
2779 1611 3173 1681 scripturarum
3215 1609 3585 1673 doctissimus,

2012 1708 2186 1755 metro
2230 1700 2562 1756 exercitatus
2610 1709 2668 1756 et
2715 1717 2897 1772 prosa,
2932 1700 3099 1756 multa
3132 1702 3187 1756 in
3221 1710 3452 1771 utroque
3494 1715 3587 1770 ge-

400 1797 727 1869 llathgarius
784 1795 1150 1851 memorabilis
1206 1795 1374 1850 abbas
1421 1792 1638 1848 utilitati
1684 1792 1909 1862 cupiens
1934 1789 1982 1848 B
2010 1805 2141 1846 nere
2182 1791 2521 1860 conscripsit.
2549 1791 2831 1848 Frecull‘us
2860 1792 2910 1857 ι),
2936 1793 3234 1848 monachus
3278 1791 3583 1855 Fuldensis,

324 1892 609 1947 consulere
632 1889 1010 1960 plurimorum,
1042 1888 1109 1944 de
1159 1886 1386 1942 fratrum
1435 1901 1657 1943 suorum
1686 1887 1911 1944 consilio

325 1984 564 2041 scholam
603 1983 656 2037 in
698 1983 1025 2038 monasterio
1047 1980 1299 2036 Fuldensi
1345 1978 1613 2051 publicam
1646 1980 1907 2047 instituit,

322 2075 483 2146 cujus
527 2072 894 2145 magisterium
932 2080 1123 2127 sancto
1166 2070 1412 2137 Rabano,
1445 2070 1511 2125 dc
1538 2068 1689 2125 ltali‘a
1737 2085 1911 2141 nuper

326 2178 547 2220 reverso
579 2161 995 2218 commendavit.
1037 2160 1198 2215 Anno
1252 2159 1435 2230 itaque
1486 2160 1782 2215 Dominicae
1814 2176 1911 2216 na-

324 2255 550 2310 tivitatis
572 2252 1021 2324 octingentesimo
1049 2251 1211 2306 tertio
1225 2251 1458 2317 decimo,
1489 2250 1783 2306 indictione
1803 2250 1912 2307 Ro—

326 2359 609 2400 manorum
645 2353 827 2405 sexta,
859 2341 1117 2397 Rabanus
1142 2356 1408 2403 annorum
1442 2342 1637 2414 viginti
1673 2343 1912 2414 quinque

327 2434 646 2491 monasterii
672 2424 1081 2489 monachorum
1140 2432 1338 2488 scholae
1367 2432 1679 2503 prrclicitur,
1707 2441 1762 2489 et
1786 2449 1910 2490 eum

324 2527 553 2584 docendi
592 2525 807 2581 modum
832 2565 847 2589 ,
878 2539 1041 2594 quem
1087 2524 1155 2579 ab
1205 2525 1401 2581 Albino
1434 2541 1581 2581 nunc
1624 2525 1905 2591 didicerat,

322 2621 487 2675 etiam
526 2627 708 2672 tenere
728 2614 868 2686 apud
904 2614 1199 2670 Fuldenses
1225 2606 1521 2671 monachos
1548 2616 1910 2676 inviolabilem

322 2709 559 2778 iubetur.
594 2707 693 2774 Qui
740 2720 865 2761 mox
907 2714 967 2759 ut
1000 2705 1225 2760 docendi
1274 2707 1475 2761 subivit
1521 2708 1778 2774 cilicium,
1813 2723 1910 2779 per

322 2796 507 2853 omnia
528 2795 738 2852 curavit
762 2794 1015 2849 Albinum
1058 2795 1210 2866 sequi
1240 2804 1295 2851 et
1321 2796 1522 2851 imitari
1564 2799 1906 2869 magistrum,

325 2896 388 2942 ut
428 2886 673 2956 juniores
720 2884 970 2939 videlicet
996 2885 1291 2941 monachos
1320 2886 1554 2957 primum
1608 2888 1830 2965 doceret
1854 2890 1910 2945 in

325 2977 718 3050 grammaticis,
745 2984 802 3030 ct
831 2990 954 3029 cum
988 2975 1097 3044 apti
1122 2976 1437 3031 viderentur
1464 2978 1532 3032 ad
1560 2978 1767 3048 majora
1790 2996 1908 3051 gra-

326 3070 570 3126 vioribus
592 3070 754 3124 etiam
786 3068 1149 3124 formarentur
1174 3070 1453 3126 institutis.
1485 3072 1728 3145 Cumque
1748 3075 1908 3146 hujus

2011 1880 2186 1951 patria
2225 1880 2387 1946 Saxo,
2419 1889 2602 1950 postea
2648 1882 2929 1952 episcopus
2958 1881 3305 1937 Lexoviensis
3336 1876 3393 1936 in
3437 1881 3588 1939 Rho-

2012 1973 2310 2044 tomagcnsi
2373 1974 2651 2044 provincia
2714 1973 3035 2031 Christiana:
3089 1972 3213 2028 ﬁdei
3261 1974 3587 2044 praedicator

2009 2063 2287 2134 egregius,
2328 2064 2419 2134 qui
2468 2073 2524 2119 et
2561 2064 2676 2135 ipse
2726 2064 2883 2136 plura
2934 2065 3190 2136 opuscula
3241 2065 3581 2135 conscripsit.

2010 2153 2301 2210 Lutbertus
2322 2166 2368 2221 ε,
2406 2157 2702 2212 monachus
2730 2156 3036 2224 Fuldensis,
3075 2166 3130 2213 et
3162 2166 3349 2227 postea
3376 2159 3586 2228 primus

2011 2245 2178 2302 abbas
2203 2248 2257 2302 in
2284 2237 2589 2320 Hirsaugia,
2620 2248 2893 2320 Spirensis
2930 2250 3198 2315 dimcesis,
3244 2251 3417 2320 patria
3444 2248 3585 2308 Sue-

2009 2355 2129 2405 vus,
2170 2340 2359 2395 doctor
2388 2340 2440 2395 in
2470 2341 2616 2395 omni
2648 2341 2909 2397 varietate
2931 2341 3322 2411 scripturarum
3346 2342 3591 2400 eminen-

2012 2431 2271 2496 tissimus,
2313 2446 2413 2488 nec
2451 2432 2630 2489 minus
2657 2433 2781 2488 vita:
2833 2433 3029 2489 merito
3074 2449 3236 2504 quam
3283 2434 3588 2491 eruditione

2008 2520 2321 2590 prmclarus,
2359 2522 2451 2591 qui
2490 2522 2745 2577 nonnulla
2777 2523 2974 2594 ingenii
3004 2523 3086 2578 sui
3133 2533 3480 2580 monumenta
3505 2538 3592 2580 re.

2009 2610 2184 2683 liquit,
2208 2621 2263 2668 et
2292 2614 2459 2668 multa
2479 2614 2593 2669 suis
2615 2615 2753 2670 bona
2774 2615 3057 2671 monachis
3077 2615 3355 2686 impendit.
3384 2615 3588 2672 Hildol-

2011 2701 2097 2758 fus
2123 2701 2170 2769 ἀ,
2212 2706 2510 2760 monachus
2539 2705 2823 2762 Fnldensis
2848 2746 2863 2773 ,
2906 2708 3080 2777 patria
3122 2707 3367 2764 Francus
3409 2709 3588 2764 orien-

2011 2793 2154 2861 talis,
2199 2804 2253 2850 et
2280 2796 2489 2865 primus
2536 2798 2677 2867 apud
2705 2807 2949 2854 sanctum
2984 2798 3262 2854 Aurelium
3289 2799 3587 2870 Hirsaugiai

2014 2885 2321 2941 scholarum
2356 2888 2631 2959 magister,
2667 2889 2829 2945 homo
2879 2891 3243 2961 integerrimas
3296 2905 3584 2946 conversa-

2012 2976 2174 3029 tionis
2196 2986 2251 3031 ct
2281 2978 2560 3042 doctrinae,
2590 2979 2684 3048 qui
2723 2989 2778 3034 et
2806 2982 2921 3050 ipse
2956 2982 3122 3036 multa
3152 2982 3305 3036 utilia
3353 2982 3589 3038 conscri-

2012 3068 2136 3137 psit.
2170 3066 2482 3120 Ruthardus
2512 3078 2558 3131 ε,
2584 3070 2879 3124 monachus
2904 3070 3205 3136 Fuldcnsis,
3233 3080 3288 3126 et
3323 3074 3592 3131 secundus

323 3178 477 3219 nova:
525 3161 873 3217 institutionis
917 3162 1058 3231 apud
1104 3160 1406 3219 Germanos
1456 3164 1600 3219 fama
1626 3166 1911 3222 transisset
1938 3150 1981 3210 Ο
2015 3160 2156 3229 apud
2183 3158 2525 3230 Hirsaugiam
2565 3158 2922 3214 SClIOlaslicus
2947 3170 3321 3230 130511110er
3353 3164 3587 3226 Hildol“.

328 3256 382 3308 in
405 3253 701 3323 publicum,
726 3251 907 3322 plures
926 3252 1294 3308 coenobiorum
1315 3254 1523 3324 praelati
1543 3270 1662 3310 eam
1685 3255 1912 3311 docendi

327 3348 555 3401 formam
609 3344 909 3407 laudantes,
941 3343 1030 3397 alii
1077 3345 1372 3401 monachos
1415 3361 1540 3401 suos
1567 3346 1634 3400 ad
1685 3347 1911 3403 Fuldam

327 3437 589 3492 miserunt
612 3434 712 3491 sub
738 3434 944 3489 Rabani
960 3433 1322 3490 ferularsacris
1351 3435 1669 3492 imbuendos
1690 3438 1908 3505 studiis,

327 3529 416 3582 alii
446 3543 575 3583 vero
614 3526 830 3582 scholas
866 3535 1158 3582 erexerunt
1197 3526 1251 3582 in
1281 3515 1627 3585 monasteriis
1655 3531 1910 3601 propriis,

330 3616 528 3686 quibus
546 3624 908 3687 praeceptores
934 3616 1001 3671 de
1028 3626 1331 3673 memorato
1360 3619 1609 3674 coenobio
1642 3620 1915 3676 doctiores

329 3722 570 3777 quosque
614 3705 989 3778 praefecerunt.
1035 3706 1141 3763 Sed
1165 3708 1218 3763 in
1276 3716 1518 3780 tempore
1561 3711 1715 3767 brevi
1759 3711 1914 3769 valde

330 3800 504 3855 crevit
527 3813 787 3854 numerus
805 3797 1188 3870 discipulorum
1209 3798 1417 3855 Rabani
1445 3801 1709 3867 docentis,
1741 3809 1798 3858 et
1817 3817 1916 3874 per

332 3901 500 3946 totam
529 3890 877 3947 Germaniam
909 3900 962 3947 et
989 3889 1218 3946 Galliam
1248 3886 1571 3949 eruditionis
1608 3902 1664 3949 et
1705 3895 1911 3950 sancti-

334 3984 463 4038 tatis
487 3982 605 4049 ejus
628 3982 936 4039 vencranda
963 3982 1145 4054 Opinio
1172 3999 1231 4039 se
1259 3983 1490 4039 dilfudit.
1526 3986 1680 4043 Unde
1705 3986 1909 4043 factum

329 4082 433 4139 est,
464 4073 606 4142 quod
641 4088 748 4128 non
778 4072 948 4128 solum
979 4073 1225 4139 abbates,
1255 4076 1551 4131 monachos
1577 4117 1592 4141 ,
1624 4076 1721 4133 sed
1746 4078 1912 4134 etiam

333 4162 541 4217 nobiles
573 4170 749 4228 terrae,
780 4162 918 4220 ﬁlios
944 4178 1072 4219 suos
1102 4160 1309 4219 Babani
1342 4164 1615 4222 docendos
1655 4168 1912 4240 magiste-

334 4254 417 4308 rio
445 4254 817 4310 subdiderunt.
851 4254 996 4323 Quos
1032 4255 1142 4322 ille,
1169 4264 1231 4311 ut
1255 4266 1374 4312 erat
1417 4259 1912 4326 mansuetissimus,

332 4359 521 4398 otunes
573 4360 782 4399 summa
836 4362 959 4400 cum
1016 4346 1288 4417 diligentia
1339 4347 1703 4413 informabat,
1754 4358 1918 4420 prout

333 4432 754 4503 uniuscujusque
801 4437 882 4490 vel
909 4446 1063 4502 actas,
1102 4438 1188 4492 vel
1234 4438 1509 4508 ingenium
1543 4441 1913 4519 permittebat,

403 4556 428 4619 ξι
468 4543 1064 4619 ﬁ’algtl‘ridus‘strabus
1085 4548 1251 4619 abbas
1278 4547 1481 4619 Augiaa.

405 4615 431 4652 ι)
468 4615 770 4684 Discipulos
807 4615 907 4670 fuit
933 4616 1257 4672 Elizachari.

331 4694 427 4807 Ire
468 4684 602 4766 Aliis
630 4684 942 4766 Limberms,
985 4687 1050 4742 de
1080 4702 1185 4757 quo
1211 4688 1542 4745 Trithemius
1563 4690 1618 4745 in
1645 4690 1915 4750 Chronico

385 4769 718 4807 irsaumeusn

385 4769 718 4824 irsaugtenSI.

404 4823 642 4897 {Hujus
680 4840 951 4897 nusquam
998 4826 1125 4897 alibi
1186 4829 1433 4883 meminit
1466 4829 1730 4885 Trithem.
1761 4873 1776 4897 ,
1822 4848 1917 4889 ne-

333 4894 551 4969 quidem
573 4895 635 4969 _in
666 4895 937 4969 Chronico
962 4896 1353 4969 llirsaugicnsi.
1409 4899 1494 4954 An
1533 4894 1796 4959 Rudoll‘u's
1841 4905 1920 4960 in-

335 4964 675 5036 telligendus,
703 4965 837 5021 Vitae
860 4968 1057 5036 prioris
1080 4964 1316 5024 auctor?

411 5047 435 5074 θ
472 5034 888 5111 Ιηιειομβίψοιρὲ
946 5036 1179 5093 refertur
1231 5057 1264 5095 a
1315 5039 1514 5096 Wionc
1546 5082 1562 5107 ,
1618 5041 1914 5111 Menardo,

336 5105 501 5160 Fcrra
510 5120 554 5158 r.
568 5148 580 5169 ,
610 5105 682 5161 25
712 5105 906 5163 Octob.

412 5177 430 5214 τ
474 5174 752 5231 Brunuart
783 5177 903 5232 aliis
928 5177 1145 5233 dicitur.

409 5245 435 5284 ⁸
468 5246 622 5303 Alius
649 5248 717 5301 ab
760 5248 867 5323 hoc
892 5248 994 5323 fuit
1024 5248 1540 5323 Egbertusduobus
1582 5253 1795 5323 sazculis
1829 5254 1918 5323 ju-

333 5314 510 5389 nior,
543 5326 760 5389 creatus
789 5314 1095 5389 vigesimus
1111 5321 1381 5376 secundus
1405 5322 1571 5376 abbas
1592 5314 1874 5380 Fuldensis
1897 5367 1913 5389 ,

334 5384 581 5462 au._Chr.
616 5387 773 5462 104,8,
799 5384 909 5462 vita
936 5389 1152 5462 functus
1181 5390 1245 5462 l_7
1270 5389 1528 5462 Novemb.
1565 5392 1819 5458 an.l058,
1842 5384 1920 5450 uti

336 5456 404 5531 ad
429 5455 528 5511 hos
555 5455 725 5531 annos
773 5459 1019 5515 scribunt
1048 5458 1572 5531 Schaljiaburgensis
1594 5470 1665 5517 et‘
1691 5455 1917 5520 Marian.

337 5526 553 5581 Sanus.
590 5528 667 5583 De
710 5544 777 5584 eo
825 5530 941 5585 luce
993 5531 1159 5586 tradit
1200 5526 1423 5587 Lesleus
1457 5531 1551 5585 lib.
1583 5548 1615 5585 v
1644 5533 1713 5588 de
1741 5534 1920 5591 Rebus

336 5595 623 5673 Scotorum
670 5599 724 5652 in
775 5599 1082 5656 Machame
1130 5603 1459 5673 octogesimo
1501 5603 1691 5672 quinto
1750 5619 1918 5673 rege:

342 5682 361 5714 ι
384 5663 919 5744 bigehertusquoque
945 5672 1114 5744 abbas
1137 5663 1420 5744 Fttldettsis
1444 5663 1547 5744 hoc
1572 5663 1918 5744 temporevvi-

336 5735 471 5800 guit,
486 5735 571 5788 cui
587 5735 845 5791 solli-ctus
863 5737 1175 5810 Sigcbertus
1197 5742 1410 5811 Scotus,
1426 5743 1628 5801 virtute
1648 5735 1701 5801 ei
1721 5744 1921 5817 pietate

2016 3250 2109 3320 qui
2147 3265 2267 3304 cum
2297 3259 2441 3304 esset
2489 3249 2850 3314 doctissimus,
2900 3251 3052 3320 plura
3088 3253 3406 3322 composuit.
3465 3256 3595 3310 Ber-

2015 3340 2220 3396 nardus
2252 3340 2295 3405 τ,
2324 3340 2616 3395 monaclms
2653 3340 2959 3408 Fuldensis,
2998 3351 3051 3396 et
3087 3351 3270 3412 postea
3308 3342 3595 3399 Hirsfeldis

2016 3432 2207 3498 abbas,
2258 3432 2436 3500 patria
2475 3431 2718 3486 Francus
2769 3432 3064 3497 orientalis,
3102 3433 3183 3487 vir
3225 3424 3488 3504 sapientia
3539 3445 3597 3492 et

2015 3521 2259 3577 moribus
2303 3521 2499 3588 clarus,
2532 3522 2698 3577 multa
2743 3522 3068 3579 lucubravit.
3120 3523 3444 3591 Bertholl‘us,
3478 3543 3596 3584 mo-

2016 3616 2223 3670 nachus
2252 3614 2534 3671 Fuldensis
2566 3657 2579 3682 ,
2611 3616 2788 3686 patria
2817 3617 3110 3689 Doringus,
3158 3619 3244 3673 vir
3288 3627 3400 3673 tam
3431 3619 3487 3675 in
3514 3620 3597 3676 di-

2017 3706 2155 3762 vinis
2206 3704 2520 3777 Scripturis,
2568 3723 2731 3778 quam
2783 3708 2837 3762 in
2889 3708 3086 3764 litteris
3139 3708 3391 3768 humanis
3438 3710 3597 3786 longe

2016 3797 2385 3865 doctissimus,
2415 3798 2507 3869 qui
2549 3807 2605 3854 et
2640 3799 2754 3870 ipse
2780 3798 3038 3856 nonnulla
3064 3800 3301 3870 scripsit.
3332 3799 3593 3871 Joannes,

2015 3888 2312 3943 monachus
2332 3887 2638 3955 Fuldensis,
2666 3889 2838 3960 patria
2852 3889 3096 3945 Francus
3115 3889 3414 3958 orientalis,
3436 3900 3595 3961 poeta
3682 3943 3684 3945 .

2015 3988 2072 4036 et
2106 3981 2345 4037 musicus
2374 3981 2621 4053 insignis,
2649 3983 2741 4053 qui
2764 3991 2820 4038 et
2841 3983 2996 4053 plura
3025 3983 3262 4053 scripsit,
3293 3992 3349 4039 et
3375 3993 3595 4040 cantum

2015 4074 2445 4131 ecclesiasticum
2494 4075 2704 4145 primus
2743 4075 2885 4146 apud
2933 4075 3233 4132 Germanos
3281 4078 3430 4132 varia
3480 4090 3597 4134 ino-

2014 4164 2289 4220 dulatione
2312 4165 2631 4236 composuit.
2671 4163 3018 4236 Vingbertus,
3042 4166 3340 4222 monachus
3364 4164 3595 4223 Fulden-

2016 4256 2119 4319 sis,
2174 4258 2351 4327 patria
2405 4256 2736 4323 Saxonicus,
2790 4258 2876 4313 vir
2928 4259 3080 4313 mirae
3132 4258 3492 4328 simplicitatis
3541 4270 3598 4316 et

2017 4362 2225 4417 magna:
2254 4348 2608 4420 nihilominus
2648 4349 2987 4415 eruditionis,
3019 4349 3144 4404 vitae
3193 4350 3386 4405 merito
3414 4360 3468 4405 et
3492 4350 3601 4406 cla-

2022 4456 2116 4496 rus
2138 4440 2428 4496 virtutibus
2481 4439 2698 4497 edulsit.
2750 4442 3017 4513 Egbertus
3042 4443 3089 4508 ⁸,
3139 4443 3441 4500 monachus
3474 4444 3600 4499 Ful-

2024 4559 2108 4608 est
2142 4560 2494 4624 consecutus,
2528 4560 2588 4606 ut
2630 4552 2973 4624 Moguntinus
3002 4555 3437 4624 archiepiscopus
3476 4571 3597 4609 om-

2024 4569 2108 4608 εει
2142 4569 2494 4615 consecutus,
2528 4569 2588 4606 ut
2632 4569 2973 4677 mogununus
3002 4569 3437 4624 arcnieptscopus
3476 4571 3597 4609 om-

2023 4624 2168 4677 nium
2202 4623 2600 4693 conspiratione
2625 4625 2722 4680 dcc
2744 4634 3005 4679 araretur.
3043 4644 3061 4675 ι
3100 4626 3298 4681 Verum
3333 4625 3449 4693 ejus
3477 4642 3603 4682 suc-

2023 4708 2295 4749 cessorem
2311 4692 2429 4766 non
2462 4692 2799 4766 Sigebertum
2823 4696 2916 4757 sed
2940 4694 3286 4763 Sigel‘ridum,
3311 4692 3451 4766 apud
3472 4696 3607 4753 Ger-

2023 4780 2214 4847 manes
2227 4766 2278 4819 in
2305 4764 2664 4847 Fippestcvnia
2689 4765 3200 4847 fatriiIia_oriuti_£luiii
3226 4764 3605 4847 fuissedocent

2024 4834 2310 4906 Browerus
2334 4834 2426 4889 lib.
2458 4850 2510 4906 iv
2540 4834 2723 4906 Antiq.
2774 4834 2937 4906 Fnld.
2968 4844 3021 4890 et
3057 4835 3245 4891 Ferar.
3288 4837 3381 4893 lib.
3418 4854 3452 4891 v
3495 4838 3604 4893 Re-

2024 4921 2159 4977 rum,
2193 4905 2430 4977 Mogunt.
2461 4904 2542 4961 0b
2599 4904 2765 4960 verba
2822 4905 2995 4960 Le~lci
3044 4906 3364 4977 Egebertum
3423 4908 3602 4964 Scotis

2025 4976 2301 5048 ascripsit
2327 4975 2484 5030 Wion
2520 4977 2776 5048 append.‘
2791 4977 2859 5031 ad
2904 4975 3187 5048 Martyrol.
3222 4978 3597 5034 Monasticum.

2028 5065 2047 5094 ι
2087 5046 2144 5100 S.
2172 5044 2496 5115 Egcbcrtus,
2532 5047 2704 5115 inquit
2747 5044 2964 5109 Scotus,
2998 5044 3168 5103 abbas
3198 5048 3498 5113 Fuldensis,
3520 5050 3605 5104 vir

2021 5117 2360 5189 doctrina_et
2382 5116 2670 5171 sanctitate
2723 5119 3065 5189 conspicuus.
3106 5137 3125 5170 ι
3161 5118 3468 5189 Utrumque
3500 5119 3604 5189 ici-

2023 5195 2159 5256 tant,
2186 5185 2560 5256 etEgbertum
2603 5188 2805 5243 sanctis
2850 5185 3209 5243 annumerant
3246 5185 3435 5243 auctor
3462 5188 3605 5242 Mar-

2023 5255 2195 5330 tyrol.‘
2230 5255 2514 5330 {Anglicani
2553 5264 2614 5330 et
2649 5256 2923 5330 cameram
2961 5258 3014 5311 in
3041 5257 3319 5330 _b_len010g.
3347 5258 3557 5330 Scotor.
3585 5275 3599 5311 :

2022 5324 2111 5381 hic
2139 5327 2205 5381 l9
2235 5324 2522 5391 Novemb,
2551 5326 2639 5381 ille
2668 5327 2737 5381 26
2767 5327 3005 5396 ejusdem
3039 5324 3300 5385 Novemb:
3343 5328 3499 5383 llune
3525 5343 3607 5383 sc-

2028 5398 2222 5468 quitur_
2264 5396 2477 5468 Ferrar.
2530 5397 2583 5451 in
2628 5397 2885 5468 Catalogo
2924 5399 3161 5468 generali
3207 5408 3518 5455 sanctorum
3549 5406 3605 5468 et

2026 5465 2147 5521 eum
2178 5465 2361 5540 altero
2382 5466 2616 5537 Egberto
2638 5465 3289 5540 confundit,conjicitqne
3312 5470 3511 5540 vixisse
3526 5467 3603 5540 ad

2026 5536 2308 5620 ann._§90.
2335 5536 2766 5620 An_non‘majori
2788 5539 2911 5620 jure
2947 5536 3286 5620 hicuﬂahani
3312 5537 3607 5608 discipulus

2027 5607 2680 5679 sanctis__ascribcretur,
2712 5607 2804 5679 qui
2833 5608 3112 5665 miraculis
3162 5609 3363 5663 dicitur
3413 5607 3611 5679 curus-

2004 5678 2220 5732 casse?
2247 5675 2443 5734 Verum
2469 5675 3069 5749 solidiora'requirimus
3087 5679 3432 5749 antiquorum
3458 5678 3606 5737 testi-

2027 5749 2225 5803 monia.
