4012 6202
340 427 405 483 ει
1697 404 2231 466 raomconana.
3525 409 3605 468 ες

339 535 543 603 dumis,
573 535 660 589 vir
686 532 811 589 vitae
840 528 1192 593 admirabilis,
1247 535 1302 581 et
1332 526 1510 580 nzul‘to-
1531 532 1773 592 tempore
1830 534 1923 572 vo-
1949 520 2002 579 Α
2026 517 2245 574 tefcrrct
2268 519 2545 590 pietatem.
2571 520 2671 589 Qui
2716 530 2863 578 tanto
2890 522 3098 578 facilius
3126 522 3388 592 justitiam
3415 534 3469 581 et
3489 528 3597 583 vir—

339 630 574 689 luntarie
602 642 704 699 pro
728 625 945 681 Christo
970 622 1228 685 inclusus,
1282 617 1559 673 miraculis
1603 628 1917 678 coruscans,

341 718 600 777 nonnulla
644 715 963 786 composuit.
1000 711 1245 775 Carolus,
1289 709 1584 765 monachus
1610 703 1919 767 Fuldensis,

336 811 519 882 patria
546 807 793 865 Francus
816 802 1097 859 orientalis
1122 842 1138 867 ,
1169 815 1377 872 magna:
1407 796 1681 868 sapientiae
1720 800 1775 851 et
1800 809 1922 848 eru-

340 900 563 956 ditionis
607 899 794 961 bomo,
840 908 998 964 quem
1050 891 1251 955 ferunt,
1305 895 1517 945 mortuo
1569 891 1921 955 praeceptore,

341 987 719 1059 Moguntinum
748 983 1010 1039 meruisse
1051 979 1574 1050 archiepiscopatum
1609 988 1660 1041 ει,
1708 983 1764 1030 et
1788 990 1925 1029 non-

341 1077 491 1134 nul'a
522 1075 757 1133 edidisse
789 1070 1077 1128 volumina.
1109 1068 1372 1123 Altfridus
1401 1067 1451 1132 ιι,
1479 1066 1775 1121 monachus
1799 1063 1926 1118 Ful-

344 1168 548 1232 densis,
576 1167 754 1237 patria
802 1162 1125 1227 Saxonieus,
1173 1160 1310 1215 mira
1340 1159 1627 1213 sanctitate
1649 1164 1707 1212 et
1744 1155 1928 1211 erudi-

345 1261 491 1315 tione
516 1258 718 1323 clarns,
755 1255 958 1324 Deique
981 1253 1131 1308 verbi
1174 1249 1495 1321 praedicator
1515 1248 1762 1319 egregius
1784 1288 1799 1313 ,
1834 1246 1924 1315 qui

346 1351 408 1406 de
449 1348 626 1404 Fulda
661 1347 861 1402 missus
909 1344 977 1399 ad
1019 1342 1224 1397 Novam
1270 1342 1325 1396 in
1372 1339 1607 1395 Saxonia
1637 1338 1925 1394 Corheiam

347 1441 725 1501 scholasticus.
768 1445 958 1508 postea
1012 1443 1241 1504 quartus
1269 1430 1781 1501 Hildelsheymensis
1838 1444 1927 1484 ec-

348 1534 530 1590 clesia
562 1529 802 1602 pontifex
857 1528 1161 1584 ordinatur.
1213 1524 1413 1580 Omnes
1443 1522 1789 1593 praescriptos
1816 1519 1926 1573 lla-

349 1625 474 1681 bani
512 1622 655 1693 apud
690 1618 915 1675 Fuldam
943 1617 1182 1689 insignes
1215 1613 1526 1685 discipulos,
1579 1610 1928 1682 Meginfridus

352 1714 706 1770 historiarum
740 1711 973 1780 scriptor
1017 1713 1424 1770 commemorat,
1456 1711 1511 1760 ct
1551 1703 1700 1757 varia
1730 1703 1928 1757 dicitur

352 1805 637 1875 scripsisse
666 1801 942 1873 opuscula.
979 1800 1058 1855 Ex
1084 1800 1205 1854 aliis
1236 1812 1450 1869 quoque
1491 1795 1755 1850 coenobiis
1775 1794 1844 1849 ad
1868 1808 1927 1849 se

356 1853 551 1950 missos
574 1853 813 1964 insignes
837 1891 1027 1947 habuit
1053 1853 1328 1945 auditores
1357 1853 1576 1952 inultos,
1599 1886 1844 1942 doctrina
1872 1894 1927 1941 et
1953 1853 2003 1915 Β

360 1986 479 2039 vitae
502 1983 855 2039 sanctimonia
893 1980 1292 2046 celeberrimos,
1320 1993 1549 2048 quorum
1588 1977 1807 2033 nomina
1835 1991 1932 2046 per

362 2085 714 2132 memoratum
750 2074 1069 2146 scriptorem
1094 2087 1376 2143 expressa,
1423 2086 1523 2127 nos
1550 2070 1713 2126 isthic
1747 2082 1933 2125 amore

361 2167 640 2224 brevitatis
666 2167 969 2230 omisimus,
996 2180 1065 2220 ne
1093 2165 1308 2219 aedium
1331 2163 1729 2219 induceremus.

428 2255 652 2310 Curavit
700 2254 865 2313 etiam
918 2255 1009 2309 hic
1040 2254 1387 2310 beatissimus
1420 2253 1808 2310 monachorum
1849 2252 1934 2307 in-

360 2348 581 2403 stitutor
618 2346 892 2401 auditores
916 2360 1043 2401 suos
1064 2344 1282 2400 erudire
1312 2360 1419 2400 non
1446 2344 1626 2399 minus
1660 2344 1730 2398 ad
1773 2342 1935 2398 timo-

362 2452 474 2490 rem
521 2434 637 2501 Dei,
689 2442 743 2489 et
770 2434 1150 2489 mandatorum
1198 2433 1623 2501 observantiam,
1663 2448 1825 2503 quam
1864 2434 1933 2488 ad

361 2526 769 2597 intelligentiam
798 2525 1202 2597 Seripturarum
1233 2567 1249 2592 ,
1282 2526 1461 2581 sciens
1491 2526 1545 2580 in
1591 2536 1780 2581 sancto
1802 2540 1933 2595 pro-

362 2620 522 2688 pheta
558 2615 749 2671 Daniel
799 2616 1060 2686 scriptum
1091 2635 1104 2670 :
1135 2615 1397 2683 Quoniam
1422 2617 1511 2688 qui
1541 2615 1680 2670 docti
1715 2615 1929 2685 fuerint,

367 2706 632 2778 fulgebunt
659 2707 811 2778 quasi
838 2706 1084 2778 splendor
1111 2707 1464 2776 ﬁrmamenti;
1493 2715 1540 2761 et
1565 2707 1655 2778 qui
1679 2706 1747 2760 ad
1766 2704 1935 2776 justi-
1976 2700 1987 2709 ί

366 2799 489 2850 tiam
522 2796 770 2851 erudiunt
796 2797 1007 2863 multos,
1033 2799 1182 2869 quasi
1203 2797 1367 2854 stella:
1386 2800 1444 2852 in
1480 2807 1755 2868 perpetuas
1779 2804 1933 2851 teter-

367 2887 550 2943 nitates
592 2887 756 2961 (Dan.
788 2906 885 2954 xu,
921 2889 995 2961 5).
1029 2888 1227 2943 Parum
1264 2898 1347 2945 est
1385 2890 1529 2943 enim
1559 2890 1627 2945 ad
1651 2890 1933 2945 scientiam

365 2976 597 3032 hominis
626 2977 932 3033 claustralis
986 2978 1315 3034 intellectum
1366 2978 1604 3046 erudire,
1633 2980 1737 3035 nisi
1769 2982 1937 3037 etiam

365 3071 580 3124 studeas
602 3084 703 3140 pro
721 3070 926 3125 viribus
963 3070 1213 3126 affectum
1251 3071 1317 3125 ad
1352 3071 1444 3126 Dei
1466 3086 1704 3127 amorem
1743 3087 1933 3129 accen-

368 3158 513 3213 dere.
533 3157 593 3212 ln
621 3174 729 3228 quo
757 3158 978 3214 docendi
1010 3174 1205 3231 genere
1233 3161 1423 3215 beatus
1460 3160 1650 3216 doctor
1677 3161 1934 3217 Rabanus

370 3267 479 3321 prae
502 3252 715 3307 caeteris
744 3253 1058 3307 notabiliter
1078 3253 1328 3317 emicuit;
1367 3253 1456 3322 qui
1493 3268 1619 3308 suos
1663 3254 1934 3310 auditores

370 3341 629 3412 imprimis
657 3342 1010 3414 adjustitiam
1037 3343 1291 3410 erudivit,
1337 3343 1535 3414 quibus
1580 3344 1721 3400 inter
1754 3344 1935 3417 legen-

370 3431 493 3485 dum
518 3431 712 3487 crebro
734 3435 1058 3503 persuadere
1095 3443 1319 3490 conatus
1354 3444 1439 3490 est
1471 3451 1649 3491 mores
1690 3452 1816 3492 suos
1846 3451 1935 3492 re-

369 3521 643 3591 gularibus
688 3522 1030 3580 conformare
1075 3525 1463 3593 sanctionibus,
1508 3526 1936 3596 evangelicisque

369 3623 493 3669 ante
518 3614 700 3669 omnia
749 3630 962 3686 semper
1009 3617 1229 3672 obedire
1256 3617 1539 3673 institutis.
1587 3618 1779 3673 Docuit
1817 3618 1938 3674 illos

371 3703 627 3758 mundum
655 3710 711 3759 et
753 3720 941 3761 omnes
968 3705 1265 3777 voluptates
1293 3707 1476 3762 carnis
1506 3723 1605 3778 pro
1633 3709 1726 3764 Dei
1754 3724 1938 3764 amore

370 3801 737 3859 contemnere,
762 3796 1029 3852 vanitates
1058 3797 1398 3854 transitorios
1423 3807 1479 3854 et
1507 3800 1686 3855 sreeuli
1715 3816 1937 3871 pompas

370 3882 572 3953 fugere,
606 3893 660 3939 et
699 3899 914 3940 omnem
962 3888 1456 3957 concupiscentiam
1506 3889 1827 3945 inordinate
1855 3907 1939 3947 vo-

371 3969 593 4028 luntatis
636 3974 926 4030 declinare.
959 3976 1128 4031 Deum
1173 3992 1308 4047 pura
1349 3986 1527 4034 mente
1569 3994 1731 4047 super
1757 3980 1936 4034 omnia

372 4064 695 4135 diligendum
724 4069 952 4136 moauit,
989 4078 1043 4125 et
1064 4070 1270 4137 sedulo,
1296 4080 1356 4126 ut
1375 4088 1435 4128 se
1463 4074 1940 4129 reminiscerentur

375 4156 692 4223 morituros,
741 4159 1016 4230 discipulis
1066 4160 1236 4218 lector
1277 4163 1585 4220 inculcavit.
1632 4164 1939 4221 Monasticte

373 4242 643 4314 religionis
666 4254 776 4302 tam
798 4249 1039 4306 sincerus
1060 4249 1159 4308 fuit
1188 4263 1421 4320 amator,
1448 4262 1507 4309 ut
1534 4253 1587 4308 in
1613 4254 1939 4311 auditorium

372 4346 524 4388 suum
545 4336 814 4392 neminem
861 4339 1183 4406 admitteret,
1223 4344 1327 4399 nisi
1357 4344 1510 4415 prius
1551 4353 1788 4401 mentem
1812 4346 1931 4417 ejus

371 4423 775 4495 diligentissime
819 4444 981 4499 super
1020 4431 1328 4506 integritate
1374 4435 1734 4492 observantiae
1779 4452 1939 4508 regu-

370 4510 498 4569 lan's
534 4515 885 4585 explorasset.
918 4517 1071 4575 Unde
1111 4521 1157 4577 si
1183 4538 1320 4593 quos
1362 4533 1545 4580 mente
1573 4534 1667 4581 aut
1711 4541 1937 4598 corpore
1961 4549 2019 4613 Ι)

370 4618 533 4674 vagos
557 4644 576 4669 ,
612 4614 667 4659 et
720 4608 787 4662 ad
834 4609 1229 4667 observantiam
1278 4616 1592 4670 monasticae
1637 4615 1933 4687 disciplina

371 4694 546 4749 minus
571 4697 862 4765 reperisset
901 4698 1143 4767 idoneos,
1186 4708 1440 4772 tanquam
1490 4706 1742 4760 animalia
1773 4707 1933 4762 bruta

372 4794 425 4839 et
458 4787 658 4843 bestias
687 4789 991 4848 immundas
1015 4793 1084 4849 ab
1118 4809 1339 4852 accessu
1384 4799 1587 4855 montis
1626 4800 1931 4857 divinarum

370 4875 770 4948 Seripturarum
790 4884 1028 4949 arcebat,
1045 4885 1261 4943 dicens:
1289 4886 1559 4960 Scriptum
1581 4899 1665 4946 est
1689 4906 1704 4945 :
1730 4891 1928 4958 Bestia,

367 4982 482 5035 qua:
541 4977 769 5024 montem
813 4972 1068 5043 tetigerit,
1117 4975 1377 5047 lapidibus
1423 4980 1679 5034 obruatur
1729 4980 1927 5053 (Exod.

366 5073 479 5125 xxx,
498 5060 611 5132 12).
635 5060 946 5134 Propterea,
970 5065 1188 5133 fratres,
1216 5068 1378 5133 abite,
1407 5078 1461 5125 et
1482 5071 1717 5139 primum
1739 5072 1932 5130 discite

369 5162 463 5202 vos
491 5160 676 5207 mente
719 5166 1059 5228 componere,
1083 5164 1142 5210 ut
1167 5158 1408 5213 moribus
1449 5160 1750 5215 emendatis
1791 5161 1937 5230 digni

369 5240 489 5296 sitis
515 5258 639 5297 cum
670 5242 854 5317 Moyse
878 5246 972 5300 Dei
1000 5261 1277 5303 sermones
1308 5248 1360 5303 in
1402 5251 1601 5305 montis
1652 5251 1935 5307 cacumine

368 5332 571 5389 audire.
602 5332 771 5391 Nemo
797 5336 942 5392 enim
970 5337 1065 5392 Dei
1096 5336 1402 5408 Scripturas
1432 5340 1688 5396 discendo
1732 5343 1939 5398 utiliter

368 5426 616 5495 percipit,
647 5425 803 5495 cujus
837 5428 1013 5484 adhuc
1058 5429 1236 5484 anima
1265 5431 1516 5486 vitiorum
1558 5431 1781 5502 pulvere
1817 5449 1935 5490 sor-

368 5514 562 5571 descit.
600 5515 675 5573 Et
702 5518 819 5573 inec
855 5517 1030 5576 forma
1062 5520 1288 5577 docendi
1339 5531 1528 5577 sancto
1556 5523 1675 5578 viro
1724 5539 1938 5594 semper

368 5602 650 5665 familiaris
675 5611 902 5682 exstitit,
933 5623 993 5670 ut
1020 5613 1200 5669 studio
1226 5613 1528 5669 litterarum
1548 5614 1775 5694 justitize
1802 5631 1938 5685 prte-

371 5711 595 5770 poneret
626 5704 986 5776 disciplinam,
1026 5715 1083 5761 et
1109 5705 1350 5762 scicntia:
1399 5704 1799 5777 Seripturarum
1841 5723 1936 5762 au-

438 5808 465 5835 ι
506 5796 631 5856 Haec
662 5815 824 5872 supra
855 5802 1086 5858 refutata
1125 5809 1268 5856 sunt.

1957 3209 2010 3278 C

2022 615 2196 661 tutum
2221 609 2622 682 observantiam
2658 615 2984 682 persuadere
3028 616 3224 683 potuit,
3257 627 3462 685 quanto
3502 634 3599 676 eas

2022 713 2129 753 non
2159 700 2319 755 modo
2349 702 2549 767 verbis,
2579 704 2673 759 sed
2701 705 2862 759 etiam
2886 705 3144 774 operibus
3180 708 3590 764 detnonstravit.

2025 788 2361 860 Singularem
2387 790 2624 848 habebat
2641 793 2866 850 docendi
2889 797 3138 866 gratiam,
3161 805 3214 851 et
3240 798 3594 866 persuadendi

2023 879 2315 934 maximam
2343 880 2676 938 facilitatem.
2705 883 2841 939 Nam
2891 895 2946 941 et
2982 888 3199 957 ingenio
3225 888 3327 943 fuit
3382 899 3593 955 acutus,

2025 978 2080 1024 et
2117 969 2362 1027 facundia
2401 973 2651 1041 disertus,
2681 992 2814 1032 voce
2856 994 3069 1048 quoque
3122 981 3288 1037 tubali
3337 995 3593 1042 sonoros.

2025 1068 2080 1114 et
2103 1062 2332 1130 quadam
2360 1065 2625 1132 gravitate
2654 1069 3013 1122 venerandus.
3053 1068 3202 1124 Unde
3223 1071 3433 1139 quoties
3460 1073 3598 1125 ratio

2026 1151 2333 1221 postulavit,
2361 1154 2470 1208 sola
2494 1157 2664 1223 potuit
2689 1172 2819 1211 voce
2844 1167 3051 1214 terrere
3080 1160 3375 1232 improbos,
3409 1170 3465 1216 et
3491 1177 3599 1215 non

2027 1242 2201 1296 minus
2252 1244 2553 1300 humilitate
2594 1247 2829 1302 mulcere
2878 1258 3199 1319 prostratos.
3257 1250 3600 1307 Conveniens

2028 1334 2221 1389 animae
2255 1336 2409 1391 donis
2438 1352 2654 1407 corpus,
2694 1341 2918 1396 Domino
2943 1341 3222 1412 largiente,
3254 1352 3597 1409 consecutus,

2027 1435 2287 1496 ctmagna
2306 1427 2408 1483 fuit
2437 1430 2490 1484 in
2510 1431 2889 1489 eodilectionis
2928 1435 3240 1499 auctoritas,
3279 1444 3333 1491 et
3373 1453 3479 1492 non
3501 1439 3601 1492 mi-

2030 1534 2129 1573 nor
2163 1534 2287 1574 cum
2316 1514 2725 1579 mansuetudine
2755 1521 3087 1578 affabilitatis
3122 1525 3450 1580 humanitas.
3483 1527 3601 1593 Qua

2029 1610 2398 1666 moderatione
2423 1613 2491 1667 ab
2516 1612 2877 1668 adolescentia
2925 1613 3412 1684 temperantissime
3448 1634 3601 1683 usus,

2029 1705 2085 1751 et
2110 1698 2211 1754 sibi
2243 1699 2561 1769 tranquillus
2584 1701 2816 1768 exstitit,
2858 1713 2912 1759 et
2955 1702 3232 1775 discipulis
3278 1706 3467 1761 doctor
3499 1708 3604 1762 uti.

2030 1792 2114 1858 lis,
2144 1791 2559 1865 fructuososque
2582 1835 2597 1860 ,
2628 1804 2688 1850 ut
2724 1811 2822 1866 pro
2851 1804 3091 1867 tempore
3122 1800 3484 1865 merebantur,
3513 1816 3603 1855 oc-

2033 1883 2223 1939 currit.

2102 1974 2344 2031 Fuerunt
2371 1991 2436 2033 eo
2466 1986 2725 2048 tempore,
2771 1979 3087 2050 Meginfrido
3116 1989 3370 2041 testante.
3414 1983 3466 2037 in
3494 1998 3606 2039 eoe—

2034 2068 2196 2125 nobio
2222 2068 2474 2127 Fuldensi
2505 2073 2751 2128 monachi
2775 2073 2873 2128 sub
2903 2074 3084 2144 regula
3113 2076 3284 2131 sancti
3309 2077 3604 2142 Benedicti,

2033 2160 2387 2230 omnipotenti
2423 2162 2533 2217 Deo
2578 2163 2632 2217 in
2688 2178 2897 2218 summa
2950 2164 3211 2235 religione
3261 2164 3603 2231 famulantes,

2034 2267 2259 2308 numero
2285 2261 2501 2308 centum
2544 2255 2958 2326 quinquaginta,
2989 2257 3078 2327 qui
3112 2272 3320 2322 omnes,
3353 2267 3414 2313 ut
3442 2274 3606 2327 supra

2035 2343 2238 2398 dictum
2265 2352 2365 2409 est,
2397 2360 2427 2399 a
2454 2346 2580 2400 vino
2627 2355 2682 2400 et
2710 2347 2966 2402 carnibus
3015 2347 3374 2404 abstinebant.
3409 2349 3486 2403 Ex
3521 2351 3607 2404 his

2036 2434 2318 2491 duodecim
2348 2437 2415 2491 ad
2442 2438 2638 2503 minus,
2670 2438 2725 2492 in
2774 2438 2921 2494 omni
2955 2439 3181 2494 scientia
3212 2440 3605 2510 scripturarum

2036 2524 2358 2591 doctissimi,
2390 2526 2709 2581 dicebantur
2754 2526 2997 2583 Seniores
3033 2542 3051 2579 :
3096 2545 3326 2598 quorum
3380 2532 3607 2585 consilio

2036 2614 2202 2670 abbas
2225 2616 2278 2669 in
2305 2617 2632 2685 quotidianis
2652 2618 3066 2673 necessitatibus
3091 2619 3361 2681 utebatur,
3388 2629 3445 2672 ut
3473 2635 3609 2690 Opus

2037 2722 2144 2761 non
2175 2714 2319 2763 esset
2347 2709 2657 2763 universam
2681 2706 2908 2779 fatigare
2950 2710 3444 2780 congregationem.
3469 2711 3607 2777 Quo-

2037 2798 2143 2854 ties
2167 2814 2297 2855 vero
2334 2814 2401 2855 ex
2430 2799 2515 2854 his
2563 2799 2843 2854 duodecim
2895 2799 3160 2868 quispiam
3195 2840 3209 2866 ,
3238 2800 3320 2853 vel
3369 2802 3437 2856 ad
3462 2802 3606 2856 aliud

2036 2889 2344 2944 ctenobium
2385 2889 2605 2957 missus,
2636 2890 2722 2944 vel
2749 2900 2921 2945 morte
2973 2889 3170 2946 fuisset
3220 2891 3483 2957 sublatus,
3541 2909 3610 2948 ex
3696 2924 3699 2925 ν

2038 2979 2371 3036 doctioribus
2396 2990 2451 3036 et
2492 2982 2857 3037 sanctioribus
2878 2997 3003 3036 mox
3039 2982 3178 3038 alius
3209 2983 3262 3037 in
3288 2982 3404 3052 ejus
3430 2983 3607 3039 locum

2038 3070 2267 3126 rectoris
2287 3077 2343 3126 et
2360 3071 2634 3126 seniorum
2660 3071 2921 3127 electione
2941 3072 3386 3127 constituebatur.
3413 3072 3481 3127 Et
3496 3073 3611 3131 huic

2036 3159 2323 3214 laudabilis
2349 3161 2623 3215 seniorum
2649 3162 2966 3217 constitutio
2987 3162 3168 3216 multis
3194 3163 3351 3218 annis
3373 3164 3608 3226 duravit,

2036 3248 2273 3319 quandiu
2304 3250 2555 3305 videlicet
2581 3252 2815 3321 studium
2850 3253 3241 3323 scripturarum
3268 3254 3322 3308 in
3356 3254 3609 3311 Fuldensi

2036 3339 2381 3405 monasterio,
2399 3341 2541 3409 quod
2571 3351 2792 3396 sanctus
2813 3342 3069 3397 Rabanus
3084 3343 3401 3413 incmperat,
3417 3345 3606 3415 viguit.

2035 3429 2141 3485 Ista
2169 3438 2349 3485 autem
2382 3431 2486 3485 fuit
2514 3431 2598 3487 lex
2630 3432 2914 3487 duodecim
2967 3435 3270 3500 doctorum,
3298 3444 3359 3489 ut
3389 3436 3613 3507 singulis

2034 3519 2273 3591 legerent
2304 3521 2496 3591 singuli
2522 3521 2677 3589 juxta
2714 3522 3025 3593 principalis
3067 3525 3462 3581 ordinationem
3490 3542 3608 3580 ma-

2035 3611 2205 3679 gistri,
2245 3612 2337 3680 qui
2365 3626 2577 3680 semper
2632 3612 2819 3668 tertius
2848 3613 3087 3669 decimus
3111 3623 3250 3681 erat,
3286 3623 3343 3670 et
3370 3627 3614 3688 prepter-

2036 3715 2099 3754 ea
2123 3700 2362 3754 omnium
2401 3700 2684 3770 deputatur
2713 3701 3024 3770 lectionum,
3052 3704 3140 3759 cui
3162 3712 3218 3760 et
3259 3704 3479 3761 obedire
3504 3724 3607 3763 ca:-

2035 3790 2137 3844 teri
2160 3797 2283 3859 post
2300 3790 2434 3846 abba
2444 3800 2551 3847 tem
2570 3807 2756 3848 omnes
2778 3795 3114 3849 tenebantur.

2106 3880 2274 3935 Fama
2296 3881 2599 3936 sanctitatis
2623 3889 2678 3937 et
2715 3883 3031 3939 eruditionis
3053 3884 3399 3941 Fuldensium
3429 3901 3614 3942 mona-

2038 3970 2283 4036 chorum,
2312 3980 2368 4026 et
2411 3973 2580 4027 sancti
2622 3974 2892 4043 praecipue
2934 3974 3164 4039 Rabani,
3196 3992 3293 4045 per
3344 3983 3512 4031 totum
3557 3994 3615 4034 se

2040 4075 2264 4129 regnum
2288 4062 2621 4119 Francorum
2655 4064 2863 4136 longius
2908 4065 3261 4132 dill‘undente,
3310 4068 3446 4123 tilios
3483 4085 3612 4126 suos

2039 4149 2192 4204 multi
2219 4151 2422 4207 nobiles
2461 4162 2515 4207 et
2541 4153 2801 4223 ignobiles
2825 4155 2893 4209 ad
2923 4157 3264 4212 serviendum
3305 4158 3528 4213 Domino
3559 4161 3612 4213 in

2038 4255 2225 4296 eorum
2251 4242 2579 4296 consortium
2606 4242 2960 4307 tradiderunt,
2990 4259 3021 4298 e
3052 4246 3247 4314 quibus
3277 4255 3462 4316 postea
3496 4248 3614 4317 plu-

2040 4346 2129 4387 res
2153 4332 2208 4385 in
2229 4329 2515 4387 Germania
2542 4331 2797 4389 Ecclesia:
2819 4334 3101 4404 pontiﬁces
3126 4336 3430 4393 habuerunt
3450 4348 3614 4408 atque

2037 4431 2306 4493 pastores.
2335 4421 2589 4493 Regulari
2614 4423 2813 4478 ctenim
2842 4426 3184 4481 observantia
3213 4427 3461 4492 durante,
3494 4428 3613 4482 nul-

2041 4513 2125 4569 lus
2149 4529 2180 4567 a
2206 4514 2299 4569 Dei
2341 4513 2562 4567 servitio
2604 4513 2989 4583 repellebatur,
3036 4515 3150 4570 sive
3200 4515 3393 4571 nobilis
3448 4526 3613 4583 esset,

2042 4602 2157 4658 sive
2183 4600 2467 4672 ignobilis;
2496 4600 2588 4656 sed
2607 4599 2758 4670 juxta
2797 4610 3124 4672 prteceptum
3165 4603 3488 4674 legislaloris
3515 4604 3616 4661 Be-

2038 4695 2261 4760 nedicti,
2292 4696 2500 4751 cunctis
2530 4696 2706 4751 aditus
2751 4696 2925 4765 patuit
2970 4712 3108 4765 pura
3167 4697 3466 4755 intentione
3489 4714 3620 4754 con-

2038 4788 2174 4843 verti
2200 4787 2519 4843 volantibus.
2536 4787 2664 4854 Qua:
2677 4794 2854 4844 tamen
2872 4789 3202 4843 consuetudo
3221 4805 3342 4846 eum
3365 4806 3617 4846 successu

2039 4879 2318 4949 temporis,
2348 4879 2477 4934 etin
2503 4875 2753 4933 Fuldensi
2780 4880 3130 4945 monasterio,
3162 4888 3218 4935 et
3253 4880 3306 4939 in
3343 4881 3615 4951 plerisque

2040 4972 2163 5027 aliis
2194 4978 2382 5026 contra
2413 4969 2765 5024 intentionem
2813 4970 3011 5041 regula:
3047 4972 3291 5027 cernitur
3312 4973 3611 5036 immutata,

2044 5069 2230 5132 postea
2253 5059 2504 5116 videlicet
2532 5075 2693 5130 quam
2745 5067 2802 5115 et
2827 5060 3027 5134 divitia:
3051 5061 3363 5131 religionem
3409 5061 3615 5115 exstin-

2047 5160 2264 5217 xerunt,
2299 5160 2355 5207 et
2400 5152 2556 5206 luxus
2595 5167 2717 5207 cum
2769 5152 3062 5207 ambitione
3102 5153 3333 5222 pessima
3375 5152 3615 5216 studium

2045 5245 2344 5300 eliminavit
2372 5245 2784 5314 scripturarum.
2828 5244 3033 5300 Fervor
3077 5259 3142 5300 eo
3170 5252 3409 5312 tempore
3437 5242 3614 5298 incre—

2047 5338 2224 5394 dibilis
2279 5336 2381 5391 fuit
2430 5336 2817 5390 monachorum
2892 5333 2912 5405 [
2949 5331 3167 5386 Videtur
3210 5330 3386 5384 deesse
3438 5346 3566 5402 erga
3605 5332 3617 5401 ι

2045 5440 2353 5489 sanctarum
2406 5427 2640 5483 studium
2678 5425 3097 5494 Seripturarum,
3129 5422 3218 5492 qui
3250 5438 3347 5491 per
3371 5431 3615 5485 sanctum

2044 5524 2324 5580 Rabanum
2351 5518 2530 5575 Fulda:
2556 5518 2736 5588 cmpit,
2788 5523 2848 5571 ut
2872 5529 3031 5584 supra
3082 5513 3336 5578 diximus,
3381 5522 3437 5568 et
3465 5514 3617 5568 brevi

2042 5630 2138 5686 per
2160 5612 2342 5671 omnia
2386 5624 2520 5680 pene
2556 5607 2799 5664 emnobia
2828 5604 3129 5661 Germania:
3176 5613 3232 5660 et
3270 5604 3459 5662 Gallitta
3483 5619 3614 5659 eon-

2041 5706 2231 5760 valuit.
2265 5702 2373 5757 Nec
2390 5709 2544 5754 erant
2564 5699 2755 5752 Latino
2780 5697 3060 5768 patrioque
3084 5711 3331 5755 sermone
3352 5693 3615 5763 contenti,

2116 5797 2145 5839 δ
2185 5796 2257 5851 De
2282 5810 2345 5849 eo
2365 5792 2571 5860 egimus
2598 5804 2777 5858 supra.
