  <div class='ocr_page' id='page_1' title='image "/cluster/home/n/w/nwhite01/storage/ocr_20150623/107/hvd.32044054759725/047.png"; bbox 0 0 4012 6194; ppageno 0'>
   <div class='ocr_carea' id='block_1_1' title="bbox 405 450 3661 522">
    <p class='ocr_par' dir='ltr' id='par_1_1' title="bbox 405 450 3661 522">
     <span class='ocr_line' id='line_1_1' title="bbox 405 450 3661 522; baseline -0.008 0"><span class='ocrx_word' id='word_1_1' title='bbox 405 466 477 522; x_wconf 71' lang='lat' dir='ltr'><strong>ss</strong></span> <span class='ocrx_word' id='word_1_2' title='bbox 1070 450 1077 461; x_wconf 81' lang='lat'><strong>‘</strong></span> <span class='ocrx_word' id='word_1_3' title='bbox 1536 460 1630 514; x_wconf 63' lang='lat' dir='ltr'><strong>an</strong></span> <span class='ocrx_word' id='word_1_4' title='bbox 1666 455 1893 513; x_wconf 69' lang='lat' dir='ltr'><strong>opem</strong></span> <span class='ocrx_word' id='word_1_5' title='bbox 1931 455 1989 510; x_wconf 78' lang='grc' dir='ltr'><strong>Β.</strong></span> <span class='ocrx_word' id='word_1_6' title='bbox 2028 454 2281 511; x_wconf 81' lang='lat' dir='ltr'><strong>RABANI</strong></span> <span class='ocrx_word' id='word_1_7' title='bbox 2319 452 2537 510; x_wconf 81' lang='lat' dir='ltr'><strong>MAUtu</strong></span> <span class='ocrx_word' id='word_1_8' title='bbox 3594 453 3661 509; x_wconf 58' lang='grc' dir='ltr'><strong>ει</strong></span> 
     </span>
    </p>
   </div>
   <div class='ocr_carea' id='block_1_2' title="bbox 408 556 3659 651">
    <p class='ocr_par' dir='ltr' id='par_1_2' title="bbox 408 556 3659 651">
     <span class='ocr_line' id='line_1_2' title="bbox 408 556 3659 651; baseline -0.007 -16"><span class='ocrx_word' id='word_1_9' title='bbox 408 581 502 637; x_wconf 85' lang='lat' dir='ltr'><strong>sed</strong></span> <span class='ocrx_word' id='word_1_10' title='bbox 535 556 1043 651; x_wconf 15' lang='lat' dir='ltr'><strong>linguamwdiscere‘</strong></span> <span class='ocrx_word' id='word_1_11' title='bbox 1080 572 1323 629; x_wconf 65' lang='lat' dir='ltr'><strong>Graecam</strong></span> <span class='ocrx_word' id='word_1_12' title='bbox 1351 578 1515 640; x_wconf 84' lang='lat' dir='ltr'><strong>atque</strong></span> <span class='ocrx_word' id='word_1_13' title='bbox 1548 570 1763 635; x_wconf 86' lang='lat' dir='ltr'><strong>docere,</strong></span> <span class='ocrx_word' id='word_1_14' title='bbox 1792 581 1979 623; x_wconf 85' lang='lat' dir='ltr'><strong>neces-</strong></span> <span class='ocrx_word' id='word_1_15' title='bbox 2008 570 2053 630; x_wconf 79' lang='grc' dir='ltr'>Α</span> <span class='ocrx_word' id='word_1_16' title='bbox 2085 564 2238 620; x_wconf 78' lang='lat' dir='ltr'><strong>duxit</strong></span> <span class='ocrx_word' id='word_1_17' title='bbox 2275 562 2694 629; x_wconf 77' lang='lat' dir='ltr'><strong>sanctissimam,</strong></span> <span class='ocrx_word' id='word_1_18' title='bbox 2743 570 2799 617; x_wconf 86' lang='lat' dir='ltr'><strong>et</strong></span> <span class='ocrx_word' id='word_1_19' title='bbox 2826 559 3090 616; x_wconf 79' lang='lat' dir='ltr'><strong>universis</strong></span> <span class='ocrx_word' id='word_1_20' title='bbox 3118 558 3371 615; x_wconf 74' lang='lat' dir='ltr'><strong>Ecclesia:</strong></span> <span class='ocrx_word' id='word_1_21' title='bbox 3402 558 3534 616; x_wconf 70' lang='lat' dir='ltr'><strong>{iliis</strong></span> <span class='ocrx_word' id='word_1_22' title='bbox 3562 561 3659 615; x_wconf 81' lang='lat' dir='ltr'><strong>du-</strong></span> 
     </span>
    </p>
   </div>
   <div class='ocr_carea' id='block_1_3' title="bbox 412 650 3663 734">
    <p class='ocr_par' dir='ltr' id='par_1_3' title="bbox 412 650 3663 734">
     <span class='ocr_line' id='line_1_3' title="bbox 412 650 3663 734; baseline -0.005 -10"><span class='ocrx_word' id='word_1_23' title='bbox 412 650 635 724; x_wconf 68' lang='lat' dir='ltr'><strong>sariunt</strong></span> <span class='ocrx_word' id='word_1_24' title='bbox 672 666 788 723; x_wconf 86' lang='lat' dir='ltr'><strong>fore</strong></span> <span class='ocrx_word' id='word_1_25' title='bbox 848 663 1126 734; x_wconf 80' lang='lat' dir='ltr'><strong>discipulis</strong></span> <span class='ocrx_word' id='word_1_26' title='bbox 1166 662 1358 718; x_wconf 61' lang='lat' dir='ltr'><strong>divinat</strong></span> <span class='ocrx_word' id='word_1_27' title='bbox 1406 660 1794 731; x_wconf 85' lang='lat' dir='ltr'><strong>speculationis</strong></span> <span class='ocrx_word' id='word_1_28' title='bbox 1841 658 1985 713; x_wconf 85' lang='lat' dir='ltr'><strong>arbi-</strong></span> <span class='ocrx_word' id='word_1_29' title='bbox 2085 655 2315 711; x_wconf 89' lang='lat' dir='ltr'><strong>ctrinam</strong></span> <span class='ocrx_word' id='word_1_30' title='bbox 2336 653 2527 710; x_wconf 74' lang='lat' dir='ltr'><strong>effudit</strong></span> <span class='ocrx_word' id='word_1_31' title='bbox 2549 653 2873 709; x_wconf 71' lang='lat' dir='ltr'><strong>salutarem!</strong></span> <span class='ocrx_word' id='word_1_32' title='bbox 2906 651 3054 720; x_wconf 70' lang='lat' dir='ltr'><strong>lure,</strong></span> <span class='ocrx_word' id='word_1_33' title='bbox 3076 650 3324 724; x_wconf 82' lang='lat' dir='ltr'><strong>inquam,</strong></span> <span class='ocrx_word' id='word_1_34' title='bbox 3349 653 3520 708; x_wconf 83' lang='lat' dir='ltr'><strong>vivaci</strong></span> <span class='ocrx_word' id='word_1_35' title='bbox 3551 668 3663 709; x_wconf 88' lang='lat' dir='ltr'><strong>mc-</strong></span> 
     </span>
    </p>
   </div>
   <div class='ocr_carea' id='block_1_4' title="bbox 410 744 3662 823">
    <p class='ocr_par' dir='ltr' id='par_1_4' title="bbox 410 744 3662 823">
     <span class='ocr_line' id='line_1_4' title="bbox 410 744 3662 823; baseline -0.004 -10"><span class='ocrx_word' id='word_1_36' title='bbox 410 759 558 823; x_wconf 87' lang='lat' dir='ltr'><strong>trati,</strong></span> <span class='ocrx_word' id='word_1_37' title='bbox 583 757 747 811; x_wconf 90' lang='lat' dir='ltr'><strong>etiam</strong></span> <span class='ocrx_word' id='word_1_38' title='bbox 793 751 1513 819; x_wconf 55' lang='lat' dir='ltr'><strong>Hebraicte‘Chaldaicteque</strong></span> <span class='ocrx_word' id='word_1_39' title='bbox 1559 748 1805 805; x_wconf 87' lang='lat' dir='ltr'><strong>notitiam</strong></span> <span class='ocrx_word' id='word_1_40' title='bbox 1858 762 1981 802; x_wconf 89' lang='lat' dir='ltr'><strong>cum</strong></span> <span class='ocrx_word' id='word_1_41' title='bbox 2084 748 2255 803; x_wconf 91' lang='lat' dir='ltr'><strong>moria</strong></span> <span class='ocrx_word' id='word_1_42' title='bbox 2280 745 2739 803; x_wconf 80' lang='lat' dir='ltr'><strong>commendandus</strong></span> <span class='ocrx_word' id='word_1_43' title='bbox 2767 755 2851 803; x_wconf 90' lang='lat' dir='ltr'><strong>est</strong></span> <span class='ocrx_word' id='word_1_44' title='bbox 2902 746 3165 812; x_wconf 78' lang='lat' dir='ltr'><strong>manium,</strong></span> <span class='ocrx_word' id='word_1_45' title='bbox 3215 744 3307 816; x_wconf 90' lang='lat' dir='ltr'><strong>qui</strong></span> <span class='ocrx_word' id='word_1_46' title='bbox 3351 760 3459 801; x_wconf 91' lang='lat' dir='ltr'><strong>non</strong></span> <span class='ocrx_word' id='word_1_47' title='bbox 3488 745 3662 800; x_wconf 89' lang='lat' dir='ltr'><strong>solum</strong></span> 
     </span>
    </p>
   </div>
   <div class='ocr_carea' id='block_1_5' title="bbox 410 836 1976 910">
    <p class='ocr_par' dir='ltr' id='par_1_5' title="bbox 410 836 1976 910">
     <span class='ocr_line' id='line_1_5' title="bbox 410 836 1976 910; baseline -0.006 -11"><span class='ocrx_word' id='word_1_48' title='bbox 410 847 595 900; x_wconf 79' lang='lat' dir='ltr'><strong>labore</strong></span> <span class='ocrx_word' id='word_1_49' title='bbox 641 843 863 900; x_wconf 85' lang='lat' dir='ltr'><strong>fuerunt</strong></span> <span class='ocrx_word' id='word_1_50' title='bbox 890 842 1142 898; x_wconf 85' lang='lat' dir='ltr'><strong>assecuti.</strong></span> <span class='ocrx_word' id='word_1_51' title='bbox 1165 840 1402 896; x_wconf 84' lang='lat' dir='ltr'><strong>Sanctus</strong></span> <span class='ocrx_word' id='word_1_52' title='bbox 1444 853 1678 910; x_wconf 79' lang='lat' dir='ltr'><strong>namque</strong></span> <span class='ocrx_word' id='word_1_53' title='bbox 1706 836 1976 899; x_wconf 81' lang='lat' dir='ltr'><strong>Rabanus,</strong></span> 
     </span>
    </p>
   </div>
   <div class='ocr_carea' id='block_1_6' title="bbox 406 927 1982 1001">
    <p class='ocr_par' dir='ltr' id='par_1_6' title="bbox 406 927 1982 1001">
     <span class='ocr_line' id='line_1_6' title="bbox 406 927 1982 1001; baseline -0.006 -11"><span class='ocrx_word' id='word_1_54' title='bbox 406 937 581 991; x_wconf 84' lang='lat' dir='ltr'><strong>Albini</strong></span> <span class='ocrx_word' id='word_1_55' title='bbox 642 935 827 989; x_wconf 70' lang='lat' dir='ltr'><strong>Romae</strong></span> <span class='ocrx_word' id='word_1_56' title='bbox 888 933 1102 988; x_wconf 84' lang='lat' dir='ltr'><strong>auditor</strong></span> <span class='ocrx_word' id='word_1_57' title='bbox 1125 974 1139 997; x_wconf 96' lang='lat'><strong>,</strong></span> <span class='ocrx_word' id='word_1_58' title='bbox 1199 930 1554 1001; x_wconf 71' lang='lat' dir='ltr'><strong>Theophilum</strong></span> <span class='ocrx_word' id='word_1_59' title='bbox 1604 941 1634 971; x_wconf 74' lang='grc' dir='ltr'>ιι</span> <span class='ocrx_word' id='word_1_60' title='bbox 1692 927 1982 998; x_wconf 83' lang='lat' dir='ltr'><strong>quemdam</strong></span> 
     </span>
    </p>
   </div>
   <div class='ocr_carea' id='block_1_7' title="bbox 408 1018 1980 1098">
    <p class='ocr_par' dir='ltr' id='par_1_7' title="bbox 408 1018 1980 1098">
     <span class='ocr_line' id='line_1_7' title="bbox 408 1018 1980 1098; baseline -0.006 -15"><span class='ocrx_word' id='word_1_61' title='bbox 408 1028 697 1098; x_wconf 83' lang='lat' dir='ltr'><strong>Ephesium</strong></span> <span class='ocrx_word' id='word_1_62' title='bbox 744 1026 933 1081; x_wconf 84' lang='lat' dir='ltr'><strong>habuit</strong></span> <span class='ocrx_word' id='word_1_63' title='bbox 975 1032 1381 1095; x_wconf 62' lang='lat' dir='ltr'><strong>praceptorem,</strong></span> <span class='ocrx_word' id='word_1_64' title='bbox 1414 1038 1444 1078; x_wconf 90' lang='lat' dir='ltr'><strong>a</strong></span> <span class='ocrx_word' id='word_1_65' title='bbox 1471 1037 1577 1091; x_wconf 92' lang='lat' dir='ltr'><strong>quo</strong></span> <span class='ocrx_word' id='word_1_66' title='bbox 1614 1018 1827 1092; x_wconf 78' lang='lat' dir='ltr'><strong>Pelasgi</strong></span> <span class='ocrx_word' id='word_1_67' title='bbox 1862 1034 1980 1075; x_wconf 91' lang='lat' dir='ltr'><strong>ser-</strong></span> 
     </span>
    </p>
   </div>
   <div class='ocr_carea' id='block_1_8' title="bbox 409 1112 1980 1190">
    <p class='ocr_par' dir='ltr' id='par_1_8' title="bbox 409 1112 1980 1190">
     <span class='ocr_line' id='line_1_8' title="bbox 409 1112 1980 1190; baseline -0.004 -17"><span class='ocrx_word' id='word_1_68' title='bbox 409 1118 582 1173; x_wconf 87' lang='lat' dir='ltr'><strong>monis</strong></span> <span class='ocrx_word' id='word_1_69' title='bbox 607 1117 1016 1190; x_wconf 75' lang='lat' dir='ltr'><strong>intelligentiam</strong></span> <span class='ocrx_word' id='word_1_70' title='bbox 1034 1114 1389 1185; x_wconf 85' lang='lat' dir='ltr'><strong>apprehendit</strong></span> <span class='ocrx_word' id='word_1_71' title='bbox 1416 1112 1788 1179; x_wconf 75' lang='lat' dir='ltr'><strong>suilicientem,</strong></span> <span class='ocrx_word' id='word_1_72' title='bbox 1818 1127 1980 1182; x_wconf 87' lang='lat' dir='ltr'><strong>quam</strong></span> 
     </span>
    </p>
   </div>
   <div class='ocr_carea' id='block_1_9' title="bbox 408 1204 1983 1278">
    <p class='ocr_par' dir='ltr' id='par_1_9' title="bbox 408 1204 1983 1278">
     <span class='ocr_line' id='line_1_9' title="bbox 408 1204 1983 1278; baseline -0.001 -17"><span class='ocrx_word' id='word_1_73' title='bbox 408 1220 658 1265; x_wconf 81' lang='lat' dir='ltr'><strong>reversus</strong></span> <span class='ocrx_word' id='word_1_74' title='bbox 701 1208 754 1262; x_wconf 89' lang='lat' dir='ltr'><strong>in</strong></span> <span class='ocrx_word' id='word_1_75' title='bbox 792 1208 1029 1278; x_wconf 77' lang='lat' dir='ltr'><strong>patriam</strong></span> <span class='ocrx_word' id='word_1_76' title='bbox 1065 1204 1178 1261; x_wconf 83' lang='lat' dir='ltr'><strong>suis</strong></span> <span class='ocrx_word' id='word_1_77' title='bbox 1209 1218 1423 1276; x_wconf 89' lang='lat' dir='ltr'><strong>quoque</strong></span> <span class='ocrx_word' id='word_1_78' title='bbox 1470 1204 1745 1275; x_wconf 87' lang='lat' dir='ltr'><strong>discipulis</strong></span> <span class='ocrx_word' id='word_1_79' title='bbox 1783 1204 1983 1274; x_wconf 90' lang='lat' dir='ltr'><strong>absque</strong></span> 
     </span>
    </p>
   </div>
   <div class='ocr_carea' id='block_1_10' title="bbox 408 1295 1983 1360">
    <p class='ocr_par' dir='ltr' id='par_1_10' title="bbox 408 1295 1983 1360">
     <span class='ocr_line' id='line_1_10' title="bbox 408 1295 1983 1360; baseline -0.003 -7"><span class='ocrx_word' id='word_1_80' title='bbox 408 1296 610 1360; x_wconf 68' lang='lat' dir='ltr'><strong>invidia</strong></span> <span class='ocrx_word' id='word_1_81' title='bbox 638 1298 1076 1355; x_wconf 88' lang='lat' dir='ltr'><strong>communicavit.</strong></span> <span class='ocrx_word' id='word_1_82' title='bbox 1111 1296 1399 1351; x_wconf 86' lang='lat' dir='ltr'><strong>Enimvero</strong></span> <span class='ocrx_word' id='word_1_83' title='bbox 1429 1311 1551 1351; x_wconf 91' lang='lat' dir='ltr'><strong>cum</strong></span> <span class='ocrx_word' id='word_1_84' title='bbox 1582 1304 1730 1351; x_wconf 87' lang='lat' dir='ltr'><strong>esset</strong></span> <span class='ocrx_word' id='word_1_85' title='bbox 1756 1295 1840 1349; x_wconf 91' lang='lat' dir='ltr'><strong>vir</strong></span> <span class='ocrx_word' id='word_1_86' title='bbox 1867 1310 1983 1351; x_wconf 92' lang='lat' dir='ltr'><strong>om-</strong></span> 
     </span>
    </p>
   </div>
   <div class='ocr_carea' id='block_1_11' title="bbox 407 1383 1982 1452">
    <p class='ocr_par' dir='ltr' id='par_1_11' title="bbox 407 1383 1982 1452">
     <span class='ocr_line' id='line_1_11' title="bbox 407 1383 1982 1452; baseline -0.002 -11"><span class='ocrx_word' id='word_1_87' title='bbox 407 1390 554 1444; x_wconf 86' lang='lat' dir='ltr'><strong>nium</strong></span> <span class='ocrx_word' id='word_1_88' title='bbox 580 1403 686 1448; x_wconf 83' lang='lat' dir='ltr'><strong>non</strong></span> <span class='ocrx_word' id='word_1_89' title='bbox 715 1388 888 1443; x_wconf 88' lang='lat' dir='ltr'><strong>solum</strong></span> <span class='ocrx_word' id='word_1_90' title='bbox 912 1385 1366 1452; x_wconf 42' lang='lat' dir='ltr'><strong>“studiosissimus,</strong></span> <span class='ocrx_word' id='word_1_91' title='bbox 1399 1385 1493 1441; x_wconf 84' lang='lat' dir='ltr'><strong>sed</strong></span> <span class='ocrx_word' id='word_1_92' title='bbox 1509 1385 1674 1440; x_wconf 90' lang='lat' dir='ltr'><strong>etiam</strong></span> <span class='ocrx_word' id='word_1_93' title='bbox 1714 1383 1831 1439; x_wconf 87' lang='lat' dir='ltr'><strong>sine</strong></span> <span class='ocrx_word' id='word_1_94' title='bbox 1852 1398 1982 1439; x_wconf 89' lang='lat' dir='ltr'><strong>con-</strong></span> 
     </span>
    </p>
   </div>
   <div class='ocr_carea' id='block_1_12' title="bbox 411 1472 1983 1546">
    <p class='ocr_par' dir='ltr' id='par_1_12' title="bbox 411 1472 1983 1546">
     <span class='ocr_line' id='line_1_12' title="bbox 411 1472 1983 1546; baseline -0.004 -13"><span class='ocrx_word' id='word_1_95' title='bbox 411 1478 736 1534; x_wconf 86' lang='lat' dir='ltr'><strong>tradictione</strong></span> <span class='ocrx_word' id='word_1_96' title='bbox 777 1475 1096 1546; x_wconf 81' lang='lat' dir='ltr'><strong>cujusquam</strong></span> <span class='ocrx_word' id='word_1_97' title='bbox 1156 1474 1524 1540; x_wconf 86' lang='lat' dir='ltr'><strong>doctissimus,</strong></span> <span class='ocrx_word' id='word_1_98' title='bbox 1575 1474 1778 1542; x_wconf 87' lang='lat' dir='ltr'><strong>optime</strong></span> <span class='ocrx_word' id='word_1_99' title='bbox 1824 1472 1983 1528; x_wconf 88' lang='lat' dir='ltr'><strong>intel-</strong></span> 
     </span>
    </p>
   </div>
   <div class='ocr_carea' id='block_1_13' title="bbox 410 1563 1988 1635">
    <p class='ocr_par' dir='ltr' id='par_1_13' title="bbox 410 1563 1988 1635">
     <span class='ocr_line' id='line_1_13' title="bbox 410 1563 1988 1635; baseline -0.003 -13"><span class='ocrx_word' id='word_1_100' title='bbox 410 1568 545 1622; x_wconf 83' lang='lat' dir='ltr'><strong>lexit</strong></span> <span class='ocrx_word' id='word_1_101' title='bbox 590 1567 864 1622; x_wconf 73' lang='lat' dir='ltr'><strong>neminem</strong></span> <span class='ocrx_word' id='word_1_102' title='bbox 907 1566 1047 1635; x_wconf 88' lang='lat' dir='ltr'><strong>apud</strong></span> <span class='ocrx_word' id='word_1_103' title='bbox 1072 1565 1293 1619; x_wconf 87' lang='lat' dir='ltr'><strong>Latinos</strong></span> <span class='ocrx_word' id='word_1_104' title='bbox 1335 1564 1605 1620; x_wconf 75' lang='lat' dir='ltr'><strong>veraciter</strong></span> <span class='ocrx_word' id='word_1_105' title='bbox 1635 1563 1910 1618; x_wconf 82' lang='lat' dir='ltr'><strong>eruditum</strong></span> <span class='ocrx_word' id='word_1_106' title='bbox 1925 1571 1988 1618; x_wconf 84' lang='lat' dir='ltr'><strong>et</strong></span> 
     </span>
    </p>
   </div>
   <div class='ocr_carea' id='block_1_14' title="bbox 408 1653 1982 1724">
    <p class='ocr_par' dir='ltr' id='par_1_14' title="bbox 408 1653 1982 1724">
     <span class='ocr_line' id='line_1_14' title="bbox 408 1653 1982 1724; baseline -0.003 -14"><span class='ocrx_word' id='word_1_107' title='bbox 408 1657 462 1710; x_wconf 76' lang='lat' dir='ltr'><strong>in</strong></span> <span class='ocrx_word' id='word_1_108' title='bbox 492 1656 663 1712; x_wconf 86' lang='lat' dir='ltr'><strong>sacris</strong></span> <span class='ocrx_word' id='word_1_109' title='bbox 692 1656 888 1711; x_wconf 75' lang='lat' dir='ltr'><strong>litteris</strong></span> <span class='ocrx_word' id='word_1_110' title='bbox 931 1660 1363 1714; x_wconf 86' lang='lat' dir='ltr'><strong>consummatum</strong></span> <span class='ocrx_word' id='word_1_111' title='bbox 1406 1668 1563 1724; x_wconf 90' lang='lat' dir='ltr'><strong>posse</strong></span> <span class='ocrx_word' id='word_1_112' title='bbox 1592 1653 1839 1722; x_wconf 87' lang='lat' dir='ltr'><strong>reperiri,</strong></span> <span class='ocrx_word' id='word_1_113' title='bbox 1890 1654 1982 1722; x_wconf 89' lang='lat' dir='ltr'><strong>qui</strong></span> 
     </span>
    </p>
   </div>
   <div class='ocr_carea' id='block_1_15' title="bbox 411 1741 1983 1815">
    <p class='ocr_par' dir='ltr' id='par_1_15' title="bbox 411 1741 1983 1815">
     <span class='ocr_line' id='line_1_15' title="bbox 411 1741 1983 1815; baseline -0.001 -14"><span class='ocrx_word' id='word_1_114' title='bbox 411 1746 658 1801; x_wconf 77' lang='lat' dir='ltr'><strong>notitiam</strong></span> <span class='ocrx_word' id='word_1_115' title='bbox 681 1744 890 1801; x_wconf 66' lang='lat' dir='ltr'><strong>Graeca:</strong></span> <span class='ocrx_word' id='word_1_116' title='bbox 926 1746 1121 1815; x_wconf 69' lang='lat' dir='ltr'><strong>lingua:</strong></span> <span class='ocrx_word' id='word_1_117' title='bbox 1152 1759 1257 1800; x_wconf 90' lang='lat' dir='ltr'><strong>non</strong></span> <span class='ocrx_word' id='word_1_118' title='bbox 1274 1743 1446 1799; x_wconf 83' lang='lat' dir='ltr'><strong>fuerit</strong></span> <span class='ocrx_word' id='word_1_119' title='bbox 1496 1751 1795 1799; x_wconf 82' lang='lat' dir='ltr'><strong>assecutus.</strong></span> <span class='ocrx_word' id='word_1_120' title='bbox 1818 1741 1983 1811; x_wconf 72' lang='lat' dir='ltr'><strong>Quod</strong></span> 
     </span>
    </p>
   </div>
   <div class='ocr_carea' id='block_1_16' title="bbox 407 1834 1983 1906">
    <p class='ocr_par' dir='ltr' id='par_1_16' title="bbox 407 1834 1983 1906">
     <span class='ocr_line' id='line_1_16' title="bbox 407 1834 1983 1906; baseline -0.003 -12"><span class='ocrx_word' id='word_1_121' title='bbox 407 1854 473 1894; x_wconf 86' lang='lat' dir='ltr'><strong>eo</strong></span> <span class='ocrx_word' id='word_1_122' title='bbox 496 1838 755 1895; x_wconf 81' lang='lat' dir='ltr'><strong>confirmo</strong></span> <span class='ocrx_word' id='word_1_123' title='bbox 780 1837 1057 1902; x_wconf 80' lang='lat' dir='ltr'><strong>ﬁdentius,</strong></span> <span class='ocrx_word' id='word_1_124' title='bbox 1094 1851 1223 1906; x_wconf 91' lang='lat' dir='ltr'><strong>quo,</strong></span> <span class='ocrx_word' id='word_1_125' title='bbox 1252 1844 1371 1891; x_wconf 87' lang='lat' dir='ltr'><strong>arte</strong></span> <span class='ocrx_word' id='word_1_126' title='bbox 1404 1835 1755 1906; x_wconf 85' lang='lat' dir='ltr'><strong>impresseria</strong></span> <span class='ocrx_word' id='word_1_127' title='bbox 1792 1834 1983 1891; x_wconf 86' lang='lat' dir='ltr'><strong>multi-</strong></span> 
     </span>
    </p>
   </div>
   <div class='ocr_carea' id='block_1_17' title="bbox 2083 834 3663 907">
    <p class='ocr_par' dir='ltr' id='par_1_17' title="bbox 2083 834 3663 907">
     <span class='ocr_line' id='line_1_17' title="bbox 2083 834 3663 907; baseline -0.001 -16"><span class='ocrx_word' id='word_1_128' title='bbox 2083 835 2332 907; x_wconf 81' lang='lat' dir='ltr'><strong>exemplo</strong></span> <span class='ocrx_word' id='word_1_129' title='bbox 2380 844 2512 890; x_wconf 89' lang='lat' dir='ltr'><strong>tunc</strong></span> <span class='ocrx_word' id='word_1_130' title='bbox 2558 835 2917 904; x_wconf 65' lang='lat' dir='ltr'><strong>praesentibus</strong></span> <span class='ocrx_word' id='word_1_131' title='bbox 2969 844 3182 889; x_wconf 65' lang='lat' dir='ltr'><strong>interna:</strong></span> <span class='ocrx_word' id='word_1_132' title='bbox 3228 834 3485 905; x_wconf 83' lang='lat' dir='ltr'><strong>pabulum</strong></span> <span class='ocrx_word' id='word_1_133' title='bbox 3536 834 3663 889; x_wconf 79' lang='lat' dir='ltr'><strong>vitze</strong></span> 
     </span>
    </p>
   </div>
   <div class='ocr_carea' id='block_1_18' title="bbox 2082 926 3665 999">
    <p class='ocr_par' dir='ltr' id='par_1_18' title="bbox 2082 926 3665 999">
     <span class='ocr_line' id='line_1_18' title="bbox 2082 926 3665 999; baseline 0.001 -16"><span class='ocrx_word' id='word_1_134' title='bbox 2082 929 2327 999; x_wconf 66' lang='lat' dir='ltr'><strong>prtehuit,</strong></span> <span class='ocrx_word' id='word_1_135' title='bbox 2353 928 2447 983; x_wconf 90' lang='lat' dir='ltr'><strong>sed</strong></span> <span class='ocrx_word' id='word_1_136' title='bbox 2458 927 2619 981; x_wconf 90' lang='lat' dir='ltr'><strong>etiam</strong></span> <span class='ocrx_word' id='word_1_137' title='bbox 2638 926 2945 997; x_wconf 83' lang='lat' dir='ltr'><strong>posteritati</strong></span> <span class='ocrx_word' id='word_1_138' title='bbox 2968 927 3079 981; x_wconf 85' lang='lat' dir='ltr'><strong>suis</strong></span> <span class='ocrx_word' id='word_1_139' title='bbox 3100 926 3320 996; x_wconf 88' lang='lat' dir='ltr'><strong>scriptis</strong></span> <span class='ocrx_word' id='word_1_140' title='bbox 3341 926 3665 984; x_wconf 83' lang='lat' dir='ltr'><strong>documenta</strong></span> 
     </span>
    </p>
   </div>
   <div class='ocr_carea' id='block_1_19' title="bbox 2085 1015 3667 1087">
    <p class='ocr_par' dir='ltr' id='par_1_19' title="bbox 2085 1015 3667 1087">
     <span class='ocr_line' id='line_1_19' title="bbox 2085 1015 3667 1087; baseline 0.001 -14"><span class='ocrx_word' id='word_1_141' title='bbox 2085 1017 2339 1073; x_wconf 89' lang='lat' dir='ltr'><strong>salutaria</strong></span> <span class='ocrx_word' id='word_1_142' title='bbox 2369 1017 2606 1087; x_wconf 89' lang='lat' dir='ltr'><strong>reliquit.</strong></span> <span class='ocrx_word' id='word_1_143' title='bbox 2635 1017 2774 1071; x_wconf 81' lang='lat' dir='ltr'><strong>Vere</strong></span> <span class='ocrx_word' id='word_1_144' title='bbox 2798 1015 2988 1086; x_wconf 87' lang='lat' dir='ltr'><strong>dignus</strong></span> <span class='ocrx_word' id='word_1_145' title='bbox 3012 1024 3113 1081; x_wconf 90' lang='lat' dir='ltr'><strong>est,</strong></span> <span class='ocrx_word' id='word_1_146' title='bbox 3161 1016 3313 1087; x_wconf 84' lang='lat' dir='ltr'><strong>cujus</strong></span> <span class='ocrx_word' id='word_1_147' title='bbox 3342 1018 3396 1071; x_wconf 91' lang='lat' dir='ltr'><strong>in</strong></span> <span class='ocrx_word' id='word_1_148' title='bbox 3442 1019 3667 1075; x_wconf 57' lang='lat' dir='ltr'><strong>benedic</strong></span> 
     </span>
    </p>
   </div>
   <div class='ocr_carea' id='block_1_20' title="bbox 2085 1106 3663 1177">
    <p class='ocr_par' dir='ltr' id='par_1_20' title="bbox 2085 1106 3663 1177">
     <span class='ocr_line' id='line_1_20' title="bbox 2085 1106 3663 1177; baseline 0.002 -14"><span class='ocrx_word' id='word_1_149' title='bbox 2085 1107 2357 1164; x_wconf 91' lang='lat' dir='ltr'><strong>ctionibus</strong></span> <span class='ocrx_word' id='word_1_150' title='bbox 2384 1108 2700 1162; x_wconf 85' lang='lat' dir='ltr'><strong>memoriam</strong></span> <span class='ocrx_word' id='word_1_151' title='bbox 2725 1108 2962 1163; x_wconf 85' lang='lat' dir='ltr'><strong>celebret</strong></span> <span class='ocrx_word' id='word_1_152' title='bbox 2997 1106 3172 1162; x_wconf 92' lang='lat' dir='ltr'><strong>omnis</strong></span> <span class='ocrx_word' id='word_1_153' title='bbox 3199 1122 3295 1177; x_wconf 88' lang='lat' dir='ltr'><strong>per</strong></span> <span class='ocrx_word' id='word_1_154' title='bbox 3314 1106 3663 1165; x_wconf 83' lang='lat' dir='ltr'><strong>Germaniam</strong></span> 
     </span>
    </p>
   </div>
   <div class='ocr_carea' id='block_1_21' title="bbox 2084 1196 3666 1270">
    <p class='ocr_par' dir='ltr' id='par_1_21' title="bbox 2084 1196 3666 1270">
     <span class='ocr_line' id='line_1_21' title="bbox 2084 1196 3666 1270; baseline 0.001 -18"><span class='ocrx_word' id='word_1_155' title='bbox 2084 1199 2393 1269; x_wconf 90' lang='lat' dir='ltr'><strong>posteritas,</strong></span> <span class='ocrx_word' id='word_1_156' title='bbox 2423 1212 2521 1266; x_wconf 88' lang='lat' dir='ltr'><strong>per</strong></span> <span class='ocrx_word' id='word_1_157' title='bbox 2548 1213 2710 1267; x_wconf 90' lang='lat' dir='ltr'><strong>quem</strong></span> <span class='ocrx_word' id='word_1_158' title='bbox 2751 1198 2905 1251; x_wconf 88' lang='lat' dir='ltr'><strong>nobis</strong></span> <span class='ocrx_word' id='word_1_159' title='bbox 2932 1202 3082 1250; x_wconf 87' lang='lat' dir='ltr'><strong>tanta</strong></span> <span class='ocrx_word' id='word_1_160' title='bbox 3108 1196 3306 1251; x_wconf 89' lang='lat' dir='ltr'><strong>mentis</strong></span> <span class='ocrx_word' id='word_1_161' title='bbox 3334 1206 3389 1251; x_wconf 91' lang='lat' dir='ltr'><strong>et</strong></span> <span class='ocrx_word' id='word_1_162' title='bbox 3420 1201 3666 1270; x_wconf 89' lang='lat' dir='ltr'><strong>corporis</strong></span> 
     </span>
    </p>
   </div>
   <div class='ocr_carea' id='block_1_22' title="bbox 2082 1285 3665 1359">
    <p class='ocr_par' dir='ltr' id='par_1_22' title="bbox 2082 1285 3665 1359">
     <span class='ocr_line' id='line_1_22' title="bbox 2082 1285 3665 1359; baseline 0.001 -16"><span class='ocrx_word' id='word_1_163' title='bbox 2082 1287 2333 1359; x_wconf 91' lang='lat' dir='ltr'><strong>provenit</strong></span> <span class='ocrx_word' id='word_1_164' title='bbox 2367 1288 2595 1344; x_wconf 91' lang='lat' dir='ltr'><strong>utilitas.</strong></span> <span class='ocrx_word' id='word_1_165' title='bbox 2626 1287 2815 1342; x_wconf 82' lang='lat' dir='ltr'><strong>Fidem</strong></span> <span class='ocrx_word' id='word_1_166' title='bbox 2832 1285 3040 1342; x_wconf 76' lang='lat' dir='ltr'><strong>Christi</strong></span> <span class='ocrx_word' id='word_1_167' title='bbox 3069 1287 3424 1342; x_wconf 82' lang='lat' dir='ltr'><strong>orthodoxam</strong></span> <span class='ocrx_word' id='word_1_168' title='bbox 3452 1304 3665 1344; x_wconf 89' lang='lat' dir='ltr'><strong>summa</strong></span> 
     </span>
    </p>
   </div>
   <div class='ocr_carea' id='block_1_23' title="bbox 2085 1376 3668 1447">
    <p class='ocr_par' dir='ltr' id='par_1_23' title="bbox 2085 1376 3668 1447">
     <span class='ocr_line' id='line_1_23' title="bbox 2085 1376 3668 1447; baseline 0.001 -15"><span class='ocrx_word' id='word_1_169' title='bbox 2085 1392 2209 1432; x_wconf 91' lang='lat' dir='ltr'><strong>cum</strong></span> <span class='ocrx_word' id='word_1_170' title='bbox 2238 1377 2521 1434; x_wconf 82' lang='lat' dir='ltr'><strong>alacritate</strong></span> <span class='ocrx_word' id='word_1_171' title='bbox 2557 1392 2768 1447; x_wconf 86' lang='lat' dir='ltr'><strong>semper</strong></span> <span class='ocrx_word' id='word_1_172' title='bbox 2797 1376 2999 1441; x_wconf 91' lang='lat' dir='ltr'><strong>docuit,</strong></span> <span class='ocrx_word' id='word_1_173' title='bbox 3029 1391 3241 1431; x_wconf 87' lang='lat' dir='ltr'><strong>sacram</strong></span> <span class='ocrx_word' id='word_1_174' title='bbox 3265 1378 3490 1432; x_wconf 87' lang='lat' dir='ltr'><strong>enodem</strong></span> <span class='ocrx_word' id='word_1_175' title='bbox 3521 1378 3668 1433; x_wconf 91' lang='lat' dir='ltr'><strong>Scri-</strong></span> 
     </span>
    </p>
   </div>
   <div class='ocr_carea' id='block_1_24' title="bbox 2082 1467 3668 1543">
    <p class='ocr_par' dir='ltr' id='par_1_24' title="bbox 2082 1467 3668 1543">
     <span class='ocr_line' id='line_1_24' title="bbox 2082 1467 3668 1543; baseline 0.005 -24"><span class='ocrx_word' id='word_1_176' title='bbox 2082 1474 2298 1535; x_wconf 83' lang='lat' dir='ltr'><strong>pturam</strong></span> <span class='ocrx_word' id='word_1_177' title='bbox 2326 1467 2467 1536; x_wconf 89' lang='lat' dir='ltr'><strong>apud</strong></span> <span class='ocrx_word' id='word_1_178' title='bbox 2495 1468 2794 1522; x_wconf 81' lang='lat' dir='ltr'><strong>Germanos</strong></span> <span class='ocrx_word' id='word_1_179' title='bbox 2816 1469 3025 1538; x_wconf 88' lang='lat' dir='ltr'><strong>primus</strong></span> <span class='ocrx_word' id='word_1_180' title='bbox 3058 1469 3312 1536; x_wconf 83' lang='lat' dir='ltr'><strong>reddidit,</strong></span> <span class='ocrx_word' id='word_1_181' title='bbox 3342 1472 3508 1526; x_wconf 91' lang='lat' dir='ltr'><strong>vitam</strong></span> <span class='ocrx_word' id='word_1_182' title='bbox 3540 1488 3668 1543; x_wconf 86' lang='lat' dir='ltr'><strong>apo-</strong></span> 
     </span>
    </p>
   </div>
   <div class='ocr_carea' id='block_1_25' title="bbox 2085 1560 3671 1639">
    <p class='ocr_par' dir='ltr' id='par_1_25' title="bbox 2085 1560 3671 1639">
     <span class='ocr_line' id='line_1_25' title="bbox 2085 1560 3671 1639; baseline 0.003 -25"><span class='ocrx_word' id='word_1_183' title='bbox 2085 1560 2331 1614; x_wconf 88' lang='lat' dir='ltr'><strong>stolicam</strong></span> <span class='ocrx_word' id='word_1_184' title='bbox 2344 1562 2546 1615; x_wconf 88' lang='lat' dir='ltr'><strong>ducens</strong></span> <span class='ocrx_word' id='word_1_185' title='bbox 2566 1561 2902 1630; x_wconf 88' lang='lat' dir='ltr'><strong>perniciosos</strong></span> <span class='ocrx_word' id='word_1_186' title='bbox 2917 1562 3293 1639; x_wconf 71' lang='lat' dir='ltr'><strong>hteretieorum</strong></span> <span class='ocrx_word' id='word_1_187' title='bbox 3316 1578 3671 1619; x_wconf 82' lang='lat' dir='ltr'><strong>errorescon-</strong></span> 
     </span>
    </p>
   </div>
   <div class='ocr_carea' id='block_1_26' title="bbox 2084 1650 3671 1724">
    <p class='ocr_par' dir='ltr' id='par_1_26' title="bbox 2084 1650 3671 1724">
     <span class='ocr_line' id='line_1_26' title="bbox 2084 1650 3671 1724; baseline 0.005 -22"><span class='ocrx_word' id='word_1_188' title='bbox 2084 1650 2420 1705; x_wconf 89' lang='lat' dir='ltr'><strong>stantissima</strong></span> <span class='ocrx_word' id='word_1_189' title='bbox 2462 1651 2671 1705; x_wconf 90' lang='lat' dir='ltr'><strong>ratione</strong></span> <span class='ocrx_word' id='word_1_190' title='bbox 2699 1650 3018 1706; x_wconf 86' lang='lat' dir='ltr'><strong>confutavit.</strong></span> <span class='ocrx_word' id='word_1_191' title='bbox 3046 1650 3310 1724; x_wconf 85' lang='lat' dir='ltr'><strong>Denique,</strong></span> <span class='ocrx_word' id='word_1_192' title='bbox 3340 1654 3481 1709; x_wconf 83' lang='lat' dir='ltr'><strong>sicut</strong></span> <span class='ocrx_word' id='word_1_193' title='bbox 3503 1655 3554 1709; x_wconf 91' lang='lat' dir='ltr'><strong>in</strong></span> <span class='ocrx_word' id='word_1_194' title='bbox 3579 1670 3671 1710; x_wconf 86' lang='lat' dir='ltr'><strong>su-</strong></span> 
     </span>
    </p>
   </div>
   <div class='ocr_carea' id='block_1_27' title="bbox 2085 1739 3668 1815">
    <p class='ocr_par' dir='ltr' id='par_1_27' title="bbox 2085 1739 3668 1815">
     <span class='ocr_line' id='line_1_27' title="bbox 2085 1739 3668 1815; baseline 0.006 -22"><span class='ocrx_word' id='word_1_195' title='bbox 2085 1739 2391 1810; x_wconf 89' lang='lat' dir='ltr'><strong>perioribus</strong></span> <span class='ocrx_word' id='word_1_196' title='bbox 2435 1749 2519 1796; x_wconf 82' lang='lat' dir='ltr'><strong>est</strong></span> <span class='ocrx_word' id='word_1_197' title='bbox 2564 1742 2788 1807; x_wconf 87' lang='lat' dir='ltr'><strong>dictum,</strong></span> <span class='ocrx_word' id='word_1_198' title='bbox 2818 1742 3030 1813; x_wconf 88' lang='lat' dir='ltr'><strong>primus</strong></span> <span class='ocrx_word' id='word_1_199' title='bbox 3063 1743 3305 1798; x_wconf 91' lang='lat' dir='ltr'><strong>omnium</strong></span> <span class='ocrx_word' id='word_1_200' title='bbox 3337 1746 3477 1815; x_wconf 89' lang='lat' dir='ltr'><strong>apud</strong></span> <span class='ocrx_word' id='word_1_201' title='bbox 3528 1745 3668 1802; x_wconf 88' lang='lat' dir='ltr'><strong>Ger-</strong></span> 
     </span>
    </p>
   </div>
   <div class='ocr_carea' id='block_1_28' title="bbox 2088 1831 3669 1904">
    <p class='ocr_par' dir='ltr' id='par_1_28' title="bbox 2088 1831 3669 1904">
     <span class='ocr_line' id='line_1_28' title="bbox 2088 1831 3669 1904; baseline 0.006 -19"><span class='ocrx_word' id='word_1_202' title='bbox 2088 1846 2277 1887; x_wconf 86' lang='lat' dir='ltr'><strong>manes</strong></span> <span class='ocrx_word' id='word_1_203' title='bbox 2324 1831 2593 1902; x_wconf 88' lang='lat' dir='ltr'><strong>publicam</strong></span> <span class='ocrx_word' id='word_1_204' title='bbox 2648 1834 3033 1889; x_wconf 90' lang='lat' dir='ltr'><strong>monachorum</strong></span> <span class='ocrx_word' id='word_1_205' title='bbox 3089 1834 3329 1890; x_wconf 87' lang='lat' dir='ltr'><strong>scholam</strong></span> <span class='ocrx_word' id='word_1_206' title='bbox 3376 1839 3566 1904; x_wconf 93' lang='lat' dir='ltr'><strong>tenuit,</strong></span> <span class='ocrx_word' id='word_1_207' title='bbox 3612 1839 3669 1896; x_wconf 91' lang='lat' dir='ltr'><strong>in</strong></span> 
     </span>
    </p>
   </div>
   <div class='ocr_carea' id='block_1_29' title="bbox 409 1910 3674 2001">
    <p class='ocr_par' dir='ltr' id='par_1_29' title="bbox 409 1910 3674 2001">
     <span class='ocr_line' id='line_1_29' title="bbox 409 1910 3674 2001; baseline 0.001 -16"><span class='ocrx_word' id='word_1_208' title='bbox 409 1933 621 2001; x_wconf 78' lang='lat' dir='ltr'><strong>plicatis</strong></span> <span class='ocrx_word' id='word_1_209' title='bbox 647 1931 807 1987; x_wconf 90' lang='lat' dir='ltr'><strong>hodie</strong></span> <span class='ocrx_word' id='word_1_210' title='bbox 829 1929 1031 1985; x_wconf 86' lang='lat' dir='ltr'><strong>Graecis</strong></span> <span class='ocrx_word' id='word_1_211' title='bbox 1064 1928 1447 1994; x_wconf 87' lang='lat' dir='ltr'><strong>voluminibus,</strong></span> <span class='ocrx_word' id='word_1_212' title='bbox 1466 1937 1522 1983; x_wconf 92' lang='lat' dir='ltr'><strong>et</strong></span> <span class='ocrx_word' id='word_1_213' title='bbox 1550 1929 1665 1997; x_wconf 88' lang='lat' dir='ltr'><strong>ipse</strong></span> <span class='ocrx_word' id='word_1_214' title='bbox 1702 1926 1802 1983; x_wconf 91' lang='lat' dir='ltr'><strong>sub</strong></span> <span class='ocrx_word' id='word_1_215' title='bbox 1826 1927 1983 1983; x_wconf 89' lang='lat' dir='ltr'><strong>bonis</strong></span> <span class='ocrx_word' id='word_1_216' title='bbox 2004 1910 2058 1970; x_wconf 74' lang='grc' dir='ltr'><strong><em>Ἡ</em></strong></span> <span class='ocrx_word' id='word_1_217' title='bbox 2085 1942 2190 1998; x_wconf 91' lang='lat' dir='ltr'><strong>qua</strong></span> <span class='ocrx_word' id='word_1_218' title='bbox 2226 1944 2331 1983; x_wconf 92' lang='lat' dir='ltr'><strong>non</strong></span> <span class='ocrx_word' id='word_1_219' title='bbox 2358 1927 2530 1983; x_wconf 85' lang='lat' dir='ltr'><strong>solum</strong></span> <span class='ocrx_word' id='word_1_220' title='bbox 2557 1928 2872 1984; x_wconf 89' lang='lat' dir='ltr'><strong>claustrales</strong></span> <span class='ocrx_word' id='word_1_221' title='bbox 2903 1969 2919 1995; x_wconf 92' lang='lat'><strong>,</strong></span> <span class='ocrx_word' id='word_1_222' title='bbox 2949 1928 3044 1984; x_wconf 89' lang='lat' dir='ltr'><strong>sed</strong></span> <span class='ocrx_word' id='word_1_223' title='bbox 3092 1929 3276 1998; x_wconf 91' lang='lat' dir='ltr'><strong>plures</strong></span> <span class='ocrx_word' id='word_1_224' title='bbox 3313 1931 3475 1985; x_wconf 89' lang='lat' dir='ltr'><strong>etiam</strong></span> <span class='ocrx_word' id='word_1_225' title='bbox 3503 1947 3674 1989; x_wconf 88' lang='lat' dir='ltr'><strong>saecu-</strong></span> 
     </span>
    </p>
   </div>
   <div class='ocr_carea' id='block_1_30' title="bbox 411 2019 3672 2093">
    <p class='ocr_par' dir='ltr' id='par_1_30' title="bbox 411 2019 3672 2093">
     <span class='ocr_line' id='line_1_30' title="bbox 411 2019 3672 2093; baseline 0 -15"><span class='ocrx_word' id='word_1_226' title='bbox 411 2022 832 2093; x_wconf 85' lang='lat' dir='ltr'><strong>praeceptoribus</strong></span> <span class='ocrx_word' id='word_1_227' title='bbox 870 2021 1400 2092; x_wconf 86' lang='lat' dir='ltr'><strong>quantulamcunque</strong></span> <span class='ocrx_word' id='word_1_228' title='bbox 1454 2021 1678 2091; x_wconf 82' lang='lat' dir='ltr'><strong>hujusce</strong></span> <span class='ocrx_word' id='word_1_229' title='bbox 1718 2020 1990 2075; x_wconf 88' lang='lat' dir='ltr'><strong>sermonis</strong></span> <span class='ocrx_word' id='word_1_230' title='bbox 2089 2019 2220 2075; x_wconf 86' lang='lat' dir='ltr'><strong>laris</strong></span> <span class='ocrx_word' id='word_1_231' title='bbox 2256 2020 2379 2073; x_wconf 78' lang='lat' dir='ltr'><strong>vita:</strong></span> <span class='ocrx_word' id='word_1_232' title='bbox 2419 2020 2664 2076; x_wconf 90' lang='lat' dir='ltr'><strong>homines</strong></span> <span class='ocrx_word' id='word_1_233' title='bbox 2719 2019 2906 2075; x_wconf 88' lang='lat' dir='ltr'><strong>habuit</strong></span> <span class='ocrx_word' id='word_1_234' title='bbox 2955 2020 3248 2077; x_wconf 84' lang='lat' dir='ltr'><strong>auditores.</strong></span> <span class='ocrx_word' id='word_1_235' title='bbox 3311 2022 3371 2077; x_wconf 91' lang='lat' dir='ltr'><strong>in</strong></span> <span class='ocrx_word' id='word_1_236' title='bbox 3427 2024 3672 2080; x_wconf 83' lang='lat' dir='ltr'><strong>ministe-</strong></span> 
     </span>
    </p>
   </div>
   <div class='ocr_carea' id='block_1_31' title="bbox 412 2107 3672 2183">
    <p class='ocr_par' dir='ltr' id='par_1_31' title="bbox 412 2107 3672 2183">
     <span class='ocr_line' id='line_1_31' title="bbox 412 2107 3672 2183; baseline 0.001 -20"><span class='ocrx_word' id='word_1_237' title='bbox 412 2112 819 2183; x_wconf 80' lang='lat' dir='ltr'><strong>intelligentiam</strong></span> <span class='ocrx_word' id='word_1_238' title='bbox 866 2111 1215 2182; x_wconf 81' lang='lat' dir='ltr'><strong>apprehendi.</strong></span> <span class='ocrx_word' id='word_1_239' title='bbox 1263 2110 1399 2165; x_wconf 85' lang='lat' dir='ltr'><strong>Nam</strong></span> <span class='ocrx_word' id='word_1_240' title='bbox 1460 2110 1621 2165; x_wconf 86' lang='lat' dir='ltr'><strong>sicuti</strong></span> <span class='ocrx_word' id='word_1_241' title='bbox 1660 2108 1877 2165; x_wconf 82' lang='lat' dir='ltr'><strong>rivulus</strong></span> <span class='ocrx_word' id='word_1_242' title='bbox 1918 2123 1986 2163; x_wconf 81' lang='lat' dir='ltr'><strong>ex</strong></span> <span class='ocrx_word' id='word_1_243' title='bbox 2086 2108 2230 2163; x_wconf 83' lang='lat' dir='ltr'><strong>rium</strong></span> <span class='ocrx_word' id='word_1_244' title='bbox 2276 2108 2582 2163; x_wconf 87' lang='lat' dir='ltr'><strong>divinarum</strong></span> <span class='ocrx_word' id='word_1_245' title='bbox 2633 2107 3036 2178; x_wconf 85' lang='lat' dir='ltr'><strong>Scripturarum</strong></span> <span class='ocrx_word' id='word_1_246' title='bbox 3097 2110 3355 2167; x_wconf 89' lang='lat' dir='ltr'><strong>scientias</strong></span> <span class='ocrx_word' id='word_1_247' title='bbox 3404 2114 3672 2168; x_wconf 85' lang='lat' dir='ltr'><strong>convertit</strong></span> 
     </span>
    </p>
   </div>
   <div class='ocr_carea' id='block_1_32' title="bbox 410 2198 3669 2274">
    <p class='ocr_par' dir='ltr' id='par_1_32' title="bbox 410 2198 3669 2274">
     <span class='ocr_line' id='line_1_32' title="bbox 410 2198 3669 2274; baseline 0.001 -15"><span class='ocrx_word' id='word_1_248' title='bbox 410 2204 581 2269; x_wconf 75' lang='lat' dir='ltr'><strong>fonte,</strong></span> <span class='ocrx_word' id='word_1_249' title='bbox 609 2203 684 2258; x_wconf 81' lang='lat' dir='ltr'><strong>ita</strong></span> <span class='ocrx_word' id='word_1_250' title='bbox 723 2216 786 2257; x_wconf 84' lang='lat' dir='ltr'><strong>ex</strong></span> <span class='ocrx_word' id='word_1_251' title='bbox 834 2202 1010 2274; x_wconf 79' lang='lat' dir='ltr'><strong>lingua</strong></span> <span class='ocrx_word' id='word_1_252' title='bbox 1051 2201 1237 2257; x_wconf 56' lang='lat' dir='ltr'><strong>Graeca</strong></span> <span class='ocrx_word' id='word_1_253' title='bbox 1263 2200 1456 2257; x_wconf 86' lang='lat' dir='ltr'><strong>Latina</strong></span> <span class='ocrx_word' id='word_1_254' title='bbox 1488 2198 1787 2257; x_wconf 85' lang='lat' dir='ltr'><strong>descendit.</strong></span> <span class='ocrx_word' id='word_1_255' title='bbox 1832 2199 1989 2267; x_wconf 83' lang='lat' dir='ltr'><strong>Quis-</strong></span> <span class='ocrx_word' id='word_1_256' title='bbox 2091 2200 2415 2257; x_wconf 74' lang='lat' dir='ltr'><strong>szeeulares:</strong></span> <span class='ocrx_word' id='word_1_257' title='bbox 2448 2209 2523 2267; x_wconf 89' lang='lat' dir='ltr'><strong>et,</strong></span> <span class='ocrx_word' id='word_1_258' title='bbox 2553 2200 2713 2256; x_wconf 77' lang='lat' dir='ltr'><strong>veiuti</strong></span> <span class='ocrx_word' id='word_1_259' title='bbox 2739 2200 2997 2256; x_wconf 89' lang='lat' dir='ltr'><strong>Socrates</strong></span> <span class='ocrx_word' id='word_1_260' title='bbox 3025 2201 3183 2270; x_wconf 90' lang='lat' dir='ltr'><strong>alter,</strong></span> <span class='ocrx_word' id='word_1_261' title='bbox 3211 2210 3439 2258; x_wconf 88' lang='lat' dir='ltr'><strong>tractam</strong></span> <span class='ocrx_word' id='word_1_262' title='bbox 3472 2220 3502 2260; x_wconf 91' lang='lat' dir='ltr'><strong>e</strong></span> <span class='ocrx_word' id='word_1_263' title='bbox 3529 2205 3669 2261; x_wconf 70' lang='lat' dir='ltr'><strong>coelo</strong></span> 
     </span>
    </p>
   </div>
   <div class='ocr_carea' id='block_1_33' title="bbox 411 2290 3669 2367">
    <p class='ocr_par' dir='ltr' id='par_1_33' title="bbox 411 2290 3669 2367">
     <span class='ocr_line' id='line_1_33' title="bbox 411 2290 3669 2367; baseline 0 -16"><span class='ocrx_word' id='word_1_264' title='bbox 411 2297 532 2367; x_wconf 86' lang='lat' dir='ltr'><strong>quis</strong></span> <span class='ocrx_word' id='word_1_265' title='bbox 552 2311 683 2367; x_wconf 85' lang='lat' dir='ltr'><strong>ergo</strong></span> <span class='ocrx_word' id='word_1_266' title='bbox 708 2296 1127 2353; x_wconf 80' lang='lat' dir='ltr'><strong>fontisnotitiam</strong></span> <span class='ocrx_word' id='word_1_267' title='bbox 1142 2295 1388 2366; x_wconf 87' lang='lat' dir='ltr'><strong>despicit,</strong></span> <span class='ocrx_word' id='word_1_268' title='bbox 1417 2296 1523 2351; x_wconf 86' lang='lat' dir='ltr'><strong>vim</strong></span> <span class='ocrx_word' id='word_1_269' title='bbox 1538 2295 1988 2366; x_wconf 80' lang='lat' dir='ltr'><strong>etproprietatem</strong></span> <span class='ocrx_word' id='word_1_270' title='bbox 2080 2290 2489 2362; x_wconf 81' lang='lat' dir='ltr'><strong>philosophiam</strong></span> <span class='ocrx_word' id='word_1_271' title='bbox 2532 2291 2586 2346; x_wconf 87' lang='lat' dir='ltr'><strong>in</strong></span> <span class='ocrx_word' id='word_1_272' title='bbox 2625 2291 2862 2348; x_wconf 88' lang='lat' dir='ltr'><strong>ethicam</strong></span> <span class='ocrx_word' id='word_1_273' title='bbox 2897 2294 3317 2361; x_wconf 88' lang='lat' dir='ltr'><strong>transmutavit;</strong></span> <span class='ocrx_word' id='word_1_274' title='bbox 3363 2304 3669 2367; x_wconf 89' lang='lat' dir='ltr'><strong>propterea,</strong></span> 
     </span>
    </p>
   </div>
   <div class='ocr_carea' id='block_1_34' title="bbox 412 2383 3668 2458">
    <p class='ocr_par' dir='ltr' id='par_1_34' title="bbox 412 2383 3668 2458">
     <span class='ocr_line' id='line_1_34' title="bbox 412 2383 3668 2458; baseline 0.001 -16"><span class='ocrx_word' id='word_1_275' title='bbox 412 2387 592 2453; x_wconf 87' lang='lat' dir='ltr'><strong>rivuli,</strong></span> <span class='ocrx_word' id='word_1_276' title='bbox 623 2387 998 2458; x_wconf 77' lang='lat' dir='ltr'><strong>poenio-cujus</strong></span> <span class='ocrx_word' id='word_1_277' title='bbox 1042 2387 1233 2452; x_wconf 90' lang='lat' dir='ltr'><strong>utitur,</strong></span> <span class='ocrx_word' id='word_1_278' title='bbox 1259 2387 1484 2441; x_wconf 88' lang='lat' dir='ltr'><strong>minime</strong></span> <span class='ocrx_word' id='word_1_279' title='bbox 1526 2385 1823 2457; x_wconf 84' lang='lat' dir='ltr'><strong>cognoscit.</strong></span> <span class='ocrx_word' id='word_1_280' title='bbox 1860 2383 1988 2439; x_wconf 84' lang='lat' dir='ltr'><strong>Jure</strong></span> <span class='ocrx_word' id='word_1_281' title='bbox 2083 2392 2151 2438; x_wconf 80' lang='lat' dir='ltr'><strong>ut</strong></span> <span class='ocrx_word' id='word_1_282' title='bbox 2172 2396 2258 2438; x_wconf 88' lang='lat' dir='ltr'><strong>me</strong></span> <span class='ocrx_word' id='word_1_283' title='bbox 2287 2383 2488 2440; x_wconf 79' lang='lat' dir='ltr'><strong>dixisse</strong></span> <span class='ocrx_word' id='word_1_284' title='bbox 2515 2384 2761 2451; x_wconf 91' lang='lat' dir='ltr'><strong>memini,</strong></span> <span class='ocrx_word' id='word_1_285' title='bbox 2794 2385 3068 2441; x_wconf 88' lang='lat' dir='ltr'><strong>auditores</strong></span> <span class='ocrx_word' id='word_1_286' title='bbox 3098 2402 3227 2442; x_wconf 92' lang='lat' dir='ltr'><strong>suos</strong></span> <span class='ocrx_word' id='word_1_287' title='bbox 3256 2387 3308 2441; x_wconf 91' lang='lat' dir='ltr'><strong>in</strong></span> <span class='ocrx_word' id='word_1_288' title='bbox 3355 2389 3501 2443; x_wconf 88' lang='lat' dir='ltr'><strong>omni</strong></span> <span class='ocrx_word' id='word_1_289' title='bbox 3569 2389 3668 2445; x_wconf 86' lang='lat' dir='ltr'><strong>do-</strong></span> 
     </span>
    </p>
   </div>
   <div class='ocr_carea' id='block_1_35' title="bbox 414 2473 3674 2549">
    <p class='ocr_par' dir='ltr' id='par_1_35' title="bbox 414 2473 3674 2549">
     <span class='ocr_line' id='line_1_35' title="bbox 414 2473 3674 2549; baseline 0.002 -19"><span class='ocrx_word' id='word_1_290' title='bbox 414 2476 576 2547; x_wconf 81' lang='lat' dir='ltr'><strong>igitur</strong></span> <span class='ocrx_word' id='word_1_291' title='bbox 593 2476 770 2532; x_wconf 84' lang='lat' dir='ltr'><strong>omnis</strong></span> <span class='ocrx_word' id='word_1_292' title='bbox 784 2474 1071 2533; x_wconf 86' lang='lat' dir='ltr'><strong>Germania</strong></span> <span class='ocrx_word' id='word_1_293' title='bbox 1094 2475 1253 2529; x_wconf 83' lang='lat' dir='ltr'><strong>simul</strong></span> <span class='ocrx_word' id='word_1_294' title='bbox 1274 2484 1330 2529; x_wconf 92' lang='lat' dir='ltr'><strong>et</strong></span> <span class='ocrx_word' id='word_1_295' title='bbox 1356 2473 1527 2530; x_wconf 88' lang='lat' dir='ltr'><strong>Gallia</strong></span> <span class='ocrx_word' id='word_1_296' title='bbox 1551 2474 1820 2543; x_wconf 79' lang='lat' dir='ltr'><strong>tripartite</strong></span> <span class='ocrx_word' id='word_1_297' title='bbox 1844 2474 1990 2528; x_wconf 78' lang='lat' dir='ltr'><strong>hunc</strong></span> <span class='ocrx_word' id='word_1_298' title='bbox 2090 2474 2265 2529; x_wconf 85' lang='lat' dir='ltr'><strong>ctrina</strong></span> <span class='ocrx_word' id='word_1_299' title='bbox 2278 2474 2593 2529; x_wconf 68' lang='lat' dir='ltr'><strong>litteraturae</strong></span> <span class='ocrx_word' id='word_1_300' title='bbox 2608 2475 2883 2531; x_wconf 71' lang='lat' dir='ltr'><strong>szecularis</strong></span> <span class='ocrx_word' id='word_1_301' title='bbox 2895 2476 2961 2531; x_wconf 88' lang='lat' dir='ltr'><strong>ad</strong></span> <span class='ocrx_word' id='word_1_302' title='bbox 2974 2476 3190 2547; x_wconf 89' lang='lat' dir='ltr'><strong>plenum</strong></span> <span class='ocrx_word' id='word_1_303' title='bbox 3205 2477 3461 2544; x_wconf 89' lang='lat' dir='ltr'><strong>instituit,</strong></span> <span class='ocrx_word' id='word_1_304' title='bbox 3474 2494 3674 2549; x_wconf 85' lang='lat' dir='ltr'><strong>eosque</strong></span> 
     </span>
    </p>
   </div>
   <div class='ocr_carea' id='block_1_36' title="bbox 413 2560 3672 2638">
    <p class='ocr_par' dir='ltr' id='par_1_36' title="bbox 413 2560 3672 2638">
     <span class='ocr_line' id='line_1_36' title="bbox 413 2560 3672 2638; baseline 0.002 -19"><span class='ocrx_word' id='word_1_305' title='bbox 413 2564 789 2621; x_wconf 86' lang='lat' dir='ltr'><strong>beatissimum</strong></span> <span class='ocrx_word' id='word_1_306' title='bbox 820 2565 1092 2620; x_wconf 86' lang='lat' dir='ltr'><strong>doctorem</strong></span> <span class='ocrx_word' id='word_1_307' title='bbox 1125 2573 1415 2619; x_wconf 85' lang='lat' dir='ltr'><strong>veneratur</strong></span> <span class='ocrx_word' id='word_1_308' title='bbox 1444 2560 1749 2629; x_wconf 81' lang='lat' dir='ltr'><strong>Rabanum,</strong></span> <span class='ocrx_word' id='word_1_309' title='bbox 1774 2573 1839 2617; x_wconf 81' lang='lat' dir='ltr'><strong>ut</strong></span> <span class='ocrx_word' id='word_1_310' title='bbox 1862 2564 1988 2617; x_wconf 87' lang='lat' dir='ltr'><strong>uni-</strong></span> <span class='ocrx_word' id='word_1_311' title='bbox 2101 2565 2370 2636; x_wconf 86' lang='lat' dir='ltr'><strong>imprimis</strong></span> <span class='ocrx_word' id='word_1_312' title='bbox 2409 2568 2810 2638; x_wconf 81' lang='lat' dir='ltr'><strong>grammaticos,</strong></span> <span class='ocrx_word' id='word_1_313' title='bbox 2844 2568 3175 2635; x_wconf 89' lang='lat' dir='ltr'><strong>dialecticos,</strong></span> <span class='ocrx_word' id='word_1_314' title='bbox 3210 2569 3473 2638; x_wconf 88' lang='lat' dir='ltr'><strong>rhetores,</strong></span> <span class='ocrx_word' id='word_1_315' title='bbox 3501 2571 3672 2626; x_wconf 84' lang='lat' dir='ltr'><strong>arith-</strong></span> 
     </span>
    </p>
   </div>
   <div class='ocr_carea' id='block_1_37' title="bbox 416 2652 3671 2734">
    <p class='ocr_par' dir='ltr' id='par_1_37' title="bbox 416 2652 3671 2734">
     <span class='ocr_line' id='line_1_37' title="bbox 416 2652 3671 2734; baseline 0.003 -25"><span class='ocrx_word' id='word_1_316' title='bbox 416 2671 541 2710; x_wconf 88' lang='lat' dir='ltr'><strong>cum</strong></span> <span class='ocrx_word' id='word_1_317' title='bbox 569 2656 735 2710; x_wconf 89' lang='lat' dir='ltr'><strong>totius</strong></span> <span class='ocrx_word' id='word_1_318' title='bbox 751 2655 1072 2710; x_wconf 89' lang='lat' dir='ltr'><strong>eruditionis</strong></span> <span class='ocrx_word' id='word_1_319' title='bbox 1089 2654 1389 2725; x_wconf 86' lang='lat' dir='ltr'><strong>principem</strong></span> <span class='ocrx_word' id='word_1_320' title='bbox 1417 2671 1429 2707; x_wconf 88' lang='lat'>:</span> <span class='ocrx_word' id='word_1_321' title='bbox 1454 2668 1484 2708; x_wconf 89' lang='lat' dir='ltr'><strong>a</strong></span> <span class='ocrx_word' id='word_1_322' title='bbox 1509 2661 1687 2723; x_wconf 90' lang='lat' dir='ltr'><strong>quoet</strong></span> <span class='ocrx_word' id='word_1_323' title='bbox 1707 2652 1991 2723; x_wconf 80' lang='lat' dir='ltr'><strong>pontifices</strong></span> <span class='ocrx_word' id='word_1_324' title='bbox 2082 2660 2337 2725; x_wconf 85' lang='lat' dir='ltr'><strong>meticos,</strong></span> <span class='ocrx_word' id='word_1_325' title='bbox 2393 2667 2717 2729; x_wconf 80' lang='lat' dir='ltr'><strong>geometras,</strong></span> <span class='ocrx_word' id='word_1_326' title='bbox 2763 2669 3139 2733; x_wconf 51' lang='lat' dir='ltr'><strong>astronontos,</strong></span> <span class='ocrx_word' id='word_1_327' title='bbox 3180 2663 3414 2718; x_wconf 90' lang='lat' dir='ltr'><strong>musicos</strong></span> <span class='ocrx_word' id='word_1_328' title='bbox 3431 2704 3446 2729; x_wconf 92' lang='lat'><strong>,</strong></span> <span class='ocrx_word' id='word_1_329' title='bbox 3507 2672 3671 2734; x_wconf 88' lang='lat' dir='ltr'><strong>atque</strong></span> 
     </span>
    </p>
   </div>
   <div class='ocr_carea' id='block_1_38' title="bbox 413 2741 1992 2822">
    <p class='ocr_par' dir='ltr' id='par_1_38' title="bbox 413 2741 1990 2814">
     <span class='ocr_line' id='line_1_38' title="bbox 413 2741 1990 2814; baseline -0.004 -13"><span class='ocrx_word' id='word_1_330' title='bbox 413 2744 642 2801; x_wconf 74' lang='lat' dir='ltr'><strong>Romani</strong></span> <span class='ocrx_word' id='word_1_331' title='bbox 669 2751 1024 2814; x_wconf 82' lang='lat' dir='ltr'><strong>susceperunt</strong></span> <span class='ocrx_word' id='word_1_332' title='bbox 1051 2742 1435 2797; x_wconf 67' lang='lat' dir='ltr'><strong>ecclesiasticae</strong></span> <span class='ocrx_word' id='word_1_333' title='bbox 1453 2741 1770 2811; x_wconf 68' lang='lat' dir='ltr'><strong>disciplinae,</strong></span> <span class='ocrx_word' id='word_1_334' title='bbox 1795 2750 1852 2796; x_wconf 91' lang='lat' dir='ltr'><strong>et</strong></span> <span class='ocrx_word' id='word_1_335' title='bbox 1878 2750 1990 2795; x_wconf 85' lang='lat' dir='ltr'><strong>mo-</strong></span> 
     </span>
    </p>
   </div>
   <div class='ocr_carea' id='block_1_39' title="bbox 2098 2741 3670 2822">
    <p class='ocr_par' dir='ltr' id='par_1_39' title="bbox 2098 2751 3670 2822">
     <span class='ocr_line' id='line_1_39' title="bbox 2098 2751 3670 2822; baseline 0.004 -18"><span class='ocrx_word' id='word_1_336' title='bbox 2098 2757 2281 2818; x_wconf 89' lang='lat' dir='ltr'><strong>poetas</strong></span> <span class='ocrx_word' id='word_1_337' title='bbox 2336 2751 2560 2816; x_wconf 88' lang='lat' dir='ltr'><strong>statuit;</strong></span> <span class='ocrx_word' id='word_1_338' title='bbox 2605 2758 2673 2805; x_wconf 70' lang='lat' dir='ltr'><strong>&quot;et</strong></span> <span class='ocrx_word' id='word_1_339' title='bbox 2731 2761 2916 2822; x_wconf 87' lang='lat' dir='ltr'><strong>postea</strong></span> <span class='ocrx_word' id='word_1_340' title='bbox 2964 2752 3186 2809; x_wconf 64' lang='lat' dir='ltr'><strong>idoneos</strong></span> <span class='ocrx_word' id='word_1_341' title='bbox 3234 2754 3302 2809; x_wconf 90' lang='lat' dir='ltr'><strong>ad</strong></span> <span class='ocrx_word' id='word_1_342' title='bbox 3369 2754 3670 2810; x_wconf 87' lang='lat' dir='ltr'><strong>divinarum</strong></span> 
     </span>
    </p>
   </div>
   <div class='ocr_carea' id='block_1_40' title="bbox 411 2831 1985 2903">
    <p class='ocr_par' dir='ltr' id='par_1_40' title="bbox 411 2831 1985 2903">
     <span class='ocr_line' id='line_1_40' title="bbox 411 2831 1985 2903; baseline -0.003 -14"><span class='ocrx_word' id='word_1_343' title='bbox 411 2834 593 2899; x_wconf 86' lang='lat' dir='ltr'><strong>nachi,</strong></span> <span class='ocrx_word' id='word_1_344' title='bbox 616 2833 1021 2903; x_wconf 83' lang='lat' dir='ltr'><strong>Scripturarum</strong></span> <span class='ocrx_word' id='word_1_345' title='bbox 1053 2831 1342 2888; x_wconf 78' lang='lat' dir='ltr'><strong>salutarem</strong></span> <span class='ocrx_word' id='word_1_346' title='bbox 1363 2832 1571 2888; x_wconf 87' lang='lat' dir='ltr'><strong>clavem</strong></span> <span class='ocrx_word' id='word_1_347' title='bbox 1602 2832 1985 2903; x_wconf 61' lang='lat' dir='ltr'><strong>intelligentiae.</strong></span> 
     </span>
    </p>
   </div>
   <div class='ocr_carea' id='block_1_41' title="bbox 413 2923 1988 2996">
    <p class='ocr_par' dir='ltr' id='par_1_41' title="bbox 413 2923 1988 2996">
     <span class='ocr_line' id='line_1_41' title="bbox 413 2923 1988 2996; baseline -0.003 -15"><span class='ocrx_word' id='word_1_348' title='bbox 413 2926 625 2989; x_wconf 65' lang='lat' dir='ltr'><strong>Merito,</strong></span> <span class='ocrx_word' id='word_1_349' title='bbox 650 2926 898 2995; x_wconf 81' lang='lat' dir='ltr'><strong>inquam,</strong></span> <span class='ocrx_word' id='word_1_350' title='bbox 921 2924 1314 2981; x_wconf 82' lang='lat' dir='ltr'><strong>Germanorum</strong></span> <span class='ocrx_word' id='word_1_351' title='bbox 1340 2923 1637 2996; x_wconf 86' lang='lat' dir='ltr'><strong>posteritas</strong></span> <span class='ocrx_word' id='word_1_352' title='bbox 1670 2926 1855 2979; x_wconf 82' lang='lat' dir='ltr'><strong>omnis</strong></span> <span class='ocrx_word' id='word_1_353' title='bbox 1877 2923 1988 2977; x_wconf 83' lang='lat' dir='ltr'><strong>Ra-</strong></span> 
     </span>
    </p>
   </div>
   <div class='ocr_carea' id='block_1_42' title="bbox 414 3016 1990 3087">
    <p class='ocr_par' dir='ltr' id='par_1_42' title="bbox 414 3016 1990 3087">
     <span class='ocr_line' id='line_1_42' title="bbox 414 3016 1990 3087; baseline -0.001 -16"><span class='ocrx_word' id='word_1_354' title='bbox 414 3018 541 3072; x_wconf 88' lang='lat' dir='ltr'><strong>bani</strong></span> <span class='ocrx_word' id='word_1_355' title='bbox 583 3016 769 3073; x_wconf 83' lang='lat' dir='ltr'><strong>laudes</strong></span> <span class='ocrx_word' id='word_1_356' title='bbox 815 3017 869 3071; x_wconf 89' lang='lat' dir='ltr'><strong>in</strong></span> <span class='ocrx_word' id='word_1_357' title='bbox 919 3025 1233 3087; x_wconf 88' lang='lat' dir='ltr'><strong>perpetuum</strong></span> <span class='ocrx_word' id='word_1_358' title='bbox 1266 3018 1594 3087; x_wconf 85' lang='lat' dir='ltr'><strong>personabit,</strong></span> <span class='ocrx_word' id='word_1_359' title='bbox 1642 3017 1735 3087; x_wconf 91' lang='lat' dir='ltr'><strong>qui</strong></span> <span class='ocrx_word' id='word_1_360' title='bbox 1783 3017 1990 3086; x_wconf 87' lang='lat' dir='ltr'><strong>primus</strong></span> 
     </span>
    </p>
   </div>
   <div class='ocr_carea' id='block_1_43' title="bbox 415 3105 1987 3178">
    <p class='ocr_par' dir='ltr' id='par_1_43' title="bbox 415 3105 1987 3178">
     <span class='ocr_line' id='line_1_43' title="bbox 415 3105 1987 3178; baseline 0.001 -16"><span class='ocrx_word' id='word_1_361' title='bbox 415 3108 1140 3172; x_wconf 76' lang='lat' dir='ltr'><strong>otuuium,veteri‘barbarie</strong></span> <span class='ocrx_word' id='word_1_362' title='bbox 1160 3108 1335 3178; x_wconf 89' lang='lat' dir='ltr'><strong>pulsa,</strong></span> <span class='ocrx_word' id='word_1_363' title='bbox 1384 3122 1535 3163; x_wconf 87' lang='lat' dir='ltr'><strong>suam</strong></span> <span class='ocrx_word' id='word_1_364' title='bbox 1568 3105 1695 3162; x_wconf 87' lang='lat' dir='ltr'><strong>fecit</strong></span> <span class='ocrx_word' id='word_1_365' title='bbox 1714 3107 1987 3163; x_wconf 86' lang='lat' dir='ltr'><strong>nationem</strong></span> 
     </span>
    </p>
   </div>
   <div class='ocr_carea' id='block_1_44' title="bbox 416 3197 1990 3256">
    <p class='ocr_par' dir='ltr' id='par_1_44' title="bbox 416 3197 1990 3256">
     <span class='ocr_line' id='line_1_44' title="bbox 416 3197 1990 3256; baseline -0.001 -1"><span class='ocrx_word' id='word_1_366' title='bbox 416 3213 669 3256; x_wconf 87' lang='lat' dir='ltr'><strong>sermone</strong></span> <span class='ocrx_word' id='word_1_367' title='bbox 700 3197 969 3253; x_wconf 86' lang='lat' dir='ltr'><strong>Latinam.</strong></span> <span class='ocrx_word' id='word_1_368' title='bbox 1020 3198 1234 3254; x_wconf 88' lang='lat' dir='ltr'><strong>Primus</strong></span> <span class='ocrx_word' id='word_1_369' title='bbox 1263 3199 1405 3254; x_wconf 90' lang='lat' dir='ltr'><strong>enim</strong></span> <span class='ocrx_word' id='word_1_370' title='bbox 1451 3198 1694 3253; x_wconf 87' lang='lat' dir='ltr'><strong>omnium</strong></span> <span class='ocrx_word' id='word_1_371' title='bbox 1741 3200 1842 3255; x_wconf 89' lang='lat' dir='ltr'><strong>sub</strong></span> <span class='ocrx_word' id='word_1_372' title='bbox 1884 3198 1990 3254; x_wconf 83' lang='lat' dir='ltr'><strong>fide</strong></span> 
     </span>
    </p>
   </div>
   <div class='ocr_carea' id='block_1_45' title="bbox 410 3289 1993 3361">
    <p class='ocr_par' dir='ltr' id='par_1_45' title="bbox 410 3289 1993 3361">
     <span class='ocr_line' id='line_1_45' title="bbox 410 3289 1993 3361; baseline 0.001 -14"><span class='ocrx_word' id='word_1_373' title='bbox 410 3292 615 3347; x_wconf 82' lang='lat' dir='ltr'><strong>Christi</strong></span> <span class='ocrx_word' id='word_1_374' title='bbox 628 3289 936 3347; x_wconf 85' lang='lat' dir='ltr'><strong>Germanos</strong></span> <span class='ocrx_word' id='word_1_375' title='bbox 959 3299 1015 3345; x_wconf 91' lang='lat' dir='ltr'><strong>et</strong></span> <span class='ocrx_word' id='word_1_376' title='bbox 1061 3289 1305 3346; x_wconf 81' lang='lat' dir='ltr'><strong>Graecam</strong></span> <span class='ocrx_word' id='word_1_377' title='bbox 1347 3304 1608 3345; x_wconf 86' lang='lat' dir='ltr'><strong>resonare</strong></span> <span class='ocrx_word' id='word_1_378' title='bbox 1635 3289 1871 3361; x_wconf 80' lang='lat' dir='ltr'><strong>linguam</strong></span> <span class='ocrx_word' id='word_1_379' title='bbox 1898 3292 1993 3348; x_wconf 90' lang='lat' dir='ltr'><strong>do-</strong></span> 
     </span>
    </p>
   </div>
   <div class='ocr_carea' id='block_1_46' title="bbox 413 3377 1993 3450">
    <p class='ocr_par' dir='ltr' id='par_1_46' title="bbox 413 3377 1993 3450">
     <span class='ocr_line' id='line_1_46' title="bbox 413 3377 1993 3450; baseline 0.001 -14"><span class='ocrx_word' id='word_1_380' title='bbox 413 3383 525 3436; x_wconf 90' lang='lat' dir='ltr'><strong>cuit</strong></span> <span class='ocrx_word' id='word_1_381' title='bbox 546 3391 601 3437; x_wconf 88' lang='lat' dir='ltr'><strong>et</strong></span> <span class='ocrx_word' id='word_1_382' title='bbox 626 3380 903 3436; x_wconf 79' lang='lat' dir='ltr'><strong>Latinam.</strong></span> <span class='ocrx_word' id='word_1_383' title='bbox 936 3379 1123 3435; x_wconf 79' lang='lat' dir='ltr'><strong>Nullus</strong></span> <span class='ocrx_word' id='word_1_384' title='bbox 1163 3388 1290 3435; x_wconf 91' lang='lat' dir='ltr'><strong>ante</strong></span> <span class='ocrx_word' id='word_1_385' title='bbox 1326 3379 1493 3444; x_wconf 90' lang='lat' dir='ltr'><strong>illum,</strong></span> <span class='ocrx_word' id='word_1_386' title='bbox 1523 3380 1662 3450; x_wconf 89' lang='lat' dir='ltr'><strong>apud</strong></span> <span class='ocrx_word' id='word_1_387' title='bbox 1690 3377 1993 3437; x_wconf 84' lang='lat' dir='ltr'><strong>Germanos</strong></span> 
     </span>
    </p>
   </div>
   <div class='ocr_carea' id='block_1_47' title="bbox 415 3464 1989 3537">
    <p class='ocr_par' dir='ltr' id='par_1_47' title="bbox 415 3464 1989 3537">
     <span class='ocr_line' id='line_1_47' title="bbox 415 3464 1989 3537; baseline -0.001 -12"><span class='ocrx_word' id='word_1_388' title='bbox 415 3472 498 3527; x_wconf 79' lang='lat' dir='ltr'><strong>vel</strong></span> <span class='ocrx_word' id='word_1_389' title='bbox 539 3480 697 3527; x_wconf 88' lang='lat' dir='ltr'><strong>natus</strong></span> <span class='ocrx_word' id='word_1_390' title='bbox 737 3471 819 3526; x_wconf 89' lang='lat' dir='ltr'><strong>vel</strong></span> <span class='ocrx_word' id='word_1_391' title='bbox 866 3470 1164 3537; x_wconf 85' lang='lat' dir='ltr'><strong>institutus,</strong></span> <span class='ocrx_word' id='word_1_392' title='bbox 1198 3469 1377 3525; x_wconf 61' lang='lat' dir='ltr'><strong>Graeci</strong></span> <span class='ocrx_word' id='word_1_393' title='bbox 1430 3464 1696 3525; x_wconf 81' lang='lat' dir='ltr'><strong>sermonis</strong></span> <span class='ocrx_word' id='word_1_394' title='bbox 1742 3470 1989 3525; x_wconf 85' lang='lat' dir='ltr'><strong>notitiam</strong></span> 
     </span>
    </p>
   </div>
   <div class='ocr_carea' id='block_1_48' title="bbox 413 3563 1986 3635">
    <p class='ocr_par' dir='ltr' id='par_1_48' title="bbox 413 3563 1986 3635">
     <span class='ocr_line' id='line_1_48' title="bbox 413 3563 1986 3635; baseline -0.004 -12"><span class='ocrx_word' id='word_1_395' title='bbox 413 3568 637 3633; x_wconf 56' lang='lat' dir='ltr'><strong>haiieus,</strong></span> <span class='ocrx_word' id='word_1_396' title='bbox 672 3574 753 3621; x_wconf 82' lang='lat' dir='ltr'><strong>tot</strong></span> <span class='ocrx_word' id='word_1_397' title='bbox 784 3566 1057 3621; x_wconf 84' lang='lat' dir='ltr'><strong>volumina</strong></span> <span class='ocrx_word' id='word_1_398' title='bbox 1090 3573 1198 3620; x_wconf 89' lang='lat' dir='ltr'><strong>tam</strong></span> <span class='ocrx_word' id='word_1_399' title='bbox 1243 3564 1519 3635; x_wconf 75' lang='lat' dir='ltr'><strong>eleganter</strong></span> <span class='ocrx_word' id='word_1_400' title='bbox 1542 3605 1554 3628; x_wconf 92' lang='lat'><strong>,</strong></span> <span class='ocrx_word' id='word_1_401' title='bbox 1589 3571 1699 3618; x_wconf 91' lang='lat' dir='ltr'><strong>tam</strong></span> <span class='ocrx_word' id='word_1_402' title='bbox 1749 3563 1986 3633; x_wconf 86' lang='lat' dir='ltr'><strong>proprie,</strong></span> 
     </span>
    </p>
   </div>
   <div class='ocr_carea' id='block_1_49' title="bbox 414 3657 1987 3731">
    <p class='ocr_par' dir='ltr' id='par_1_49' title="bbox 414 3657 1987 3731">
     <span class='ocr_line' id='line_1_49' title="bbox 414 3657 1987 3731; baseline -0.004 -16"><span class='ocrx_word' id='word_1_403' title='bbox 414 3673 632 3731; x_wconf 87' lang='lat' dir='ltr'><strong>tamque</strong></span> <span class='ocrx_word' id='word_1_404' title='bbox 660 3660 925 3717; x_wconf 82' lang='lat' dir='ltr'><strong>concinne</strong></span> <span class='ocrx_word' id='word_1_405' title='bbox 981 3668 1143 3730; x_wconf 87' lang='lat' dir='ltr'><strong>atque</strong></span> <span class='ocrx_word' id='word_1_406' title='bbox 1184 3657 1377 3714; x_wconf 87' lang='lat' dir='ltr'><strong>Latine</strong></span> <span class='ocrx_word' id='word_1_407' title='bbox 1406 3658 1614 3728; x_wconf 88' lang='lat' dir='ltr'><strong>uspiam</strong></span> <span class='ocrx_word' id='word_1_408' title='bbox 1648 3657 1987 3727; x_wconf 88' lang='lat' dir='ltr'><strong>conscripsit.</strong></span> 
     </span>
    </p>
   </div>
   <div class='ocr_carea' id='block_1_50' title="bbox 415 3748 1993 3824">
    <p class='ocr_par' dir='ltr' id='par_1_50' title="bbox 415 3748 1993 3824">
     <span class='ocr_line' id='line_1_50' title="bbox 415 3748 1993 3824; baseline -0.003 -15"><span class='ocrx_word' id='word_1_409' title='bbox 415 3755 472 3809; x_wconf 83' lang='lat' dir='ltr'><strong>St</strong></span> <span class='ocrx_word' id='word_1_410' title='bbox 490 3754 583 3824; x_wconf 85' lang='lat' dir='ltr'><strong>qui</strong></span> <span class='ocrx_word' id='word_1_411' title='bbox 610 3767 740 3809; x_wconf 80' lang='lat' dir='ltr'><strong>vero</strong></span> <span class='ocrx_word' id='word_1_412' title='bbox 758 3753 899 3823; x_wconf 87' lang='lat' dir='ltr'><strong>apud</strong></span> <span class='ocrx_word' id='word_1_413' title='bbox 920 3750 1223 3807; x_wconf 89' lang='lat' dir='ltr'><strong>Germanos</strong></span> <span class='ocrx_word' id='word_1_414' title='bbox 1246 3750 1300 3805; x_wconf 90' lang='lat' dir='ltr'><strong>in</strong></span> <span class='ocrx_word' id='word_1_415' title='bbox 1328 3765 1493 3820; x_wconf 80' lang='lat' dir='ltr'><strong>regno</strong></span> <span class='ocrx_word' id='word_1_416' title='bbox 1513 3748 1846 3804; x_wconf 84' lang='lat' dir='ltr'><strong>Francorum</strong></span> <span class='ocrx_word' id='word_1_417' title='bbox 1869 3758 1993 3805; x_wconf 89' lang='lat' dir='ltr'><strong>ante</strong></span> 
     </span>
    </p>
   </div>
   <div class='ocr_carea' id='block_1_51' title="bbox 414 3838 1988 3916">
    <p class='ocr_par' dir='ltr' id='par_1_51' title="bbox 414 3838 1988 3916">
     <span class='ocr_line' id='line_1_51' title="bbox 414 3838 1988 3916; baseline -0.003 -16"><span class='ocrx_word' id='word_1_418' title='bbox 414 3845 591 3916; x_wconf 78' lang='lat' dir='ltr'><strong>ipsum</strong></span> <span class='ocrx_word' id='word_1_419' title='bbox 619 3845 761 3901; x_wconf 90' lang='lat' dir='ltr'><strong>docti</strong></span> <span class='ocrx_word' id='word_1_420' title='bbox 792 3843 1029 3910; x_wconf 88' lang='lat' dir='ltr'><strong>fuerunt,</strong></span> <span class='ocrx_word' id='word_1_421' title='bbox 1060 3857 1163 3897; x_wconf 84' lang='lat' dir='ltr'><strong>non</strong></span> <span class='ocrx_word' id='word_1_422' title='bbox 1195 3841 1482 3911; x_wconf 70' lang='lat' dir='ltr'><strong>indigenae,</strong></span> <span class='ocrx_word' id='word_1_423' title='bbox 1517 3842 1612 3896; x_wconf 90' lang='lat' dir='ltr'><strong>sed</strong></span> <span class='ocrx_word' id='word_1_424' title='bbox 1650 3838 1846 3905; x_wconf 63' lang='grc' dir='ltr'><strong>σπι-πεῖ,</strong></span> <span class='ocrx_word' id='word_1_425' title='bbox 1880 3840 1988 3895; x_wconf 82' lang='lat' dir='ltr'><strong>Ro-</strong></span> 
     </span>
    </p>
   </div>
   <div class='ocr_carea' id='block_1_52' title="bbox 417 3931 1995 4000">
    <p class='ocr_par' dir='ltr' id='par_1_52' title="bbox 417 3931 1995 4000">
     <span class='ocr_line' id='line_1_52' title="bbox 417 3931 1995 4000; baseline -0.001 -10"><span class='ocrx_word' id='word_1_426' title='bbox 417 3936 595 3999; x_wconf 86' lang='lat' dir='ltr'><strong>mani,</strong></span> <span class='ocrx_word' id='word_1_427' title='bbox 628 3934 799 4000; x_wconf 82' lang='lat' dir='ltr'><strong>Galli,</strong></span> <span class='ocrx_word' id='word_1_428' title='bbox 837 3932 984 3990; x_wconf 91' lang='lat' dir='ltr'><strong>Scoti</strong></span> <span class='ocrx_word' id='word_1_429' title='bbox 1012 3974 1026 3999; x_wconf 91' lang='lat'><strong>,</strong></span> <span class='ocrx_word' id='word_1_430' title='bbox 1041 3932 1336 3998; x_wconf 76' lang='lat' dir='ltr'><strong>Britanni,</strong></span> <span class='ocrx_word' id='word_1_431' title='bbox 1368 3946 1463 3988; x_wconf 89' lang='lat' dir='ltr'><strong>seu</strong></span> <span class='ocrx_word' id='word_1_432' title='bbox 1509 3931 1731 3989; x_wconf 70' lang='lat' dir='ltr'><strong>advena:</strong></span> <span class='ocrx_word' id='word_1_433' title='bbox 1781 3932 1995 3988; x_wconf 89' lang='lat' dir='ltr'><strong>aliunde</strong></span> 
     </span>
    </p>
   </div>
   <div class='ocr_carea' id='block_1_53' title="bbox 414 4019 1996 4081">
    <p class='ocr_par' dir='ltr' id='par_1_53' title="bbox 414 4019 1996 4081">
     <span class='ocr_line' id='line_1_53' title="bbox 414 4019 1996 4081; baseline 0 -4"><span class='ocrx_word' id='word_1_434' title='bbox 414 4025 693 4081; x_wconf 83' lang='lat' dir='ltr'><strong>venientes</strong></span> <span class='ocrx_word' id='word_1_435' title='bbox 720 4024 1065 4081; x_wconf 87' lang='lat' dir='ltr'><strong>exstiterunt.</strong></span> <span class='ocrx_word' id='word_1_436' title='bbox 1096 4021 1447 4078; x_wconf 86' lang='lat' dir='ltr'><strong>Beatissimus</strong></span> <span class='ocrx_word' id='word_1_437' title='bbox 1474 4029 1656 4077; x_wconf 88' lang='lat' dir='ltr'><strong>autem</strong></span> <span class='ocrx_word' id='word_1_438' title='bbox 1674 4019 1996 4077; x_wconf 65' lang='lat' dir='ltr'><strong>Christianae</strong></span> 
     </span>
    </p>
   </div>
   <div class='ocr_carea' id='block_1_54' title="bbox 414 4112 1998 4185">
    <p class='ocr_par' dir='ltr' id='par_1_54' title="bbox 414 4112 1998 4185">
     <span class='ocr_line' id='line_1_54' title="bbox 414 4112 1998 4185; baseline -0.001 -14"><span class='ocrx_word' id='word_1_439' title='bbox 414 4115 539 4172; x_wconf 79' lang='lat' dir='ltr'><strong>ﬁdei</strong></span> <span class='ocrx_word' id='word_1_440' title='bbox 578 4116 769 4171; x_wconf 87' lang='lat' dir='ltr'><strong>doctor</strong></span> <span class='ocrx_word' id='word_1_441' title='bbox 789 4114 1019 4185; x_wconf 78' lang='lat' dir='ltr'><strong>insignis</strong></span> <span class='ocrx_word' id='word_1_442' title='bbox 1040 4112 1317 4181; x_wconf 81' lang='lat' dir='ltr'><strong>Rabanus,</strong></span> <span class='ocrx_word' id='word_1_443' title='bbox 1343 4114 1535 4169; x_wconf 90' lang='lat' dir='ltr'><strong>unicus</strong></span> <span class='ocrx_word' id='word_1_444' title='bbox 1558 4121 1612 4169; x_wconf 88' lang='lat' dir='ltr'><strong>et</strong></span> <span class='ocrx_word' id='word_1_445' title='bbox 1634 4114 1842 4185; x_wconf 89' lang='lat' dir='ltr'><strong>primus</strong></span> <span class='ocrx_word' id='word_1_446' title='bbox 1864 4112 1998 4170; x_wconf 88' lang='lat' dir='ltr'><strong>Ger—</strong></span> 
     </span>
    </p>
   </div>
   <div class='ocr_carea' id='block_1_55' title="bbox 416 4204 1998 4277">
    <p class='ocr_par' dir='ltr' id='par_1_55' title="bbox 416 4204 1998 4277">
     <span class='ocr_line' id='line_1_55' title="bbox 416 4204 1998 4277; baseline -0.001 -17"><span class='ocrx_word' id='word_1_447' title='bbox 416 4219 700 4261; x_wconf 88' lang='lat' dir='ltr'><strong>manorum</strong></span> <span class='ocrx_word' id='word_1_448' title='bbox 723 4204 1121 4260; x_wconf 90' lang='lat' dir='ltr'><strong>institutionum</strong></span> <span class='ocrx_word' id='word_1_449' title='bbox 1151 4204 1427 4276; x_wconf 90' lang='lat' dir='ltr'><strong>princeps,</strong></span> <span class='ocrx_word' id='word_1_450' title='bbox 1474 4214 1530 4260; x_wconf 91' lang='lat' dir='ltr'><strong>et</strong></span> <span class='ocrx_word' id='word_1_451' title='bbox 1554 4205 1812 4277; x_wconf 81' lang='lat' dir='ltr'><strong>magister</strong></span> <span class='ocrx_word' id='word_1_452' title='bbox 1831 4205 1998 4261; x_wconf 84' lang='lat' dir='ltr'><strong>disci-</strong></span> 
     </span>
    </p>
   </div>
   <div class='ocr_carea' id='block_1_56' title="bbox 417 4294 1999 4365">
    <p class='ocr_par' dir='ltr' id='par_1_56' title="bbox 417 4294 1999 4365">
     <span class='ocr_line' id='line_1_56' title="bbox 417 4294 1999 4365; baseline 0.002 -17"><span class='ocrx_word' id='word_1_453' title='bbox 417 4295 578 4365; x_wconf 80' lang='lat' dir='ltr'><strong>ptime</strong></span> <span class='ocrx_word' id='word_1_454' title='bbox 605 4336 620 4360; x_wconf 87' lang='lat'><strong>,</strong></span> <span class='ocrx_word' id='word_1_455' title='bbox 651 4295 744 4365; x_wconf 80' lang='lat' dir='ltr'><strong>qui</strong></span> <span class='ocrx_word' id='word_1_456' title='bbox 768 4294 988 4351; x_wconf 85' lang='lat' dir='ltr'><strong>nullum</strong></span> <span class='ocrx_word' id='word_1_457' title='bbox 1041 4302 1165 4350; x_wconf 90' lang='lat' dir='ltr'><strong>ante</strong></span> <span class='ocrx_word' id='word_1_458' title='bbox 1212 4311 1269 4351; x_wconf 89' lang='lat' dir='ltr'><strong>se</strong></span> <span class='ocrx_word' id='word_1_459' title='bbox 1310 4295 1367 4350; x_wconf 89' lang='lat' dir='ltr'><strong>in</strong></span> <span class='ocrx_word' id='word_1_460' title='bbox 1392 4309 1488 4351; x_wconf 85' lang='lat' dir='ltr'><strong>sua</strong></span> <span class='ocrx_word' id='word_1_461' title='bbox 1542 4296 1731 4351; x_wconf 89' lang='lat' dir='ltr'><strong>habuit</strong></span> <span class='ocrx_word' id='word_1_462' title='bbox 1781 4296 1999 4351; x_wconf 87' lang='lat' dir='ltr'><strong>natione</strong></span> 
     </span>
    </p>
   </div>
   <div class='ocr_carea' id='block_1_57' title="bbox 414 4384 1999 4455">
    <p class='ocr_par' dir='ltr' id='par_1_57' title="bbox 414 4384 1999 4455">
     <span class='ocr_line' id='line_1_57' title="bbox 414 4384 1999 4455; baseline 0.003 -17"><span class='ocrx_word' id='word_1_463' title='bbox 414 4385 813 4455; x_wconf 85' lang='lat' dir='ltr'><strong>praecedentem</strong></span> <span class='ocrx_word' id='word_1_464' title='bbox 840 4384 1080 4439; x_wconf 68' lang='lat' dir='ltr'><strong>scientiae</strong></span> <span class='ocrx_word' id='word_1_465' title='bbox 1097 4393 1484 4440; x_wconf 68' lang='lat' dir='ltr'><strong>consummata:</strong></span> <span class='ocrx_word' id='word_1_466' title='bbox 1500 4386 1802 4450; x_wconf 89' lang='lat' dir='ltr'><strong>doctorem,</strong></span> <span class='ocrx_word' id='word_1_467' title='bbox 1818 4385 1999 4442; x_wconf 83' lang='lat' dir='ltr'><strong>divin’o</strong></span> 
     </span>
    </p>
   </div>
   <div class='ocr_carea' id='block_1_58' title="bbox 417 4472 2001 4545">
    <p class='ocr_par' dir='ltr' id='par_1_58' title="bbox 417 4472 2001 4545">
     <span class='ocr_line' id='line_1_58' title="bbox 417 4472 2001 4545; baseline 0.001 -17"><span class='ocrx_word' id='word_1_468' title='bbox 417 4472 610 4544; x_wconf 87' lang='lat' dir='ltr'><strong>(haud</strong></span> <span class='ocrx_word' id='word_1_469' title='bbox 658 4472 924 4544; x_wconf 87' lang='lat' dir='ltr'><strong>dubium)</strong></span> <span class='ocrx_word' id='word_1_470' title='bbox 970 4488 1264 4529; x_wconf 86' lang='lat' dir='ltr'><strong>succensus</strong></span> <span class='ocrx_word' id='word_1_471' title='bbox 1312 4475 1570 4529; x_wconf 87' lang='lat' dir='ltr'><strong>instinctu</strong></span> <span class='ocrx_word' id='word_1_472' title='bbox 1598 4515 1614 4541; x_wconf 91' lang='lat'><strong>,</strong></span> <span class='ocrx_word' id='word_1_473' title='bbox 1664 4474 1810 4545; x_wconf 89' lang='lat' dir='ltr'><strong>quod</strong></span> <span class='ocrx_word' id='word_1_474' title='bbox 1856 4476 2001 4531; x_wconf 90' lang='lat' dir='ltr'><strong>domi</strong></span> 
     </span>
    </p>
   </div>
   <div class='ocr_carea' id='block_1_59' title="bbox 414 4563 1997 4635">
    <p class='ocr_par' dir='ltr' id='par_1_59' title="bbox 414 4563 1997 4635">
     <span class='ocr_line' id='line_1_59' title="bbox 414 4563 1997 4635; baseline -0.001 -15"><span class='ocrx_word' id='word_1_475' title='bbox 414 4564 614 4621; x_wconf 83' lang='lat' dir='ltr'><strong>habere</strong></span> <span class='ocrx_word' id='word_1_476' title='bbox 671 4580 780 4621; x_wconf 89' lang='lat' dir='ltr'><strong>non</strong></span> <span class='ocrx_word' id='word_1_477' title='bbox 833 4564 1042 4635; x_wconf 82' lang='lat' dir='ltr'><strong>potuit,</strong></span> <span class='ocrx_word' id='word_1_478' title='bbox 1084 4563 1272 4619; x_wconf 61' lang='lat' dir='ltr'><strong>Romae</strong></span> <span class='ocrx_word' id='word_1_479' title='bbox 1315 4563 1658 4619; x_wconf 86' lang='lat' dir='ltr'><strong>laudabiliter</strong></span> <span class='ocrx_word' id='word_1_480' title='bbox 1714 4564 1997 4634; x_wconf 78' lang='lat' dir='ltr'><strong>quaesivit,</strong></span> 
     </span>
    </p>
   </div>
   <div class='ocr_carea' id='block_1_60' title="bbox 417 4654 1994 4738">
    <p class='ocr_par' dir='ltr' id='par_1_60' title="bbox 417 4654 1994 4738">
     <span class='ocr_line' id='line_1_60' title="bbox 417 4654 1994 4738; baseline -0.001 -26"><span class='ocrx_word' id='word_1_481' title='bbox 417 4658 643 4724; x_wconf 84' lang='lat' dir='ltr'><strong>invenit,</strong></span> <span class='ocrx_word' id='word_1_482' title='bbox 671 4656 878 4738; x_wconf 74' lang='lat' dir='ltr'><strong>didicit,</strong></span> <span class='ocrx_word' id='word_1_483' title='bbox 909 4663 965 4711; x_wconf 89' lang='lat' dir='ltr'><strong>et</strong></span> <span class='ocrx_word' id='word_1_484' title='bbox 990 4654 1276 4711; x_wconf 87' lang='lat' dir='ltr'><strong>Germanis</strong></span> <span class='ocrx_word' id='word_1_485' title='bbox 1300 4654 1419 4709; x_wconf 88' lang='lat' dir='ltr'><strong>sine</strong></span> <span class='ocrx_word' id='word_1_486' title='bbox 1448 4654 1648 4711; x_wconf 88' lang='lat' dir='ltr'><strong>invidia</strong></span> <span class='ocrx_word' id='word_1_487' title='bbox 1678 4657 1994 4724; x_wconf 89' lang='lat' dir='ltr'><strong>reportavit,</strong></span> 
     </span>
    </p>
   </div>
   <div class='ocr_carea' id='block_1_61' title="bbox 412 4745 1994 4822">
    <p class='ocr_par' dir='ltr' id='par_1_61' title="bbox 412 4745 1994 4822">
     <span class='ocr_line' id='line_1_61' title="bbox 412 4745 1994 4822; baseline 0 -18"><span class='ocrx_word' id='word_1_488' title='bbox 412 4751 758 4822; x_wconf 83' lang='lat' dir='ltr'><strong>priscamque</strong></span> <span class='ocrx_word' id='word_1_489' title='bbox 805 4750 873 4805; x_wconf 87' lang='lat' dir='ltr'><strong>de</strong></span> <span class='ocrx_word' id='word_1_490' title='bbox 918 4749 1095 4820; x_wconf 89' lang='lat' dir='ltr'><strong>patria</strong></span> <span class='ocrx_word' id='word_1_491' title='bbox 1148 4746 1459 4804; x_wconf 88' lang='lat' dir='ltr'><strong>barbariem</strong></span> <span class='ocrx_word' id='word_1_492' title='bbox 1483 4745 1707 4819; x_wconf 72' lang='lat' dir='ltr'><strong>fugavit.</strong></span> <span class='ocrx_word' id='word_1_493' title='bbox 1764 4745 1994 4805; x_wconf 91' lang='lat' dir='ltr'><strong>Gentem</strong></span> 
     </span>
    </p>
   </div>
   <div class='ocr_carea' id='block_1_62' title="bbox 417 4842 1994 4915">
    <p class='ocr_par' dir='ltr' id='par_1_62' title="bbox 417 4842 1994 4915">
     <span class='ocr_line' id='line_1_62' title="bbox 417 4842 1994 4915; baseline -0.001 -14"><span class='ocrx_word' id='word_1_494' title='bbox 417 4858 572 4901; x_wconf 90' lang='lat' dir='ltr'><strong>suam</strong></span> <span class='ocrx_word' id='word_1_495' title='bbox 602 4843 825 4915; x_wconf 86' lang='lat' dir='ltr'><strong>gemino</strong></span> <span class='ocrx_word' id='word_1_496' title='bbox 846 4842 1126 4897; x_wconf 85' lang='lat' dir='ltr'><strong>decoravit</strong></span> <span class='ocrx_word' id='word_1_497' title='bbox 1180 4850 1393 4905; x_wconf 88' lang='lat' dir='ltr'><strong>ornatu,</strong></span> <span class='ocrx_word' id='word_1_498' title='bbox 1422 4855 1524 4912; x_wconf 87' lang='lat' dir='ltr'><strong>qua</strong></span> <span class='ocrx_word' id='word_1_499' title='bbox 1558 4851 1615 4897; x_wconf 90' lang='lat' dir='ltr'><strong>et</strong></span> <span class='ocrx_word' id='word_1_500' title='bbox 1664 4843 1907 4899; x_wconf 91' lang='lat' dir='ltr'><strong>moribus</strong></span> <span class='ocrx_word' id='word_1_501' title='bbox 1928 4844 1994 4898; x_wconf 89' lang='lat' dir='ltr'><strong>ad</strong></span> 
     </span>
    </p>
   </div>
   <div class='ocr_carea' id='block_1_63' title="bbox 419 4922 1997 5005">
    <p class='ocr_par' dir='ltr' id='par_1_63' title="bbox 419 4922 1997 5005">
     <span class='ocr_line' id='line_1_63' title="bbox 419 4922 1997 5005; baseline 0.001 -15"><span class='ocrx_word' id='word_1_502' title='bbox 419 4934 762 4991; x_wconf 85' lang='lat' dir='ltr'><strong>sanctitatem</strong></span> <span class='ocrx_word' id='word_1_503' title='bbox 800 4933 1106 5005; x_wconf 89' lang='lat' dir='ltr'><strong>politiorem</strong></span> <span class='ocrx_word' id='word_1_504' title='bbox 1134 4932 1392 4999; x_wconf 89' lang='lat' dir='ltr'><strong>reddidit,</strong></span> <span class='ocrx_word' id='word_1_505' title='bbox 1430 4922 1487 4988; x_wconf 83' lang='lat' dir='ltr'><strong>et</strong></span> <span class='ocrx_word' id='word_1_506' title='bbox 1514 4931 1691 4988; x_wconf 87' lang='lat' dir='ltr'><strong>infusa</strong></span> <span class='ocrx_word' id='word_1_507' title='bbox 1729 4936 1997 4992; x_wconf 88' lang='lat' dir='ltr'><strong>sermonis</strong></span> 
     </span>
    </p>
   </div>
   <div class='ocr_carea' id='block_1_64' title="bbox 420 5025 1997 5097">
    <p class='ocr_par' dir='ltr' id='par_1_64' title="bbox 420 5025 1997 5097">
     <span class='ocr_line' id='line_1_64' title="bbox 420 5025 1997 5097; baseline 0 -13"><span class='ocrx_word' id='word_1_508' title='bbox 420 5028 649 5084; x_wconf 71' lang='lat' dir='ltr'><strong>Romani</strong></span> <span class='ocrx_word' id='word_1_509' title='bbox 694 5027 961 5097; x_wconf 75' lang='lat' dir='ltr'><strong>elegantia</strong></span> <span class='ocrx_word' id='word_1_510' title='bbox 993 5028 1047 5082; x_wconf 91' lang='lat' dir='ltr'><strong>in</strong></span> <span class='ocrx_word' id='word_1_511' title='bbox 1082 5040 1297 5083; x_wconf 87' lang='lat' dir='ltr'><strong>omnem</strong></span> <span class='ocrx_word' id='word_1_512' title='bbox 1327 5025 1569 5082; x_wconf 65' lang='lat' dir='ltr'><strong>scientiae</strong></span> <span class='ocrx_word' id='word_1_513' title='bbox 1606 5025 1997 5095; x_wconf 89' lang='lat' dir='ltr'><strong>plenitudinem</strong></span> 
     </span>
    </p>
   </div>
   <div class='ocr_carea' id='block_1_65' title="bbox 419 5115 1994 5175">
    <p class='ocr_par' dir='ltr' id='par_1_65' title="bbox 419 5115 1994 5175">
     <span class='ocr_line' id='line_1_65' title="bbox 419 5115 1994 5175; baseline -0.001 0"><span class='ocrx_word' id='word_1_514' title='bbox 419 5118 736 5175; x_wconf 82' lang='lat' dir='ltr'><strong>introduxit.</strong></span> <span class='ocrx_word' id='word_1_515' title='bbox 762 5115 1105 5174; x_wconf 86' lang='lat' dir='ltr'><strong>Odoctorem</strong></span> <span class='ocrx_word' id='word_1_516' title='bbox 1127 5117 1340 5173; x_wconf 88' lang='lat' dir='ltr'><strong>cunctis</strong></span> <span class='ocrx_word' id='word_1_517' title='bbox 1370 5117 1733 5173; x_wconf 86' lang='lat' dir='ltr'><strong>venerandum</strong></span> <span class='ocrx_word' id='word_1_518' title='bbox 1747 5117 1994 5174; x_wconf 79' lang='lat' dir='ltr'><strong>szeculis!</strong></span> 
     </span>
    </p>
   </div>
   <div class='ocr_carea' id='block_1_66' title="bbox 419 5206 2000 5281">
    <p class='ocr_par' dir='ltr' id='par_1_66' title="bbox 419 5206 2000 5281">
     <span class='ocr_line' id='line_1_66' title="bbox 419 5206 2000 5281; baseline -0.001 -14"><span class='ocrx_word' id='word_1_519' title='bbox 419 5213 465 5267; x_wconf 89' lang='grc' dir='ltr'><strong>Ο</strong></span> <span class='ocrx_word' id='word_1_520' title='bbox 495 5212 796 5269; x_wconf 83' lang='lat' dir='ltr'><strong>litterarum</strong></span> <span class='ocrx_word' id='word_1_521' title='bbox 838 5211 1159 5281; x_wconf 88' lang='lat' dir='ltr'><strong>principem,</strong></span> <span class='ocrx_word' id='word_1_522' title='bbox 1195 5209 1453 5266; x_wconf 90' lang='lat' dir='ltr'><strong>omnibus</strong></span> <span class='ocrx_word' id='word_1_523' title='bbox 1496 5206 1629 5266; x_wconf 86' lang='lat' dir='ltr'><strong>viris</strong></span> <span class='ocrx_word' id='word_1_524' title='bbox 1662 5209 1836 5267; x_wconf 90' lang='lat' dir='ltr'><strong>doctis</strong></span> <span class='ocrx_word' id='word_1_525' title='bbox 1876 5226 2000 5281; x_wconf 87' lang='lat' dir='ltr'><strong>per-</strong></span> 
     </span>
    </p>
   </div>
   <div class='ocr_carea' id='block_1_67' title="bbox 418 5301 2001 5372">
    <p class='ocr_par' dir='ltr' id='par_1_67' title="bbox 418 5301 2001 5372">
     <span class='ocr_line' id='line_1_67' title="bbox 418 5301 2001 5372; baseline -0.001 -13"><span class='ocrx_word' id='word_1_526' title='bbox 418 5311 580 5372; x_wconf 82' lang='lat' dir='ltr'><strong>petua</strong></span> <span class='ocrx_word' id='word_1_527' title='bbox 619 5302 1001 5359; x_wconf 81' lang='lat' dir='ltr'><strong>celebrandum</strong></span> <span class='ocrx_word' id='word_1_528' title='bbox 1049 5302 1362 5367; x_wconf 81' lang='lat' dir='ltr'><strong>festivitate,</strong></span> <span class='ocrx_word' id='word_1_529' title='bbox 1410 5301 1502 5371; x_wconf 90' lang='lat' dir='ltr'><strong>qui</strong></span> <span class='ocrx_word' id='word_1_530' title='bbox 1534 5301 1699 5357; x_wconf 89' lang='lat' dir='ltr'><strong>vitam</strong></span> <span class='ocrx_word' id='word_1_531' title='bbox 1736 5301 1790 5356; x_wconf 91' lang='lat' dir='ltr'><strong>in</strong></span> <span class='ocrx_word' id='word_1_532' title='bbox 1835 5315 2001 5358; x_wconf 91' lang='lat' dir='ltr'><strong>carne</strong></span> 
     </span>
    </p>
   </div>
   <div class='ocr_carea' id='block_1_68' title="bbox 494 5434 1998 5502">
    <p class='ocr_par' dir='ltr' id='par_1_68' title="bbox 494 5434 1998 5502">
     <span class='ocr_line' id='line_1_68' title="bbox 494 5434 1998 5502; baseline 0.002 -12"><span class='ocrx_word' id='word_1_533' title='bbox 494 5448 520 5477; x_wconf 74' lang='grc' dir='ltr'>ι</span> <span class='ocrx_word' id='word_1_534' title='bbox 560 5435 712 5502; x_wconf 84' lang='lat' dir='ltr'><strong>Quod</strong></span> <span class='ocrx_word' id='word_1_535' title='bbox 737 5434 1028 5492; x_wconf 87' lang='lat' dir='ltr'><strong>Browerus</strong></span> <span class='ocrx_word' id='word_1_536' title='bbox 1076 5435 1132 5491; x_wconf 92' lang='lat' dir='ltr'><strong>in</strong></span> <span class='ocrx_word' id='word_1_537' title='bbox 1178 5435 1546 5491; x_wconf 82' lang='lat' dir='ltr'><strong>natationibus</strong></span> <span class='ocrx_word' id='word_1_538' title='bbox 1586 5434 1656 5489; x_wconf 86' lang='lat' dir='ltr'><strong>ad</strong></span> <span class='ocrx_word' id='word_1_539' title='bbox 1709 5437 1887 5491; x_wconf 80' lang='lat' dir='ltr'><strong>Vitam</strong></span> <span class='ocrx_word' id='word_1_540' title='bbox 1937 5436 1998 5493; x_wconf 63' lang='lat' dir='ltr'><strong>S.</strong></span> 
     </span>
    </p>
   </div>
   <div class='ocr_carea' id='block_1_69' title="bbox 425 5503 2002 5569">
    <p class='ocr_par' dir='ltr' id='par_1_69' title="bbox 425 5503 2002 5569">
     <span class='ocr_line' id='line_1_69' title="bbox 425 5503 2002 5569; baseline 0.003 -12"><span class='ocrx_word' id='word_1_541' title='bbox 425 5504 753 5561; x_wconf 86' lang='lat' dir='ltr'><strong>Sturmionis</strong></span> <span class='ocrx_word' id='word_1_542' title='bbox 778 5508 845 5563; x_wconf 89' lang='lat' dir='ltr'><strong>de</strong></span> <span class='ocrx_word' id='word_1_543' title='bbox 867 5506 1167 5562; x_wconf 84' lang='lat' dir='ltr'><strong>Tritltemio</strong></span> <span class='ocrx_word' id='word_1_544' title='bbox 1186 5507 1391 5561; x_wconf 91' lang='lat' dir='ltr'><strong>veritus</strong></span> <span class='ocrx_word' id='word_1_545' title='bbox 1416 5503 1536 5569; x_wconf 86' lang='lat' dir='ltr'><strong>fuit,</strong></span> <span class='ocrx_word' id='word_1_546' title='bbox 1551 5515 1609 5558; x_wconf 90' lang='lat' dir='ltr'><strong>ut</strong></span> <span class='ocrx_word' id='word_1_547' title='bbox 1631 5505 1815 5561; x_wconf 88' lang='lat' dir='ltr'><strong>lectori</strong></span> <span class='ocrx_word' id='word_1_548' title='bbox 1838 5504 2002 5561; x_wconf 78' lang='lat' dir='ltr'><strong>verba</strong></span> 
     </span>
    </p>
   </div>
   <div class='ocr_carea' id='block_1_70' title="bbox 424 5573 2005 5644">
    <p class='ocr_par' dir='ltr' id='par_1_70' title="bbox 424 5573 2005 5644">
     <span class='ocr_line' id='line_1_70' title="bbox 424 5573 2005 5644; baseline 0.002 -15"><span class='ocrx_word' id='word_1_549' title='bbox 424 5574 669 5644; x_wconf 85' lang='lat' dir='ltr'><strong>dederit,</strong></span> <span class='ocrx_word' id='word_1_550' title='bbox 704 5590 826 5644; x_wconf 73' lang='lat' dir='ltr'><strong>quae</strong></span> <span class='ocrx_word' id='word_1_551' title='bbox 860 5575 977 5631; x_wconf 85' lang='lat' dir='ltr'><strong>dari</strong></span> <span class='ocrx_word' id='word_1_552' title='bbox 1004 5577 1108 5631; x_wconf 90' lang='lat' dir='ltr'><strong>sibi</strong></span> <span class='ocrx_word' id='word_1_553' title='bbox 1135 5592 1242 5630; x_wconf 86' lang='lat' dir='ltr'><strong>non</strong></span> <span class='ocrx_word' id='word_1_554' title='bbox 1272 5574 1526 5644; x_wconf 89' lang='lat' dir='ltr'><strong>postulet,</strong></span> <span class='ocrx_word' id='word_1_555' title='bbox 1555 5573 1717 5629; x_wconf 86' lang='lat' dir='ltr'><strong>etiam</strong></span> <span class='ocrx_word' id='word_1_556' title='bbox 1744 5576 1810 5631; x_wconf 89' lang='lat' dir='ltr'><strong>de</strong></span> <span class='ocrx_word' id='word_1_557' title='bbox 1829 5588 1894 5631; x_wconf 89' lang='lat' dir='ltr'><strong>eo</strong></span> <span class='ocrx_word' id='word_1_558' title='bbox 1914 5576 2005 5634; x_wconf 87' lang='lat' dir='ltr'><strong>hic</strong></span> 
     </span>
    </p>
   </div>
   <div class='ocr_carea' id='block_1_71' title="bbox 424 5643 2006 5702">
    <p class='ocr_par' dir='ltr' id='par_1_71' title="bbox 424 5643 2006 5702">
     <span class='ocr_line' id='line_1_71' title="bbox 424 5643 2006 5702; baseline 0.003 -5"><span class='ocrx_word' id='word_1_559' title='bbox 424 5643 605 5698; x_wconf 85' lang='lat' dir='ltr'><strong>vereri</strong></span> <span class='ocrx_word' id='word_1_560' title='bbox 622 5643 920 5702; x_wconf 68' lang='lat' dir='ltr'><strong>possemus.</strong></span> <span class='ocrx_word' id='word_1_561' title='bbox 959 5644 1067 5701; x_wconf 88' lang='lat' dir='ltr'><strong>Sed</strong></span> <span class='ocrx_word' id='word_1_562' title='bbox 1096 5646 1240 5701; x_wconf 86' lang='lat' dir='ltr'><strong>unde</strong></span> <span class='ocrx_word' id='word_1_563' title='bbox 1260 5643 1561 5700; x_wconf 88' lang='lat' dir='ltr'><strong>Trithemio</strong></span> <span class='ocrx_word' id='word_1_564' title='bbox 1582 5644 1782 5700; x_wconf 89' lang='lat' dir='ltr'><strong>incidat</strong></span> <span class='ocrx_word' id='word_1_565' title='bbox 1814 5646 1882 5701; x_wconf 86' lang='lat' dir='ltr'><strong>ab</strong></span> <span class='ocrx_word' id='word_1_566' title='bbox 1903 5647 2006 5702; x_wconf 88' lang='lat' dir='ltr'><strong>hoc</strong></span> 
     </span>
    </p>
   </div>
   <div class='ocr_carea' id='block_1_72' title="bbox 427 5711 2006 5820">
    <p class='ocr_par' dir='ltr' id='par_1_72' title="bbox 427 5711 2006 5820">
     <span class='ocr_line' id='line_1_72' title="bbox 427 5711 2006 5820; baseline 0.004 -53"><span class='ocrx_word' id='word_1_567' title='bbox 427 5711 731 5820; x_wconf 63' lang='lat' dir='ltr'><strong>Theophilo</strong></span> <span class='ocrx_word' id='word_1_568' title='bbox 757 5713 1078 5795; x_wconf 43' lang='lat' dir='ltr'><strong>&#39;Rabanum.</strong></span> <span class='ocrx_word' id='word_1_569' title='bbox 1120 5714 1337 5770; x_wconf 78' lang='lat' dir='ltr'><strong>Grzecas</strong></span> <span class='ocrx_word' id='word_1_570' title='bbox 1384 5715 1570 5795; x_wconf 69' lang='lat' dir='ltr'><strong>Roma:</strong></span> <span class='ocrx_word' id='word_1_571' title='bbox 1620 5713 1834 5772; x_wconf 88' lang='lat' dir='ltr'><strong>litteras</strong></span> <span class='ocrx_word' id='word_1_572' title='bbox 1874 5716 2006 5772; x_wconf 89' lang='lat' dir='ltr'><strong>edo-</strong></span> 
     </span>
     <span class='ocr_line' id='line_1_73' title="bbox 427 5780 2006 5820; baseline 0 0"><span class='ocrx_word' id='word_1_573' title='bbox 427 5791 571 5820; x_wconf 73' lang='lat' dir='ltr'><strong>Mirm</strong></span> <span class='ocrx_word' id='word_1_574' title='bbox 634 5780 797 5820; x_wconf 71' lang='lat' dir='ltr'><strong>Fm-m</strong></span> <span class='ocrx_word' id='word_1_575' title='bbox 833 5797 895 5820; x_wconf 65' lang='grc' dir='ltr'><strong>ηπ</strong></span> <span class='ocrx_word' id='word_1_576' title='bbox 935 5783 1137 5820; x_wconf 70' lang='lat' dir='ltr'><strong>unum:</strong></span> <span class='ocrx_word' id='word_1_577' title='bbox 1169 5785 1234 5820; x_wconf 68' lang='lat' dir='ltr'><strong>ml</strong></span> <span class='ocrx_word' id='word_1_578' title='bbox 1272 5786 1413 5820; x_wconf 76' lang='grc' dir='ltr'><strong>Ιιιιηι-</strong></span> <span class='ocrx_word' id='word_1_579' title='bbox 1447 5784 1669 5820; x_wconf 65' lang='grc' dir='ltr'><strong>ηηιειηιη</strong></span> <span class='ocrx_word' id='word_1_580' title='bbox 1730 5792 2006 5820; x_wconf 70' lang='grc' dir='ltr'><strong>οηηιησιιηι.</strong></span> 
     </span>
    </p>
   </div>
   <div class='ocr_carea' id='block_1_73' title="bbox 425 5780 2012 5858">
    <p class='ocr_par' dir='ltr' id='par_1_73' title="bbox 425 5780 2012 5858">
     <span class='ocr_line' id='line_1_74' title="bbox 425 5780 2012 5858; baseline 0.003 -19"><span class='ocrx_word' id='word_1_581' title='bbox 425 5780 609 5858; x_wconf 81' lang='lat' dir='ltr'><strong>ctum?</strong></span> <span class='ocrx_word' id='word_1_582' title='bbox 634 5780 800 5858; x_wconf 81' lang='lat' dir='ltr'><strong>Forte</strong></span> <span class='ocrx_word' id='word_1_583' title='bbox 832 5797 901 5858; x_wconf 68' lang='lat' dir='ltr'><strong>ex</strong></span> <span class='ocrx_word' id='word_1_584' title='bbox 930 5783 1139 5858; x_wconf 73' lang='lat' dir='ltr'><strong>Alcujni</strong></span> <span class='ocrx_word' id='word_1_585' title='bbox 1168 5785 1234 5839; x_wconf 90' lang='lat' dir='ltr'><strong>ad</strong></span> <span class='ocrx_word' id='word_1_586' title='bbox 1256 5786 1415 5858; x_wconf 39' lang='lat' dir='ltr'><strong>‘hunc</strong></span> <span class='ocrx_word' id='word_1_587' title='bbox 1447 5784 1672 5855; x_wconf 86' lang='lat' dir='ltr'><strong>epistola</strong></span> <span class='ocrx_word' id='word_1_588' title='bbox 1730 5792 2012 5858; x_wconf 79' lang='lat' dir='ltr'><strong>septuage-</strong></span> 
     </span>
    </p>
   </div>
   <div class='ocr_carea' id='block_1_74' title="bbox 426 5851 1441 5923">
    <p class='ocr_par' dir='ltr' id='par_1_74' title="bbox 426 5851 1441 5923">
     <span class='ocr_line' id='line_1_75' title="bbox 426 5851 1441 5923; baseline 0 -13"><span class='ocrx_word' id='word_1_589' title='bbox 426 5852 566 5910; x_wconf 85' lang='lat' dir='ltr'><strong>sima</strong></span> <span class='ocrx_word' id='word_1_590' title='bbox 597 5852 836 5909; x_wconf 85' lang='lat' dir='ltr'><strong>secunda</strong></span> <span class='ocrx_word' id='word_1_591' title='bbox 871 5851 1011 5907; x_wconf 88' lang='lat' dir='ltr'><strong>inter</strong></span> <span class='ocrx_word' id='word_1_592' title='bbox 1049 5852 1206 5922; x_wconf 87' lang='lat' dir='ltr'><strong>hujus</strong></span> <span class='ocrx_word' id='word_1_593' title='bbox 1245 5854 1441 5923; x_wconf 84' lang='lat' dir='ltr'><strong>Opera.</strong></span> 
     </span>
    </p>
   </div>
   <div class='ocr_carea' id='block_1_75' title="bbox 2094 2838 3153 2910">
    <p class='ocr_par' dir='ltr' id='par_1_75' title="bbox 2094 2838 3153 2910">
     <span class='ocr_line' id='line_1_76' title="bbox 2094 2838 3153 2910; baseline 0.004 -15"><span class='ocrx_word' id='word_1_594' title='bbox 2094 2838 2501 2910; x_wconf 88' lang='lat' dir='ltr'><strong>Scripturarum</strong></span> <span class='ocrx_word' id='word_1_595' title='bbox 2529 2841 2810 2898; x_wconf 89' lang='lat' dir='ltr'><strong>scientiam</strong></span> <span class='ocrx_word' id='word_1_596' title='bbox 2839 2844 3153 2899; x_wconf 87' lang='lat' dir='ltr'><strong>introduxit.</strong></span> 
     </span>
    </p>
   </div>
   <div class='ocr_carea' id='block_1_76' title="bbox 2166 2930 3670 3005">
    <p class='ocr_par' dir='ltr' id='par_1_76' title="bbox 2166 2930 3670 3005">
     <span class='ocr_line' id='line_1_77' title="bbox 2166 2930 3670 3005; baseline 0.007 -21"><span class='ocrx_word' id='word_1_597' title='bbox 2166 2930 2293 2986; x_wconf 71' lang='lat' dir='ltr'><strong>litec</strong></span> <span class='ocrx_word' id='word_1_598' title='bbox 2320 2930 2495 2986; x_wconf 84' lang='lat' dir='ltr'><strong>forma</strong></span> <span class='ocrx_word' id='word_1_599' title='bbox 2538 2934 2761 2988; x_wconf 86' lang='lat' dir='ltr'><strong>docendi</strong></span> <span class='ocrx_word' id='word_1_600' title='bbox 2789 2949 2886 3003; x_wconf 89' lang='lat' dir='ltr'><strong>per</strong></span> <span class='ocrx_word' id='word_1_601' title='bbox 2915 2935 3088 3005; x_wconf 88' lang='lat' dir='ltr'><strong>ipsum</strong></span> <span class='ocrx_word' id='word_1_602' title='bbox 3120 2936 3408 2993; x_wconf 88' lang='lat' dir='ltr'><strong>didascalis</strong></span> <span class='ocrx_word' id='word_1_603' title='bbox 3452 2937 3670 3004; x_wconf 87' lang='lat' dir='ltr'><strong>tradita,</strong></span> 
     </span>
    </p>
   </div>
   <div class='ocr_carea' id='block_1_77' title="bbox 2094 3016 3743 3099">
    <p class='ocr_par' dir='ltr' id='par_1_77' title="bbox 2094 3016 3743 3099">
     <span class='ocr_line' id='line_1_78' title="bbox 2094 3016 3743 3099; baseline 0.004 -22"><span class='ocrx_word' id='word_1_604' title='bbox 2094 3021 2279 3077; x_wconf 86' lang='lat' dir='ltr'><strong>multis</strong></span> <span class='ocrx_word' id='word_1_605' title='bbox 2308 3022 2468 3077; x_wconf 91' lang='lat' dir='ltr'><strong>annis</strong></span> <span class='ocrx_word' id='word_1_606' title='bbox 2496 3023 2550 3076; x_wconf 90' lang='lat' dir='ltr'><strong>in</strong></span> <span class='ocrx_word' id='word_1_607' title='bbox 2587 3023 2841 3081; x_wconf 86' lang='lat' dir='ltr'><strong>Fuldensi</strong></span> <span class='ocrx_word' id='word_1_608' title='bbox 2900 3028 3229 3083; x_wconf 90' lang='lat' dir='ltr'><strong>monasterio</strong></span> <span class='ocrx_word' id='word_1_609' title='bbox 3283 3028 3673 3099; x_wconf 90' lang='lat' dir='ltr'><strong>perseveravit,</strong></span> <span class='ocrx_word' id='word_1_610' title='bbox 3738 3016 3743 3021; x_wconf 71' lang='grc'><strong>’</strong></span> 
     </span>
    </p>
   </div>
   <div class='ocr_carea' id='block_1_78' title="bbox 2094 3113 3674 3184">
    <p class='ocr_par' dir='ltr' id='par_1_78' title="bbox 2094 3113 3674 3184">
     <span class='ocr_line' id='line_1_79' title="bbox 2094 3113 3674 3184; baseline 0.004 -18"><span class='ocrx_word' id='word_1_611' title='bbox 2094 3119 2149 3166; x_wconf 87' lang='lat' dir='ltr'><strong>et</strong></span> <span class='ocrx_word' id='word_1_612' title='bbox 2192 3126 2446 3167; x_wconf 87' lang='lat' dir='ltr'><strong>successu</strong></span> <span class='ocrx_word' id='word_1_613' title='bbox 2479 3114 2738 3182; x_wconf 90' lang='lat' dir='ltr'><strong>temporis</strong></span> <span class='ocrx_word' id='word_1_614' title='bbox 2770 3113 2838 3168; x_wconf 92' lang='lat' dir='ltr'><strong>ad</strong></span> <span class='ocrx_word' id='word_1_615' title='bbox 2889 3116 3043 3184; x_wconf 89' lang='lat' dir='ltr'><strong>plura</strong></span> <span class='ocrx_word' id='word_1_616' title='bbox 3089 3115 3397 3173; x_wconf 78' lang='lat' dir='ltr'><strong>Germaniae</strong></span> <span class='ocrx_word' id='word_1_617' title='bbox 3424 3119 3674 3175; x_wconf 69' lang='lat' dir='ltr'><strong>cmnobia</strong></span> 
     </span>
    </p>
   </div>
   <div class='ocr_carea' id='block_1_79' title="bbox 2099 3203 3680 3273">
    <p class='ocr_par' dir='ltr' id='par_1_79' title="bbox 2099 3203 3680 3273">
     <span class='ocr_line' id='line_1_80' title="bbox 2099 3203 3680 3273; baseline 0.008 -18"><span class='ocrx_word' id='word_1_618' title='bbox 2099 3217 2202 3257; x_wconf 94' lang='lat' dir='ltr'><strong>non</strong></span> <span class='ocrx_word' id='word_1_619' title='bbox 2226 3203 2341 3258; x_wconf 89' lang='lat' dir='ltr'><strong>sine</strong></span> <span class='ocrx_word' id='word_1_620' title='bbox 2369 3204 2608 3259; x_wconf 79' lang='lat' dir='ltr'><strong>maxima</strong></span> <span class='ocrx_word' id='word_1_621' title='bbox 2629 3205 2863 3262; x_wconf 88' lang='lat' dir='ltr'><strong>utilitate</strong></span> <span class='ocrx_word' id='word_1_622' title='bbox 2883 3207 3142 3262; x_wconf 90' lang='lat' dir='ltr'><strong>translata</strong></span> <span class='ocrx_word' id='word_1_623' title='bbox 3188 3206 3309 3273; x_wconf 88' lang='lat' dir='ltr'><strong>fuit,</strong></span> <span class='ocrx_word' id='word_1_624' title='bbox 3334 3209 3492 3267; x_wconf 89' lang='lat' dir='ltr'><strong>sicuti</strong></span> <span class='ocrx_word' id='word_1_625' title='bbox 3518 3211 3680 3267; x_wconf 79' lang='lat' dir='ltr'><strong>facile</strong></span> 
     </span>
    </p>
   </div>
   <div class='ocr_carea' id='block_1_80' title="bbox 2095 3295 3681 3369">
    <p class='ocr_par' dir='ltr' id='par_1_80' title="bbox 2095 3295 3681 3369">
     <span class='ocr_line' id='line_1_81' title="bbox 2095 3295 3681 3369; baseline 0.006 -20"><span class='ocrx_word' id='word_1_626' title='bbox 2095 3309 2193 3364; x_wconf 91' lang='lat' dir='ltr'><strong>per</strong></span> <span class='ocrx_word' id='word_1_627' title='bbox 2210 3302 2454 3349; x_wconf 90' lang='lat' dir='ltr'><strong>veterum</strong></span> <span class='ocrx_word' id='word_1_628' title='bbox 2475 3295 2675 3365; x_wconf 89' lang='lat' dir='ltr'><strong>scripta</strong></span> <span class='ocrx_word' id='word_1_629' title='bbox 2696 3298 3094 3367; x_wconf 88' lang='lat' dir='ltr'><strong>comprobatur,</strong></span> <span class='ocrx_word' id='word_1_630' title='bbox 3111 3313 3176 3353; x_wconf 90' lang='lat' dir='ltr'><strong>eo</strong></span> <span class='ocrx_word' id='word_1_631' title='bbox 3198 3307 3458 3369; x_wconf 89' lang='lat' dir='ltr'><strong>tempore,</strong></span> <span class='ocrx_word' id='word_1_632' title='bbox 3480 3311 3681 3369; x_wconf 68' lang='lat' dir='ltr'><strong>prazter</strong></span> 
     </span>
    </p>
   </div>
   <div class='ocr_carea' id='block_1_81' title="bbox 2092 3384 3682 3458">
    <p class='ocr_par' dir='ltr' id='par_1_81' title="bbox 2092 3384 3682 3458">
     <span class='ocr_line' id='line_1_82' title="bbox 2092 3384 3682 3458; baseline 0.004 -19"><span class='ocrx_word' id='word_1_633' title='bbox 2092 3384 2267 3439; x_wconf 90' lang='lat' dir='ltr'><strong>solum</strong></span> <span class='ocrx_word' id='word_1_634' title='bbox 2304 3385 2548 3441; x_wconf 90' lang='lat' dir='ltr'><strong>ordinem</strong></span> <span class='ocrx_word' id='word_1_635' title='bbox 2578 3387 2747 3441; x_wconf 87' lang='lat' dir='ltr'><strong>sancti</strong></span> <span class='ocrx_word' id='word_1_636' title='bbox 2774 3386 2947 3458; x_wconf 88' lang='lat' dir='ltr'><strong>patris</strong></span> <span class='ocrx_word' id='word_1_637' title='bbox 2976 3386 3270 3453; x_wconf 88' lang='lat' dir='ltr'><strong>Benedicti,</strong></span> <span class='ocrx_word' id='word_1_638' title='bbox 3294 3387 3438 3442; x_wconf 92' lang='lat' dir='ltr'><strong>nulla</strong></span> <span class='ocrx_word' id='word_1_639' title='bbox 3457 3387 3682 3446; x_wconf 84' lang='lat' dir='ltr'><strong>fuerunt</strong></span> 
     </span>
    </p>
   </div>
   <div class='ocr_carea' id='block_1_82' title="bbox 2096 3473 3673 3555">
    <p class='ocr_par' dir='ltr' id='par_1_82' title="bbox 2096 3473 3673 3555">
     <span class='ocr_line' id='line_1_83' title="bbox 2096 3473 3673 3555; baseline 0.005 -26"><span class='ocrx_word' id='word_1_640' title='bbox 2096 3473 2462 3530; x_wconf 90' lang='lat' dir='ltr'><strong>claustralium</strong></span> <span class='ocrx_word' id='word_1_641' title='bbox 2494 3491 2591 3546; x_wconf 89' lang='lat' dir='ltr'><strong>per</strong></span> <span class='ocrx_word' id='word_1_642' title='bbox 2627 3485 2792 3532; x_wconf 91' lang='lat' dir='ltr'><strong>totam</strong></span> <span class='ocrx_word' id='word_1_643' title='bbox 2842 3476 3191 3555; x_wconf 72' lang='lat' dir='ltr'><strong>Germaniam</strong></span> <span class='ocrx_word' id='word_1_644' title='bbox 3234 3480 3500 3546; x_wconf 68' lang='lat' dir='ltr'><strong>coenobia,</strong></span> <span class='ocrx_word' id='word_1_645' title='bbox 3546 3496 3673 3537; x_wconf 90' lang='lat' dir='ltr'><strong>cum</strong></span> 
     </span>
    </p>
   </div>
   <div class='ocr_carea' id='block_1_83' title="bbox 2095 3562 3681 3641">
    <p class='ocr_par' dir='ltr' id='par_1_83' title="bbox 2095 3562 3681 3641">
     <span class='ocr_line' id='line_1_84' title="bbox 2095 3562 3681 3641; baseline 0.005 -23"><span class='ocrx_word' id='word_1_646' title='bbox 2095 3578 2269 3633; x_wconf 89' lang='lat' dir='ltr'><strong>neque</strong></span> <span class='ocrx_word' id='word_1_647' title='bbox 2300 3562 2689 3621; x_wconf 89' lang='lat' dir='ltr'><strong>Cistercieuscs</strong></span> <span class='ocrx_word' id='word_1_648' title='bbox 2742 3566 2919 3622; x_wconf 89' lang='lat' dir='ltr'><strong>adhuc</strong></span> <span class='ocrx_word' id='word_1_649' title='bbox 2971 3576 3154 3623; x_wconf 88' lang='lat' dir='ltr'><strong>essent</strong></span> <span class='ocrx_word' id='word_1_650' title='bbox 3206 3568 3460 3635; x_wconf 89' lang='lat' dir='ltr'><strong>instituti,</strong></span> <span class='ocrx_word' id='word_1_651' title='bbox 3500 3584 3681 3641; x_wconf 88' lang='lat' dir='ltr'><strong>neque</strong></span> 
     </span>
    </p>
   </div>
   <div class='ocr_carea' id='block_1_84' title="bbox 2097 3653 3679 3729">
    <p class='ocr_par' dir='ltr' id='par_1_84' title="bbox 2097 3653 3679 3729">
     <span class='ocr_line' id='line_1_85' title="bbox 2097 3653 3679 3729; baseline 0.006 -20"><span class='ocrx_word' id='word_1_652' title='bbox 2097 3653 2331 3711; x_wconf 83' lang='lat' dir='ltr'><strong>fratrum</strong></span> <span class='ocrx_word' id='word_1_653' title='bbox 2392 3666 2691 3713; x_wconf 88' lang='lat' dir='ltr'><strong>conventus</strong></span> <span class='ocrx_word' id='word_1_654' title='bbox 2744 3656 3182 3725; x_wconf 86' lang='lat' dir='ltr'><strong>Mendicantium,</strong></span> <span class='ocrx_word' id='word_1_655' title='bbox 3232 3674 3407 3729; x_wconf 87' lang='lat' dir='ltr'><strong>neque</strong></span> <span class='ocrx_word' id='word_1_656' title='bbox 3452 3659 3679 3719; x_wconf 81' lang='lat' dir='ltr'><strong>alterius</strong></span> 
     </span>
    </p>
   </div>
   <div class='ocr_carea' id='block_1_85' title="bbox 2098 3746 3680 3824">
    <p class='ocr_par' dir='ltr' id='par_1_85' title="bbox 2098 3746 3680 3824">
     <span class='ocr_line' id='line_1_86' title="bbox 2098 3746 3680 3824; baseline 0.001 -19"><span class='ocrx_word' id='word_1_657' title='bbox 2098 3746 2337 3817; x_wconf 88' lang='lat' dir='ltr'><strong>cujusvis</strong></span> <span class='ocrx_word' id='word_1_658' title='bbox 2392 3748 2751 3805; x_wconf 72' lang='lat' dir='ltr'><strong>observantia:</strong></span> <span class='ocrx_word' id='word_1_659' title='bbox 2783 3750 3089 3819; x_wconf 79' lang='lat' dir='ltr'><strong>singularis,</strong></span> <span class='ocrx_word' id='word_1_660' title='bbox 3132 3750 3222 3820; x_wconf 90' lang='lat' dir='ltr'><strong>qui</strong></span> <span class='ocrx_word' id='word_1_661' title='bbox 3279 3766 3468 3807; x_wconf 89' lang='lat' dir='ltr'><strong>omnes</strong></span> <span class='ocrx_word' id='word_1_662' title='bbox 3519 3751 3680 3824; x_wconf 83' lang='lat' dir='ltr'><strong>longe</strong></span> 
     </span>
    </p>
   </div>
   <div class='ocr_carea' id='block_1_86' title="bbox 2097 3840 3675 3921">
    <p class='ocr_par' dir='ltr' id='par_1_86' title="bbox 2097 3840 3675 3921">
     <span class='ocr_line' id='line_1_87' title="bbox 2097 3840 3675 3921; baseline 0.003 -26"><span class='ocrx_word' id='word_1_663' title='bbox 2097 3848 2283 3912; x_wconf 90' lang='lat' dir='ltr'><strong>postea</strong></span> <span class='ocrx_word' id='word_1_664' title='bbox 2333 3850 2781 3911; x_wconf 89' lang='lat' dir='ltr'><strong>supervenerunt.</strong></span> <span class='ocrx_word' id='word_1_665' title='bbox 2808 3841 2875 3895; x_wconf 86' lang='lat' dir='ltr'><strong>Et</strong></span> <span class='ocrx_word' id='word_1_666' title='bbox 2901 3840 3021 3896; x_wconf 89' lang='lat' dir='ltr'><strong>ideo</strong></span> <span class='ocrx_word' id='word_1_667' title='bbox 3062 3842 3275 3911; x_wconf 89' lang='lat' dir='ltr'><strong>quoties</strong></span> <span class='ocrx_word' id='word_1_668' title='bbox 3302 3842 3356 3896; x_wconf 93' lang='lat' dir='ltr'><strong>in</strong></span> <span class='ocrx_word' id='word_1_669' title='bbox 3378 3841 3487 3921; x_wconf 26' lang='lat' dir='ltr'><strong>hoc.</strong></span> <span class='ocrx_word' id='word_1_670' title='bbox 3507 3856 3675 3913; x_wconf 87' lang='lat' dir='ltr'><strong>opere</strong></span> 
     </span>
    </p>
   </div>
   <div class='ocr_carea' id='block_1_87' title="bbox 2096 3926 3675 4002">
    <p class='ocr_par' dir='ltr' id='par_1_87' title="bbox 2096 3926 3675 4002">
     <span class='ocr_line' id='line_1_88' title="bbox 2096 3926 3675 4002; baseline 0.002 -18"><span class='ocrx_word' id='word_1_671' title='bbox 2096 3928 2423 3984; x_wconf 89' lang='lat' dir='ltr'><strong>mentionem</strong></span> <span class='ocrx_word' id='word_1_672' title='bbox 2449 3928 2516 3983; x_wconf 89' lang='lat' dir='ltr'><strong>de</strong></span> <span class='ocrx_word' id='word_1_673' title='bbox 2540 3928 2821 3983; x_wconf 88' lang='lat' dir='ltr'><strong>monachis</strong></span> <span class='ocrx_word' id='word_1_674' title='bbox 2848 3926 3093 3994; x_wconf 82' lang='lat' dir='ltr'><strong>facimus,</strong></span> <span class='ocrx_word' id='word_1_675' title='bbox 3122 3945 3230 3985; x_wconf 92' lang='lat' dir='ltr'><strong>non</strong></span> <span class='ocrx_word' id='word_1_676' title='bbox 3259 3929 3352 3984; x_wconf 90' lang='lat' dir='ltr'><strong>alii</strong></span> <span class='ocrx_word' id='word_1_677' title='bbox 3388 3947 3549 4002; x_wconf 89' lang='lat' dir='ltr'><strong>quam</strong></span> <span class='ocrx_word' id='word_1_678' title='bbox 3572 3931 3675 3987; x_wconf 81' lang='lat' dir='ltr'><strong>Be-</strong></span> 
     </span>
    </p>
   </div>
   <div class='ocr_carea' id='block_1_88' title="bbox 2098 4020 3676 4101">
    <p class='ocr_par' dir='ltr' id='par_1_88' title="bbox 2098 4020 3676 4101">
     <span class='ocr_line' id='line_1_89' title="bbox 2098 4020 3676 4101; baseline 0 -23"><span class='ocrx_word' id='word_1_679' title='bbox 2098 4022 2357 4079; x_wconf 89' lang='lat' dir='ltr'><strong>nedictini</strong></span> <span class='ocrx_word' id='word_1_680' title='bbox 2387 4029 2511 4076; x_wconf 91' lang='lat' dir='ltr'><strong>sunt</strong></span> <span class='ocrx_word' id='word_1_681' title='bbox 2536 4020 2904 4101; x_wconf 64' lang='lat' dir='ltr'><strong>intelligendi,</strong></span> <span class='ocrx_word' id='word_1_682' title='bbox 2954 4021 3057 4076; x_wconf 88' lang='lat' dir='ltr'><strong>nisi</strong></span> <span class='ocrx_word' id='word_1_683' title='bbox 3086 4023 3402 4077; x_wconf 90' lang='lat' dir='ltr'><strong>nominatim</strong></span> <span class='ocrx_word' id='word_1_684' title='bbox 3454 4023 3676 4079; x_wconf 90' lang='lat' dir='ltr'><strong>alterius</strong></span> 
     </span>
    </p>
   </div>
   <div class='ocr_carea' id='block_1_89' title="bbox 2097 4112 3676 4185">
    <p class='ocr_par' dir='ltr' id='par_1_89' title="bbox 2097 4112 3676 4185">
     <span class='ocr_line' id='line_1_90' title="bbox 2097 4112 3676 4185; baseline 0.001 -17"><span class='ocrx_word' id='word_1_685' title='bbox 2097 4112 2452 4185; x_wconf 79' lang='lat' dir='ltr'><strong>professionis</strong></span> <span class='ocrx_word' id='word_1_686' title='bbox 2514 4113 2889 4183; x_wconf 87' lang='lat' dir='ltr'><strong>exprimantur</strong></span> <span class='ocrx_word' id='word_1_687' title='bbox 2955 4112 3282 4183; x_wconf 88' lang='lat' dir='ltr'><strong>specialiter.</strong></span> <span class='ocrx_word' id='word_1_688' title='bbox 3336 4113 3416 4170; x_wconf 85' lang='lat' dir='ltr'><strong>Ad</strong></span> <span class='ocrx_word' id='word_1_689' title='bbox 3479 4113 3676 4169; x_wconf 86' lang='lat' dir='ltr'><strong>multos</strong></span> 
     </span>
    </p>
   </div>
   <div class='ocr_carea' id='block_1_90' title="bbox 2097 4206 3676 4265">
    <p class='ocr_par' dir='ltr' id='par_1_90' title="bbox 2097 4206 3676 4265">
     <span class='ocr_line' id='line_1_91' title="bbox 2097 4206 3676 4265; baseline 0.003 -4"><span class='ocrx_word' id='word_1_690' title='bbox 2097 4222 2269 4262; x_wconf 89' lang='lat' dir='ltr'><strong>annos</strong></span> <span class='ocrx_word' id='word_1_691' title='bbox 2296 4206 2507 4261; x_wconf 87' lang='lat' dir='ltr'><strong>duravit</strong></span> <span class='ocrx_word' id='word_1_692' title='bbox 2542 4206 2596 4261; x_wconf 93' lang='lat' dir='ltr'><strong>in</strong></span> <span class='ocrx_word' id='word_1_693' title='bbox 2630 4206 2895 4262; x_wconf 61' lang='lat' dir='ltr'><strong>coenobiis</strong></span> <span class='ocrx_word' id='word_1_694' title='bbox 2922 4206 3309 4261; x_wconf 88' lang='lat' dir='ltr'><strong>monachorum</strong></span> <span class='ocrx_word' id='word_1_695' title='bbox 3336 4206 3482 4263; x_wconf 88' lang='lat' dir='ltr'><strong>istud</strong></span> <span class='ocrx_word' id='word_1_696' title='bbox 3512 4206 3676 4265; x_wconf 84' lang='lat' dir='ltr'><strong>mira-</strong></span> 
     </span>
    </p>
   </div>
   <div class='ocr_carea' id='block_1_91' title="bbox 2098 4298 3673 4370">
    <p class='ocr_par' dir='ltr' id='par_1_91' title="bbox 2098 4298 3673 4370">
     <span class='ocr_line' id='line_1_92' title="bbox 2098 4298 3673 4370; baseline 0.002 -17"><span class='ocrx_word' id='word_1_697' title='bbox 2098 4299 2207 4354; x_wconf 91' lang='lat' dir='ltr'><strong>bile</strong></span> <span class='ocrx_word' id='word_1_698' title='bbox 2230 4298 2463 4353; x_wconf 90' lang='lat' dir='ltr'><strong>studium</strong></span> <span class='ocrx_word' id='word_1_699' title='bbox 2515 4299 2928 4370; x_wconf 86' lang='lat' dir='ltr'><strong>scripturarum,</strong></span> <span class='ocrx_word' id='word_1_700' title='bbox 2967 4307 3021 4354; x_wconf 91' lang='lat' dir='ltr'><strong>et</strong></span> <span class='ocrx_word' id='word_1_701' title='bbox 3048 4300 3193 4356; x_wconf 89' lang='lat' dir='ltr'><strong>viros</strong></span> <span class='ocrx_word' id='word_1_702' title='bbox 3244 4300 3543 4356; x_wconf 86' lang='lat' dir='ltr'><strong>sanctitate</strong></span> <span class='ocrx_word' id='word_1_703' title='bbox 3567 4316 3673 4356; x_wconf 87' lang='lat' dir='ltr'><strong>non</strong></span> 
     </span>
    </p>
   </div>
   <div class='ocr_carea' id='block_1_92' title="bbox 2101 4390 3679 4462">
    <p class='ocr_par' dir='ltr' id='par_1_92' title="bbox 2101 4390 3679 4462">
     <span class='ocr_line' id='line_1_93' title="bbox 2101 4390 3679 4462; baseline 0 -17"><span class='ocrx_word' id='word_1_704' title='bbox 2101 4392 2278 4446; x_wconf 91' lang='lat' dir='ltr'><strong>minus</strong></span> <span class='ocrx_word' id='word_1_705' title='bbox 2303 4404 2464 4461; x_wconf 91' lang='lat' dir='ltr'><strong>quam</strong></span> <span class='ocrx_word' id='word_1_706' title='bbox 2497 4391 2741 4446; x_wconf 90' lang='lat' dir='ltr'><strong>doctrina</strong></span> <span class='ocrx_word' id='word_1_707' title='bbox 2781 4407 2936 4447; x_wconf 88' lang='lat' dir='ltr'><strong>sacer</strong></span> <span class='ocrx_word' id='word_1_708' title='bbox 2958 4391 3091 4447; x_wconf 87' lang='lat' dir='ltr'><strong>ordo</strong></span> <span class='ocrx_word' id='word_1_709' title='bbox 3116 4390 3390 4448; x_wconf 86' lang='lat' dir='ltr'><strong>Benedicti</strong></span> <span class='ocrx_word' id='word_1_710' title='bbox 3423 4391 3679 4462; x_wconf 77' lang='lat' dir='ltr'><strong>produxit</strong></span> 
     </span>
    </p>
   </div>
   <div class='ocr_carea' id='block_1_93' title="bbox 2103 4480 3678 4553">
    <p class='ocr_par' dir='ltr' id='par_1_93' title="bbox 2103 4480 3678 4553">
     <span class='ocr_line' id='line_1_94' title="bbox 2103 4480 3678 4553; baseline 0.001 -17"><span class='ocrx_word' id='word_1_711' title='bbox 2103 4480 2541 4536; x_wconf 90' lang='lat' dir='ltr'><strong>innumerabiles.</strong></span> <span class='ocrx_word' id='word_1_712' title='bbox 2556 4480 2811 4553; x_wconf 81' lang='lat' dir='ltr'><strong>Legimus</strong></span> <span class='ocrx_word' id='word_1_713' title='bbox 2831 4482 2995 4548; x_wconf 91' lang='lat' dir='ltr'><strong>enim,</strong></span> <span class='ocrx_word' id='word_1_714' title='bbox 3021 4482 3179 4537; x_wconf 89' lang='lat' dir='ltr'><strong>sicuti</strong></span> <span class='ocrx_word' id='word_1_715' title='bbox 3207 4497 3274 4537; x_wconf 86' lang='lat' dir='ltr'><strong>ex</strong></span> <span class='ocrx_word' id='word_1_716' title='bbox 3297 4482 3678 4552; x_wconf 87' lang='lat' dir='ltr'><strong>supputatione</strong></span> 
     </span>
    </p>
   </div>
   <div class='ocr_carea' id='block_1_94' title="bbox 2106 4571 3675 4643">
    <p class='ocr_par' dir='ltr' id='par_1_94' title="bbox 2106 4571 3675 4643">
     <span class='ocr_line' id='line_1_95' title="bbox 2106 4571 3675 4643; baseline -0.001 -15"><span class='ocrx_word' id='word_1_717' title='bbox 2106 4574 2379 4629; x_wconf 90' lang='lat' dir='ltr'><strong>annalium</strong></span> <span class='ocrx_word' id='word_1_718' title='bbox 2412 4581 2721 4629; x_wconf 89' lang='lat' dir='ltr'><strong>nostrorum</strong></span> <span class='ocrx_word' id='word_1_719' title='bbox 2770 4581 2985 4628; x_wconf 89' lang='lat' dir='ltr'><strong>constat</strong></span> <span class='ocrx_word' id='word_1_720' title='bbox 3023 4572 3389 4638; x_wconf 90' lang='lat' dir='ltr'><strong>manifestum,</strong></span> <span class='ocrx_word' id='word_1_721' title='bbox 3418 4571 3562 4643; x_wconf 90' lang='lat' dir='ltr'><strong>quod</strong></span> <span class='ocrx_word' id='word_1_722' title='bbox 3611 4588 3675 4629; x_wconf 86' lang='lat' dir='ltr'><strong>ex</strong></span> 
     </span>
    </p>
   </div>
   <div class='ocr_carea' id='block_1_95' title="bbox 2102 4660 3675 4733">
    <p class='ocr_par' dir='ltr' id='par_1_95' title="bbox 2102 4660 3675 4733">
     <span class='ocr_line' id='line_1_96' title="bbox 2102 4660 3675 4733; baseline -0.001 -15"><span class='ocrx_word' id='word_1_723' title='bbox 2102 4662 2400 4727; x_wconf 88' lang='lat' dir='ltr'><strong>monachis,</strong></span> <span class='ocrx_word' id='word_1_724' title='bbox 2432 4663 2678 4718; x_wconf 90' lang='lat' dir='ltr'><strong>ordinem</strong></span> <span class='ocrx_word' id='word_1_725' title='bbox 2712 4663 2881 4718; x_wconf 91' lang='lat' dir='ltr'><strong>sancti</strong></span> <span class='ocrx_word' id='word_1_726' title='bbox 2909 4663 3080 4733; x_wconf 88' lang='lat' dir='ltr'><strong>patris</strong></span> <span class='ocrx_word' id='word_1_727' title='bbox 3100 4661 3373 4717; x_wconf 84' lang='lat' dir='ltr'><strong>Benedicti</strong></span> <span class='ocrx_word' id='word_1_728' title='bbox 3396 4660 3675 4730; x_wconf 86' lang='lat' dir='ltr'><strong>professis,</strong></span> 
     </span>
    </p>
   </div>
   <div class='ocr_carea' id='block_1_96' title="bbox 2098 4753 3677 4827">
    <p class='ocr_par' dir='ltr' id='par_1_96' title="bbox 2098 4753 3677 4827">
     <span class='ocr_line' id='line_1_97' title="bbox 2098 4753 3677 4827; baseline 0.001 -19"><span class='ocrx_word' id='word_1_729' title='bbox 2098 4763 2332 4827; x_wconf 81' lang='lat' dir='ltr'><strong>quatuor</strong></span> <span class='ocrx_word' id='word_1_730' title='bbox 2360 4762 2415 4809; x_wconf 90' lang='lat' dir='ltr'><strong>et</strong></span> <span class='ocrx_word' id='word_1_731' title='bbox 2448 4753 2637 4825; x_wconf 82' lang='lat' dir='ltr'><strong>viginti</strong></span> <span class='ocrx_word' id='word_1_732' title='bbox 2683 4768 2780 4825; x_wconf 90' lang='lat' dir='ltr'><strong>per</strong></span> <span class='ocrx_word' id='word_1_733' title='bbox 2830 4768 3141 4809; x_wconf 87' lang='lat' dir='ltr'><strong>successum</strong></span> <span class='ocrx_word' id='word_1_734' title='bbox 3187 4753 3445 4822; x_wconf 88' lang='lat' dir='ltr'><strong>temporis</strong></span> <span class='ocrx_word' id='word_1_735' title='bbox 3490 4766 3677 4809; x_wconf 84' lang='lat' dir='ltr'><strong>sacro—</strong></span> 
     </span>
    </p>
   </div>
   <div class='ocr_carea' id='block_1_97' title="bbox 2098 4846 3675 4918">
    <p class='ocr_par' dir='ltr' id='par_1_97' title="bbox 2098 4846 3675 4918">
     <span class='ocr_line' id='line_1_98' title="bbox 2098 4846 3675 4918; baseline -0.003 -13"><span class='ocrx_word' id='word_1_736' title='bbox 2098 4856 2301 4905; x_wconf 60' lang='lat' dir='ltr'><strong>sancte</strong></span> <span class='ocrx_word' id='word_1_737' title='bbox 2322 4847 2585 4905; x_wconf 66' lang='lat' dir='ltr'><strong>Ecclesiae</strong></span> <span class='ocrx_word' id='word_1_738' title='bbox 2623 4846 2881 4904; x_wconf 78' lang='lat' dir='ltr'><strong>Romana:</strong></span> <span class='ocrx_word' id='word_1_739' title='bbox 2908 4846 3127 4903; x_wconf 89' lang='lat' dir='ltr'><strong>fuerunt</strong></span> <span class='ocrx_word' id='word_1_740' title='bbox 3162 4846 3465 4918; x_wconf 83' lang='lat' dir='ltr'><strong>pontifices,</strong></span> <span class='ocrx_word' id='word_1_741' title='bbox 3499 4846 3675 4901; x_wconf 86' lang='lat' dir='ltr'><strong>cardi-</strong></span> 
     </span>
    </p>
   </div>
   <div class='ocr_carea' id='block_1_98' title="bbox 2097 4937 3681 5010">
    <p class='ocr_par' dir='ltr' id='par_1_98' title="bbox 2097 4937 3681 5010">
     <span class='ocr_line' id='line_1_99' title="bbox 2097 4937 3681 5010; baseline -0.003 -14"><span class='ocrx_word' id='word_1_742' title='bbox 2097 4940 2247 4996; x_wconf 91' lang='lat' dir='ltr'><strong>nales</strong></span> <span class='ocrx_word' id='word_1_743' title='bbox 2270 4939 2483 4996; x_wconf 89' lang='lat' dir='ltr'><strong>ducenti</strong></span> <span class='ocrx_word' id='word_1_744' title='bbox 2508 4939 2784 5010; x_wconf 82' lang='lat' dir='ltr'><strong>sexaginta</strong></span> <span class='ocrx_word' id='word_1_745' title='bbox 2805 4953 3017 5004; x_wconf 86' lang='lat' dir='ltr'><strong>novem,</strong></span> <span class='ocrx_word' id='word_1_746' title='bbox 3046 4937 3465 5010; x_wconf 88' lang='lat' dir='ltr'><strong>archiepiscopi,</strong></span> <span class='ocrx_word' id='word_1_747' title='bbox 3487 4953 3586 5009; x_wconf 91' lang='lat' dir='ltr'><strong>per</strong></span> <span class='ocrx_word' id='word_1_748' title='bbox 3606 4938 3681 4994; x_wconf 88' lang='lat' dir='ltr'><strong>di-</strong></span> 
     </span>
    </p>
   </div>
   <div class='ocr_carea' id='block_1_99' title="bbox 2098 5029 3679 5101">
    <p class='ocr_par' dir='ltr' id='par_1_99' title="bbox 2098 5029 3679 5101">
     <span class='ocr_line' id='line_1_100' title="bbox 2098 5029 3679 5101; baseline -0.004 -13"><span class='ocrx_word' id='word_1_749' title='bbox 2098 5044 2285 5090; x_wconf 83' lang='lat' dir='ltr'><strong>versas</strong></span> <span class='ocrx_word' id='word_1_750' title='bbox 2306 5031 2489 5087; x_wconf 90' lang='lat' dir='ltr'><strong>mundi</strong></span> <span class='ocrx_word' id='word_1_751' title='bbox 2518 5030 2791 5094; x_wconf 85' lang='lat' dir='ltr'><strong>ecclesias,</strong></span> <span class='ocrx_word' id='word_1_752' title='bbox 2822 5029 2966 5085; x_wconf 91' lang='lat' dir='ltr'><strong>mille</strong></span> <span class='ocrx_word' id='word_1_753' title='bbox 2988 5030 3231 5086; x_wconf 84' lang='lat' dir='ltr'><strong>sexcenti</strong></span> <span class='ocrx_word' id='word_1_754' title='bbox 3252 5030 3526 5101; x_wconf 83' lang='lat' dir='ltr'><strong>octoginta</strong></span> <span class='ocrx_word' id='word_1_755' title='bbox 3548 5042 3679 5097; x_wconf 87' lang='lat' dir='ltr'><strong>qua-</strong></span> 
     </span>
    </p>
   </div>
   <div class='ocr_carea' id='block_1_100' title="bbox 2105 5119 3682 5192">
    <p class='ocr_par' dir='ltr' id='par_1_100' title="bbox 2105 5119 3682 5192">
     <span class='ocr_line' id='line_1_101' title="bbox 2105 5119 3682 5192; baseline -0.003 -13"><span class='ocrx_word' id='word_1_756' title='bbox 2105 5133 2248 5187; x_wconf 89' lang='lat' dir='ltr'><strong>tuor,</strong></span> <span class='ocrx_word' id='word_1_757' title='bbox 2295 5122 2529 5192; x_wconf 89' lang='lat' dir='ltr'><strong>episcopi</strong></span> <span class='ocrx_word' id='word_1_758' title='bbox 2555 5136 2687 5176; x_wconf 90' lang='lat' dir='ltr'><strong>vero</strong></span> <span class='ocrx_word' id='word_1_759' title='bbox 2708 5129 2942 5191; x_wconf 91' lang='lat' dir='ltr'><strong>quatuor</strong></span> <span class='ocrx_word' id='word_1_760' title='bbox 2985 5120 3151 5176; x_wconf 91' lang='lat' dir='ltr'><strong>millia</strong></span> <span class='ocrx_word' id='word_1_761' title='bbox 3176 5120 3457 5192; x_wconf 82' lang='lat' dir='ltr'><strong>quingenti</strong></span> <span class='ocrx_word' id='word_1_762' title='bbox 3478 5119 3682 5175; x_wconf 79' lang='lat' dir='ltr'><strong>duode-</strong></span> 
     </span>
    </p>
   </div>
   <div class='ocr_carea' id='block_1_101' title="bbox 2105 5209 3683 5283">
    <p class='ocr_par' dir='ltr' id='par_1_101' title="bbox 2105 5209 3683 5283">
     <span class='ocr_line' id='line_1_102' title="bbox 2105 5209 3683 5283; baseline -0.005 -12"><span class='ocrx_word' id='word_1_763' title='bbox 2105 5215 2231 5271; x_wconf 90' lang='lat' dir='ltr'><strong>cim.</strong></span> <span class='ocrx_word' id='word_1_764' title='bbox 2258 5213 2499 5283; x_wconf 89' lang='lat' dir='ltr'><strong>Denique</strong></span> <span class='ocrx_word' id='word_1_765' title='bbox 2519 5212 2759 5281; x_wconf 84' lang='lat' dir='ltr'><strong>catalogo</strong></span> <span class='ocrx_word' id='word_1_766' title='bbox 2792 5221 3101 5268; x_wconf 82' lang='lat' dir='ltr'><strong>sanctorum</strong></span> <span class='ocrx_word' id='word_1_767' title='bbox 3128 5212 3157 5253; x_wconf 67' lang='grc' dir='ltr'>δ</span> <span class='ocrx_word' id='word_1_768' title='bbox 3182 5227 3250 5268; x_wconf 83' lang='lat' dir='ltr'><strong>ex</strong></span> <span class='ocrx_word' id='word_1_769' title='bbox 3276 5212 3463 5267; x_wconf 89' lang='lat' dir='ltr'><strong>eodem</strong></span> <span class='ocrx_word' id='word_1_770' title='bbox 3493 5209 3683 5267; x_wconf 85' lang='lat' dir='ltr'><strong>ordine</strong></span> 
     </span>
    </p>
   </div>
   <div class='ocr_carea' id='block_1_102' title="bbox 2107 5302 3685 5375">
    <p class='ocr_par' dir='ltr' id='par_1_102' title="bbox 2107 5302 3685 5375">
     <span class='ocr_line' id='line_1_103' title="bbox 2107 5302 3685 5375; baseline -0.003 -17"><span class='ocrx_word' id='word_1_771' title='bbox 2107 5303 2448 5375; x_wconf 87' lang='lat' dir='ltr'><strong>reperiuntur</strong></span> <span class='ocrx_word' id='word_1_772' title='bbox 2468 5303 2689 5373; x_wconf 87' lang='lat' dir='ltr'><strong>ascripti</strong></span> <span class='ocrx_word' id='word_1_773' title='bbox 2701 5302 3010 5373; x_wconf 81' lang='lat' dir='ltr'><strong>quindecim</strong></span> <span class='ocrx_word' id='word_1_774' title='bbox 3023 5303 3189 5359; x_wconf 81' lang='lat' dir='ltr'><strong>millia</strong></span> <span class='ocrx_word' id='word_1_775' title='bbox 3205 5302 3467 5368; x_wconf 82' lang='lat' dir='ltr'><strong>sexcenti,</strong></span> <span class='ocrx_word' id='word_1_776' title='bbox 3483 5309 3685 5372; x_wconf 66' lang='lat' dir='ltr'><strong>praeter</strong></span> 
     </span>
    </p>
   </div>
   <div class='ocr_carea' id='block_1_103' title="bbox 2181 5427 3682 5495">
    <p class='ocr_par' dir='ltr' id='par_1_103' title="bbox 2181 5427 3682 5495">
     <span class='ocr_line' id='line_1_104' title="bbox 2181 5427 3682 5495; baseline -0.006 -4"><span class='ocrx_word' id='word_1_777' title='bbox 2181 5436 2209 5475; x_wconf 69' lang='grc' dir='ltr'>δ</span> <span class='ocrx_word' id='word_1_778' title='bbox 2259 5435 2337 5490; x_wconf 86' lang='lat' dir='ltr'><strong>De</strong></span> <span class='ocrx_word' id='word_1_779' title='bbox 2384 5433 2472 5490; x_wconf 89' lang='lat' dir='ltr'><strong>his</strong></span> <span class='ocrx_word' id='word_1_780' title='bbox 2506 5433 2583 5490; x_wconf 86' lang='lat' dir='ltr'><strong>ita</strong></span> <span class='ocrx_word' id='word_1_781' title='bbox 2629 5433 2895 5490; x_wconf 83' lang='lat' dir='ltr'><strong>Barenius</strong></span> <span class='ocrx_word' id='word_1_782' title='bbox 2946 5433 3013 5488; x_wconf 92' lang='lat' dir='ltr'><strong>ad</strong></span> <span class='ocrx_word' id='word_1_783' title='bbox 3059 5447 3261 5489; x_wconf 85' lang='lat' dir='ltr'><strong>annum</strong></span> <span class='ocrx_word' id='word_1_784' title='bbox 3296 5430 3500 5490; x_wconf 78' lang='lat' dir='ltr'><strong>Christi</strong></span> <span class='ocrx_word' id='word_1_785' title='bbox 3549 5427 3682 5495; x_wconf 65' lang='lat' dir='ltr'><strong>49L,</strong></span> 
     </span>
    </p>
   </div>
   <div class='ocr_carea' id='block_1_104' title="bbox 2111 5501 3686 5562">
    <p class='ocr_par' dir='ltr' id='par_1_104' title="bbox 2111 5501 3686 5562">
     <span class='ocr_line' id='line_1_105' title="bbox 2111 5501 3686 5562; baseline -0.003 0"><span class='ocrx_word' id='word_1_786' title='bbox 2111 5520 2259 5562; x_wconf 91' lang='lat' dir='ltr'><strong>num.</strong></span> <span class='ocrx_word' id='word_1_787' title='bbox 2286 5503 2357 5558; x_wconf 88' lang='lat'><strong>77</strong></span> <span class='ocrx_word' id='word_1_788' title='bbox 2389 5521 2403 5558; x_wconf 89' lang='lat'><strong>:</strong></span> <span class='ocrx_word' id='word_1_789' title='bbox 2440 5521 2460 5555; x_wconf 70' lang='grc' dir='ltr'><strong><em>ι</em></strong></span> <span class='ocrx_word' id='word_1_790' title='bbox 2498 5503 2632 5560; x_wconf 88' lang='lat' dir='ltr'><strong>Cum</strong></span> <span class='ocrx_word' id='word_1_791' title='bbox 2677 5505 3082 5559; x_wconf 83' lang='lat' dir='ltr'><strong>innumerorum</strong></span> <span class='ocrx_word' id='word_1_792' title='bbox 3132 5519 3270 5562; x_wconf 82' lang='lat' dir='ltr'><strong>nene</strong></span> <span class='ocrx_word' id='word_1_793' title='bbox 3312 5501 3686 5560; x_wconf 82' lang='lat' dir='ltr'><strong>sanctissimo-</strong></span> 
     </span>
    </p>
   </div>
   <div class='ocr_carea' id='block_1_105' title="bbox 2113 5569 3685 5643">
    <p class='ocr_par' dir='ltr' id='par_1_105' title="bbox 2113 5569 3685 5643">
     <span class='ocr_line' id='line_1_106' title="bbox 2113 5569 3685 5643; baseline -0.005 -12"><span class='ocrx_word' id='word_1_794' title='bbox 2113 5591 2233 5631; x_wconf 89' lang='lat' dir='ltr'><strong>rum</strong></span> <span class='ocrx_word' id='word_1_795' title='bbox 2262 5582 2427 5643; x_wconf 90' lang='lat' dir='ltr'><strong>atque</strong></span> <span class='ocrx_word' id='word_1_796' title='bbox 2452 5573 2616 5629; x_wconf 90' lang='lat' dir='ltr'><strong>etiam</strong></span> <span class='ocrx_word' id='word_1_797' title='bbox 2650 5574 3095 5643; x_wconf 82' lang='lat' dir='ltr'><strong>doctissimorum</strong></span> <span class='ocrx_word' id='word_1_798' title='bbox 3124 5569 3347 5628; x_wconf 80' lang='lat' dir='ltr'><strong>Patrum</strong></span> <span class='ocrx_word' id='word_1_799' title='bbox 3375 5569 3685 5642; x_wconf 74' lang='lat' dir='ltr'><strong>patriarcha</strong></span> 
     </span>
    </p>
   </div>
   <div class='ocr_carea' id='block_1_106' title="bbox 2113 5642 3687 5725">
    <p class='ocr_par' dir='ltr' id='par_1_106' title="bbox 2113 5642 3687 5725">
     <span class='ocr_line' id='line_1_107' title="bbox 2113 5642 3687 5725; baseline -0.006 -23"><span class='ocrx_word' id='word_1_800' title='bbox 2113 5642 2437 5702; x_wconf 79' lang='lat' dir='ltr'><strong>Benedictus</strong></span> <span class='ocrx_word' id='word_1_801' title='bbox 2456 5643 2619 5725; x_wconf 80' lang='lat' dir='ltr'><strong>fuerit</strong></span> <span class='ocrx_word' id='word_1_802' title='bbox 2639 5642 3054 5725; x_wconf 65' lang='lat' dir='ltr'><strong>fecundissimus</strong></span> <span class='ocrx_word' id='word_1_803' title='bbox 3074 5652 3463 5725; x_wconf 79' lang='lat' dir='ltr'><strong>propugnator,</strong></span> <span class='ocrx_word' id='word_1_804' title='bbox 3496 5652 3687 5725; x_wconf 76' lang='lat' dir='ltr'><strong>perpe-</strong></span> 
     </span>
    </p>
   </div>
   <div class='ocr_carea' id='block_1_107' title="bbox 2115 5711 3684 5789">
    <p class='ocr_par' dir='ltr' id='par_1_107' title="bbox 2115 5711 3684 5789">
     <span class='ocr_line' id='line_1_108' title="bbox 2115 5711 3684 5789; baseline -0.007 -17"><span class='ocrx_word' id='word_1_805' title='bbox 2115 5731 2269 5789; x_wconf 66' lang='lat' dir='ltr'><strong>ram,</strong></span> <span class='ocrx_word' id='word_1_806' title='bbox 2308 5728 2431 5789; x_wconf 76' lang='lat' dir='ltr'><strong>mea</strong></span> <span class='ocrx_word' id='word_1_807' title='bbox 2467 5715 2755 5780; x_wconf 78' lang='lat' dir='ltr'><strong>sententia,</strong></span> <span class='ocrx_word' id='word_1_808' title='bbox 2808 5711 2886 5769; x_wconf 89' lang='lat' dir='ltr'><strong>illi</strong></span> <span class='ocrx_word' id='word_1_809' title='bbox 2927 5711 3135 5768; x_wconf 81' lang='lat' dir='ltr'><strong>faciunt</strong></span> <span class='ocrx_word' id='word_1_810' title='bbox 3173 5711 3271 5789; x_wconf 70' lang='lat' dir='ltr'><strong>qui</strong></span> <span class='ocrx_word' id='word_1_811' title='bbox 3295 5713 3366 5789; x_wconf 79' lang='lat' dir='ltr'><strong>ei,</strong></span> <span class='ocrx_word' id='word_1_812' title='bbox 3413 5726 3550 5779; x_wconf 88' lang='lat' dir='ltr'><strong>quos</strong></span> <span class='ocrx_word' id='word_1_813' title='bbox 3578 5724 3684 5789; x_wconf 71' lang='lat' dir='ltr'><strong>non</strong></span> 
     </span>
    </p>
   </div>
   <div class='ocr_carea' id='block_1_108' title="bbox 2115 5783 3685 5858">
    <p class='ocr_par' dir='ltr' id='par_1_108' title="bbox 2115 5783 3685 5858">
     <span class='ocr_line' id='line_1_109' title="bbox 2115 5783 3685 5858; baseline -0.006 -18"><span class='ocrx_word' id='word_1_814' title='bbox 2115 5785 2320 5858; x_wconf 78' lang='lat' dir='ltr'><strong>genuit,</strong></span> <span class='ocrx_word' id='word_1_815' title='bbox 2352 5783 2571 5858; x_wconf 76' lang='lat' dir='ltr'><strong>alienos</strong></span> <span class='ocrx_word' id='word_1_816' title='bbox 2586 5791 2773 5854; x_wconf 82' lang='lat' dir='ltr'><strong>partus</strong></span> <span class='ocrx_word' id='word_1_817' title='bbox 2798 5792 3130 5858; x_wconf 65' lang='lat' dir='ltr'><strong>supponunt,</strong></span> <span class='ocrx_word' id='word_1_818' title='bbox 3182 5783 3295 5854; x_wconf 89' lang='lat' dir='ltr'><strong>qui,</strong></span> <span class='ocrx_word' id='word_1_819' title='bbox 3327 5783 3569 5851; x_wconf 78' lang='lat' dir='ltr'><strong>inquam,</strong></span> <span class='ocrx_word' id='word_1_820' title='bbox 3600 5783 3685 5831; x_wconf 87' lang='lat' dir='ltr'><strong>ni-</strong></span> 
     </span>
    </p>
   </div>
   <div class='ocr_carea' id='block_1_109' title="bbox 2119 5853 3685 5924">
    <p class='ocr_par' dir='ltr' id='par_1_109' title="bbox 2119 5853 3685 5924">
     <span class='ocr_line' id='line_1_110' title="bbox 2119 5853 3685 5924; baseline -0.006 -13"><span class='ocrx_word' id='word_1_821' title='bbox 2119 5853 2228 5911; x_wconf 80' lang='lat' dir='ltr'><strong>inio</strong></span> <span class='ocrx_word' id='word_1_822' title='bbox 2260 5853 2375 5924; x_wconf 84' lang='lat' dir='ltr'><strong>ejus</strong></span> <span class='ocrx_word' id='word_1_823' title='bbox 2400 5853 2626 5921; x_wconf 80' lang='lat' dir='ltr'><strong>ordinis,</strong></span> <span class='ocrx_word' id='word_1_824' title='bbox 2672 5860 2772 5909; x_wconf 80' lang='lat' dir='ltr'><strong>sub</strong></span> <span class='ocrx_word' id='word_1_825' title='bbox 2814 5853 2921 5924; x_wconf 83' lang='lat' dir='ltr'><strong>quo</strong></span> <span class='ocrx_word' id='word_1_826' title='bbox 2966 5853 3289 5924; x_wconf 84' lang='lat' dir='ltr'><strong>profitentur</strong></span> <span class='ocrx_word' id='word_1_827' title='bbox 3310 5865 3517 5917; x_wconf 85' lang='lat' dir='ltr'><strong>amore,</strong></span> <span class='ocrx_word' id='word_1_828' title='bbox 3546 5863 3685 5903; x_wconf 84' lang='lat' dir='ltr'><strong>uou-</strong></span> 
     </span>
    </p>
   </div>
  </div>
