4012 6202
317 428 395 484 85

1695 432 2228 495 PROLEGOMENA.

3524 458 3600 515 81;
3636 492 3643 497 .

322 541 596 599 moniales
619 549 678 597 et
703 540 841 598 aiios
870 541 1203 608 iamet-os,
1259 556 1489 612 quorum
1519 545 1738 600 nuntius
1766 546 1923 618 igno—
1946 552 1997 611 Α
2028 550 2212 607 tudine
2265 550 2523 610 virtutum
2575 569 2742 627 agens
2796 556 3275 630 religiosissimum,
3308 571 3362 620 et
3389 581 3596 624 sacram

322 647 536 687 mutus.
560 631 627 686 lli
655 640 780 687 sunt
804 631 1017 687 fructus
1036 633 1431 689 monachorum
1450 634 1614 689 studii
1644 634 1918 702 salutaris,

321 724 379 777 in
394 722 804 793 quoptantante
819 722 1042 781 Rabano
1055 725 1222 780 multa
1243 724 1410 780 millia
1434 726 1491 781 in
1509 727 1660 782 omni
1678 725 1921 783 doctrina

318 824 377 869 et
405 815 727 879 sanctitate,
753 822 920 869 totam
948 816 1288 873 illustrantur
1312 818 1631 874 Ecclesiam.
1663 818 1770 876 Sed
1810 836 1921 875 non

316 906 550 959 duravit
592 905 650 959 in
680 905 841 961 tinem
892 907 1010 963 hec
1034 916 1223 964 sancta
1257 910 1590 965 consuetudo
1636 910 1924 966 monacho-

323 1012 476 1062 rum,
504 997 767 1066 quoniam
806 998 950 1067 quod
989 998 1332 1055 laudabiliter
1364 1001 1532 1071 cmpit
1558 1014 1625 1055 ex
1657 1011 1916 1071 tempore,

322 1087 496 1146 etiam
520 1101 646 1141 cum
672 1095 921 1157 tempore
948 1089 1181 1159 turpiter
1203 1089 1421 1145 defecit.
1468 1088 1603 1145 Nam
1636 1090 1783 1146 circa
1812 1091 1917 1146 Do-

322 1176 549 1231 minicaa
568 1176 874 1232 nativitatis
901 1193 1103 1232 annum
1149 1179 1497 1236 millesimum
1540 1182 1914 1248 centesimum,

324 1268 710 1338 multiplicatis
738 1270 791 1324 in
833 1269 1078 1326 Ecclesia
1128 1272 1223 1325 Dei
1254 1272 1420 1326 variis
1466 1273 1728 1328 institutis
1769 1273 1918 1329 clau-

323 1358 603 1426 straiium,
631 1359 870 1415 studium
895 1374 927 1414 a
957 1361 1241 1417 tuonachis
1264 1361 1467 1418 nostris
1492 1370 1771 1433 tepescere
1804 1377 1916 1420 cm-

322 1451 431 1519 pit,
458 1463 528 1506 ac
556 1465 701 1520 pene
728 1447 950 1506 defecit.

393 1545 660 1600 Rabanus
684 1552 869 1603 autem
923 1545 1161 1613 laurus,
1200 1549 1593 1604 monachorum
1614 1549 1910 1605 scholasti-

323 1651 426 1692 cus
474 1636 724 1708 insignis,
774 1643 1128 1707 posteaquam
1179 1637 1381 1694 scholis
1419 1638 1710 1709 praefuerat
1756 1639 1914 1695 annis

327 1726 586 1797 quinque,
611 1742 833 1782 manum
849 1728 1098 1797 apposuit
1118 1728 1186 1783 ad
1214 1729 1579 1796 scribendum,
1606 1731 1779 1786 altatis
1800 1744 1914 1787 sua:

327 1835 470 1873 anno
498 1819 772 1875 tricesimo
797 1837 811 1872 :
841 1820 933 1890 qui
963 1820 1065 1876 fuit
1089 1820 1385 1878 Dominica:
1407 1822 1706 1878 nativitatis
1733 1824 1911 1879 octin-

327 1911 660 1980 gentesimus
680 1918 907 1966 octavus
929 1911 1191 1978 decitnus,
1226 1912 1519 1968 indictione
1547 1913 1910 1970 Romanorum
1938 1907 1986 1968 Β

328 2001 632 2056 undecima.
692 2001 759 2056 Et
798 2002 1119 2072 cumprimis
1153 2004 1371 2072 quilem
1396 2004 1619 2072 scripsit
1664 2004 1914 2060 mirabile

329 2091 459 2144 illud
484 2106 616 2160 opus
641 2091 709 2147 de
734 2088 978 2147 laudilms
998 2100 1205 2148 sancta:
1259 2093 1470 2159 Crucis,
1526 2095 1672 2163 quod
1723 2103 1910 2165 postea

328 2182 526 2236 dicavit
546 2181 819 2253 Gregorio
871 2196 1085 2239 summo
1130 2184 1373 2253 pontifici
1434 2197 1630 2256 quarto
1660 2204 1672 2239 :
1702 2188 1770 2241 de
1803 2198 1910 2257 quo

326 2274 382 2326 in
423 2273 813 2342 supplicatione
859 2290 962 2345 pro
1015 2275 1202 2333 Mauro
1254 2277 1333 2333 sic
1366 2278 1441 2332 ait
1489 2288 1788 2349 praeceptor
1816 2280 1911 2334 Αι-

324 2364 481 2421 binus
501 2377 560 2421 ιε

445 2494 586 2563 llunc
606 2497 982 2563 puerumdocui
1009 2499 1154 2563 ἀμ’εηί
1182 2500 1379 2552 ﬂumine
1406 2504 1541 2553 verbi
1573 2539 1589 2563 ,

510 2555 691 2607 lithirae
717 2560 907 2622 innuitis
928 2566 980 2608 et
1002 2561 1187 2622 sophiae
1211 2564 1397 2612 Studiis.

444 2618 553 2685 Ipse
578 2622 778 2685 quidem
806 2621 1016 2685 Francus
1037 2618 1228 2683 genere
1265 2632 1357 2685 est,
1383 2632 1532 2684 atque
1561 2627 1714 2677 incola
1738 2628 1873 2677 silvae

509 2681 784 2740 Bueboniae,
809 2682 902 2737 huc
925 2681 1099 2733 missus
1114 2686 1311 2735 discere
1337 2681 1482 2736 verba
1511 2687 1622 2738 Dei.

443 2742 575 2812 Milia
598 2752 719 2812 suos
744 2754 970 2812 namque,
1000 2744 1258 2812 Fuldensis
1278 2757 1441 2812 rector
1463 2750 1605 2798 erilis
1628 2788 1641 2812 ,

506 2802 642 2852 ltttltn
664 2807 761 2854 huc
776 2802 982 2863 direxit,
1006 2806 1063 2853 ad
1088 2813 1168 2855 tua
1196 2813 1348 2864 tecta,
1372 2810 1537 2858 Pater.

446 2868 547 2934 ουρ
570 2879 762 2934 mecum
787 2866 980 2927 legeret
1004 2874 1147 2918 metri
1172 2871 1486 2919 scholasticus
1508 2882 1663 2921 artem
1684 2909 1700 2934 ,

502 2927 801 2992 Scriptorum
828 2936 879 2975 et
901 2939 957 2992 sa
985 2940 1083 2992 ram
1111 2934 1207 2980 rite
1229 2940 1419 2992 pararet
1440 2944 1589 2981 cvans
1616 2946 1628 2981 :

441 2990 529 3059 Ast
551 2987 923 3059 ubisexlustra
950 2991 1182 3059 intulerit,
1323 2995 1545 3059 scribere
1570 3002 1762 3057 tempus
1782 3032 1797 3059 ,

506 3052 574 3099 Ad
599 3050 772 3100 Christi
794 3051 985 3100 laudem
1008 3052 1138 3101 hunc
1161 3050 1311 3104 edidit
1333 3064 1440 3105 arte
1465 3057 1656 3106 librum.

390 3154 520 3219 Qum
548 3167 696 3217 vero,
746 3162 968 3221 quanta,
998 3161 1050 3207 et
1075 3154 1260 3224 qualia
1313 3156 1567 3229 deinceps
1596 3158 1897 3229 scripserit,

322 3250 429 3296 tam
450 3242 503 3296 in
532 3241 682 3296 calce
709 3240 868 3311 hujus
888 3242 1203 3308 voluminis,
1234 3261 1396 3314 quam
1428 3247 1480 3302 in
1511 3249 1646 3303 libro
1664 3250 1734 3305 de
1759 3250 1899 3304 scri-

320 3330 558 3401 ptoribus
583 3330 968 3386 ecclesiasticis
996 3332 1167 3387 lector
1214 3335 1486 3391 studiosus
1522 3338 1722 3406 poterit
1744 3338 1895 3392 inve-

320 3423 451 3477 nire.
486 3422 676 3478 Nullus
698 3434 825 3478 ante
850 3424 996 3477 illum
1022 3424 1324 3482 Germanus
1356 3435 1434 3482 tot
1458 3429 1727 3485 volumina
1752 3447 1896 3485 com-

316 3517 508 3585 posuit,
538 3524 619 3572 tot
646 3516 805 3570 utiles
833 3515 1089 3572 Ecclesia:
1119 3526 1383 3574 tractatus
1425 3529 1571 3577 tanta
1617 3530 1894 3576 venustate

318 3609 686 3679 elegantisque
706 3608 883 3663 Latini
925 3610 1195 3685 sermonis
1231 3612 1536 3678 rutilantes,
1571 3613 1625 3667 in
1679 3614 1896 3669 natione

316 3699 646 3755 'fheutonica
670 3700 831 3769 prius
884 3715 1043 3755 nemo
1088 3700 1410 3757 lucubravit.
1459 3703 1594 3758 Nam
1642 3704 1810 3760 Vetus
1837 3712 1895 3760 et

315 3791 518 3846 Novum
578 3808 645 3847 ex
686 3792 906 3864 integro
960 3792 1365 3850 Testamentum
1420 3796 1474 3849 in
1533 3795 1894 3851 voluminibus

314 3883 494 3938 multis
515 3884 787 3953 exposuit,
818 3892 874 3938 ct
899 3885 1303 3940 commentariis
1336 3885 1715 3955 pulcherrimis
1746 3888 1894 3944 Iucu-

313 3970 484 4030 leater
506 3975 812 4029 exornavit.
852 3973 1005 4041 Quod
1058 3975 1273 4044 quidem
1328 3977 1597 4032 scribendi
1649 3978 1891 4034 studium

314 4063 376 4118 ab
400 4078 470 4119 eo
518 4074 784 4134 tempore,
808 4079 984 4133 usque
1005 4065 1073 4119 ad
1128 4072 1353 4125 mortem
1399 4081 1554 4120 suam
1582 4081 1681 4135 per
1717 4082 1892 4125 anites

314 4156 529 4227 triginta
583 4171 797 4221 novem,
846 4156 964 4212 sine
998 4156 1417 4224 intermissione,
1470 4172 1685 4226 semper
1706 4160 1881 4214 conti-

313 4249 511 4302 ouavit.
566 4247 726 4302 Anno
792 4255 973 4304 autem
1034 4247 1241 4302 Domini
1280 4247 1457 4305 nostri
1507 4244 1634 4303 Jesu
1684 4248 1890 4305 Christi

312 4339 759 4410 octingentesimo
830 4339 1108 4404 vicesimo,
1170 4338 1462 4395 indictione
1516 4339 1884 4399 Romanorum

311 4429 465 4483 tertia
477 4427 722 4492 decima,
742 4426 1069 4498 Ratbgarius
1100 4427 1126 4466 δ
1149 4426 1333 4483 Ρυιάω
1362 4428 1530 4484 abbas
1552 4428 1767 4496 tertius,
1797 4432 1885 4486 cui

310 4519 539 4575 fratrum
562 4518 831 4575 electione
861 4528 1090 4589 quartus
1118 4521 1172 4575 in
1205 4521 1395 4597 ordine
1410 4521 1672 4577 abbatum
1700 4538 1885 4579 succe-

2020 641 2392 700 indeslnenter
2419 646 2713 719 explanatis
2767 647 3104 720 Scriptorum
3157 655 3225 709 ad
3250 656 3476 726 gloriam
3503 658 3597 714 Dei

2016 736 2429 806 omnipotentis,
2454 739 2544 810 qui
2576 741 2707 796 vivit
2738 753 2793 799 et
2818 754 3008 817 regnat
3033 745 3086 799 in
3119 747 3314 802 smcula
3370 749 3600 806 δωριιὲοη

2018 840 2162 881 rum.
2190 827 2382 885 Amen.

2456 941 2686 1004 LIBER
2733 944 3155 1011 SECUNDUS.

2089 1057 2381 1126 llactenus,
2426 1063 2872 1121 reverendissime
2905 1067 3118 1136 praesul,
3166 1079 3219 1124 et
3251 1070 3502 1143 princeps
3529 1072 3596 1126 il-

2017 1149 2341 1207 lustrissime
2387 1152 2629 1221 Alberte,
2660 1156 2893 1225 primum
2920 1159 2985 1212 de
3011 1159 3131 1215 Vita
3177 1164 3352 1218 saneti
3381 1163 3592 1221 Rabani

2014 1242 2430 1311 praedecessoris
2476 1247 2552 1300 tui
2582 1247 2801 1316 libram,
2848 1252 3142 1309 auxiliante
3194 1255 3421 1312 Domino
3460 1258 3594 1323 Deo,

2016 1333 2468 1401 continuavimus,
2496 1336 2550 1391 in
2579 1353 2685 1407 quo
2738 1342 3143 1399 Conversionem
3189 1344 3305 1414 ejus
3339 1347 3407 1401 ad
3444 1348 3597 1404 insti-

2015 1424 2250 1480 tutiones
2301 1430 2645 1496 monasticas,
2686 1433 2922 1488 studium
2975 1450 3188 1506 quoque
3221 1447 3275 1492 ct
3336 1441 3596 1497 eruditio-

2015 1530 2138 1570 nem
2170 1516 2561 1589 scripturarum
2591 1532 2777 1593 aperta
2813 1526 3125 1581 narratione
3162 1527 3506 1600 digessimus,
3534 1540 3595 1586 ut

2014 1623 2120 1678 quo
2152 1608 2367 1664 fervore
2390 1610 2557 1666 divini
2606 1614 2808 1669 amoris
2861 1614 3018 1671 simul
3051 1624 3107 1671 et
3130 1617 3385 1674 fraterna:
3409 1621 3591 1677 chari-

2015 1699 2140 1753 tatis
2168 1699 2250 1751 vir
2282 1706 2460 1753 tantus
2487 1703 2947 1758 conversationem
2980 1720 3133 1760 suam
3162 1706 3469 1778 incmperit,
3492 1725 3592 1780 po-

2013 1791 2274 1846 steritatis
2299 1791 2573 1848 memoria:
2604 1803 2864 1863 perpetuo
2892 1797 3410 1856 commend-aremus.
3438 1800 3592 1858 Nunc

2015 1890 2215 1950 autem,
2244 1882 2297 1937 in
2331 1884 2577 1953 sequenti
2599 1884 2758 1949 libro,
2788 1901 2946 1955 quem
2964 1888 3258 1944 secundant
3289 1889 3591 1958 adjicimus,

2012 1976 2190 2045 primo
2221 1983 2431 2047 tempus
2456 1993 2563 2051 quo
2609 1976 2858 2035 Fuldeasi
2889 1982 3219 2038 monasterio
3246 1981 3464 2055 praefuit
3494 1986 3591 2056 ah7

2011 2068 2132 2133 bas,
2163 2076 2427 2138 quantum
2454 2069 2498 2124 si
2544 2067 2747 2141 [Forte,
2779 2070 2861 2142 se]
2910 2071 3050 2128 vires
3077 2081 3275 2129 nostra:
3301 2082 3488 2130 tenues
3510 2076 3591 2129 ni-

2012 2159 2181 2214 mium
2230 2160 2551 2226 extendunt,
2585 2162 2725 2232 stylo
2770 2164 3148 2220 commendare
3200 2166 3498 2237 pergimus,
3533 2180 3592 2222 ut

2013 2247 2294 2304 historiam
2311 2250 2499 2304 ordine
2520 2250 2700 2306 debito
2720 2266 2833 2305 anon
2850 2250 3179 2318 fraudemus,
3209 2264 3582 2314 verumtamen

2013 2354 2120 2393 non
2148 2340 2482 2408 pollicemur,
2536 2356 2635 2397 nos
2677 2342 2856 2396 omnia
2884 2344 3181 2414 scripturas
3205 2359 3326 2414 quae
3348 2347 3400 2400 in
3427 2346 3590 2402 abba-

2008 2430 2085 2485 tia
2111 2431 2317 2502 gessit;
2364 2432 2457 2487 sed
2501 2447 2568 2487 ex
2599 2432 2783 2487 multis
2835 2435 3214 2506 consignamus
3237 2437 3586 2508 paucissima,

2012 2528 2070 2575 ut
2101 2528 2224 2588 pote
2250 2521 2340 2591 qui
2361 2531 2583 2591 propter
2602 2522 2983 2594 negligentiam
3004 2526 3326 2596 scriptorum
3347 2527 3590 2585 invenire

2006 2610 2373 2681 nequivimus,
2404 2627 2522 2681 qua:
2548 2615 2851 2680 restabant,
2878 2615 3111 2685 potiora.

2078 2699 2234 2755 Anno
2264 2701 2428 2771 igitur
2474 2702 2766 2758 Dominica:
2816 2704 3112 2761 nativitatis
3140 2706 3588 2777 octingentesimo

1981 2790 2268 2851 .vicesimo
2313 2791 2576 2861 quintae,
2630 2793 2926 2851 indictione
2978 2794 3349 2853 Romanorum
3400 2800 3584 2867 tertia,

2006 2889 2252 2957 mortuus
2307 2892 2390 2937 est
2451 2882 2657 2955 Egiso,
2720 2884 3004 2940 Fuldensis
3052 2890 3363 2947 monasterii
3415 2890 3583 2947 abbas

2005 2981 2251 3042 quartus,
2279 2988 2422 3029 anno
2460 2974 2739 3045 regiminis
2781 2977 2862 3030 sui
2909 2979 3116 3048 quinto,
3152 2980 3234 3033 vir
3261 2982 3501 3038 moribus
3529 2990 3586 3038 et

2005 3064 2112 3117 vita
2140 3065 2440 3136 religiosus,
2469 3075 2525 3120 ct
2575 3066 2877 3123 divinarum
2928 3069 3326 3141 Scripturarum
3371 3081 3586 3130 amator

2003 3155 2325 3225 praecipuus.
2359 3156 2486 3211 Post
2525 3157 2676 3228 cujus
2702 3157 3033 3226 sepulturam
3077 3160 3328 3217 [tabanus
3357 3162 3581 3221 Maurus

2007 3244 2364 3315 Magnentius,
2387 3246 2574 3301 doctor
2596 3254 2651 3302 ct
2678 3248 3047 3310 scholasticus,
3073 3253 3460 3309 monachorum
3481 3270 3581 3312 ce-

2000 3334 2340 3401 leberrimus,
2397 3335 2626 3391 fratrum
2683 3338 2946 3396 electione
2993 3343 3265 3397 communi
3322 3344 3490 3401 abbas
3520 3345 3572 3401 in

1995 3426 2185 3483 ordine
2206 3428 2425 3498 quintus
2450 3428 2768 3497 instituitur,
2800 3447 2942 3488 anno
2970 3434 3145 3489 aetatis
3167 3450 3278 3491 sua:
3303 3435 3581 3492 tricesimo

1995 3520 2243 3589 septimo,
2283 3528 2339 3573 et
2365 3518 2579 3589 praefuit
2634 3521 2789 3575 annis
2816 3523 3022 3578 duobus
3045 3534 3099 3578 ct
3145 3525 3354 3596 viginti,
3393 3535 3576 3595 pasto-

1997 3625 2112 3664 rem
2145 3624 2204 3664 se
2249 3611 2429 3664 ovium
2459 3610 2660 3667 Christi
2684 3612 2971 3679 exhibens,
3006 3614 3060 3668 in
3108 3616 3252 3670 omni
3288 3616 3580 3672 sanctitate

1994 3703 2121 3757 vita:
2157 3702 2525 3772 spectabilem,
2556 3713 2611 3758 et
2643 3705 2694 3759 in
2716 3719 2878 3773 opere
2899 3722 3114 3776 semper
3138 3707 3429 3779 cllicaccm.
3451 3708 3569 3763 Pri-

1992 3810 2116 3849 mus
2141 3793 2324 3849 Fnldae
2371 3796 2538 3849 abbas
2585 3794 2741 3850 fuita
2771 3796 2932 3852 beato
2983 3796 3261 3854 Bonifacio
3307 3798 3576 3867 archiepi-

1993 3900 2155 3954 scopo
2187 3885 2464 3940 institutus
2494 3896 2714 3942 sanctus
2759 3885 3009 3943 Sturtnus
3035 3887 3083 3953 ἀ,
3117 3888 3336 3943 natione
3384 3886 3568 3959 Angli-

1993 3991 2087 4031 cus
2119 3987 2164 4042 ε,
2203 3991 2344 4031 anno
2384 3977 2599 4031 Domini
2645 3979 3117 4051 septingentesimo
3156 3981 3575 4050 quadragesimo

1999 4066 2177 4132 tertio,
2218 4066 2508 4122 indictione
2533 4067 2898 4123 Romanorum
2921 4069 3222 4133 undecima,
3256 4069 3577 4138 praefuitque

1993 4156 2151 4211 annis
2202 4172 2297 4212 sex
2336 4168 2392 4211 et
2422 4158 2661 4229 triginta.
2694 4159 2831 4213 Post
2877 4176 3036 4227 quem
3065 4157 3353 4231 Baugolfus
3403 4160 3571 4215 abbas

1991 4246 2205 4317 praefuit
2240 4248 2399 4303 annis
2446 4249 2638 4319 viginti
2674 4249 2929 4318 quinque.
2968 4249 3066 4303 Cui
3121 4248 3384 4304 successit
3415 4249 3575 4307 [laut-

1989 4341 2176 4413 garius
2202 4340 2359 4397 annis
2382 4341 2635 4396 sedecim.
2667 4341 2783 4407 Quo
2817 4355 3053 4411 mortuo,
3081 4341 3226 4416 Aigil
3248 4345 3417 4399 abbas
3435 4359 3575 4416 prte-

1989 4434 2092 4489 fuit
2139 4434 2297 4490 annis
2349 4435 2605 4506 quinque.
2643 4434 2712 4488 Et
2744 4433 2833 4489 illo
2886 4435 2993 4489 vita
3028 4434 3307 4503 defuncto,
3349 4445 3574 4493 sanctus

1990 4525 2263 4591 Rabanus,
2298 4526 2352 4583 in
2379 4524 2570 4581 ordine
2629 4524 2857 4580 fratrum
2909 4524 3151 4596 quintus,
3202 4534 3261 4595 ut
3309 4526 3568 4592 diximus,

310 4610 459 4675 dens,
488 4608 701 4681 Egiso,
728 4610 810 4664 vir
833 4626 996 4666 senex
1021 4619 1077 4666 et
1123 4611 1424 4681 religiosus,
1472 4612 1684 4682 praafuit
1730 4615 1887 4670 annis
1914 4626 1967 4695 ι)
1994 4618 2171 4675 fuerat
2212 4620 2517 4675 ordinatus.
2569 4618 2613 4673 A
2654 4618 2966 4675 fundatione
3016 4620 3198 4691 itaque
3252 4620 3568 4681 monasterii

309 4701 564 4770 quinque,
591 4701 692 4754 sub
722 4708 832 4770 quo
874 4700 1068 4757 beatus
1099 4701 1353 4757 [tabanus
1374 4712 1613 4772 emptum
1666 4713 1886 4762 strenuo

307 4791 533 4850 docendi
574 4793 1198 4861 continuavitoﬂicium,
1238 4796 1409 4850 vitam
1439 4795 1495 4850 in
1545 4799 1691 4852 omni
1714 4799 1888 4869 pleni-

304 4953 477 5007 nullos
496 4950 651 5006 fama
674 4951 914 5008 illustres
938 4952 1109 5018 viros,
1132 4951 1409 5021 quietiam
1440 4959 1566 5005 ante
1586 4952 1759 5006 sancti
1786 4950 1885 5008 De»

305 5025 499 5078 nedicti
535 5030 778 5091 tempora
808 5023 1127 5086 floruerunt,
1171 5021 1611 5093 ejusdeinfuisse
1658 5021 1880 5093 Regula:

303 5093 643 5164 professores
688 5093 1141 5164 itnprndentcriet
1180 5091 1498 5164 inconsulte
1536 5092 1697 5145 nimis
1724 5091 1870 5148 a'flir-

302 5160 469 5233 biant.
509 5163 723 5217 Etenim
754 5160 1151 5233 non‘fecundis,
1183 5162 1277 5215 sed
1302 5160 1606 5233 sterilibus
1643 5163 1872 5233 supponi

301 5232 468 5287 altera
508 5233 727 5287 suboles
771 5231 1065 5289 consuevit.
1123 5231 1383 5286 Praestitit
1428 5232 1529 5286 hoc
1576 5231 1722 5286 inter
1739 5233 1874 5289 alios

301 5302 653 5374 :l'rithcmius,
682 5312 978 5374 auctorque
1004 5303 1219 5374 emeris
1236 5301 1633 5374 posterioribus
1662 5302 1764 5358 fuit
1786 5303 1870 5357 id-

299 5372 471 5442 ipsum
501 5371 757 5428 faciendi.
793 5371 971 5428 illinc
1002 5372 1283 5442 Baronius.
1324 5372 1396 5442 At
1423 5372 1706 5442 plurimos,
1731 5387 1870 5442 quo-

298 5440 418 5496 rum
463 5457 733 5514 nusquam
786 5443 1032 5501 meminit
1071 5440 1437 5508 'l‘rithemius,
1472 5441 1635 5510 hujus
1664 5440 1879 5499 ordinis.

296 5520 516 5582 sanctos
535 5510 881 5582 proferimus.

368 5593 399 5653 δέ
434 5580 549 5637 lmo
592 5584 711 5653 ipse
728 5582 994 5639 Rabanus
1027 5583 1081 5638 in
1126 5594 1354 5653 persona
1400 5581 1747 5653 prmceptoris
1770 5580 1873 5636 Αι-

292 5650 405 5708 bini
436 5660 547 5707 tum
572 5650 778 5724 pridem
804 5653 1039 5709 defuncti
1070 5671 1083 5706 :
1127 5650 1188 5709 et
1212 5650 1470 5724 patronus
1500 5650 1672 5724 quem
1685 5653 1872 5723 depre-

293 5731 453 5776 catur
487 5722 822 5779 est‘sanctus
844 5724 1126 5791 Martinus,
1159 5722 1265 5779 non
1294 5723 1584 5793 Gregorius
1609 5722 1674 5778 ιν
1705 5722 1862 5793 papa,

294 5793 371 5847 uti
400 5807 566 5849 supra
586 5804 887 5849 ostensum.

366 5863 394 5901 δ
449 5863 608 5919 Deest
651 5865 742 5919 hic
772 5864 1014 5931 verbum,
1054 5864 1318 5933 depositus
1365 5872 1458 5929 est,
1505 5870 1596 5917 aut
1627 5863 1753 5933 quid
1781 5865 1855 5919 si-

1992 4709 2299 4776 Fuldensis,
2345 4722 2520 4779 usque
2569 4709 2638 4762 ad
2691 4709 2866 4778 ipsum
2917 4707 3223 4776 Rabanum,
3250 4723 3348 4781 per
3396 4724 3572 4766 annos

1989 4801 2261 4870 octoginta
2289 4801 2451 4866 deos,
2477 4799 2700 4856 abbates
2746 4815 2846 4870 per
2872 4800 3116 4856 ordinem
3142 4803 3569 4871 quatuor.cxsti'-

1988 4957 2155 5013 mile:
2209 4956 2473 5027 rationem
2526 4955 2963 5027 temporisnon
3016 4958 3305 5013 convenire
3348 4957 3558 5012 dictum

1987 5042 2149 5097 supra
2177 5034 2279 5080 est.
2308 5026 2388 5081 De
2424 5024 2716 5098 schismate
2741 5024 3142 5098 Fuldensi_sub
3181 5028 3563 5098 flatgarioab-

1983 5096 2110 5153 hate
2141 5104 2320 5151 exstat
2347 5112 2538 5165 poema
2573 5097 2802 5166 Rabani,
2829 5112 2976 5152 num.
3005 5096 3096 5153 50.
3121 5099 3201 5153 De
3218 5096 3562 5166 «depositione

1977 5167 2098 5248 ejus
2121 5167 2368 5248 pluribus
2391 5168 2504 5248 agit
2531 5165 2733 5248 innVita
2758 5166 2947 5248 Eigilis
2990 5165 3324 5248 succcsspris
3354 5165 3559 5220 Candi-

2014 5252 2082 5292 us
2117 5235 2230 5292 tum
2269 5235 2566 5292 monadhus
2592 5235 2899 5291 Fuldensis.

2049 5319 2072 5385 ξ
2122 5307 2236 5385 lino
2259 5321 2401 5385 anno
2427 5306 2533 5385 822
2563 5321 2722 5385 supra
2753 5308 3035 5385 probatum
3059 5315 3158 5360 est.
3186 5376 3197 5385 _
3352 5373 3364 5385 .

2044 5377 2074 5417 ει
2126 5377 2261 5433 Aliis
2291 5376 2581 5442 Sturmius,
2624 5375 2863 5431 Sturinio
2898 5384 2960 5430 et
2997 5375 3245 5439 Sturmis,
3282 5375 3434 5441 cujus
3464 5375 3558 5432 Vi-

1978 5458 2087 5504 tam
2116 5447 2335 5518 scripsit
2364 5446 2484 5517 ejus
2513 5447 2809 5518 discipulus
2848 5446 2994 5518 Eigil
3020 5445 3186 5518 abbas
3215 5453 3461 5516 quartus.

2058 5463 2087 5502 n
2116 5462 2335 5518 scripsu
2364 5463 2484 5517 ejus
2513 5462 2647 5503 (llSCl
2690 5462 2809 5501 unus
2848 5462 2986 5513 mgn
3020 5462 3186 5499 annas
3215 5462 3461 5516 quantis.

2058 5529 2082 5558 ο
2119 5519 2260 5590 Eigil
2280 5519 2485 5590 invita
2511 5535 2531 5590 Δε
2571 5536 2588 5569 ‹
2620 5462 2817 5590 Nemea
2843 5514 3121 5584 provincia
3151 5522 3373 5569 exortus
3404 5515 3561 5590 nobi-

1978 5588 2120 5644 libus
2150 5583 2211 5645 εἰ
2228 5587 2556 5643 Christianis
2587 5583 2923 5656 parentibus,
2971 5592 3259 5656 generatus
3303 5594 3358 5640 et
3381 5587 3561 5642 nutri-

1977 5668 2065 5714 tus
2088 5659 2228 5713 fuit:
2289 5678 2308 5711 ι
2354 5658 2443 5712 ubi
2498 5655 3072 5728 Browerusadnomt
3104 5655 3265 5711 Boios
3296 5658 3553 5728 intelligi,

1973 5730 2118 5800 quod
2140 5729 2322 5785 Norici
2352 5729 2407 5800 in
2437 5727 2691 5782 Boiorum
2716 5724 2972 5779 ditionem
3002 5723 3307 5796 migrarint.
3338 5729 3413 5783 De
3435 5723 3558 5782 aliis

1976 5798 2261 5857 abbatibus
2283 5798 2414 5853 satis
2442 5804 2640 5852 actum.
