4012 6202
405 427 473 482 87

1530 422 1624 477 AD
1661 421 1887 480 OPERA
1925 423 1989 479 B.
2026 423 2285 481 RABANI
2315 426 2533 484 MAURI

3585 432 3654 489 89

406 542 604 593 terunt.
632 532 889 593 Rabanus
936 534 1120 603 itaque
1168 531 1451 588 memorati
1480 534 1715 590 eoenobii
1759 535 1980 605 quintus
2005 542 2059 602 Α
2083 537 2354 607 repetivit.
2388 537 2541 595 Unde
2566 552 2674 609 quo
2697 537 2921 623 liberius
2948 553 3145 596 vacare
3189 547 3374 611 posset
3402 540 3652 609 interius,

404 625 571 681 abbas
594 625 872 680 institutus
894 640 1039 681 anno
1074 630 1394 696 prtenotato,
1417 625 1513 693 qui
1538 623 1640 679 fuit
1664 640 1839 683 annus
1863 625 1974 680 Lu-

405 713 581 768 dovici
612 696 755 786 regis
780 712 1109 769 Francorum
1134 713 1213 768 Pii
1237 714 1481 769 decimus
1501 726 1549 779 ι,
1579 713 1803 784 Eugenii
1823 730 1977 785 papae

404 804 645 870 secundi,
696 819 873 860 annus
898 819 1111 875 quoque
1159 804 1446 868 secundus,
1480 813 1533 856 et
1559 802 1803 874 Othgarii
1830 804 1857 844 δ
1888 820 1977 858 ar-

402 893 726 963 chiepiscopi
753 893 1045 965 Moguntini
1076 893 1315 965 primus,
1336 895 1389 948 in
1421 894 1724 949 humilitate
1745 894 1974 964 pristina

401 989 793 1058 perseveravit,
824 997 877 1043 et
902 990 1088 1055 vitam,
1137 989 1293 1043 sicuti
1342 988 1718 1051 consueverat,
1750 989 1803 1042 in
1824 988 1975 1042 omni

400 1078 638 1147 puritate
670 1079 867 1132 mentis
895 1087 949 1132 et
969 1078 1213 1148 corporis
1236 1093 1419 1133 coram
1452 1078 1561 1132 Deo
1606 1077 1975 1132 indesinenter

401 1168 755 1224 continuavit.
788 1170 955 1224 Deum
1002 1170 1202 1224 munda
1232 1170 1566 1225 conscientia
1594 1169 1784 1224 dilexit
1813 1184 1977 1240 super

399 1260 599 1323 omnia,
630 1274 729 1329 pro
747 1258 899 1327 cujus
926 1274 1111 1313 amore
1131 1259 1454 1328 contempsit
1479 1258 1751 1313 universa.
1780 1259 1836 1312 In
1859 1266 1973 1313 toto

398 1349 561 1404 corde
574 1364 671 1404 suo
694 1348 1068 1404 mandatorum
1086 1348 1201 1417 ejus
1220 1362 1432 1417 semper
1448 1363 1654 1403 memor
1674 1349 1903 1414 exstitit,
1918 1356 1975 1402 et

397 1454 674 1508 nunquam
704 1454 736 1493 a
762 1438 904 1495 bono
949 1438 1127 1494 studio
1175 1438 1426 1494 cessavit.
1472 1437 1531 1492 In
1578 1438 1824 1493 oratione
1861 1445 1974 1492 tam

397 1531 622 1587 devotus
647 1538 701 1585 et
729 1530 1015 1586 continuus
1042 1530 1270 1596 exstitit,
1298 1536 1359 1584 ut
1394 1543 1573 1596 nemo,
1602 1531 1975 1612 conversatio-

396 1624 482 1680 nis
511 1623 630 1694 ejus
683 1623 924 1695 ignarus,
955 1629 1197 1693 putasset
1224 1622 1373 1677 illum
1421 1621 1637 1678 lectioni
1667 1621 1971 1693 Scriptura-

396 1730 519 1770 rum
544 1714 630 1770 vel
656 1722 1033 1770 momentaneo
1063 1711 1271 1787 [Forte,
1299 1711 1597 1785 momento]
1631 1713 1868 1783 potuisse
1892 1714 1974 1768 in-

395 1805 640 1871 tendere,
665 1804 923 1861 vel'nova:
938 1805 1340 1874 compositionis
1358 1804 1649 1875 quidquam
1665 1803 1969 1860 lucubrare.

2078 635 2459 695 procuratores
2485 643 2669 685 rerum
2696 629 3072 699 temporalium
3105 628 3430 687 sufﬁcientes
3451 632 3655 687 consti.

2078 716 2183 777 tuit
2202 726 2256 771 et
2280 717 2519 784 idoneos,
2553 720 2621 775 de
2665 734 2896 788 quorum
2943 719 3204 775 fidelitate
3226 735 3333 776 non
3362 729 3537 791 potuit
3554 722 3655 779 du.

2078 807 2275 863 bitare.
2330 808 2572 881 Regnum
2603 810 2701 866 Dei
2739 819 2867 866 ante
2912 813 3093 866 omnia
3120 826 3364 880 quaerere
3422 813 3654 879 studuit,

2077 905 2135 951 et
2164 898 2232 953 de
2257 898 2422 955 rebus
2449 899 2777 955 transitoriis
2803 914 2861 955 se
2888 899 3050 954 nimis
3079 900 3238 954 anxie
3265 916 3542 970 nunquam
3564 902 3652 958 in-

2079 987 2331 1042 tromisit.
2363 987 2429 1042 Et
2454 988 2580 1056 quia
2607 988 2775 1044 Deum
2808 989 2862 1043 in
2890 996 3001 1044 toto
3029 991 3190 1044 corde
3218 1005 3316 1044 suo
3347 990 3536 1046 dilexit
3561 1009 3650 1047 su-

2076 1091 2174 1146 per
2198 1077 2410 1143 omnia,
2453 1075 2610 1146 hujus
2637 1079 2761 1132 vitae
2785 1079 2853 1135 ab
2903 1079 3019 1148 ipso
3049 1081 3354 1139 necessaria
3392 1097 3650 1145 consecu-

2079 1176 2165 1223 tus
2188 1178 2293 1232 est,
2322 1183 2516 1240 magna
2546 1169 2602 1223 in
2637 1170 2985 1227 abundantia.
3014 1170 3168 1225 Circa
3199 1171 3438 1242 regimen
3470 1181 3651 1231 tamen

2076 1260 2379 1315 animarum
2418 1260 2573 1317 valde
2625 1261 2885 1317 sollicitus
2911 1263 3145 1327 exstitit,
3187 1272 3242 1319 et
3273 1278 3404 1319 oves
3442 1264 3649 1323 Christi

2078 1350 2182 1407 sibi
2227 1352 2546 1408 commissas
2580 1352 2750 1407 verbo
2783 1353 2992 1419 salutis,
3023 1354 3269 1425 exmnplo
3319 1356 3650 1424 sanctitatis,

2075 1445 2132 1492 et
2179 1437 2377 1508 pabulo
2427 1440 2749 1495 necessaria:
2798 1442 3206 1499 sustentationis
3255 1444 3651 1502 studiosissime

2074 1542 2300 1598 pascere
2345 1530 2579 1597 curavit,
2632 1531 2734 1591 sub
2778 1531 2903 1600 ejus
2947 1530 3210 1602 regimine
3254 1535 3650 1590 monasterium

2075 1617 2344 1675 Fuldense
2390 1620 2551 1677 rebus
2598 1628 2759 1691 atque
2810 1621 3057 1692 personis
3086 1621 3258 1679 crevit
3295 1623 3558 1694 quotidie,
3590 1635 3650 1682 et

2073 1707 2218 1764 fama
2237 1710 2544 1767 sanctitatis
2571 1712 2964 1767 monachorum
2990 1712 3109 1784 ejus
3137 1726 3237 1783 per
3266 1720 3440 1769 totum
3467 1713 3645 1771 Fran-

2074 1813 2263 1855 corum
2290 1815 2350 1857 se
2378 1814 2605 1872 regnum
2631 1799 2863 1857 diffudit.

394 1898 605 1953 Rursus
634 1898 689 1953 in
723 1897 961 1969 legendis
1010 1896 1207 1952 divinis
1238 1894 1554 1968 Scripturis,
1589 1896 1644 1950 in
1679 1894 2044 1967 lucubran-tB
2140 1889 2417 1963 Prmcipue
2457 1901 2640 1949 tamen
2667 1893 2877 1949 abbatis
2917 1893 3126 1950 Rabani
3174 1894 3355 1965 opinio
3386 1895 3650 1953 doctrinae

393 1988 477 2044 dis
510 1989 751 2059 quotidie
775 1987 944 2044 ferme
970 1987 1123 2043 novis
1173 1986 1555 2053 voluminibus,
1585 1996 1747 2056 atque
1792 1987 1846 2041 in
1869 1987 1969 2067 do;-

393 2078 582 2134 cendis
608 2078 1058 2147 instituendisque
1086 2075 1154 2131 ad
1190 2076 1448 2147 pietatem
1486 2076 1650 2132 divini
1678 2076 1876 2142 cultus,
1900 2077 1971 2132 ad

392 2167 659 2240 regularis
711 2168 1007 2239 disciplinae
1052 2166 1472 2232 observantiam,
1502 2174 1556 2222 et
1583 2181 1794 2221 morum
1824 2167 1966 2222 inte-

392 2262 642 2333 gritatem
675 2259 957 2316 monachis
1006 2258 1328 2323 commissis,
1362 2272 1465 2313 nec
1518 2258 1697 2313 minus
1726 2257 1780 2313 in
1822 2258 1969 2314 ordi-

391 2352 568 2407 nanda
588 2366 718 2407 cura
741 2351 1056 2417 domestica,
1088 2357 1198 2405 tam
1231 2348 1487 2419 frequens
1517 2346 1621 2404 fuit
1647 2358 1702 2405 et
1727 2350 1965 2417 sedulus,

390 2449 451 2497 ut
469 2443 657 2498 orandi
686 2441 889 2497 nulhtm
911 2441 1182 2497 videretur
1203 2440 1402 2496 habere
1427 2448 1779 2496 momentum.
1801 2439 1969 2496 Amor

388 2532 587 2605 quippe
612 2533 725 2598 Dei,
756 2546 863 2602 quo
892 2539 1036 2587 totus
1063 2530 1291 2587 ardebat
1329 2530 1601 2597 incensus,
1632 2546 1739 2586 non
1767 2532 1969 2602 permi-

389 2621 460 2679 sit
485 2636 604 2677 esse
624 2622 882 2687 otiosum,
918 2620 1195 2692 quoniam,
1225 2620 1381 2683 sicuti
1402 2630 1659 2690 expertus
1686 2621 1967 2678 verissime

388 2710 578 2767 beatus
606 2719 832 2766 testatur
883 2710 1198 2782 Gregorius,
1242 2725 1396 2767 amor
1423 2710 1519 2766 Dei
1579 2726 1853 2782 nunquam
1883 2722 1969 2768 est

388 2802 614 2858 otiosus.
645 2801 905 2873 Speratur
932 2803 1076 2857 enim
1106 2816 1323 2873 magna,
1357 2802 1403 2857 si
1441 2810 1524 2857 est
1552 2818 1567 2868 ;
1594 2804 1738 2872 quod
1762 2805 1810 2859 si
1833 2819 1990 2874 ope--

390 2892 501 2948 rari
559 2892 757 2959 renuit,
818 2891 1063 2962 profecto
1115 2907 1277 2947 verus
1332 2892 1429 2948 Dei
1486 2906 1639 2947 amor
1689 2909 1964 2964 nunquam

390 2984 511 3039 fuit.
604 3023 617 3028 -

455 3073 654 3130 Beatus
679 3073 862 3144 itaque
888 3074 1054 3129 abbas
1082 3074 1337 3131 [tabanus
1365 3074 1545 3132 ovium
1582 3076 1786 3135 Christi
1814 3078 1963 3135 solli-

387 3165 549 3233 citus,
574 3180 765 3237 parum
793 3164 1073 3237 indulgens
1095 3182 1206 3223 suae
1231 3166 1531 3223 infirmitati
1552 3178 1781 3237 natum,
1804 3186 1963 3227 omne

2071 1990 2128 2057 et
2149 1983 2522 2040 sanctimonia:
2546 1984 2602 2043 in
2629 1999 2724 2040 ore
2749 1983 2850 2039 fuit
2901 1984 3142 2040 omnium
3169 1984 3398 2043 celebris
3443 1994 3498 2041 et
3522 1986 3649 2057 glo-

2073 2074 2239 2140 riosa,
2268 2091 2373 2132 non
2399 2075 2571 2132 solum
2594 2077 2735 2147 apud
2759 2075 3064 2133 Cermanim
3093 2076 3349 2142 Francos,
3378 2079 3473 2135 sed
3506 2080 3651 2148 apud

2070 2164 2380 2222 Gallicanos
2413 2182 2626 2237 quoque
2649 2175 2704 2223 et
2728 2167 2906 2223 italos.
2938 2166 3104 2236 Cujus
3125 2169 3227 2223 viri
3250 2169 3393 2223 fama
3414 2184 3573 2240 reges
3595 2179 3652 2224 et

2070 2257 2364 2328 principes,
2388 2259 2669 2330 episcopos
2687 2270 2743 2314 et
2761 2257 3010 2315 doctores
3030 2258 3313 2329 quoslibet,
3339 2260 3504 2315 etiam
3533 2260 3651 2316 lono

2069 2346 2190 2419 gius
2203 2348 2487 2415 distantes,
2501 2347 2556 2402 in
2578 2346 2695 2417 ejus
2716 2348 3119 2405 venerationem
3138 2350 3419 2419 permovit.
3445 2338 3651 2407 Omnes

2072 2436 2551 2508 incomparabilem
2575 2437 2691 2508 ejus
2720 2439 3059 2494 mirabantur
3084 2439 3408 2506 doctrinam,
3430 2449 3485 2496 et
3513 2456 3649 2498 con-

2063 2525 2307 2596 junctam
2357 2527 2649 2583 eruditioni
2698 2528 3042 2585 sanctitatem
3090 2528 3337 2586 laudibus
3378 2532 3652 2588 continuis

2066 2615 2433 2685 praedicabant
2460 2617 2678 2688 ubique.
2739 2617 2820 2673 Ex
2871 2618 3021 2674 omni
3069 2634 3240 2691 regno
3288 2620 3647 2691 Francorum,

2070 2705 2214 2775 quod
2264 2714 2395 2763 tunc
2432 2715 2550 2762 erat
2599 2723 2783 2774 unum,
2841 2706 3127 2765 Germanis
3158 2719 3215 2766 et
3238 2709 3423 2776 Gallis,
3454 2712 3523 2768 ad
3553 2729 3650 2768 au-

2068 2797 2324 2854 diendum
2384 2796 2535 2854 illum
2585 2798 2836 2855 certatim
2863 2798 3204 2856 confluebant
3233 2802 3332 2858 viri
3355 2803 3647 2859 multarum

2066 2888 2382 2945 facultatum
2410 2890 2589 2961 periti,
2617 2898 2669 2946 et
2689 2906 2747 2946 se
2775 2891 2890 2947 fore
2909 2892 3099 2948 beatos
3123 2894 3527 2959 existimabant,
3551 2897 3647 2965 qui

2068 2979 2136 3034 ad
2165 2979 2283 3049 ejus
2308 2980 2534 3036 fuissent
2566 2980 2988 3037 familiaritatem
3043 2984 3285 3039 admissi.
3333 2983 3483 3039 Multi
3514 3001 3647 3055 quo-

2067 3086 2173 3142 que
2200 3071 2493 3142 principes,
2543 3072 2750 3127 nobiles
2776 3080 2831 3126 et
2880 3073 3027 3129 cives
3081 3074 3291 3130 Rabani
3335 3078 3648 3148 magisterio

2069 3165 2210 3221 filios
2257 3179 2386 3220 suos
2435 3163 2825 3220 commiserunt
2874 3164 3214 3232 imbuendus,
3264 3169 3431 3223 variis
3480 3179 3649 3240 atque

390 3268 621 3328 tempus,
647 3257 791 3328 quod
833 3257 1277 3328 occupationibus
1326 3259 1406 3314 rei
1464 3258 1747 3316 familiaris
1786 3261 1963 3317 subri-
1989 3249 2036 3312 Ε
2067 3255 2369 3329 magnificis
2414 3263 2805 3327 praeceptorem
2846 3255 3003 3311 donis
3028 3264 3084 3311 et
3122 3258 3439 3313 muneribus
3466 3261 3651 3319 bono.

387 3365 515 3422 pere
541 3350 734 3421 potuit,
767 3349 1001 3404 orationi
1043 3358 1100 3405 et
1125 3351 1300 3406 studio
1329 3351 1607 3422 impendit.
1637 3351 1961 3408 Monachum

389 3441 576 3496 habuit
604 3439 822 3496 nomine
850 3438 1103 3496 Strabum
1136 3451 1184 3509 ο,
1211 3442 1388 3512 patria
1416 3441 1707 3509 Francum,
1734 3460 1801 3500 ex
1828 3444 1962 3500 urbe

388 3529 827 3602 Praaapolitanad
854 3531 1164 3598 oriundum,
1216 3532 1395 3588 virum
1425 3532 1481 3589 in
1530 3535 1676 3590 omni
1727 3536 1959 3592 scientia

389 3620 692 3678 divinarum
745 3621 1212 3691 humanarumque
1239 3621 1539 3679 litterarum
1564 3626 1958 3693 doctissimum,

389 3714 632 3770 carmine
680 3728 745 3768 ac
773 3728 934 3784 prosa
961 3712 1118 3785 longa
1153 3715 1542 3771 exercitatione
1569 3718 1823 3788 peritum,
1860 3732 1961 3774 nec

388 3807 568 3862 minus
615 3806 740 3862 vitae
775 3806 989 3869 merito,
1020 3821 1181 3877 quam
1212 3806 1614 3879 Seripturarum
1656 3810 1960 3864 eruditione

334 3934 337 3935 ν
388 3897 778 3963 venerandum,
831 3912 991 3968 quem
1016 3905 1137 3968 post
1188 3913 1247 3954 se
1290 3898 1679 3954 monachorum
1710 3899 1908 3954 scholae
1933 3912 1958 3941 ο

386 3989 647 4062 prtefeeit,
671 3997 727 4046 et
755 3990 1125 4047 introductum
1178 3992 1403 4047 docendi
1455 3990 1671 4046 modum
1700 3992 1958 4048 observa-

388 4094 469 4146 re,
504 4089 559 4137 et
585 4082 907 4138 continuare
958 4082 1252 4138 mandavit.
1297 4081 1401 4150 Qui
1429 4081 1658 4139 Strabus
1688 4091 1743 4139 et
1797 4099 1957 4154 prosa

386 4182 439 4228 et
467 4173 709 4230 carmine
761 4173 916 4244 plura
962 4172 1195 4244 scripsit.
1248 4171 1367 4242 ipse
1413 4171 1643 4243 denique
1679 4172 1958 4241 Rabanus,

391 4264 829 4337 vigilantissimus
862 4273 1073 4337 pastor,
1102 4280 1300 4321 munus
1336 4264 1560 4321 docendi
1594 4276 1814 4338 propter
1859 4268 1959 4324 ab-

384 4353 589 4409 batiam
614 4354 832 4423 penitus
852 4370 960 4409 non
983 4354 1243 4419 deseruit,
1272 4369 1374 4409 nec
1394 4369 1424 4409 a
1454 4356 1843 4425 componendis
1866 4371 1962 4413 vo-

387 4443 680 4500 luminibus
725 4443 980 4498 cessavit.
1028 4445 1254 4498 Amator
1295 4457 1489 4513 nempe
1542 4444 1636 4499 Dei
1691 4445 1956 4514 sincerus,

383 4535 600 4608 quoties
628 4541 930 4603 opportune
956 4533 1150 4603 potuit,
1175 4530 1403 4587 docendi
1422 4531 1677 4600 ofﬁcium,
1699 4542 1761 4590 ut
1782 4536 1954 4607 prius,

1982 4598 2038 4660 D

453 4721 482 4751 ι
518 4707 706 4765 Potius
755 4706 1059 4761 undecimus
1108 4703 1299 4760 fuisset
1352 4704 1670 4773 Trithemio,
1724 4722 1848 4764 cum
1883 4709 1952 4766 28

379 4779 505 4836 Jan.
555 4778 683 4833 anni
710 4776 813 4834 8M
852 4776 909 4832 S.
937 4774 1371 4847 CaroloiMagno
1416 4776 1559 4845 patri
1580 4781 1948 4847 successerit,

379 4857 485 4973 gi
501 4848 866 4973 egi-migrates
894 4853 1101 4902 tantum
1121 4845 1346 4918 Eugenii
1382 4861 1535 4918 papa:
1554 4846 1597 4901 ll
1618 4850 1787 4905 creati
1808 4845 1952 4908 anno

490 4961 506 4973 .
564 4934 615 4973 te
785 4934 876 4973 au.

528 4919 615 4975 die
640 4918 706 4973 i9
733 4918 876 4973 Maii.

378 4921 506 4987 est,
528 4921 615 4975 die
640 4921 706 4973 19
733 4921 876 4973 Maii.

379 5062 427 5069 __
454 4992 482 5069 lg
521 4988 643 5069 Hoc
648 4995 770 5044 toto
790 5002 966 5069 “anno.
976 5059 988 5069 _
1008 4985 1123 5069 825
1136 4995 1192 5042 et
1219 4985 1330 5041 fere
1357 4986 1601 5069 sequenti
1628 4987 1747 5069 82g
1771 4990 1952 5069 adhuc

379 5059 759 5131 Haistulphum
785 5057 1357 5131 O_tgarii_decessorem
1396 5056 1817 5131 vixisseseribit
1851 5060 1952 5131 se-

381 5135 568 5188 ranius
591 5126 715 5186 'lib.
739 5145 792 5184 tv
818 5126 947 5184 Iter.
981 5127 1243 5199 Mogunt.,
1272 5128 1478 5199 aitque
1508 5126 1577 5199 28
1605 5128 1859 5185 Decemb.
1894 5129 1949 5183 in

381 5202 520 5259 festo
546 5202 901 5257 lnnocentum
947 5197 1206 5253 anni'826
1233 5197 1455 5261 obiisse,
1490 5198 1573 5251 cui
1607 5199 1787 5267 potius
1809 5212 1953 5254 anno

381 5273 485 5330 827
516 5285 798 5329 successor
823 5270 983 5335 datus
1011 5275 1096 5339 est
1128 5267 1411 5339 Otgarlus.
1439 5267 1949 5339 Haistulphussan-

380 5343 485 5398 etis
510 5351 900 5399 annumeratur
927 5340 983 5394 in
1017 5337 1168 5395 Actis
1197 5337 1327 5395 mss.
1376 5337 1730 5409 patronorum
1762 5338 1954 5393 civita-

380 5413 451 5468 tis
475 5413 816 5483 Moguntinm.

453 5493 476 5521 α
522 5475 677 5537 Hunc
695 5483 943 5539 eumdem
968 5495 1087 5536 esse
1108 5476 1805 5534 WalafridumStrabenem
1828 5475 1951 5531 dein

382 5551 848 5625 abbatem_Augia:__
879 5551 1278 5625 divitis,__supra
1306 5549 1528 5625 dictum.

449 5621 477 5662 ἀ
502 5621 598 5703 ⁸ι’ᾁῐι
622 5615 1339 5703 foafoli‘tgnascrib‘eudum
1361 5615 1727 5703 ineaiiherbga,
1743 5616 1949 5703 titul-bs

382 5689 680 5761 Herbipolis
737 5684 1085 5761 intelligatur.
1118 5688 1210 5761 De
1227 5688 1345 5743 loco
1368 5684 1677 5761 ejusnatali
1708 5684 1834 5761 alibi
1863 5686 1947 5739 ni-

379 5762 454 5819 hil
482 5754 729 5830 legimus.
776 5754 1130 5830 Tritlt’emius,
1159 5759 1259 5830 lib.
1283 5774 1318 5811 ll
1352 5754 1415 5810 de
1450 5754 1592 5830 Viris
1619 5755 1940 5818 illustribus,

381 5834 474 5891 ubi
498 5825 757 5890 Strabum
783 5844 813 5884 a
864 5827 1163 5884 Walafrido
1193 5827 1355 5883 alium
1387 5825 1594 5891 statuit,
1652 5834 1947 5896 utrumque

2067 3354 2274 3402 rantes.
2306 3345 2452 3414 Quos
2483 3345 2576 3401 ille
2624 3352 2776 3400 tanta
2823 3344 3105 3401 sedulitate
3127 3345 3330 3413 docuit,
3381 3365 3488 3420 qua
3524 3369 3651 3408 ma-

2056 3436 2148 3508 jor
2175 3436 2476 3509 excogitari
2503 3436 2594 3492 vix
2624 3436 2908 3508 potuisset.
2939 3435 3066 3492 Fuit
3099 3438 3244 3493 enim
3271 3438 3517 3497 laborum
3544 3459 3652 3515 pa-

2062 3528 2222 3594 tiens,
2252 3534 2307 3583 et
2345 3527 2437 3597 qui
2473 3527 2575 3582 sibi
2627 3525 2761 3581 nihil
2790 3541 3078 3583 onerosum
3108 3535 3202 3583 aut
3247 3544 3410 3600 grave
3435 3531 3652 3602 judica-

2059 3617 2175 3685 bat,
2208 3620 2352 3689 quod
2374 3616 2457 3673 vel
2485 3618 2552 3674 ad
2580 3617 2678 3673 Dei
2705 3618 2993 3685 honorem,
3018 3618 3104 3674 vel
3131 3620 3199 3676 ad
3226 3622 3454 3691 proximi
3480 3625 3649 3693 perti-

2062 3708 2227 3765 nebat
2277 3709 2588 3776 utilitatem,
2643 3710 2787 3766 unde
2840 3711 2942 3767 sibi
2979 3711 3080 3767 soli
3130 3719 3290 3768 natus
3338 3714 3504 3770 videri
3536 3732 3646 3774 non

2063 3803 2250 3868 voluit,
2298 3803 2392 3874 qui
2445 3802 2672 3859 salutem
2724 3803 2954 3859 aliorum
2998 3818 3212 3874 semper
3260 3814 3331 3860 ut“
3359 3805 3640 3877 propriam

2061 3892 2330 3963 quaesivit.
2362 3891 2446 3948 Ad
2498 3892 2738 3964 regimen
2803 3893 3131 3959 animarum,
3158 3893 3269 3950 Deo
3292 3896 3638 3965 providente,

2060 3982 2217 4039 valde
2245 3982 2349 4039 fuit
2378 3983 2626 4049 idoneus,
2655 3983 2953 4053 vigilantia,
3018 3985 3237 4054 pietate,
3291 3986 3641 4053 discretione,

2062 4072 2373 4145 prudentia,
2412 4088 2600 4144 opere,
2651 4082 2707 4128 et
2735 4074 2980 4130 doctrina
3020 4074 3155 4129 nulli
3206 4076 3491 4131 secundus.
3523 4076 3643 4132 Non

2060 4173 2181 4221 erat
2207 4180 2373 4236 penes
2409 4164 2559 4221 illum
2612 4165 2851 4235 acceptio
2901 4178 3280 4234 personarum,
3312 4166 3408 4221 sed
3449 4164 3644 4222 electio

2061 4254 2174 4311 sola
2197 4257 2514 4312 meritorum
2545 4275 2559 4312 :
2591 4256 2683 4328 qui
2711 4256 2916 4323 statim,
2940 4263 2999 4309 ut
3028 4256 3197 4312 abbas
3221 4255 3504 4313 ordinatus
3527 4255 3645 4313 fue-

2060 4353 2168 4411 rat,
2198 4352 2260 4400 ut
2299 4343 2525 4414 justitiae
2576 4344 2915 4417 magistram,
2969 4345 3023 4399 in
3057 4345 3311 4400 omnibus
3364 4344 3647 4404 Benedicti

2059 4436 2230 4508 patris
2264 4435 2590 4505 sequebatur
2614 4434 2878 4502 regulam,
2927 4449 2959 4490 a
2982 4449 3089 4504 qua
3136 4434 3193 4489 in
3225 4435 3374 4493 omni
3402 4436 3513 4490 vita
3540 4452 3642 4492 sua

2062 4541 2339 4598 nunquam
2387 4534 2591 4582 temere
2618 4525 2930 4582 declinavit.
2960 4525 3020 4580 In
3047 4525 3164 4597 ipsa
3193 4540 3427 4597 namque
3452 4528 3641 4599 regula

2063 4709 2273 4764 natione
2301 4694 2641 4760 Teumnieum
2667 4701 2855 4760 serth
2876 4716 2995 4772 cap.
3026 4700 3096 4757 35
3118 4709 3174 4757 et
3198 4700 3291 4755 u.

2135 4791 2159 4820 ο
2201 4779 2277 4825 De
2300 4791 2367 4825 eo
2395 4790 2556 4825 sunra
2579 4773 2808 4825 extimus.
2831 4772 3143 4825 Geruntmm
3170 4771 3214 4825 ll
3236 4771 3489 4825 abbatem
3516 4771 3582 4825 Hi

2135 4791 2159 4820 ο
2201 4779 2277 4833 De
2300 4791 2367 4832 eo
2395 4790 2556 4854 supra
2579 4773 2808 4842 egimus.
2831 4771 3143 4854 Gerungum
3170 4771 3218 4854 li
3236 4771 3489 4827 abbatem
3516 4771 3640 4829 Hir-

2060 4848 2551 4929 eusieasewus
2577 4842 2767 4929 Falsa,
2786 4842 3109 4929 tisanae!“
3127 4839 3556 4929 Iszsss,_rssha
3580 4844 3637 4897 ίη

2059 4910 2327 4974 Οιιτῖδηίοο
2374 4910 2722 4995 Hirsaugensi
2751 4913 2819 4968 ad
2872 4910 3072 4995 annum
3124 4911 3230 4967 854
3277 4910 3635 4994 Trithemius,

2059 4989 2242 5065 aitque
2269 5002 2329 5041 se
2362 5005 2388 5065 ι.
2414 4997 2681 5065 reperisse
2716 4980 2901 5065 §trabt
2938 4981 3192 5065 libellum
3220 4982 3286 5065 de
3333 4982 3639 5065 arithmeti-

2060 5051 2618 5133 cis'dimensiouibus,
2645 5054 2728 5133 cui
2757 5053 3019 5133 praepoth
3058 5051 3346 5133 epistolam
3376 5052 3443 5106 ad
3492 5051 3641 5133 hunc

2057 5127 2366 5198 Gerungum
2398 5119 2906 5198 sic___incip_ientem:_:
2948 5119 3400 5198 ﬂeuerendissimo
3445 5122 3640 5198 merito

2058 5188 2414 5261 Patrifaztate
2446 5192 2582 5262 ﬁlio,
2624 5188 2805 5247 littera
2833 5188 3113 5262 discipulo,
3156 5192 3329 5261 gratia
3382 5191 3639 5262 magistro

2059 5263 2323 5335 Gerartqu
2339 5261 2515 5335 abbati
2543 5261 3107 5335 wterngejegtimdinis
3137 5262 3422 5335 prwmiugn
3458 5261 3636 5335 possi-

2058 5335 2201 5413 dere.
2231 5328 2259 5387 ἱ
2278 5332 2403 5413 Haec
2431 5332 2503 5387 ibi
2524 5331 2921 5413 quaaqdillicilia
2951 5338 3079 5413 sunt
3104 5328 3276 5384 :‘nam
3302 5328 3643 5413 Walafridus

2060 5404 2288 5462 Strabus
2316 5398 2560 5473 quinque
2581 5411 2706 5458 ante
2734 5402 2889 5456 annis
2918 5401 3055 5456 obiit
3101 5413 3263 5472 quam
3308 5400 3398 5454 hic
3424 5398 3639 5454 Gerun-

2059 5491 2160 5553 διεδ
2173 5482 2391 5528 creatus
2414 5471 2755 5553 fueritabbas
2782 5490 2795 5525 :
2823 5472 2964 5553 quod
2990 5469 3635 5553 abrupere-nonanitu-

2057 5533 2378 5608 adversum,
2429 5544 2523 5614 qui
2571 5544 2761 5599 eodem
2803 5533 2988 5614 capite
3012 5541 3091 5614 4144
3125 5542 3221 5596 lib.
3255 5556 3273 5595 ι
3306 5533 3463 5595 Fuld.
3488 5538 3635 5592 \An-

2053 5615 2154 5686 tiq.
2206 5612 2565 5690 et_‘Strabum
2618 5628 2736 5690 esse
2802 5612 3180 5690 Walafﬁdpm,
3250 5619 3639 5690 mortuumque

2052 5680 2194 5740 anno
2220 5683 2325 5740 849
2353 5684 2541 5750 tradit,
2570 5692 2624 5740 et
2664 5682 2790 5739 hinc
2815 5683 3008 5753 probat
3036 5680 3350 5754 Gerungum
3390 5680 3633 5750 discipu-

2051 5755 2166 5809 lum
2188 5752 2304 5809 eius
2330 5754 2519 5809 fuisse.

2074 5771 2166 5811 um
2188 5770 2304 5824 ejus
2330 5770 2519 5810 tuisse.
