4012 6202
326 460 397 519 89
1684 458 1891 517 Ρῐιοιι

1990 456 2214 517 lMENA‘.

3520 474 3588 529 90

327 572 408 626 sic
427 568 596 624 abbas
621 566 949 623 Benedictus
970 567 1192 624 mandat
1220 569 1400 625 abbati
1440 587 1452 623 :
1490 588 1507 622 ι
1554 568 1674 625 Non
1696 585 1905 641 praepo-
1933 575 1986 638 Α
2011 587 2042 628 a
2064 575 2285 642 mundo,
2311 583 2595 647 propterea
2628 577 2802 634 factus
2838 587 2923 635 est
2946 580 3056 635 Deo
3079 582 3374 651 proximus,
3404 590 3465 637 et
3485 583 3587 636 sibi

324 668 489 715 natur
540 657 807 729 ingenuus
848 672 916 712 ex
961 658 1185 714 servitio
1233 662 1589 725 convertenti,
1643 661 1748 716 nisi
1803 661 1907 716 alia

320 765 488 807 causa
516 747 856 803 rationabilis
881 747 1096 802 existat.
1126 747 1283 803 Enim
1309 764 1439 805 vero
1462 751 1576 805 sive
1599 765 1808 816 servus,
1836 750 1909 806 si-

323 856 391 897 ve
419 840 581 905 liber,
607 853 807 894 omnes
828 854 993 892 unum
1016 839 1070 892 in
1097 838 1314 895 Christe
1347 856 1553 905 sumus,
1589 850 1645 896 et
1670 843 1770 896 sub
1796 856 1906 897 uno

323 930 555 986 Domino
576 928 842 997 aqualem
862 927 1142 983 servitutis
1160 929 1410 984 militiam
1434 929 1755 999 bajulamus,
1777 930 1904 999 quia

322 1037 432 1078 non
453 1028 541 1076 est
567 1020 709 1090 apud
739 1019 909 1075 Deum
937 1034 1297 1091 personarum
1316 1024 1576 1093 acceptio.
1607 1021 1907 1078 Solummo-

323 1115 391 1170 do
415 1114 470 1168 in
496 1113 602 1167 hac
622 1119 779 1182 parte
806 1111 945 1182 apud
968 1111 1145 1181 ipsum
1195 1113 1571 1180 diseernimur,
1596 1114 1642 1168 si
1673 1113 1904 1170 humiles

321 1211 377 1259 et
401 1202 656 1258 meliores
682 1200 896 1263 exteris
924 1200 979 1256 in
1021 1200 1180 1257 bonis
1230 1211 1284 1257 et
1305 1203 1509 1258 sanctis
1532 1203 1788 1273 operibus
1821 1203 1903 1258 in-

319 1294 624 1349 veniamur.
644 1310 677 1344 -›
707 1290 835 1346 Hzec
856 1299 913 1346 et
950 1290 1053 1345 alia
1083 1292 1394 1348 monastica:
1444 1291 1793 1362 perfectionis
1814 1293 1902 1347 in-

320 1383 505 1454 stituta
539 1390 763 1437 sanctus
791 1381 960 1436 abbas
985 1381 1266 1447 Rabanus,
1296 1398 1400 1437 una
1426 1398 1551 1437 cum
1579 1383 1902 1454 evangelicis

317 1472 606 1544 pmeptis
626 1479 791 1540 atque
819 1472 1062 1528 consiliis
1085 1473 1464 1529 observatione
1494 1474 1701 1529 studuit
1724 1474 1898 1529 adim-

317 1563 467 1634 plere
489 1564 777 1629 continua,
796 1572 853 1618 et
892 1562 1104 1619 ﬁdelem
1155 1580 1213 1618 se
1240 1564 1446 1621 Christi
1472 1566 1783 1621 ministrum
1813 1574 1897 1620 at-

314 1670 422 1725 que
438 1654 706 1711 vicarium
730 1654 783 1709 in
807 1655 1136 1711 monasterio
1157 1655 1420 1710 exhibuit.
1450 1657 1508 1711 ln
1537 1657 1785 1712 doctrina
1800 1672 1897 1712 sua

315 1749 563 1820 regulam
587 1748 880 1804 custodivit
909 1748 1280 1818 apostolicam,
1312 1751 1366 1805 in
1393 1766 1499 1822 qua
1525 1750 1724 1807 Paulus
1749 1767 1898 1806 ama-

313 1848 404 1894 tor
438 1838 645 1894 Christi
672 1838 949 1909 praecepit,
994 1838 1179 1894 dicens
1202 1841 1268 1895 ad
1295 1840 1617 1910 discipulum
1650 1857 1664 1894 :
1696 1840 1893 1911 Argue,

2009 680 2110 737 per
2145 667 2415 722 binarium
2463 669 2517 723 in
2542 670 2780 724 ternario
2809 672 3108 727 monastice
3159 670 3360 727 unitus.
3418 673 3585 743 Hujus

2006 758 2360 814 sanctissima:
2413 760 2842 816 conversationis
2903 761 2968 815 ad
3026 761 3309 817 monadem
3362 764 3584 818 ternarii

2004 846 2323 917 mysterium
2358 863 2517 902 nemo
2540 842 2748 902 utiliter
2776 849 3045 920 intelligit,
3095 851 3185 920 qui
3218 849 3393 905 adhuc
3425 853 3584 906 vitio-

2003 952 2123 990 rum
2175 935 2394 1005 pulvere
2436 937 2718 992 sordescit.
2773 936 3029 1007 Quisquis
3080 941 3221 993 cnim
3270 952 3582 1010 purgatusa

2001 1023 2368 1094 voluptatibus
2419 1025 2620 1087 carnis,
2661 1033 2717 1079 et
2777 1035 3091 1097 segregatus
3135 1043 3165 1080 a
3192 1030 3345 1084 vanis
3396 1031 3582 1086 mundi

2001 1114 2451 1172 sollicitudinibus
2470 1116 2523 1170 in
2549 1117 2707 1172 domo
2728 1116 2939 1172 Domini
2971 1134 3127 1174 secus
3147 1121 3319 1176 solum
3346 1124 3575 1191 habitat,

1999 1205 2116 1276 jam
2145 1205 2330 1260 oculos
2362 1206 2559 1260 mentis
2589 1216 2803 1275 apertos
2832 1208 3034 1263 habere
3066 1210 3411 1267 laudabiliter
3438 1214 3578 1269 inci-

1998 1297 2098 1367 pit,
2122 1305 2178 1352 et
2198 1297 2332 1353 nihil
2352 1309 2549 1368 prtetcr
2579 1298 2747 1354 Deum
2779 1299 2950 1355 solum
2974 1301 3055 1356 vel
3083 1310 3229 1355 amat
3258 1304 3343 1357 vel
3368 1306 3578 1360 metuit.

2002 1388 2121 1456 Quo
2147 1388 2491 1443 sanctissimo
2514 1390 2847 1461 purgationis
2891 1406 3088 1461 genere
3108 1393 3454 1450 beatissimus
3481 1398 3580 1451 ab-

1999 1479 2098 1535 bas
2116 1479 2370 1533 Rabanus
2393 1479 2624 1535 mirifice
2654 1480 2971 1546 illustratus,
3002 1482 3173 1536 Deum
3202 1498 3366 1552 super
3388 1487 3570 1541 omnia

1999 1570 2219 1626 timuit:
2249 1569 2302 1624 in
2326 1568 2477 1637 cujus
2504 1587 2764 1641 apparere
2796 1580 3089 1643 conspectu
3117 1583 3209 1629 aut
3238 1589 3385 1633 reus.
3412 1585 3507 1629 aut
3538 1593 3567 1630 a

1996 1663 2139 1719 bono
2168 1676 2329 1732 opere
2354 1677 2556 1718 vacuus
2583 1664 2838 1719 horribile
2882 1662 3164 1732 judicavit.
3198 1664 3461 1731 Quocirca
3494 1667 3573 1722 fu-

1996 1761 2134 1808 tura:
2162 1754 2263 1809 sibi
2310 1754 2505 1813 mortis
2545 1755 2931 1827 imaginatione
2981 1757 3176 1812 crebro
3229 1759 3573 1827 perterritus,

1997 1843 2084 1899 cui
2104 1851 2249 1898 esset
2280 1843 2625 1900 villicationis
2654 1861 2766 1900 sum
2793 1846 3056 1902 rationem
3103 1848 3428 1919 quandoque
3454 1850 3577 1905 red»

311 1928 549 1994 obsecra,
571 1928 781 1998 increpa
836 1927 923 2001 (II
948 1926 1083 1983 Tim.
1106 1928 1208 2000 tv),
1246 1929 1297 1984 id
1334 1938 1439 1995 est,
1468 1930 1636 1985 misce
1662 1929 1897 1986 discreto
1925 1931 1970 1991 B
1999 1932 2229 1999 diturus,
2284 1934 2471 1990 sedulo
2517 1935 2809 2006 cogitabat,
2860 1937 3038 1992 sciens
3093 1947 3265 1993 artem
3306 1954 3428 1995 esse
3451 1956 3573 1995 om-

312 2018 567 2074 enmine
591 2017 927 2087 temporibus
954 2025 1222 2088 tempora,
1252 2027 1310 2075 et
1338 2019 1639 2075 terroribus
1675 2020 1887 2075 blandi-

310 2116 519 2163 menta.
535 2107 718 2163 Dirum
731 2108 976 2178 magistri
997 2116 1051 2163 et
1073 2108 1221 2178 pium
1235 2109 1406 2179 patris
1431 2108 1681 2164 allectum
1709 2109 1888 2178 subje-

308 2200 417 2255 ctis
434 2199 537 2254 sibi
552 2198 833 2254 monachis
856 2198 1120 2264 exhibuit,
1149 2199 1366 2270 quando
1387 2199 1812 2270 indisciplinatos
1834 2207 1891 2255 et

306 2289 483 2345 duros
508 2289 675 2345 corde
699 2289 938 2344 severius
966 2289 1162 2361 arguit,
1223 2289 1537 2345 obedientes
1575 2306 1706 2347 vero
1731 2306 1887 2346 man-

306 2394 498 2440 suetos
528 2390 585 2438 et
615 2382 869 2449 humiles,
896 2383 1039 2439 utin
1068 2383 1261 2439 melius
1289 2384 1635 2454 proﬁcerent,
1664 2393 1889 2456 paterno

309 2473 505 2529 aﬂ‘ectu
527 2472 815 2530 benivolus
833 2474 1156 2529 obsecravit.
1206 2473 1493 2545 Nunquam
1524 2476 1889 2532 dissimulavit

309 2575 537 2638 peccata
578 2563 1026 2634 delinquentium,
1054 2567 1148 2622 sed
1178 2582 1305 2622 mox
1337 2574 1398 2621 ut
1437 2566 1570 2622 oriri
1599 2567 1891 2637 coepissent

310 2657 471 2723 vitia,
498 2656 776 2712 radicitus.
790 2656 1105 2726 amputavit.
1137 2656 1487 2713 Honestiores
1509 2658 1655 2712 enim
1681 2666 1736 2713 et
1762 2657 1883 2712 ani-

313 2748 420 2807 mis
444 2747 841 2823 generosiorcs,
872 2734 1064 2822 'prima
1105 2747 1191 2802 vel
1245 2747 1478 2804 secunda
1525 2748 1889 2804 admonitione

310 2843 542 2899 blandus
590 2842 877 2913 corripuit,
926 2851 977 2897 et
1017 2843 1262 2898 oratione
1293 2838 1727 2897 mansuetissima
1754 2856 1886 2897 con-

315 2933 496 2990 festim
558 2934 630 2989 ad
683 2934 975 2989 sanitatem
1024 2935 1220 2989 mentis
1272 2934 1582 3001 revocavit;
1612 2932 1887 3003 improbos

308 3038 459 3089 vero,
486 3024 533 3078 si
582 3023 1102 3094 qui'occurrissent,
1134 3023 1300 3080 duros
1325 3023 1509 3089 corde,
1546 3024 1807 3092 superbos
1835 3031 1893 3078 et

308 3115 698 3179 inobedientes,
728 3130 837 3170 non
858 3115 1036 3171 verbis
1059 3116 1239 3181 modo,
1261 3117 1357 3171 sed
1381 3117 1544 3171 etiam
1573 3116 1889 3173 verberibus

308 3215 365 3262 et
394 3206 723 3263 abstinentia
771 3205 1013 3265 severius
1044 3207 1351 3277 castigavit,
1389 3207 1568 3264 sciens
1601 3208 1884 3277 scriptum,

1992 2024 2145 2079 nium
2181 2025 2379 2081 artium
2409 2027 2650 2097 regimen
2706 2029 3031 2084 animarum.
3064 2028 3393 2087 Continuum
3444 2047 3576 2103 ergo

1988 2116 2184 2171 futurae
2212 2117 2439 2173 rationis
2491 2121 2776 2176 reddendae
2826 2122 3144 2177 memoriam
3175 2124 3487 2180 revolvebat
3518 2126 3573 2181 in

1988 2216 2189 2274 mente,
2220 2209 2399 2264 sciens
2424 2211 2682 2266 nimirum
2741 2212 2910 2282 culpa:
2947 2214 3184 2283 pastoris
3234 2216 3571 2285 incumbere,

1987 2297 2246 2368 quidquid
2277 2298 2331 2352 in
2380 2298 2574 2355 ovibus
2619 2301 2731 2356 suis
2770 2303 3164 2373 paterfamilias
3200 2307 3378 2363 minus
3421 2304 3574 2362 utili-

1989 2387 2117 2442 tatis
2144 2388 2384 2457 potuerit
2414 2389 2674 2445 invenire.
2708 2390 3000 2463 Propterea
3032 2410 3242 2452 summo
3265 2405 3458 2452 conatu
3487 2399 3569 2453 sic

1988 2478 2179 2533 statuit
2201 2479 2404 2547 vivere,
2449 2488 2527 2548 ut,
2556 2492 2819 2552 quantum
2858 2483 3122 2556 fragilitas
3146 2487 3438 2556 ~permittit
3466 2488 3569 2541 hu-

1986 2583 2169 2634 mana,
2193 2572 2437 2626 securior
2463 2582 2751 2644 appareret
2772 2590 2954 2630 coram
2970 2576 3155 2631 Deo'in
3187 2577 3455 2633 reddenda
3484 2594 3572 2631 ra—
3632 2607 3638 2615 ι

1988 2659 2152 2713 tione.
2191 2659 2341 2718 Unde
2391 2678 2497 2718 non
2536 2665 2716 2719 minus
2746 2679 2909 2734 opere
2959 2681 3122 2734 quam
3172 2681 3443 2730 sermone,
3472 2682 3569 2719 γοα

1988 2764 2109 2825 rum
2136 2766 2195 2807 se
2221 2752 2368 2807 omni
2396 2762 2636 2822 tempore
2666 2762 2942 2823 pastorem
2997 2755 3180 2810 ovium
3217 2755 3419 2810 Christi
3458 2766 3571 2810 stu-

1988 2838 2105 2897 duit
2131 2841 2411 2897 exhibere.
2442 2842 2510 2897 Et
2543 2844 2613 2898 ob
2636 2844 2688 2898 id
2715 2845 2894 2899 omnia
2923 2860 3044 2914 quae
3076 2845 3355 2915 discipulis
3386 2846 3569 2900 docuit

1987 2949 2107 2990 esse
2133 2935 2404 2989 contraria
2458 2935 2511 2989 in
2562 2937 2676 2992 suis
2710 2935 2871 2992 factis
2919 2938 3158 2992 ostendit
3196 2954 3303 2993 non
3335 2939 3563 3009 agenda.

1989 3024 2358 3096 Omnipotenti
2421 3025 2531 3081 Deo
2586 3039 2644 3081 se
2698 3035 2908 3098 gratum
2977 3028 3187 3081 cunctis
3264 3026 3568 3083 actionibus

1987 3117 2243 3172 exhibere
2293 3116 2523 3181 studuit,
2553 3130 2713 3186 quem
2765 3131 2901 3187 pura
2950 3117 3302 3181 conscientia,
3360 3119 3564 3173 mundo

1987 3208 2172 3274 corde,
2197 3215 2253 3264 et
2289 3207 2691 3265 ferventissimo
2742 3208 3023 3264 ebaritatis
3051 3209 3319 3264 desiderio
3343 3210 3564 3263 amavit.

308 3299 435 3370 quia
483 3296 675 3354 unum
729 3314 834 3352 non
880 3298 1161 3369 corrigitur
1201 3298 1367 3353 verbis
1398 3297 1579 3371 (Prov.
1604 3298 1783 3370 xvni).
1817 3298 1885 3353 Et
1911 3290 1957 3353 C
1986 3296 2069 3353 Ad
2095 3312 2154 3353 se
2189 3298 2365 3368 ipsum
2402 3308 2563 3361 recta
2605 3299 3016 3354 conversatione
3055 3313 3270 3369 semper
3290 3296 3570 3356 ordinatus

310 3390 509 3445 iterum
536 3387 803 3442 :.Persute
836 3386 1005 3456 ﬁlium
1034 3396 1183 3441 tuum
1218 3388 1388 3458 virga,
1436 3397 1484 3443 et
1509 3387 1750 3443 liberabis
1771 3389 1887 3442 ani-

312 3495 451 3533 mus
478 3478 598 3549 ejus
635 3495 669 3531 a
690 3486 852 3533 morte
886 3476 1021 3550 [Al.,
1052 3477 1116 3531 de
1143 3477 1374 3550 inferno]
1405 3476 1585 3550 (Prov.
1600 3476 1882 3549 xxm,M).

311 3570 710 3627 leditationem
736 3569 1030 3625 Dominicae
1059 3570 1325 3642 passionis
1357 3570 1412 3623 in
1439 3570 1601 3625 corde
1631 3583 1733 3625 suo
1772 3568 1889 3623 sin-

310 3662 478 3735 gelari
516 3660 803 3717 devotione
852 3661 1092 3732 quotidie
1127 3660 1333 3717 solebat
1383 3661 1684 3728 revolvere,
1705 3670 1761 3717 et
1788 3674 1887 3730 pro

310 3760 489 3808 morte
542 3750 845 3807 Salvatoris
891 3752 1333 3807 innocentissima
1360 3751 1667 3822 lacrymans
1714 3759 1771 3807 et
1796 3764 1888 3822 ge-

309 3859 462 3899 mens
489 3844 697 3915 gratias
720 3841 943 3898 referre.
973 3843 1169 3898 Fertur
1211 3843 1356 3898 enim
1393 3852 1637 3898 sanctam
1662 3844 1716 3899 in
1748 3858 1883 3900 con-

308 3934 651 3990 suetudinem
684 3934 925 4000 duxisse,
975 3943 1036 3989 ut
1067 3949 1340 4002 nunquam
1385 3934 1565 3989 cibum
1621 3941 1881 3997 sumeret,

308 4025 412 4080 nisi
458 4026 612 4096 prius
652 4025 854 4096 gratias
897 4039 1090 4095 agens,
1127 4025 1318 4091 vitam,
1356 4033 1528 4090 actus,
1577 4033 1633 4078 et
1678 4023 1888 4094 passio-

310 4133 432 4174 nem
460 4118 699 4184 Domini,
734 4126 791 4174 et
826 4117 1121 4175 Salvatoris
1168 4119 1339 4173 nostri
1394 4116 1524 4173 Jesu
1553 4116 1780 4182 Christi,
1816 4116 1888 4172 ab

315 4208 690 4265 incarnatione
734 4207 998 4278 incipiens
1033 4209 1102 4264 ad
1147 4222 1430 4263 ascensum
1460 4208 1579 4279 ejus
1606 4206 1659 4262 in
1686 4206 1885 4262 caelum

310 4313 407 4369 per
433 4297 680 4369 singulos
705 4297 960 4354 articulos
987 4297 1316 4364 meditando,
1347 4298 1610 4369 gemendo
1655 4305 1708 4355 et
1726 4312 1887 4353 oran-

312 4388 379 4443 do
402 4389 790 4458 percurrisset.
816 4387 875 4443 In
932 4395 1309 4460 argumentum
1358 4397 1446 4443 est
1464 4388 1711 4444 veritatis
1750 4400 1887 4458 opus

310 4477 437 4532 illud
463 4478 534 4533 de
554 4476 828 4535 Laudibus
854 4486 1055 4535 sancta:
1092 4477 1301 4544 Crucis,
1346 4478 1399 4532 in
1426 4493 1535 4548 quo
1563 4492 1775 4534 summa
1804 4476 1888 4533 di-

307 4567 528 4638 ligentia
555 4574 619 4624 et
637 4568 918 4624 devotione
968 4569 1224 4641 mysteria
1274 4567 1564 4623 Dominicte
1617 4565 1885 4638 passionis

1988 3389 2218 3455 exstitit,
2240 3397 2295 3445 et
2332 3404 2363 3443 a
2390 3389 2598 3445 seruilis
2618 3388 2844 3458 justitiae
2887 3389 3108 3444 minimc
3135 3388 3442 3444 declinavit.
3482 3388 3565 3442 Ad

1986 3478 2234 3534 subditos
2247 3480 2474 3549 quoque
2511 3494 2637 3533 suos
2671 3478 2852 3533 debita
2877 3478 2975 3533 sub
3002 3477 3293 3547 vigilantia:
3318 3492 3450 3532 cura
3481 3492 3565 3532 or-

1987 3560 2231 3625 dinatum
2265 3584 2325 3626 se
2363 3569 2615 3640 praebuit,
2664 3582 2894 3639 quorum
2944 3564 3230 3621 utilitatem
3271 3573 3326 3620 et
3376 3554 3560 3635 profe—

1987 3668 2132 3717 ctum
2164 3660 2221 3715 in
2247 3660 2498 3715 omnibus
2519 3662 2784 3730 quaesivit.
2813 3660 2869 3715 In
2902 3661 3166 3729 charitate
3187 3661 3421 3731 proximi
3442 3675 3577 3730 pro-

1984 3758 2107 3822 pter
2133 3751 2302 3806 Deum
2331 3752 2529 3806 ardens
2554 3750 2655 3807 fuit
2682 3758 2739 3807 et
2787 3752 3045 3815 fervidus,
3076 3751 3209 3805 nulli
3254 3752 3452 3822 gravis,
3480 3752 3568 3805 in-

1986 3856 2169 3912 quam,
2195 3842 2326 3897 nulli
2358 3841 2671 3912 injuriosus,
2700 3842 2833 3897 nulli
2866 3842 3147 3907 molestus,
3171 3841 3266 3897 sed
3296 3842 3568 3897 neminem

1984 3933 2190 3989 laedens
2216 3933 2489 3990 benefeeit
2538 3935 2829 3990 universis.
2869 3933 3209 4004 Evangelicis
3247 3933 3566 3987 obedienter

1986 4025 2260 4106 inhaerens
2283 4025 2590 4095 praeceptis,
2629 4026 2851 4091 bonum,
2885 4024 3029 4093 quod
3056 4021 3157 4077 sibi
3208 4021 3351 4085 ﬁeri,
3376 4035 3570 4074 secun-

1986 4117 2115 4173 dum
2158 4127 2367 4173 rectum
2414 4117 2639 4172 rationis
2674 4114 2956 4184 judicium,
3001 4112 3211 4178 voluit;
3252 4111 3405 4181 prior
3446 4111 3570 4179 ipse

1985 4207 2106 4262 aliis
2131 4207 2319 4263 sedulo
2342 4207 2619 4277 impendit.
2650 4205 2852 4260 Omnes
2886 4205 2938 4257 in
2980 4202 3198 4258 Christo
3246 4200 3457 4256 sincere
3483 4200 3566 4255 di-

1986 4297 2133 4361 lexit,
2164 4311 2354 4353 clunes
2377 4298 2584 4351 honore
2610 4295 2891 4366 praevenit,
2919 4301 2973 4348 et
2996 4292 3208 4349 cunctis
3230 4308 3334 4364 pro
3357 4292 3569 4347 viribus

1985 4388 2304 4447 benefacere
2355 4388 2587 4445 curavit.
2647 4386 3008 4457 Semetipsum
3052 4384 3157 4440 sibi
3209 4398 3308 4456 pro
3360 4382 3564 4439 Christi

1987 4498 2176 4558 amore
2197 4483 2463 4539 veraciter
2492 4482 2786 4553 abnegans,
2814 4479 3143 4549 evangelicis
3179 4476 3471 4542 mandatis,
3502 4491 3570 4531 ac

1987 4573 2303 4630 monasticis
2328 4571 2760 4629 institutionibus
2794 4585 2951 4626 suam
2975 4571 3029 4625 in
3069 4568 3281 4624 cunctis
3318 4567 3569 4624 volunta-

310 4658 588 4713 enodavit.
616 4656 730 4716 Nisi
752 4659 897 4714 enim
921 4640 1147 4730 patienti
1168 4658 1386 4715 Christo
1404 4670 1731 4729 magnopere
1752 4654 1887 4719 fuis—
1907 4640 1964 4702 Ῑ)
1991 4672 2097 4720 tem
2121 4662 2390 4732 subjecit;
2423 4661 2867 4730 mortiﬁcatisque
2906 4659 3227 4731 perniciosis
3256 4657 3563 4720 desideriis,

308 4761 395 4809 set
419 4766 755 4822 compnssus,
781 4759 929 4808 tanta
958 4752 1175 4807 laudum
1199 4752 1493 4824 'pmconia
1516 4764 1793 4821 nunquam
1827 4748 1886 4804 in

307 4842 427 4912 ejus
446 4844 717 4915 passionis
743 4844 1057 4900 memoriam
1105 4844 1344 4900 scribere
1369 4842 1654 4915 potuisset.
1683 4840 1887 4898 Verum

309 4937 435 5006 quia
466 4945 704 4992 mentem
733 4934 950 4992 Christo
994 4936 1405 5006 compatientem
1452 4933 1664 5000 habuit,
1718 4932 1883 5000 vires,

305 5042 444 5097 quas
471 5026 690 5098 negavit
720 5026 1027 5090 infirmitas,
1055 5026 1228 5096 pietas
1254 5023 1602 5080 ministravit.
1634 5020 1888 5078 Omnium

306 5132 544 5187 namque
586 5116 950 5186 spiritualium
1001 5116 1382 5172 exercitiorum
1432 5112 1725 5169 Dominicaa
1762 5128 1889 5183 pas-

303 5206 480 5262 sionis
504 5213 593 5262 est
613 5206 937 5275 maximum,
962 5206 1020 5261 in
1061 5221 1170 5275 quo
1191 5204 1509 5269 monachus.
1535 5203 1629 5274 qui
1657 5211 1807 5260 recto
1831 5211 1898 5259 et.

304 5297 500 5367 sapido
531 5296 696 5353 modo
717 5295 883 5352 fuerit
908 5296 1177 5362 assiduus,
1227 5296 1339 5351 cito
1366 5309 1617 5364 magnum
1649 5292 1891 5349 inveniet

300 5388 740 5445 conversationis
794 5389 1021 5444 internae
1076 5387 1399 5459 profectum.
1462 5383 1784 5439 Monachum
1831 5383 1886 5438 in

302 5478 410 5535 hac
430 5485 618 5534 sancta
644 5478 996 5534 meditatione
1047 5477 1251 5534 homini
1298 5474 1571 5531 mundano
1598 5472 1887 5544 praeposui,

299 5578 601 5640 propterea
625 5569 772 5639 quod
791 5576 988 5624 exutus
1036 5567 1269 5640 negotiis
1296 5563 1646 5621 saecularibus
1672 5562 1742 5617 ad
1769 5576 1886 5616 me-

298 5658 629 5714 ditationem
652 5659 946 5717 Dominicre
964 5658 1254 5731 passionis,
1284 5657 1409 5713 vitae
1430 5663 1487 5710 et
1500 5653 1691 5709 mortis
1710 5650 1888 5722 aptior

290 5746 426 5815 iure
455 5761 729 5806 censetur.

380 5839 590 5898 Babani
618 5853 803 5900 autem
850 5844 1193 5901 conversatio
1223 5843 1451 5899 multum
1478 5844 1757 5912 segregata
1783 5835 1886 5892 fuit

1983 4761 2040 4811 et
2063 4751 2427 4824 voluptatibus
2457 4753 2659 4818 carnis,
2711 4750 3038 4807 Christiana:
3091 4764 3240 4805 arma
3288 4740 3573 4820 patientia!

1984 4844 2299 4915 assumpsit,
2327 4850 2383 4900 et
2403 4844 2504 4899 sub
2543 4842 2897 4900 confessionis
2929 4840 3121 4898 ordine
3147 4840 3415 4911 martyrio
3451 4854 3560 4894 non

1984 4934 2177 4998 caruit,
2201 4940 2384 5003 utpote
2408 4932 2498 5003 qui
2524 4947 2720 5001 corpus
2748 4945 2905 4986 suum
2923 4929 3167 5000 jejuniis,
3193 4928 3415 4997 vigiliis,
3446 4943 3565 4981 ora-

1984 5023 2246 5089 tionibus,
2265 5020 2585 5091 disciplinis,
2626 5029 2683 5075 et
2709 5020 2832 5075 aliis
2875 5020 3026 5075 duris
3075 5013 3567 5074 exercitationibus

1987 5113 2300 5172 monasticis
2348 5113 2466 5169 sine
2514 5112 2911 5168 intermissione
2957 5112 3196 5183 graviter
3235 5102 3561 5166 maceravit,

1987 5207 2264 5271 carnibus,
2307 5205 2434 5260 vino
2469 5211 2523 5260 et
2553 5203 2881 5274 quibuslibet
2908 5200 3203 5258 esculentis
3242 5193 3564 5252 lautioribus

1987 5312 2202 5367 semper
2222 5295 2486 5352 abstinuit
2511 5313 2524 5349 :
2576 5294 2737 5361 fabis,
2767 5295 2902 5365 pisis
2923 5334 2937 5360 ,
2986 5300 3042 5348 et
3085 5289 3325 5346 oleribus
3352 5292 3573 5340 natum

1989 5389 2339 5458 indigentiam
2387 5395 2671 5457 utcunque
2706 5385 3047 5443 sustentavit.
3095 5381 3260 5448 Quasi
3320 5376 3563 5450 paradisi

1989 5476 2208 5533 delicias
2253 5478 2455 5532 amavit
2510 5476 2795 5548 jejunium,
2844 5484 2899 5530 et
2935 5469 3348 5530 necessitatibus
3383 5466 3567 5522 carnis

1988 5583 2216 5639 semper
2255 5568 2547 5639 praeposuit
2603 5567 2796 5622 animae
2830 5565 3237 5620 nutrimentum.
3287 5556 3564 5627 Quidquid

1987 5658 2400 5714 necessitatibus
2422 5658 2534 5713 suis
2548 5656 2721 5727 potuit
2742 5654 3038 5724 subripere,
3056 5652 3111 5706 in
3137 5665 3402 5707 ususmox
3425 5663 3560 5722 pau-

1985 5764 2174 5819 perum
2204 5750 2418 5806 censuit
2443 5763 2685 5819 erogare.
2714 5746 2847 5801 Nam
2868 5744 3242 5817 pientissimus
3263 5758 3387 5799 cum
3416 5747 3565 5796 esset

1989 5838 2046 5892 in
2096 5848 2379 5910 pauperes,
2430 5847 2484 5893 ct
2542 5838 2708 5893 abbas
2762 5834 2976 5903 Fuldze,
3024 5844 3079 5895 et
3124 5832 3573 5905 archiepiscopus
