4012 6202
428 416 490 474 91
1556 411 1650 468 AD
1686 409 1914 467 OPERA
1950 409 2010 464 Β.

2110 409 2303 465 ΜὶΑΝΙ
2341 409 2559 471 MAURI
3612 415 3681 470 9‘3.

428 531 736 603 Moguntize,
757 536 908 585 tanta
942 544 1035 585 eos
1057 527 1527 584 commiseratione
1550 536 1869 598 prosecutus
1895 534 2001 591 est,
2024 527 2082 588 -A
2105 527 2261 585 buas.
2289 526 2439 594 Quod
2463 528 2506 583 si
2534 522 2853 600 neglexeris,
2886 527 3123 584 animam
3152 534 3299 583 tuam
3341 527 3397 582 in
3436 526 3685 585 districto

430 631 490 678 ut
516 621 580 676 de
613 620 855 675 crastino
899 619 1098 673 nullam
1147 618 1419 674 videretur
1462 618 1664 673 habere
1717 616 2002 687 providenv

436 714 587 768 tiam.
624 708 777 767 Unde
830 718 885 764 et
916 726 944 763 a
974 709 1132 764 bonis
1178 708 1329 773 viris,
1381 708 1656 776 Deumque
1693 706 2003 761 timentibus

431 812 585 873 pater
612 800 990 855 nominabatur
1012 799 1251 868 inopum,
1279 806 1336 852 et
1363 799 1558 867 hospes
1579 812 1890 866 egenorum.
1920 793 2004 850 Ab

433 892 538 946 illis
585 905 735 953 vero,
786 904 924 959 quos
978 889 1096 945 auri
1150 886 1346 956 cupido
1399 886 1722 941 insatiabilis
1766 886 2006 942 avaritiae

435 984 663 1037 ﬂammis
680 981 1022 1047 incenderat,
1072 981 1349 1050 nonpius,
1383 996 1490 1037 non
1542 980 1872 1045 misericors,
1900 994 2004 1034 non

435 1073 741 1138 munificus,
770 1073 865 1127 sed
896 1072 1169 1143 prodigus,
1194 1086 1330 1127 vane
1344 1071 1637 1141 gloriosus,
1662 1079 1729 1125 et
1765 1070 2000 1141 dissipa-

437 1178 522 1221 tor
551 1164 864 1221 substantiae
889 1163 1110 1227 Christi,
1142 1179 1243 1233 per
1278 1156 1555 1231 iniuriam,
1591 1162 1769 1231 potius
1797 1178 2005 1217 nuncu~

434 1257 553 1327 pari
583 1255 889 1311 consuevitt
914 1254 990 1307 Ita
1022 1254 1194 1307 virtus
1220 1267 1435 1321 semper
1476 1252 1637 1306 habet
1684 1266 1891 1317 osores,
1915 1246 2010 1321 qui

438 1345 829 1398 Pharisaeorum
858 1352 914 1397 et
946 1342 1258 1398 Scribarum
1309 1342 1574 1413 exemplo,
1604 1341 1824 1407 bonum,
1866 1343 2010 1412 quod

440 1447 634 1504 negare
658 1432 711 1485 in
740 1432 987 1502 proximo
1018 1439 1309 1501 nequeunt,
1361 1431 1414 1486 in
1464 1440 1673 1502 partem
1702 1432 1902 1487 malam
1923 1442 2011 1487 at-

434 1538 541 1593 que
585 1522 858 1577 sinistram
917 1530 1121 1579 temere
1161 1530 1491 1592 pervertunt.
1520 1522 1617 1577 llis
1655 1523 1851 1577 similia
1878 1524 2007 1579 bea-

438 1624 523 1667 tus
553 1613 803 1668 Rabanus
826 1612 893 1667 ab
912 1613 1169 1682 improbis
1194 1628 1390 1683 passus
1417 1620 1502 1668 est
1542 1613 1731 1679 multa,
1764 1614 1856 1683 qui
1879 1629 2005 1670 cum

438 1708 695 1776 pietatem
746 1704 862 1773 ejus
892 1705 947 1759 in
1000 1720 1266 1775 pauperes
1330 1705 1472 1759 haud
1524 1720 1729 1776 negare
1767 1715 2006 1776 possent,

2102 617 2199 673 Dei
2219 615 2427 685 judicio
2454 633 2603 674 ream
2630 619 2749 674 fore
2775 632 3022 685 noveris,
3049 619 3476 689 etpuniendam.
3518 638 3540 672 ι
3562 618 3683 685 ,Βε-

2106 706 2324 777 spondit
2350 707 2720 774 Adelhardus,
2766 723 2829 767 se
2865 709 3033 778 patris
3056 707 3213 777 jussu
3255 708 3683 765 libentm'faetuo

2098 813 2247 852 rum.
2274 797 2403 864 Sed,
2433 813 2467 873 o
2490 799 2640 856 virus
2664 799 3025 867 mortiferum,
3054 816 3219 869 quam
3240 802 3407 856 noxia
3426 810 3520 859 est.
3540 816 3685 858 seta-

2105 905 2202 960 per
2229 890 2604 949 elaustralibus
2643 894 2871 950 avaritia
2893 934 2910 960 ,
2948 908 3089 963 quos
3121 902 3195 949 et.
3223 897 3456 965 propria:
3492 898 3687 954 salutis

2107 983 2239 1038 facit
2260 984 2634 1052 immemores,
2654 996 2716 1042 et
2735 995 2920 1043 contra
2941 986 3233 1057 puritatem
3256 991 3607 1044 monasticam
3628 991 3685 1045 iu

2100 1074 2361 1143 superbia
2406 1076 2732 1145 pertinaces.
2762 1078 3101 1133 Adeunt-dus
3128 1079 3286 1149 piger
3314 1081 3381 1134 ad
3419 1081 3685 1135 obediew

2110 1162 2264 1229 tiam,
2292 1165 2483 1220 tardus
2512 1167 2579 1221 ad
2608 1168 2863 1237 pietati-nt
2882 1212 2898 1236 ,
2924 1180 2982 1226 et
3009 1173 3206 1227 ardens
3228 1180 3379 1226 totus
3404 1171 3473 1225 ad
3500 1172 3655 1225 avari
3672 1201 3688 1212 -

2102 1252 2265 1318 tiam,
2290 1268 2591 1324 pauperum
2638 1257 2872 1327 inopiam
2894 1261 3172 1332 neglexit.
3201 1261 3446 1316 etmimia
3476 1261 3687 1331 cupidi-

2116 1351 2226 1397 tate
2246 1345 2529 1412 sedactus,
2571 1348 2823 1423 suifragia
2853 1352 3082 1407 mortuis
3109 1352 3288 1407 debita
3320 1351 3686 1407 fraudulenter

2097 1434 2397 1491 subtraxit.
2425 1435 2562 1492 Nam
2584 1440 2788 1509 partim
2816 1449 3125 1511 contemptu
3144 1441 3385 1507 abbatis,
3412 1442 3566 1513 cujus
3588 1443 3687 1497 ob-

2100 1525 2416 1580 lectabatur
2434 1526 2862 1598 pietati,.partim
2894 1530 3280 1595 avaritiamne
3316 1532 3495 1586 minus
3522 1546 3685 1600 quam

2104 1618 2390 1687 tepiditate
2426 1619 2767 1688 perniciosa,
2810 1623 2973 1676 datus
3011 1622 3066 1675 in
3100 1622 3398 1690 replebam
3442 1636 3684 1689 sensum,

2112 1709 2502 1779 quiescendum
2548 1711 2602 1765 in
2633 1712 2861 1769 Domino
2902 1714 3250 1783 praebendas,
3280 1722 3377 1771 aut
3416 1715 3473 1769 in
3517 1723 3688 1772 totum

438 1801 692 1856 vanitatis
716 1800 894 1856 studio
940 1800 1214 1856 ascribere
1244 1815 1351 1855 non
1376 1800 1666 1867 timebant,
1703 1808 2009 1855 asserentes
2112 1801 2355 1866 retinnit,
2388 1811 2483 1856 aut
2512 1802 2799 1859 inﬁdeliter
2834 1805 3161 1874 pauperibus
3184 1805 3542 1861 ministravit.
3581 1806 3690 1862 Sed

441 1894 590 1948 illum
622 1908 770 1949 vana:
796 1892 970 1948 laudis
992 1908 1177 1948 amore
1198 1892 1416 1947 ductum
1443 1893 1811 1963 eleemosynas
1832 1893 2011 1949 facere
2032 1875 2086 1935 Β
2116 1907 2221 1949 nea
2244 1892 2367 1947 tulit
2379 1893 2611 1963 mquitas
2632 1893 2810 1949 divina
2834 1903 3039 1950 tantam
3060 1894 3175 1964 q’us
3194 1898 3557 1954 temeritatem
3574 1899 3693 1955 sine

439 1985 636 2054 potius,
667 2000 826 2054 quam
848 1999 947 2053 pro
979 1984 1184 2045 honore
1220 1985 1334 2039 Dei.
1386 1983 1492 2039 Sed
1522 1986 1602 2038 vir
1625 1985 1836 2041 Domini
1860 1984 2011 2038 mili-

442 2092 562 2134 tans
591 2081 690 2134 sub
715 2078 817 2133 fide
842 2079 1065 2143 Christi,
1099 2079 1188 2148 qui
1221 2078 1374 2133 radio
1424 2078 1591 2133 divini
1644 2079 1848 2132 amoris
1896 2087 2012 2133 sta-

440 2167 531 2222 bili
572 2166 686 2236 jam
732 2167 990 2223 firmitate
1036 2167 1280 2232 ardebat,
1330 2182 1437 2222 nec
1486 2183 1623 2222 vana
1673 2168 2014 2223 blateronum

442 2260 653 2314 curavit
698 2259 968 2333 obloquia,
1026 2275 1128 2315 nec
1174 2276 1206 2314 a
1236 2261 1399 2325 bono,
1452 2262 1595 2330 quod
1645 2261 2011 2327 inchoaverat,

442 2364 603 2419 opere
623 2356 908 2420 propterea
933 2350 1185 2416 cessavit,
1224 2350 1474 2420 quamvis
1512 2367 1616 2405 non
1645 2353 1805 2408 modo
1826 2353 2012 2408 detra-

442 2441 710 2496 ctionibus
758 2456 999 2507 suorum,
1053 2442 1149 2497 sed
1197 2442 1363 2497 etiam
1397 2443 1656 2499 conviciis
1706 2454 2010 2516 urgeretur.

444 2532 553 2586 Nec
579 2539 757 2586 tamen
783 2531 1002 2595 mirum,
1034 2532 1079 2586 si
1107 2532 1161 2586 in
1190 2540 1338 2586 tanta
1379 2534 1794 2605 congregatione
1842 2535 2013 2590 bono-

445 2641 562 2677 rum
583 2624 991 2679 inveniebantur
1004 2625 1166 2679 etiam
1191 2625 1429 2680 nonnulli
1453 2626 1631 2681 minus
1653 2625 1897 2696 perfecti,
1922 2636 2017 2682 aut

443 2713 597 2780 mali,
627 2729 748 2768 cum
799 2715 942 2768 inter
985 2714 1270 2770 duodecim
1300 2716 1573 2786 apostolos
1624 2715 1823 2772 Christi
1876 2734 2016 2775 unus

442 2805 607 2860 fuerit
632 2806 882 2862 inventus
924 2808 1153 2861 traditor
1191 2822 1312 2862 esse
1358 2808 1643 2878 magistri;
1676 2818 1731 2863 et
1753 2824 1785 2864 e
1808 2817 2015 2879 septem

440 2893 630 2964 primis
668 2893 913 2948 ecclesiae
949 2893 1266 2950 diaconibus
1321 2895 1404 2948 sui
1453 2896 1722 2950 exstiterit
1782 2897 2018 2952 nominis

444 2992 633 3040 auctor
667 2984 892 3039 erroris.
925 2984 1309 3040 Verumtamen
1355 3001 1459 3041 non
1513 2986 1799 3057 dereliquit
1826 2985 2015 3044 Omni-

441 3081 634 3145 potens
661 3072 920 3129 famulum
947 3090 1102 3131 suum
1136 3076 1188 3129 in
1236 3075 1606 3143 tribulatione,
1649 3094 1816 3148 quem
1846 3081 1900 3135 in
1926 3095 2018 3136 ea-

444 3165 589 3220 mino
638 3166 968 3235 paupertatis
1025 3166 1399 3238 multipliciter
1455 3169 1744 3240 probatum
1802 3171 2017 3229 invenit

2116 1983 2376 2039 vindicta.
2407 1982 2649 2050 Quadam
2675 1999 2907 2054 namque
2937 1985 3053 2052 die,
3084 2000 3211 2040 cum
3232 1988 3476 2043 extemis
3508 2002 3693 2043 rerum

2112 2073 2265 2129 curis
2299 2074 2525 2131 nimium
2552 2083 2865 2143 occupatus,
2901 2075 3033 2130 hora
3056 2076 3170 2146 jam
3198 2084 3343 2131 esset
3372 2078 3595 2142 tardior,
3637 2088 3697 2133 et

2116 2162 2510 2219 dormientibus
2541 2165 2754 2221 caeteris
2791 2180 2891 2235 per
2933 2164 3111 2220 locitm
3151 2166 3501 2235 capitularem
3546 2167 3698 2226 solus

2114 2257 2363 2312 tenderet
2382 2256 2441 2311 in
2466 2257 2864 2322 dormitorium,
2886 2256 3221 2325 lucernulam
3242 2273 3313 2314 ex
3332 2272 3483 2315 more
3501 2261 3555 2314 in
3580 2274 3697 2313 Ina-

2113 2347 2277 2403 nibus
2302 2356 2550 2420 gestans,
2580 2349 2718 2404 vidit
2742 2348 2853 2403 illic
2881 2362 2979 2419 per
3003 2362 3198 2420 gyrum
3237 2351 3530 2406 monachos
3559 2364 3696 2406 con-

2117 2437 2308 2494 sedere
2330 2438 2624 2508 plurimos,
2654 2447 2913 2496 consueto
2942 2439 3217 2495 schemate
3259 2440 3415 2511 nigro
3442 2440 3697 2503 indutos,

2115 2536 2172 2584 et
2198 2529 2368 2585 nimio
2392 2538 2602 2586 terrore
2630 2540 2934 2600 correptus,
2973 2531 3102 2601 quid
3137 2540 3350 2602 ageret,
3397 2532 3695 2587 nesciebat.

2118 2618 2251 2675 Erat
2272 2620 2416 2675 enim
2446 2621 2652 2676 tardior
2678 2622 2811 2675 hora
2841 2622 3038 2689 noctis,
3062 2636 3171 2690 qua
3190 2628 3510 2676 conventum
3533 2618 3700 2677 simul

2117 2720 2249 2771 tunc
2272 2710 2568 2766 adunatum
2592 2711 2856 2782 suspicari
2884 2726 2992 2766 non
3018 2711 3211 2782 potuit.
3258 2709 3409 2767 Unde
3426 2725 3551 2766 cum
3575 2709 3701 2766 dili-

2117 2805 2331 2873 gentius
2357 2802 2658 2858 intueretur
2677 2843 2692 2868 ,
2724 2801 2963 2873 singulas
3006 2802 3234 2857 fratrum
3265 2816 3435 2870 nuper
3461 2801 3571 2856 vita
3598 2800 3699 2856 de-
3772 2835 3785 2851 η,

2117 2895 2426 2951 functorum
2454 2895 2677 2951 umbras
2716 2910 2840 2951 esse
2882 2896 3170 2966 cognovit,
3202 2894 3399 2963 quibus
3433 2892 3697 2964 stipendia

2118 2985 2463 3040 subtraxerat
2491 2984 2772 3049 ordinata,
2821 2992 2876 3039 et
2921 2984 3063 3039 ultra
3107 2985 3323 3040 modum
3352 2983 3703 3055 perturbatus

2119 3075 2321 3141 animo,
2350 3075 2692 3130 retrocedere
2722 3075 2981 3129 tentabat.
3012 3074 3117 3130 Sed
3138 3076 3349 3131 nimius
3362 3090 3702 3145 pavor,sano

2118 3167 2277 3237 gulae
2306 3167 2580 3221 concitato
2611 3166 2664 3219 in
2692 3166 3013 3230 adversum,
3061 3175 3116 3220 et
3154 3179 3317 3220 crum
3358 3168 3704 3238 obrigwere

442 3268 564 3310 esse
589 3254 817 3320 fidelem,
872 3271 937 3311 ac
988 3257 1166 3313 stabili
1216 3258 1472 3314 firmitate
1517 3260 1809 3317 voluntatis
1856 3264 2015 3320 bona:
2045 3247 2091 3310 Ο
2122 3256 2251 3312 fecit
2276 3266 2331 3312 ct
2356 3258 2543 3328 pedes,
2569 3255 2742 3326 usque
2775 3255 2933 3321 adeo,
2967 3255 3111 3325 quod
3136 3270 3196 3310 se
3230 3270 3447 3311 movere
3476 3257 3545 3312 de
3578 3257 3705 3313 loco

442 3360 579 3414 pene
600 3345 986 3402 invincibilem.
1039 3347 1227 3403 Nullus
1277 3364 1482 3415 eorum,
1514 3350 1711 3420 quibus
1742 3354 1839 3410 Dei
1865 3370 2010 3411 amor

2118 3364 2226 3404 non
2262 3348 2458 3417 potuit.
2503 3346 2847 3417 Consurgunt
2888 3360 3018 3401 mox
3067 3345 3366 3414 impetuose
3408 3345 3704 3413 spirituum

444 3438 598 3493 cordi
625 3437 822 3503 fuerat,
851 3447 906 3493 et
929 3454 1204 3497 sacrarum
1235 3442 1469 3497 studium
1496 3443 1919 3515 Scripturarum,
1943 3447 2021 3503 fa—
2115 3439 2497 3497 defunctorum
2529 3438 2797 3497 terribiles
2826 3439 3054 3504 umbrae,
3073 3443 3510 3507 prostratumque
3530 3436 3706 3492 nimio

441 3528 674 3583 cientem
694 3526 1065 3600 eleemosynas
1110 3530 1287 3586 virum
1315 3531 1407 3587 Dei
1451 3535 1772 3592 molestabat
1822 3539 1877 3593 in
1919 3538 2010 3593 ali-

2114 3544 2316 3603 pavore
2338 3531 2606 3597 videntes,
2648 3530 3003 3594 indumentis,
3029 3530 3228 3584 virtute
3249 3528 3483 3593 occulta,
3506 3528 3705 3597 spolia-

443 3636 591 3690 quo;
633 3619 730 3674 sed
774 3635 843 3675 ex
876 3621 1154 3677 monachis
1183 3622 1278 3689 illi,
1332 3638 1470 3694 quos
1496 3627 1781 3685 ministros
1816 3638 1882 3685 et
1908 3630 2010 3687 dis-

2116 3630 2263 3687 runt,
2292 3637 2357 3677 ac
2386 3622 2572 3687 dorso,
2603 3636 2710 3676 non
2755 3621 2929 3676 solum
2974 3628 3035 3675 ut
3070 3620 3228 3675 nobis
3256 3626 3344 3674 est
3366 3620 3697 3675 consuetuth

444 3704 758 3780 pensatores
793 3727 974 3766 rerum
1002 3712 1424 3785 domesticarum
1474 3720 1848 3787 constituerat,
1881 3723 2016 3779 faci-
2117 3713 2449 3784 castigandis
2479 3714 2681 3771 ηυάὓιο
2701 3753 2718 3778 9
2746 3714 2841 3768 ³οά
2872 3713 3094 3783 insuper
3129 3727 3357 3783 corpore
3388 3720 3499 3767 ῑοίο
3524 3713 3693 3768 mi”

444 3803 545 3858 bus
572 3802 814 3857 avaritia:
862 3803 1131 3869 succensi,
1188 3805 1345 3861 bonis
1394 3808 1779 3865 obnitebantur
1825 3814 2010 3871 studiis

2118 3821 2238 3861 rum
2254 3806 2493 3870 caedunt,
2508 3805 2838 3861 sensibiliter
2855 3805 3024 3874 virgis
3039 3804 3352 3869 verberant,
3366 3805 3698 3875 percutiunt,

442 3892 523 3947 sui
545 3894 798 3963 pastoris.
842 3892 884 3948 E
921 3894 1116 3964 quibus
1150 3912 1287 3951 unus
1316 3897 1436 3962 fuit,
1493 3901 1711 3956 nomine
1748 3902 2019 3959 Edelhar-
2117 3895 2364 3951 horribili
2387 3895 2533 3950 vocis
2556 3894 2787 3965 imagine
2804 3902 3201 3949 consonantes:
3226 3911 3250 3945 ι
3273 3891 3697 3965 Arripe[Forte,

443 3985 566 4050 dus,
592 3986 768 4055 patria
786 3985 1051 4049 Francus,
1069 3987 1230 4044 homo
1257 3987 1378 4057 plus
1398 4004 1553 4059 aequo
1570 3992 1621 4045 in
1645 3992 1809 4050 rebus
1828 3997 2010 4052 mundi

2116 3989 2361 4062 Accipe],
2387 3988 2596 4054 infelix,
2618 3988 2880 4052 avaritia,
2909 4002 3073 4057 quam
3090 3987 3360 4054 meruisti,
3380 3986 3697 4051 vindictam,

443 4076 723 4144 sollicitus,
754 4092 914 4147 quem
936 4086 1099 4150 pater
1142 4080 1405 4150 majorem
1456 4081 2021 4145 eellerariumdomus
2115 4090 2240 4153 post
2264 4082 2498 4137 triduum
2529 4079 2776 4151 graviora
2818 4087 3164 4150 recepturus,
3209 4085 3554 4147 posteaquam
3586 4091 3695 4132 no-

442 4168 820 4235 cunstituerat,
852 4169 1004 4241 cujus
1026 4169 1315 4225 historiam
1348 4170 1682 4231 infelicitatis
1712 4185 1773 4231 ut
1812 4179 2017 4236 scriba-
2116 4175 2326 4231 biscum
2366 4175 2511 4230 inter
2558 4180 2800 4229 mortuos
2826 4169 2996 4225 fueris
3022 4178 3383 4239 eomputatus.
3412 4187 3430 4220 ι
3485 4168 3698 4227 Evane-

442 4274 580 4324 inus,
612 4259 751 4314 ratio
776 4260 1023 4328 postulat
1043 4261 1333 4330 aequitatis.
2117 4264 2391 4320 seentilms
2414 4278 2543 4321 mox
2568 4263 2794 4323 umbris.
2827 4261 3091 4318 remansit
3118 4259 3456 4316 Adelhardus
3476 4259 3693 4329 jacens,

511 4347 975 4405 Clementissimus
1018 4351 1239 4421 inopum
1284 4364 1443 4423 pater
1480 4357 1699 4426 publica
1734 4361 2020 4418 mandavi;
2117 4362 2181 4408 ut
2213 4363 2478 4408 mortuus.
2506 4352 2668 4408 Circa
2693 4352 2929 4407 medium
2959 4367 3088 4407 vero
3115 4352 3311 4412 noctis,
3348 4366 3470 4405 cum
3496 4350 3702 4406 fratres

444 4437 654 4501 edicto,
686 4444 749 4491 ut
788 4432 998 4505 quoties
1042 4450 1197 4495 extra
1246 4444 1418 4498 tribus
1459 4448 1775 4503 monasterii
1808 4449 2010 4519 aliquis

2118 4452 2509 4512 eonsurgermt
2534 4443 2603 4497 ad
2631 4441 2817 4498 laudes
2843 4443 3155 4506 matutinas,
3184 4439 3505 4511 flagellatur]:
3534 4443 3701 4496 mise-

445 4533 617 4581 murte
661 4536 1018 4583 eommutaret
1063 4529 1202 4584 hanc
1249 4530 1607 4591 miserabilem
1651 4538 1816 4593 vitam
1837 4580 1853 4605 ,
1898 4539 2018 4609 dus
2042 4595 2091 4609 Ἀ
2119 4551 2239 4590 rum
2270 4540 2610 4604 repererunt,
2642 4536 2697 4590 in
2721 4534 2838 4590 loco
2859 4534 3456 4604 capitularijnccntem,
3483 4543 3704 4589 mortuo

444 4616 728 4686 praebenda
772 4617 828 4672 in
874 4619 995 4675 cibo
1033 4628 1089 4675 et
1121 4629 1248 4689 potu
1282 4622 1510 4695 integra,
1542 4636 1597 4682 et
1628 4628 1744 4685 sine
1779 4595 2017 4687 diutina;
2040 4595 2096 4655 Β
2120 4643 2283 4699 quam
2311 4595 2434 4683 Srivo
2461 4595 2797 4685 similiorem.
2829 4595 2939 4694 Qui.
2961 4595 3275 4696 deportatus
3311 4618 3377 4679 ad
3412 4595 3701 4682 infirmita-

447 4709 608 4772 Iione,
639 4724 737 4778 per
759 4710 873 4767 dies
901 4710 1116 4783 triginta
1141 4714 1423 4771 continuos
1447 4719 1757 4785 proauiam
1782 4720 2017 4779 defuncti
2120 4723 2282 4787 rium,
2317 4730 2374 4778 et
2400 4722 2469 4776 ad
2494 4736 2554 4777 se
2584 4722 2823 4786 tandem,
2851 4720 3080 4776 fratrum
3110 4734 3231 4792 cpe,
3263 4730 3542 4784 reversus,
3568 4721 3700 4789 quid

443 4804 614 4860 salute
653 4806 980 4875 pauperibus
1019 4806 1242 4864 deberet
1284 4812 1517 4881 erogari.
1563 4811 1798 4886 Contigit
1824 4824 2017 4871 fantem
2119 4813 2334 4878 viderit,
2374 4820 2430 4868 et
2471 4823 2593 4882 qua:
2620 4812 2769 4868 mala
2796 4826 3090 4881 perpessus
3136 4812 3317 4875 fuerit,
3358 4810 3701 4868 audientibus

444 4911 585 4951 anno
610 4896 821 4952 Rabani
846 4896 1057 4953 abbatis
1088 4899 1437 4975 duodecimo,
1475 4903 1567 4973 qui
1598 4904 1699 4958 fuit
1722 4906 2019 4962 Dominis»
2119 4903 2399 4969 revelavit,
2429 4913 2486 4959 et
2504 4903 2647 4972 quod
2664 4903 2755 4958 die
2775 4903 2935 4958 tertia
2962 4903 3278 4968 moriturus,
3298 4901 3454 4970 juxta
3470 4904 3699 4959 verbum

444 4985 744 5041 nativitatis
770 4987 1248 5059 octingentesimus
1267 4991 1574 5049 tricesimus
1603 4996 1894 5064 septimus,
1926 4996 2017 5050 in-
2121 4997 2495 5067 apparentium
2519 4996 2621 5051 sibi
2641 4995 3231 5066 spirituum,przedixit.
3256 4997 3325 5051 Et
3341 5012 3408 5052 ne
3427 4999 3701 5053 somnium

444 5079 679 5135 dictione
720 5078 1086 5135 Romanorum
1126 5083 1524 5151 quintadecimn
1546 5126 1560 5150 ,
1589 5087 1772 5156 plures
1810 5089 1864 5143 in
1896 5089 2019 5144 Ful—
2122 5087 2517 5152 existimerent,
2537 5094 2631 5139 aut
2652 5086 2820 5141 solius
2842 5087 3145 5156 passionem
3168 5085 3395 5140 mentis:
3423 5105 3439 5136 ι
3461 5086 3700 5149 Cernite,

444 5170 597 5226 densi
622 5170 869 5227 emnobio
901 5174 1216 5239 monachos,
1260 5186 1486 5234 vocante
1506 5177 1766 5246 Domino,
1813 5183 1881 5237 ab
1916 5182 2020 5239 hac
2122 5176 2317 5248 inquit,
2340 5176 2550 5246 plagas,
2574 5184 2635 5231 ει
2659 5177 2945 5233 νθτὶιθτυω
2957 5178 3305 5233 considerate
3328 5176 3700 5246 “West-(illia

446 5259 664 5317 miseria
702 5259 938 5317 futuram
983 5264 1372 5334 transmigrare
1414 5268 1481 5323 ad
1527 5269 1712 5324 vitam.
1758 5271 1909 5326 Unde
1937 5273 2021 5327 vir
2122 5282 2283 5324 nemo
2306 5269 2387 5324 sic
2424 5267 2728 5333 domtietts,
2756 5269 2968 5339 absque
2998 5268 3353 5339 impressione
3374 5268 3562 5338 aliqua
3590 5270 3705 5326 vio-

447 5357 685 5417 sanctus,
702 5350 1056 5409 et‘defunctis
1083 5356 1416 5425 compatiens
1432 5366 1491 5412 et
1512 5361 1838 5429 pauperibus
1860 5362 2017 5416 vivis.
2119 5360 2263 5415 lenta
2286 5358 2637 5415 extrinsecus
2667 5360 2864 5430 poterit
2898 5360 3121 5430 signari.
3158 5379 3175 5411 ι
3204 5356 3559 5415 Juteebnntur
3592 5361 3702 5415 mi-

446 5439 549 5509 ipsi
575 5441 899 5507 Adelbardo,
947 5442 1307 5514 dispensatori
1335 5445 1545 5512 domus,
1582 5448 1840 5504 seriusius
1867 5464 2019 5505 man-
2122 5448 2342 5505 serabili
2377 5448 2666 5504 severitate
2693 5449 2999 5519 perculsum
3021 5458 3283 5514 astantes,
3306 5462 3408 5505 nec
3434 5449 3713 5520 lacrymas

446 5531 615 5596 davit,
662 5547 847 5589 coram
894 5536 1144 5593 omnibus
1186 5537 1373 5595 dicens
1416 5538 1501 5592 ei:
1544 5556 1563 5588 ί
1595 5536 1769 5605 Cura,
1817 5538 2018 5608 frater,
2120 5546 2371 5609 poterant
2392 5540 2691 5606 continere,
2722 5541 3028 5613 inter-quos
3062 5551 3490 5612 sanetuspastor
3518 5542 3702 5597 Raba-

448 5636 608 5689 quam
630 5623 1057 5702 diligentissime,
1086 5626 1488 5698 utpreebendas
1512 5625 1885 5684 defunctorum
1912 5628 2022 5685 fra-
2123 5646 2225 5688 nus
2249 5633 2336 5689 ovi
2362 5634 2525 5689 nimis
2548 5634 2869 5703 periclitanti
2896 5636 3146 5706 ampliori
3172 5635 3599 5704 eompatiebatnr
3622 5637 3706 5691 af-

453 5725 595 5767 Irum
624 5728 864 5770 meorum
886 5718 1078 5787 plenas
1114 5728 1170 5774 et
1198 5718 1467 5786 integras,
1512 5718 1670 5775 sicuti
1702 5736 2019 5791 pro-eorum
2122 5722 2263 5779 fectu
2284 5723 2562 5779 charitatis
2594 5732 2651 5779 et
2683 5724 2783 5795 pia:
2806 5724 3308 5781 commiserationis.
3333 5711 3709 5796 Curavitergo

449 5802 621 5863 salute
649 5805 925 5873 constitui,
964 5807 1191 5879 singulis
1217 5809 1450 5867 ﬁdeliter
1482 5812 1812 5884 pauperibus
1836 5814 2023 5871 distri~
2123 5812 2406 5880 sollicitus,
2431 5813 2575 5884 quod
2599 5813 2832 5870 udicium
2862 5814 3175 5884 requirebat
3210 5813 3421 5870 abbatis
3439 5854 3452 5879 ,
3477 5813 3701 5887 jamque
