4012 6202
284 462 359 519 55
1380 444 1383 449 ’
1642 455 1914 515 PROLEG
1922 458 2191 517 Gustu-
3451 454 3542 520 “at

277 575 483 630 viribus
494 571 864 637 deﬁcientem,
883 577 1112 641 paterno
1131 568 1387 625 monebat
1402 566 1597 625 affectu
1621 568 1688 625 de
1712 577 1937 635 σθω-«Α
1962 571 2141 627 ctione
2164 571 2438 642 prohibuit
2465 581 2519 628 et
2540 574 2773 644 negavit.
2808 572 2865 629 In
2894 561 3052 643 hujus
3086 576 3381 646 primordio
3411 593 3542 631 con-

277 667 457 724 missis
474 664 853 736 panitentinm
875 677 1056 733 agere,
1078 669 1132 716 et
1152 660 1219 716 de
1239 660 1614 715 misericordia
1632 660 1728 716 Dei
1748 660 1863 715 nul-

279 757 485 811 latenus
514 755 829 822 desperare.
853 750 1025 818 Quem
1060 751 1226 806 etiam
1264 749 1468 805 salubri
1498 750 1864 806 admonitione

277 847 569 903 contritum
597 853 655 900 et
681 845 1036 915 poenitentem
1059 884 1073 909 ,
1122 844 1480 900 sacramentis
1520 844 1865 914 praemunivit

280 937 592 1000 Dominicis,
604 937 1040 1004 morientemque
1056 935 1315 1003 precibus
1328 935 1556 989 Domino
1576 935 1863 990 instantius

276 1026 693 1083 commendavit.
717 1025 791 1080 At
816 1024 905 1080 ille
928 1025 1027 1079 sub
1046 1039 1240 1094 magno
1258 1030 1527 1094 etaperto
1549 1024 1702 1095 signo
1721 1039 1863 1079 verae

275 1115 619 1171 eontritionis
649 1113 740 1169 die
771 1113 932 1168 tertia
954 1112 1207 1184 migravit
1235 1127 1266 1167 e
1294 1112 1424 1166 vita.
1455 1112 1573 1178 Quo
1606 1120 1822 1168 mortuo
1844 1153 1859 1179 ,

274 1205 620 1263 beatissimus
642 1205 814 1259 abbas
836 1203 1468 1273 [labantis-omnipotenti
1504 1204 1615 1258 Deo
1646 1204 1788 1260 sacri
1800 1204 1863 1259 ti-

272 1299 416 1354 cium
444 1297 644 1352 hostiae
671 1297 925 1351 salutaris
958 1311 1059 1366 pro
1093 1297 1332 1353 remedio
1358 1297 1553 1352 anima:
1590 1296 1732 1353 illius
1765 1300 1862 1354 ob-

275 1386 416 1453 tulit,
432 1385 654 1456 jejunia
680 1394 737 1440 et
758 1385 1035 1440 orationes
1064 1392 1119 1440 et
1156 1385 1259 1440 sibi
1281 1393 1336 1439 et
1362 1384 1622 1441 fratribus
1646 1387 1861 1455 indixit,

272 1479 650 1550 eleemosynas
674 1476 846 1541 auxit,
863 1485 925 1531 et
954 1477 1008 1531 in
1036 1477 1262 1532 salutem
1291 1476 1426 1546 ejus,
1453 1479 1711 1549 quidquid
1734 1481 1860 1537 boni

264 1576 507 1638 poterat,
536 1567 964 1623 misericorditer
1008 1567 1288 1637 impendit.
1333 1567 1471 1623 Cum
1512 1584 1640 1625 ecce
1671 1570 1862 1627 defun-

262 1669 412 1725 ctus,
432 1661 721 1717 tricesima
746 1661 833 1715 die
852 1668 975 1731 post
998 1668 1227 1715 mortem
1250 1675 1425 1727 suam,
1447 1663 1502 1717 in
1525 1663 1658 1718 cella
1681 1663 1858 1718 oranti

268 1750 494 1807 Rabano
526 1760 655 1823 pust
697 1751 991 1807 matutinas
1030 1752 1261 1807 visibilis
1298 1762 1353 1808 et
1391 1754 1668 1825 squalidus
1697 1770 1860 1825 appa-

264 1842 413 1907 ruit,
459 1851 518 1898 et
557 1842 688 1912 quid
726 1843 1227 1912 pateretur,.etiam
1255 1844 1441 1900 habitu
1485 1851 1859 1917 et-assumpto

1964 664 2259 721 stitutionis
2278 673 2524 721 matrona
2549 668 2795 736 quaedam
2819 664 3034 733 nobilis,
3062 667 3375 722 curiositate
3396 667 3545 722 femi-

1963 769 2063 809 nea
2081 763 2350 824 superata,
2367 756 2539 810 sancti
2557 756 2767 811 abbatis
2785 755 3153 810 inhibitionem
3171 765 3542 822 contemnens,

1963 845 2322 917 adiunctaque
2343 849 2444 903 sibi
2466 847 2813 903 familiarium
2839 849 3015 914 turba,
3030 865 3129 919 per
3146 851 3369 905 vetitam
3391 850 3542 905 urbis

1962 948 2173 1008 portam
2196 939 2379 1005 exivit,
2395 949 2450 995 et
2468 941 2755 995 ecclesiam
2777 942 3090 997 monasterii
3115 951 3542 1014 pnesumptuosa

1952 1031 2267 1111 temeritate
2312 1032 2550 1087 intravit.
2584 1032 2713 1099 Quae
2742 1048 2888 1100 mox,
2935 1049 2965 1089 a
3011 1035 3252 1089 daemone
3282 1044 3497 1105 arrepta
3522 1075 3538 1101 ,

1952 1121 2251 1178 horribiles
2286 1124 2451 1193 coepit
2493 1125 2740 1180 emittere
2769 1141 2957 1192 voces,
2998 1135 3345 1196 astantesque
3378 1128 3545 1183 nimio

1959 1225 2162 1281 pavore
2190 1215 2504 1283 perterruit.
2524 1213 2693 1282 Quam
2720 1216 2898 1287 ligatis
2928 1218 3174 1271 manibus
3197 1217 3279 1272 sui
3304 1224 3547 1286 reporta-

1954 1309 2089 1354 runt
2112 1302 2165 1355 in
2194 1302 2470 1372 oppidum,
2510 1315 2564 1358 et
2593 1303 2821 1360 salutem
2855 1304 2974 1374 ejus
3003 1321 3125 1359 cum
3154 1305 3407 1376 lacrymis
3432 1304 3541 1360 Ra-

1958 1390 2085 1444 bani
2118 1399 2172 1445 et
2198 1393 2587 1446 monachorum
2609 1392 2860 1463 precibus
2884 1394 3289 1448 commiserunt.
3318 1380 3541 1467 Verum,

1959 1480 2191 1536 Domino
2214 1482 2582 1552 permittente,
2614 1491 2720 1537 tam
2751 1483 3043 1538 crudeliter
3064 1483 3116 1538 in
3145 1498 3263 1537 eam
3290 1466 3545 1537 saeviebat.

1958 1572 2281 1627 dzemonium
2301 1614 2315 1639 ,
2345 1573 2488 1643 quod
2516 1573 2656 1626 intra
2679 1588 2883 1642 paucos
2920 1572 3034 1626 dies
3072 1573 3207 1626 mori
3252 1570 3353 1625 fuit
3396 1587 3543 1626 com-

1959 1660 2134 1732 pulsa,
2166 1661 2430 1716 daemonio
2459 1663 2512 1716 in
2545 1678 2610 1717 ea
2638 1662 2754 1718 sine
2794 1663 3193 1717 intermissione
3232 1661 3500 1716 clamante
3526 1679 3543 1741 ξ

1962 1774 1983 1807 ‹
2020 1754 2125 1811 Pro
2149 1771 2238 1811 me
2264 1756 2387 1811 data
2408 1764 2493 1811 est
2511 1757 2781 1811 sententia
2802 1756 2900 1811 Dei
2947 1756 3201 1826 quoniam
3226 1770 3403 1821 nemo,
3430 1753 3545 1810 sola

1958 1856 2132 1902 morte
2155 1855 2402 1917 excepta,
2428 1862 2518 1903 me
2549 1847 2616 1902 ab
2653 1846 2757 1903 hoc
2794 1847 3013 1902 vasculo
3042 1845 3238 1916 ejiciet.
3278 1865 3297 1901 ι
3332 1844 3542 1901 Similia

270 1935 555 1990 schemate
572 1933 975 2003 quodammodo
999 1934 1409 1990 demonstravit.
1431 1936 1515 1990 Ἀρι
1539 1951 1698 2005 quem
1726 1937 1860 1992 nihil
1887 1931 1936 1992 B
1962 1940 2233 1996 nonnullis
2257 1950 2470 1996 constat
2499 1949 2685 2012 postea
2722 1943 3011 2013 contigisse
3042 1941 3378 2005 mulieribus,
3410 1956 3549 2011 quas

268 2026 500 2080 territus
516 2027 600 2079 vir
624 2025 839 2080 Domini
878 2027 991 2081 ait:
1030 2045 1049 2079 ι
1091 2025 1370 2094 Quomodo
1414 2036 1528 2093 est,
1571 2029 1770 2095 frater,
1804 2037 1869 2087 et

267 2119 404 2189 quid
431 2119 575 2175 circa
606 2127 659 2174 te
681 2134 827 2175 nunc
858 2120 1071 2191 agitur,
1116 2121 1209 2190 qui
1253 2129 1362 2175 tam
1408 2121 1686 2192 squalidus
1722 2123 1855 2177 mihi

266 2210 547 2281 appares?
581 2210 681 2265 Dic
715 2210 845 2265 mihi
864 2251 884 2277 ,
912 2226 1010 2282 per
1034 2210 1319 2267 Dominum
1345 2224 1570 2282 precor,
1600 2211 1729 2281 quid
1759 2210 1855 2266 tibi

265 2303 592 2374 profuerunt
634 2303 907 2359 orationes
950 2311 1169 2370 nostrae,
1212 2304 1594 2375 castigationes
1626 2312 1684 2358 et
1716 2302 1857 2373 jeju-

267 2393 396 2447 nis?
434 2411 456 2446 ι
493 2392 595 2448 Cui
643 2393 922 2464 respondit
958 2393 1219 2464 spiritus:
1270 2411 1289 2445 ι
1337 2393 1623 2451 Orationes
1662 2400 1857 2448 vestra:

267 2482 631 2553 omnipotenti
656 2482 769 2538 Deo
792 2490 959 2553 graue
983 2490 1040 2539 et
1063 2492 1298 2554 acceptae
1333 2484 1581 2550 fuerunt,
1612 2483 1857 2553 mihique

269 2588 375 2629 non
406 2574 458 2627 in
488 2587 720 2644 parvum
752 2573 1062 2628 reievamcn
1095 2572 1347 2643 profuere
1389 2586 1673 2643 poenarum
1695 2608 1711 2637 ,
1760 2570 1855 2626 sed

266 2663 481 2737 plenam
507 2663 759 2718 obtinere
782 2662 995 2718 veniam
1016 2677 1246 2733 nequeo,
1271 2662 1442 2718 donec
1456 2662 1662 2718 fratres
1682 2661 1856 2717 nostri

267 2754 610 2813 ascenderint
639 2754 692 2810 in
728 2753 925 2808 caelum
946 2754 1180 2824 purgati,
1204 2766 1342 2824 quos
1363 2766 1464 2825 ego
1492 2754 1546 2809 in
1570 2767 1738 2809 carne
1766 2766 1859 2822 po-

266 2853 429 2916 situs,
456 2866 580 2906 mea
609 2848 903 2905 tenacitate
925 2861 992 2902 ac
1022 2847 1346 2918 negligentia
1371 2847 1429 2902 in
1453 2846 1630 2917 poenis
1648 2860 1856 2917 purga-

268 2942 424 2997 toriis
475 2940 771 2996 retardavi.
818 2938 953 2993 Nam
994 2945 1059 2992 et
1099 2937 1387 3008 prtebenda
1432 2937 1568 2991 mihi
1613 2936 1855 3001 alioquin

268 3033 447 3088 debita
473 3032 611 3102 ipsis
648 3031 703 3085 in
730 3030 1027 3085 subsidium
1058 3029 1335 3100 provenit,
1367 3026 1527 3083 sicuti
1555 3026 1744 3082 divina
1768 3025 1855 3096 ju-

266 3125 410 3180 stitia
439 3123 737 3179 ordinavit.
762 3120 873 3177 Sed
903 3136 1001 3177 oro
1031 3131 1104 3185 te,
1132 3128 1307 3191 pater,
1347 3119 1690 3191 duplicentur
1716 3134 1856 3190 prse-

264 3216 456 3272 bendae
483 3228 804 3286 pauperum,
842 3221 900 3268 et
939 3213 1152 3270 conﬁdo
1188 3213 1333 3283 quod
1369 3213 1472 3267 ~Dei
1507 3213 1853 3270 miseratione

1960 2033 2060 2088 sub
2085 2033 2250 2087 simili
2269 2033 2694 2103 prazsumptione
2720 2033 3044 2087 daemonium
3068 2033 3285 2087 invasit.
3308 2030 3368 2086 1n
3392 2031 3557 2087 festis.

1962 2132 2139 2179 tamen
2167 2125 2338 2180 sancti
2364 2115 2626 2179 Bonifacii
2651 2124 2908 2194 martyris
2927 2132 2983 2179 et
3001 2123 3357 2178 dedicationis
3378 2122 3542 2178 hodie

1960 2215 2278 2271 mulieribus
2300 2216 2369 2270 ad
2395 2214 2682 2270 ecclesiam
2708 2214 3024 2270 monasterii
3054 2222 3262 2268 tantum
3287 2227 3539 2268 accessus

1959 2302 2311 2378 permittitur,
2338 2305 2479 2375 quod
2499 2303 2644 2360 beati
2666 2303 2895 2371 Rabani,
2912 2311 2969 2360 et
2989 2302 3176 2359 multis
3195 2311 3383 2374 postea
3406 2310 3540 2356 tem-

1957 2396 2180 2469 poribus
2208 2396 2424 2467 penitus
2443 2396 2776 2468 negabatur.

2031 2487 2126 2543 His
2157 2495 2211 2542 et
2242 2487 2360 2542 aliis
2390 2486 2577 2542 multis
2609 2501 2707 2558 per
2727 2486 2904 2541 virum
2922 2484 3019 2541 Dei
3054 2483 3395 2539 laudabiliter
3417 2497 3543 2539 con-

1960 2577 2184 2643 stitutis,
2209 2584 2266 2632 et
2287 2577 2608 2632 mirabiliter
2633 2576 2879 2646 patratis,
2910 2591 3069 2630 nemo
3103 2576 3169 2629 de
3204 2572 3319 2643 ejus
3340 2575 3545 2652 sancti-

1961 2675 2071 2723 tate
2098 2674 2311 2737 poterat
2345 2666 2615 2733 dubitare,
2646 2666 2801 2735 cujus
2820 2665 2971 2720 uutui
3000 2679 3188 2720 omnes
3217 2672 3331 2717 tant
3355 2678 3541 2737 prom-

1958 2770 2106 2831 ptam
2163 2759 2459 2815 cernebant
2503 2758 2738 2815 divinam
2785 2760 2975 2815 adesse
3021 2757 3335 2828 potentiam.
3369 2756 3540 2813 ‘Unde

1958 2868 2157 2908 nomen
2191 2852 2307 2923 ejus
2331 2854 2383 2908 in
2410 2860 2521 2908 toto
2540 2869 2712 2925 regno
2738 2850 3070 2907 Francorum
3088 2850 3295 2906 factum
3326 2856 3409 2905 est
3429 2865 3542 2904 ma-

1959 2958 2061 3016 gna
2092 2943 2405 3000 celebritate
2431 2944 2744 3017 gloriosum,
2769 2950 2825 2999 et
2848 2942 3004 2998 multi
3031 2943 3098 2997 de
3124 2941 3349 2997 remotis
3380 2949 3545 3017 terrae

1958 3037 2253 3109 provinciis
2279 3037 2397 3107 ejus
2430 3035 2573 3090 fama
2608 3034 2929 3091 eruditionis
2968 3042 3022 3089 et
3063 3032 3363 3090 sanctitatis
3388 3033 3538 3089 exci-

1961 3129 2078 3195 tati,
2110 3127 2177 3183 ad
2202 3127 2491 3182 videndum
2521 3126 2670 3182 illum
2710 3135 2765 3182 et
2793 3126 3118 3183 audiendum
3147 3118 3541 3195 quotidic'con-

1960 3218 2197 3275 ﬂuebant
2214 3260 2229 3287 ,
2256 3233 2359 3288 qui
2388 3219 2796 3273 conversatione
2827 3233 2891 3272 ac
2912 3218 3154 3273 moribus
3181 3217 3298 3287 ejus
3324 3229 3542 3286 perspe-

266 3308 427 3363 citius
462 3306 754 3361 liberabor.
785 3324 804 3357 ι
835 3305 1093 3361 Promisit
1121 3305 1207 3361 vir
1237 3314 1477 3367 sanctus,
1510 3305 1653 3375 quod
1671 3312 1858 3374 postu-
1885 3315 1929 3379 C
1961 3307 2083 3373 etis,
2116 3308 2183 3363 ad
2211 3308 2437 3363 meliora
2473 3306 2840 3378 profecerunt.
2880 3306 3060 3361 Multis
3082 3306 3142 3360 in
3170 3304 3385 3361 abbatia
3415 3304 3544 3358 Ful-

267 3395 401 3452 lavit
422 3390 731 3452 defunctus.
753 3395 1057 3466 Duplieavit
1078 3397 1263 3468 egenis
1288 3395 1627 3467 praebendos,
1653 3405 1708 3449 et
1731 3411 1856 3452 ora-

269 3488 441 3565 tiones
464 3487 825 3542 continuavit.
854 3485 1010 3542 Unde
1028 3494 1150 3557 post
1179 3486 1311 3542 alios
1348 3485 1568 3557 triginta
1606 3485 1726 3541 dies
1755 3486 1857 3541 ite-

272 3596 384 3635 rum
410 3581 566 3636 claro
598 3580 875 3636 schemate
902 3577 1187 3635 defunctus
1210 3580 1460 3651 apparuit
1479 3580 1602 3635 vivo
1626 3578 1852 3649 pastori,

271 3687 325 3728 se
353 3672 469 3742 jam
504 3680 647 3727 tunc
683 3671 967 3727 liberatum
994 3671 1201 3738 retulit,
1237 3672 1469 3727 Domino
1502 3671 1618 3727 'Deo
1656 3677 1712 3726 et
1742 3669 1855 3725 Ra-

272 3764 408 3820 bano
428 3764 646 3835 gratias
665 3763 796 3833 egit.
813 3762 992 3817 'Ex-eo
1021 3771 1264 3832 tempore
1278 3758 1855 3817 Fuldensesmonaebi

274 3871 469 3925 pavore
494 3861 615 3908 tam
646 3852 978 3908 miserabilis
995 3852 1250 3907 historia:
1276 3851 1511 3922 perculsi
1528 3893 1543 3919 ,
1581 3860 1637 3907 et
1668 3865 1855 3907 curam

275 3944 640 4002 satisfaciendi
660 3959 764 4014 pro
788 3943 1016 3999 mortuis
1035 3944 1210 3998 tribus
1230 3943 1526 3998 adhibuere
1546 3942 1851 4006 sollicitam,

273 4048 323 4095 ct
344 4039 563 4095 abbatis
588 4038 1008 4109 suipreeeptu,
1044 4035 1165 4091 sine
1208 4033 1671 4099 contradictione,
1706 4032 1854 4087 uersi

571 4134 959 4193 emanassent,
1011 4125 1291 4182 custodire
1334 4125 1675 4195 satagebant.
1718 4122 1855 4179 Nam

274 4234 392 4277 etim
434 4221 599 4290 hujus
630 4220 767 4276 iacti
809 4220 952 4291 apud
997 4234 1092 4276 eos
1118 4217 1380 4274 memoria
1400 4256 1417 4282 ,
1442 4217 1537 4286 qui
1554 4224 1692 4271 tunc
1716 4215 1859 4271 inter

279 4312 531 4368 mortales
559 4312 834 4377 vivebam,
859 4312 1074 4382 penitus
1102 4317 1246 4367 esset
1273 4307 1607 4375 indelebilis,
1648 4316 1859 4365 mentes

278 4407 515 4461 euntium
559 4413 714 4459 tanto
748 4404 1085 4473 perculscrat
1122 4392 1268 4458 metu
1295 4400 1533 4472 pavoris,
1572 4400 1717 4472 quod
1749 4414 1857 4457 non

280 4496 449 4552 solum
479 4496 691 4551 debitas
713 4496 821 4551 vita
842 4494 1110 4555 defunctis
1132 4495 1391 4551 fratribus
1412 4492 1734 4565 praebendas
1753 4493 1861 4549 dis-

282 4586 587 4641 tribuebant
633 4587 900 4658 integras,
945 4594 1002 4642 et
1040 4586 1230 4656 plenas
1279 4586 1333 4641 in
1379 4601 1511 4641 usus
1534 4599 1859 4657 pauperum,

1957 3396 2110 3452 densi
2138 3396 2427 3452 virtutibus
2452 3398 2760 3453 coruscavit
2785 3404 2841 3452 et
2862 3396 3052 3467 signis,
3076 3410 3303 3467 quorum
3333 3410 3363 3448 a
3388 3393 3543 3449 nobis

1957 3488 2302 3555 memoriam,
2330 3488 2497 3543 nimia
2527 3486 2877 3557 intercapedo
2906 3484 3162 3557 temporis
3182 3483 3542 3547 abscondens,

1958 3578 2230 3636 oblivione
2262 3589 2523 3652 perpetua
2552 3577 2821 3649 sepelivit.
2852 3578 2930 3632 Ita
2967 3573 3289 3630 mortalibus
3329 3587 3544 3642 semper

1956 3671 2229 3730 vilescunt
2247 3670 2553 3743 praesentia,
2579 3678 2640 3724 ut
2658 3667 3056 3738 quantumlibet
3076 3664 3410 3722 excellenter
3430 3663 3543 3718 suis

1956 3765 2293 3836 temporibus
2320 3763 2465 3820 dicta
2488 3779 2589 3819 seu
2622 3761 2765 3817 facta
2797 3759 3089 3830 insignium
3119 3757 3390 3821 virorum,
3434 3770 3542 3810 non

1958 3856 2133 3913 solum
2156 3855 2537 3912 commendare
2560 3854 2754 3910 litteris
2774 3853 3096 3923 despiciant,
3124 3846 3217 3908 sed
3239 3850 3403 3905 etiam
3425 3848 3545 3903 lau-

1958 3949 2080 4006 dem
2123 3946 2382 4004 adhibere
2421 3946 2634 4002 meritis
2666 3962 2863 4003 eorum
2906 3944 3124 4016 dignam
3171 3948 3540 3997 contemnant.

1957 4037 2215 4096 Veterum
2238 4038 2528 4110 magniﬁce
2554 4047 2707 4112 gesta
2725 4048 2778 4095 et
2798 4038 2984 4108 legunt
3012 4037 3190 4100 avide,
3216 4042 3273 4090 et
3292 4032 3544 4088 laudibus

1958 4128 2254 4196 celebrant,
2283 4129 2380 4186 sed
2409 4138 2892 4201 contemporaneos
2931 4127 3036 4182 sibi
3065 4126 3245 4192 viros,
3290 4125 3457 4181 etiam
3495 4126 3541 4180 si

1956 4219 2231 4276 veterﬁus
2251 4219 2363 4275 sint
2390 4218 2660 4285 meliores,
2692 4217 2846 4282 quasi
2875 4224 3052 4281 notos,
3074 4227 3130 4270 ct
3149 4216 3218 4270 ob
3242 4214 3294 4269 id
3316 4214 3547 4269 minoris

1957 4311 2150 4383 pretii,
2181 4311 2484 4381 spernendo
2516 4308 2731 4365 meritis
2775 4307 3006 4379 privam.
3058 4306 3191 4362 'l‘am
3233 4313 3317 4362 est
3359 4306 3545 4377 iniqua

1958 4400 2270 4459 mortalium
2295 4400 2363 4456 de
2390 4400 2552 4455 rebus
2578 4397 2865 4454 aaStimatio
2884 4411 3135 4468 semper,
3175 4404 3236 4451 ut
3267 4396 3544 4467 incognita

1959 4497 2210 4562 miretur,
2259 4502 2314 4550 et
2356 4493 2608 4550 laudibus
2653 4482 2927 4557 celebret;
2965 4499 3092 4548 nota
3130 4506 3288 4557 vero,
3337 4499 3393 4546 et
3440 4490 3553 4545 sibi

1954 4587 2272 4657 praesentia,
2298 4594 2553 4657 tanquam
2578 4582 2807 4639 nihilum
2832 4581 3159 4653 vilipendat:
3183 4581 3549 4655 .ﬁdetnmeio-
3592 4596 3598 4604 '

281 4677 371 4732 sed
401 4692 542 4733 unus
571 4677 736 4732 etiam
765 4678 993 4747 quisque
1020 4677 1086 4732 de
1113 4693 1218 4732 sua
1243 4676 1492 4747 portione
1517 4677 1695 4732 victus
1722 4688 1860 4745 quo-
1883 4677 1938 4737 D
1964 4695 2079 4736 rem
2098 4676 2579 4748 'inccrtis'scriptis
2602 4684 2871 4745 praesens
2890 4674 3124 4741 alienis,
3159 4688 3323 4743 quam
3348 4674 3547 4730 (scien-

283 4771 407 4825 tidic
427 4771 758 4827 subtrahens
781 4770 984 4841 aliquid
1004 4770 1108 4826 sibi
1131 4768 1310 4826 libens
1326 4769 1382 4824 in
1405 4769 1705 4826 subsidium
1726 4783 1859 4823 con-

283 4863 399 4917 tulit
419 4878 738 4934 egenorum.

342 4957 499 5013 Fecit
529 4966 585 5013 et
616 4956 963 5012 aliam‘valde
1006 4958 1369 5012 necessariam
1414 4954 1859 5012 constitutionem

287 5048 469 5103 beatus
493 5048 663 5102 abbas
686 5047 960 5112 Rabanus,
983 5062 1125 5118 quae,
1146 5056 1207 5103 ut
1228 5046 1420 5114 fertur,
1443 5061 1614 5116 usque
1640 5046 1696 5102 in
1714 5062 1867 5117 prte-

287 5149 485 5196 sentem
514 5141 760 5195 diem‘in
791 5142 1123 5199 monasterio
1166 5148 1434 5198 servatur.
1480 5139 1673 5195 Sciens
1713 5138 1861 5193 enim

287 5244 439 5299 quam
486 5231 559 5285 sit
603 5232 883 5286 monachis
930 5232 1184 5303 frequens
1219 5237 1539 5301 conspectus
1573 5227 1863 5284 mulierum

288 5321 758 5390 periculosus,illis
777 5324 1011 5380 maxime
1033 5324 1128 5395 qui
1147 5321 1394 5392 iuniores
1414 5328 1573 5377 aetate
1591 5320 1647 5375 in
1671 5320 1866 5376 timore

291 5410 497 5469 Domini
523 5415 704 5473 adhuc
730 5417 912 5472 minus
936 5416 1262 5472 exercitatos
1297 5416 1501 5471 habent
1526 5406 1749 5479 sensus,
1798 5414 1865 5469 de

289 5503 510 5558 consilio
535 5504 820 5560 duodecim
849 5505 1123 5561 seniorum
1151 5504 1361 5560 cunctis
1386 5510 1645 5575 perpetuo
1669 5499 1867 5556 mulie-

294 5593 436 5652 ribus
455 5596 524 5651 ad
548 5598 939 5654 monasterium
959 5598 1239 5655 interdixit
1257 5611 1555 5654 accessum.
1589 5593 1719 5662 Quae
1741 5610 1864 5651 san-

293 5692 373 5740 cta
392 5689 710 5744 constitutio
732 5696 799 5745 ut
823 5688 988 5744 robur
1007 5690 1280 5745 obtineret
1304 5697 1649 5759 perpetuum,
1688 5694 1867 5741 trans-

298 5776 420 5829 itum
452 5775 689 5833 terniteo
726 5778 877 5833 sexui
905 5790 1004 5848 per
1028 5778 1412 5848 raquilonarem
1444 5776 1594 5831 urbis
1616 5783 1830 5845 portam
1850 5818 1863 5842 ,

295 5876 438 5924 extra
477 5885 641 5934 quam
668 5873 833 5927 silum
870 5880 951 5930 est
988 5870 1404 5936 monasterium,
1450 5875 1707 5937 perpetua
1746 5883 1871 5923 san-

1964 4772 2094 4826 tiam
2123 4768 2207 4824 vel
2230 4768 2645 4824 :estimationem
2675 4765 2846 4821 oculis
2870 4766 3126 4836 propriis.
3160 4763 3295 4821 Hinc
3321 4764 3381 4819 iit
3407 4763 3551 4834 inju-

1963 4860 2045 4915 ria
2071 4859 2277 4924 multis,
2299 4858 2392 4928 qui
2413 4872 2605 4928 magna
2636 4855 2882 4914 fecerunt
2904 4855 2961 4910 in
2985 4856 3089 4911 hoc
3112 4854 3312 4911 mundo
3342 4864 3547 4925 tempo-

1962 4954 2113 5009 ribus
2130 4953 2264 5018 suis,
2290 4959 2345 5005 et
2369 4951 2691 5020 scriptorum
2714 4947 2799 5003 vel
2818 4947 3068 5018 penuria,
3092 4948 3179 5003 vel
3199 4948 3546 5018 negligentia,

1963 5045 2191 5109 nullam,
2228 5050 2321 5097 aut
2350 5055 2595 5112 parvam,
2631 5041 2770 5109 apud
2798 5039 3169 5109 posteritatem
3188 5080 3202 5104 ,
3226 5037 3553 5093 memoriam

1965 5144 2093 5193 sunt
2116 5132 2411 5190 consecuti.
2450 5129 2548 5187 Sic
2582 5129 2877 5194 Rabanus,
2926 5129 3303 5184 sanctissimus
3345 5125 3551 5191 abbas,

1968 5238 2190 5295 magnas
2219 5220 2350 5276 fecit
2380 5221 2434 5275 in
2460 5218 2651 5274 diebus
2673 5217 2786 5273 suis
2817 5217 3069 5281 virtutes,
3091 5231 3192 5271 nec
3206 5224 3390 5268 tamen
3418 5228 3553 5268 con-

1966 5319 2184 5390 dignam
2231 5315 2449 5370 meritis
2482 5329 2513 5368 a
2561 5310 2916 5382 scriptoribus
2960 5309 3166 5377 accepit
3207 5304 3551 5360 memoriam.

1966 5407 2154 5463 Refert
2180 5405 2325 5461 enim
2352 5403 2691 5475 supradictus
2725 5408 2935 5464 auctor,
2966 5395 3333 5469 Meginfridus,
3361 5395 3416 5449 in
3448 5411 3548 5452 vo-

1964 5498 2169 5554 lumine
2194 5497 2261 5552 de
2285 5494 2642 5566 Temporibus
2671 5493 2875 5563 gratiae,
2902 5490 3183 5543 Rabanum
3208 5488 3384 5552 hunc,
3410 5487 3544 5542 bea-

1968 5588 2238 5644 tissimum
2275 5586 2546 5651 abbatem,
2573 5584 2686 5639 suis
2719 5582 2786 5638 ad
2812 5582 2981 5636 Deum
3019 5577 3352 5634 orationibus
3377 5594 3553 5637 czecos

1971 5681 2308 5739 illuminasse
2361 5680 2514 5744 duos,
2545 5675 2765 5732 claudos
2799 5671 3075 5743 gressibus
3103 5668 3368 5727 formsse
3417 5685 3552 5742 qua-

1976 5783 2133 5839 tuor,
2162 5773 2228 5828 de
2271 5770 2522 5827 humanis
2561 5767 2724 5823 etiam
2753 5763 3290 5835 corporibnsplures
3329 5762 3560 5832 eiecisse

1977 5867 2273 5933 darmones,
2300 5872 2353 5922 et
2374 5862 2556 5920 muttis
2580 5858 2698 5916 aliis
2716 5857 2981 5916 claruisse
3000 5855 3294 5914 miraculis.
3320 5853 3426 5911 Sed
3444 5869 3565 5924 quo
