4012 6194
449 403 518 459 95
1582 400 1673 456 AD
1710 399 1942 477 ORERA
1980 399 2017 457 ι]

2126 396 2340 453 suam
2375 394 2597 455 nsum
2679 376 2689 385 ’
3648 403 3727 461 se

444 515 562 570 hec
591 512 732 569 facta
760 513 869 570 sint
898 513 1105 578 ordine,
1129 529 1237 570 non
1262 513 1395 570 satis
1419 514 1720 569 luculenter
1742 511 2025 583 expressit,
2058 524 2106 583 Α
2132 512 2228 578 tia,
2260 484 2513 581 precibus
2540 526 2783 568 annuens
2814 511 3167 583 supplicantis
3186 540 3217 573 ,η
3239 498 3562 572 Lutbertum
3593 515 3723 573 llir-

441 616 728 676 propterea
765 617 942 661 tamen
968 608 1034 662 de
1062 608 1347 662 sanctitate
1374 606 1515 665 illius
1539 605 1891 661 dubitandum
1920 619 2028 659 non

443 702 548 758 est,
575 695 719 763 quod
745 696 909 749 vitam
935 694 1052 764 ejus
1076 712 1183 751 non
1208 697 1513 751 invenimus
1534 712 1600 750 ex
1625 696 1816 751 ordine
1836 694 1905 753 ab
1932 709 2029 747 an-

442 782 611 853 tiquis
651 786 1040 854 compositam,
1088 803 1213 843 cum
1256 788 1451 843 similia
1494 788 1676 843 multis
1714 797 2027 844 sanctorum

441 873 761 928 acciderint.

513 963 714 1020 Verum
745 965 789 1020 si
823 967 945 1036 quis
973 968 1039 1024 de
1065 969 1227 1038 hujus
1252 968 1353 1023 viri
1381 969 1737 1025 sanctimonia
1781 969 2024 1039 dubitat,

439 1054 630 1123 libros,
669 1073 805 1126 quos
851 1075 1046 1130 magno
1085 1060 1271 1116 labore
1307 1062 1580 1130 quondam
1606 1061 1807 1126 edidit,
1853 1068 2028 1116 atten-

439 1146 550 1203 tius
578 1150 837 1206 revolvat.
859 1149 1074 1222 Optima
1096 1153 1334 1222 scripsit,
1351 1154 1605 1224 quoniam
1627 1152 1812 1208 divino
1833 1155 2027 1225 spiritu

440 1238 768 1307 illustratus,
828 1258 997 1312 pure,
1057 1253 1243 1299 sancte
1288 1254 1343 1299 et
1385 1245 1930 1312 inreprehensibiliter
1970 1247 2028 1301 in

438 1328 619 1385 medio
645 1346 825 1400 prava:
849 1334 1081 1388 nationis
1110 1334 1262 1388 vixit.
1304 1334 1414 1390 Nec
1441 1335 1597 1389 aliter
1618 1336 1800 1391 vivere
1822 1339 2024 1409 potuit,

438 1420 531 1490 qui
581 1430 688 1476 tam
732 1433 919 1479 sancta
949 1425 1127 1481 docuit
1162 1436 1218 1480 et
1259 1426 1499 1497 scripsit.
1537 1426 1673 1481 Nam
1715 1444 1838 1484 cum
1881 1440 2027 1487 esset

440 1512 642 1569 ardens
663 1515 716 1569 in
751 1516 932 1571 divino
961 1532 1167 1582 amore,
1199 1517 1402 1573 nullum
1431 1518 1549 1573 sine
1574 1520 1841 1590 spirituali
1870 1536 2027 1577 exer-

438 1603 569 1660 citio
599 1614 808 1677 tempus
831 1609 1111 1677 praeteriit,
1132 1610 1329 1679 quippe
1360 1611 1452 1680 qui
1485 1627 1545 1667 se
1582 1620 1755 1667 totum
1784 1613 1878 1668 Dei
1904 1629 2023 1669 ser-

435 1694 568 1750 vitio
597 1699 946 1769 mancipavit.
979 1699 1133 1770 Legit
1162 1701 1336 1769 utilia,
1367 1703 1586 1773 scripsit
1610 1713 1817 1770 sancta,
1841 1705 2026 1761 docuit

434 1791 603 1848 recta,
628 1787 956 1854 operabatur
978 1784 1240 1853 coelestia,
1271 1799 1326 1845 et
1346 1792 1463 1847 sine
1486 1793 1887 1849 intermissione
1910 1811 2022 1851 me-

2131 602 2332 671 saugim
2359 602 2593 670 primum
2628 602 2878 659 abbatem
2904 604 3204 670 constituit,
3237 606 3327 661 cui
3356 607 3423 662 de
3442 608 3580 673 suis,
3609 626 3727 666 mo-

2131 691 2336 747 nachos
2372 692 2426 747 in
2451 693 2599 748 omni
2631 693 2889 764 religione
2915 693 3180 764 perfectos
3216 698 3535 762 monastiea,
3564 701 3727 769 quin-

2130 783 2309 838 decim
2349 798 2577 839 numero
2619 783 2919 853 conjunxit.
2962 785 3046 838 Ad
3074 786 3460 841 monasterium
3503 802 3725 858 quoque

2129 869 2292 927 Nova:
2316 871 2781 944 Corbeiaeb,quod
2801 875 2855 927 in
2881 872 3148 928 Saxonica
3171 877 3409 945 regione,
3431 892 3553 946 quae
3574 895 3722 934 nunc

2130 964 2445 1034 Westgallia
2475 977 2497 1004 α
2530 975 2890 1037 nuncupatur,
2922 965 3135 1022 fundari
3161 968 3348 1037 cepit,
3372 984 3515 1024 anno
3538 962 3725 1026 Domi-

2130 1059 2269 1114 nicte
2307 1059 2608 1116 nativitatis
2648 1061 3098 1132 octingentesimo
3134 1060 3632 1117 vicesimosecundo
3663 1066 3689 1103 ιι

2127 1151 2427 1207 indictione
2470 1151 2841 1209 Romanorum
2889 1152 3076 1220 quinta
3123 1151 3370 1217 decima,
3421 1154 3719 1209 monachus

2127 1254 2315 1312 postea
2339 1250 2743 1300 consummatos
2772 1242 3085 1309 destinavit,
3116 1243 3265 1298 viros
3290 1243 3532 1299 eruditos
3551 1253 3719 1314 atque

2126 1335 2522 1398 sanctissimos,
2558 1334 2704 1389 inter
2750 1348 2885 1403 quos
2939 1340 3161 1388 sanctus
3199 1333 3483 1398 Altfridus,
3526 1345 3715 1405 postea

2128 1434 2354 1498 quartus
2377 1426 2430 1481 in
2457 1424 2805 1482 Hildelsheim
2843 1425 3116 1495 pontifex,
3158 1440 3299 1481 unus
3327 1426 3574 1481 exstitit:
3612 1440 3712 1497 per

2127 1534 2288 1588 quem
2310 1517 2453 1574 Deus
2484 1518 2652 1573 multa
2686 1517 2839 1588 signa
2883 1526 2935 1572 et
2978 1515 3235 1572 miracula
3262 1515 3511 1573 ﬁdelibus
3531 1527 3712 1573 osten-

2126 1610 2225 1665 dit.
2251 1609 2335 1664 Ad
2370 1609 2474 1664 alia
2499 1624 2714 1680 quoque
2745 1611 2902 1679 plura
2937 1609 3213 1673 emnobia,
3252 1623 3318 1663 eo
3347 1619 3588 1679 tempore
3615 1626 3715 1665 no-

2123 1701 2264 1756 viter
2286 1708 2617 1768 constructa,
2649 1701 2841 1756 beatus
2866 1700 3025 1754 Pater
3050 1698 3274 1754 abbates
3313 1700 3459 1754 misit
3494 1708 3550 1754 et
3588 1715 3709 1756 mo-

2124 1789 2348 1854 nachos,
2364 1804 2594 1859 quorum
2616 1789 2831 1849 nomina
2852 1786 3135 1842 brevitatis
3153 1802 3339 1843 amore
3357 1787 3572 1842 silentio
3591 1801 3712 1857 per-

434 1875 712 1931 ditabatur
746 1879 948 1935 divina.
996 1879 1123 1937 Hatc
1164 1883 1313 1937 illum
1357 1894 1547 1940 saneta
1573 1888 1934 1953 conversatio,
1964 1900 2017 1943 et

2126 1880 2492 1947 transivimus,
2518 1889 2581 1936 ut
2605 1891 2736 1951 pote
2758 1882 2850 1953 qui
2877 1882 2945 1937 ad
2980 1879 3140 1936 finem
3182 1880 3422 1936 historice
3466 1881 3707 1936 rationa-

434 1968 588 2024 nobis
616 1972 808 2027 merito
834 1975 1198 2031 venerabilem
1222 1976 1350 2032 fecit
1377 1979 1431 2032 in
1456 1979 1643 2050 terris,
1668 1989 1725 2035 et
1749 1997 1870 2036 cum
1895 1997 2018 2038 san-

433 2059 538 2114 etis
568 2060 663 2116 Dei
691 2063 940 2120 omnibus
984 2065 1276 2136 gloriosum
1320 2069 1551 2125 reddidit
1593 2071 1647 2125 in
1694 2073 1866 2128 cmlis.
1909 2074 2019 2129 Deo

427 2145 643 2217 juvenis
671 2151 725 2205 in
755 2158 1082 2211 monasterio
1117 2156 1283 2228 ccepit
1315 2159 1530 2226 vivere,
1571 2177 1636 2217 ac
1676 2163 1812 2219 bene
1842 2175 2017 2235 empta

433 2238 664 2297 fideliter
692 2259 861 2315 usque
880 2248 948 2301 ad
968 2256 1196 2324 mortem
1220 2252 1577 2308 continuavit.
1602 2254 1895 2312 Monachus
1917 2257 2020 2313 fuit

429 2328 712 2400 innocens,
743 2338 910 2394 abbas
947 2340 1002 2394 in
1027 2341 1139 2397 Deo
1163 2356 1377 2413 semper
1398 2345 1684 2414 proficiens
1701 2389 1716 2413 ,
1747 2350 2017 2421 archiepi-

429 2434 630 2493 scopus
655 2424 797 2481 inter
821 2429 1104 2497 prmfectos
1137 2433 1423 2501 excellens,
1462 2434 1715 2493 fraterna:
1736 2440 2016 2498 charitatis

427 2524 639 2569 amator
675 2525 729 2572 et
768 2521 946 2575 cultor
974 2520 1403 2581 ferventissimus
1436 2527 1661 2594 exstitit,
1690 2538 1746 2586 et
1785 2531 2013 2589 salutem

428 2604 671 2660 omnium
717 2611 1111 2667 studiosissime
1163 2617 1430 2685 quaesivit.
1488 2618 1638 2674 Unde
1685 2622 1801 2678 zelo
1847 2625 2015 2682 divini

427 2697 631 2753 amoris
659 2714 943 2771 accensus,
974 2704 1157 2762 multis
1182 2708 1474 2777 coenobiis,
1512 2727 1633 2782 quae
1674 2721 1799 2770 tunc
1827 2715 2015 2772 funda-

429 2784 631 2840 bantur
658 2787 722 2843 de
752 2804 912 2857 novo,
940 2802 994 2847 et
1023 2797 1317 2852 monachos
1340 2814 1407 2852 ex
1444 2801 1560 2856 suis
1588 2802 1735 2857 dedit
1767 2815 2010 2877 rogatus,

428 2884 485 2930 ct
513 2876 755 2932 doctrina
778 2883 1069 2950 praeclaros
1097 2886 1338 2944 abbates.
1364 2890 1692 2951 ltilirmiores
1732 2876 1975 2968 quosque
1994 2942 2010 2965 ,

427 2975 487 3021 et
508 2969 687 3025 minus
712 2969 766 3024 in
790 2970 1134 3031 observantia
1161 2978 1394 3049 regulari
1425 2980 1632 3038 zelosos
1653 2993 1813 3055 atque
1836 2988 2013 3058 perfe-

427 3069 567 3152 ctos,
593 3062 648 3116 in
681 3066 1008 3122 monasterio
1041 3082 1223 3124 secum
1256 3071 1514 3139 detinuit,
1541 3085 1597 3129 et
1624 3078 1723 3132 sub
1749 3079 1900 3152 virga
1926 3082 2011 3137 di-

427 3151 667 3222 sciplina:
684 3155 751 3209 ad
775 3157 998 3212 meliora
1024 3160 1263 3228 quotidie
1285 3164 1606 3233 compellere
1627 3181 1733 3222 non
1757 3151 2008 3227 cessavit.

2125 1972 2307 2030 biliter
2333 1972 2671 2030 festinamus.

2194 2067 2330 2124 Cum
2377 2069 2561 2139 itaque
2606 2068 3087 2124 reverendissimus
3134 2066 3304 2123 abbas
3351 2067 3606 2122 Babanus
3652 2068 3705 2122 in

2108 2140 2239 2233 'leg'e
2266 2160 2562 2217 monastica
2591 2159 3139 2230 irreprehensihiliter
3165 2159 3390 2222 viveret,
3423 2169 3477 2214 et
3507 2158 3708 2214 multos

2123 2253 2290 2309 verbo
2312 2262 2368 2310 et
2390 2253 2637 2322 exemplo
2662 2253 2729 2307 ad
2749 2251 3016 2323 justitiam
3051 2251 3310 2315 erudiret,
3332 2250 3485 2305 suevit
3507 2250 3558 2304 in
3580 2266 3708 2305 eum

2125 2345 2291 2399 totius
2319 2344 2446 2399 boni
2468 2344 2838 2408 adversarius,
2869 2351 2924 2397 et
2955 2341 3118 2396 variis
3147 2341 3322 2395 modis
3364 2341 3464 2394 viri
3505 2355 3707 2410 prepo-

2122 2437 2285 2491 situm
2309 2450 2586 2499 enervare,
2614 2435 2933 2505 penitusque
2960 2431 3276 2487 subvertere
3312 2430 3625 2494 laborabat,
3649 2437 3709 2485 et

2122 2526 2307 2582 multis
2330 2525 2602 2594 variisque
2626 2523 2850 2591 nocendi
2879 2521 3072 2577 mediis
3102 2522 3279 2577 virum
3319 2528 3561 2574 sanetum
3604 2534 3709 2590 ag-

2122 2630 2361 2687 gressus,
2380 2630 2504 2670 cum
2524 2613 2689 2668 animi
2710 2612 2826 2683 ejus
2845 2610 3207 2667 constantiam
3230 2624 3566 2678 nequaquam
3589 2621 3710 2677 pos-

2121 2716 2204 2764 set
2240 2705 2611 2776 perfringere,
2656 2704 2994 2759 subditorum
3023 2700 3142 2770 ejus
3184 2710 3392 2756 mentes
3419 2699 3485 2753 ad
3520 2698 3705 2753 odium

2120 2798 2356 2867 pastoris
2412 2796 2605 2851 callida
2668 2794 2875 2852 studuit
2933 2791 3332 2848 machinatione
3385 2802 3701 2859 provocare.

2119 2888 2277 2942 Anno
2297 2888 2460 2956 igitur
2480 2885 2779 2941 nativitatis
2799 2883 2916 2953 ejus
2935 2882 3383 2954 quinquagesimo
3401 2880 3632 2949 septimo
3652 2888 3702 2942 ο,

2118 2987 2181 3033 ut
2200 2976 2551 3047 Meginfridus
2586 2975 2790 3045 (Fulda:
2815 2984 3000 3044 postea
3024 2973 3341 3043 monachus)
3376 2978 3461 3026 cst
3483 2977 3703 3033 auctor,

2118 3065 2262 3121 facta
2302 3073 2386 3122 est
2430 3065 2575 3119 inter
2615 3078 2741 3119 eum
2786 3072 2842 3116 et
2881 3064 3178 3118 monachos
3210 3061 3348 3130 ejus,
3379 3060 3706 3116 sollicitante

2120 3156 2357 3223 diabolo,
2395 3155 2576 3225 gravis
2618 3153 2864 3223 quaedam
2892 3160 2949 3207 et
2986 3154 3175 3208 nociva
3207 3153 3504 3218 dissensio,
3549 3150 3705 3219 cujus

336 3274 353 3286 ο
427 3244 511 3301 Ad
541 3249 870 3304 monasteria
896 3265 1027 3305 vero
1053 3253 1264 3308 noviter
1291 3253 1532 3324 fundata,
1555 3274 1661 3314 non
1688 3261 1836 3317 misit
1867 3263 2016 3318 infir-
2043 3235 2088 3298 C
2120 3258 2302 3304 tamen
2327 3262 2547 3304 causam
2573 3261 2679 3301 ηοη
2709 3245 2990 3315 express“
3019 3244 3189 3311 Quam
3212 3243 3516 3299 LudOVicus
3533 3244 3553 3284 τ
3570 3245 3706 3299 Ger-

426 3351 567 3404 mos,
593 3340 688 3394 sed
710 3337 899 3409 fortes,
923 3357 1029 3398 non
1051 3344 1260 3414 tepidos
1282 3355 1338 3402 et
1362 3349 1626 3417 carnales,
1651 3352 1746 3408 sed
1771 3357 2015 3413 moribus

427 3436 485 3483 et
514 3431 825 3487 eruditione
869 3444 1272 3493 consummatos
1315 3447 1474 3509 atque
1520 3443 1806 3511 perfectos.
1857 3447 2015 3505 Anno

427 3518 709 3590 regiminis
738 3522 821 3576 sui
844 3522 1129 3583 abbatialis
1161 3529 1320 3584 tertio
1341 3531 1567 3599 decimo,
1592 3535 1683 3604 qui
1700 3535 1817 3603 fuit
1835 3538 2019 3594 Domi-

426 3610 563 3666 nicm
594 3613 890 3670 nativitatis
914 3617 1398 3689 octingentesimus
1426 3624 1733 3682 tricesimus
1767 3637 2014 3698 octavus,

428 3701 723 3761 indictione
764 3706 1129 3765 Romanorum
1154 3713 1361 3782 prima,
1399 3732 1521 3771 cum
1562 3717 1865 3778 Erlafridus
1889 3726 2014 3794 qui-

429 3796 551 3852 dam
576 3813 761 3854 eomes
784 3800 836 3854 in
858 3800 1027 3857 Calba
1053 3806 1440 3861 monasterium
1466 3808 1520 3863 in
1546 3812 1863 3868 memoriam
1892 3830 2016 3870 san-

427 3889 500 3944 cti
530 3889 735 3946 Aurelii
766 3904 792 3933 α
817 3892 1107 3962 pontiﬁcis,
1144 3896 1286 3966 apud
1330 3897 1669 3972 Hirsaugiam
1690 3943 1706 3968 ,
1743 3902 2015 3973 Spirensis

429 3980 704 4047 dimcesis,
730 3998 927 4038 novum
960 4000 992 4038 a
1029 3982 1378 4045 fundamento
1407 3992 1821 4063 construxisset,
1849 3997 2015 4053 missa

427 4070 695 4140 legatione
724 4074 777 4129 in
810 4073 1034 4130 Fuldam
1063 4091 1185 4132 cum
1223 4080 1477 4149 precibus
1514 4081 1702 4153 Otgari
1742 4087 2014 4158 archiepi-

427 4166 577 4235 scopi
606 4164 900 4237 Moguntini
938 4177 994 4223 et
1024 4166 1230 4240 [Forte
1258 4170 1365 4244 ad]
1408 4171 1692 4230 Rabanum
1730 4177 2013 4247 abbatem,

428 4256 724 4311 monachos
743 4257 813 4311 ab
830 4271 896 4312 eo
916 4258 1093 4329 petiit,
1107 4267 1163 4314 et
1179 4260 1299 4331 ejus
1316 4261 1657 4333 dispositioni
1682 4268 2011 4338 emnobium,

425 4346 573 4417 quod
600 4357 869 4413 erexerat,
904 4351 1321 4408 commendavit.
1361 4352 1464 4421 Qui
1508 4369 1609 4427 pro
1642 4355 1738 4412 Dei
1767 4372 2018 4414 reveren-

502 4514 531 4543 ι
554 4501 656 4580 Hic
675 4509 759 4557 est
774 4502 1046 4580 armentis
1071 4502 1483 4561 Bedicianorum
1503 4509 1740 4580 episeop.
1767 4510 1824 4568 S.
1846 4512 2008 4569 Basil.

416 4573 611 4655 'Magni
641 4574 981 4655 synchronus
1002 4581 1058 4628 et
1075 4583 1326 4655 cumtum,
1351 4590 1509 4655 quem
1535 4573 1865 4655 'Qales'inius,
1886 4582 2015 4639 Fer—
2037 4590 2093 4652 Ῑ)

429 4642 857 4726 [Ξτῖιξεηὰιὶὶίιιιθ
885 4642 1129 4699 referunt
1150 4644 1255 4701 coli
1286 4644 1322 4702 9

334 4810 339 4815 ο
429 4713 799 4840 2513:)atritova
829 4784 934 4841 hac
960 4783 1189 4844 Corbeia
1217 4789 1339 4844 vide
1361 4787 1540 4845 Vitam
1561 4790 1734 4846 sancti
1759 4792 2015 4851 Adelardi

434 4867 533 4940 per
560 4853 916 4940 lladt‘ie'rtum,
945 4859 1186 4940 cauam,
1213 4867 1268 4940 et
1294 4858 1489 4940 Vitam.
1515 4857 1574 4914 S.
1599 4859 1909 4940 Anscharii.

503 4936 527 5012 ιῖ
560 4924 672 5012 [mo
688 4924 1058 5012 VWestphalia'.‘
1074 4929 1150 4984 De
1172 4924 1382 5012 origine
1399 4928 1823 5012 hujus-vocabuli
1846 4933 2015 5012 multa

432 5006 731 5067 congerunt
770 5000 1061 5068 geographi
1104 4999 1377 5065 moderni,
1423 5008 1479 5055 et
1523 4999 1821 5058 Wemerus
1859 5004 2017 5060 Rele-

434 5064 612 5119 winck
636 5066 776 5119 libro
800 5066 867 5119 de
897 5066 1015 5119 Situ
1042 5079 1097 5119 et
1123 5069 1361 5119 Moribus
1385 5068 1848 5119 Westnhalomm-
1885 5090 2005 5119 mn-

434 5066 612 5120 \vinek
636 5066 867 5123 libro'de
886 5066 1015 5124 Situ
1042 5079 1097 5124 et
1123 5069 1361 5126 Moribus
1385 5068 1849 5140 Westphalorum,
1885 5090 2006 5146 cap.

431 5139 503 5223 ᾖ,
531 5153 763 5223 quorum
785 5138 963 5222 nullus
984 5154 1015 5192 a
1036 5140 1202 5222 Gallis
1228 5155 1442 5223 nomen.
1461 5140 1603 5222 illius
1640 5144 1904 5223 concedit.
1935 5146 2013 5201 De

435 5210 506 5295 iis
530 5219 688 5295 poeta
730 5209 1063 5275 Saxonicus,
1101 5211 1191 5279 qui
1219 5210 1482 5280 Arnulphi
1521 5211 1864 5282 imperatoris
1897 5229 2013 5272 mvo

436 5289 576 5338 vmt
595 5281 663 5337 ad
688 5296 889 5336 annum
917 5280 1040 5345 772,
1072 5281 1189 5336 haec
1214 5281 1408 5335 habet:

436 5297 576 5338 γιιιι
595 5297 663 5337 aa
688 5297 889 5336 annum
919 5297 944 5334 'l
958 5297 1040 5338 (τε
1075 5297 1189 5336 [1330
1214 5297 1376 5335 nanet
1394 5300 1408 5335 ἒ

1404 4649 1617 4704 ovemb.
1661 4649 2011 4722 Trithemius,

558 5410 660 5460 Sed
685 5410 935 5471 generalis
956 5409 1100 5460 habet
1126 5407 1325 5472 populos
1346 5408 1520 5472 divisio
1542 5416 1730 5470 ternos,

560 5473 792 5534 insignita
809 5474 986 5534 quibus
1009 5471 1216 5521 Saxonis
1248 5472 1413 5520 nexuit
1434 5471 1579 5519 olim:

559 5533 759 5583 Nomina
779 5545 906 5582 nunc
926 5539 1202 5593 remanent,
1228 5538 1384 5582 virtus
1407 5533 1599 5589 arntiqua
1623 5533 1850 5581 recessit.

560 5594 785 5654 Denique
806 5593 1113 5654 Westpbalos
1135 5595 1340 5643 \ocitant
1361 5594 1407 5640 in
1434 5599 1571 5655 parte
1594 5601 1850 5643 manentes

556 5655 787 5704 Oet-idus.
808 5667 1009 5704 quorum
1031 5666 1122 5702 non
1145 5654 1291 5704 longe
1323 5655 1558 5702 terminus
1587 5664 1730 5703 amne

604 5666 766 5703 ceruus

562 5686 796 5763 Πιῖἰέἇό
808 5686 1291 5775 37513113335323.“
1292 5686 1666 5775 ω’ἷίῒὲιὶῖὶῑιῖιὶὲἰ

560 5775 833 5837 inhabitant
857 5772 1170 5837 Qosterliugi,
1199 5788 1322 5837 quos
1344 5775 1538 5823 nomine
1558 5772 1752 5834 quidam

559 5834 820 5899 Daphitae
839 5833 931 5885 alio
953 5833 1178 5898 vocitant,
1197 5833 1398 5887 confinia
1417 5833 1618 5899 quorum

932 5666 1122 5716 um__non
1145 5654 1291 5716 longe
1323 5655 1558 5716 terminus
1587 5664 1730 5703 amne

2120 3354 2407 3397 manorum
2437 3353 2555 3404 rex,
2586 3336 2755 3391 frater
2789 3335 3033 3392 Lotharii
3076 3331 3419 3404 imperatoris
3450 3349 3516 3389 ac
3560 3335 3707 3405 regis

2118 3433 2302 3499 italiae,
2328 3432 2469 3491 filius
2487 3430 2744 3486 Ludovici
2768 3429 2927 3500 primi
2950 3444 3072 3484 cum
3095 3428 3409 3492 audivisset,
3431 3428 3615 3484 missis
3637 3430 3705 3485 ad

2117 3527 2343 3583 Fuldam
2367 3527 2591 3593 nuntiis,
2621 3525 2903 3580 Rabanum
2934 3524 3004 3580 ad
3023 3538 3084 3579 se
3106 3522 3320 3578 vocavit
3349 3520 3623 3588 abbatem,
3648 3531 3707 3578 et

2117 3621 2508 3679 moechorum
2534 3620 2897 3675 temeritatem
2939 3617 3108 3689 regali
3138 3616 3460 3672 auctoritate
3486 3630 3704 3686 compe—

2120 3713 2280 3779 scuit,
2312 3711 2728 3779 venientemque
2757 3725 2881 3765 cum
2908 3709 3116 3764 honore
3151 3709 3419 3777 suscepit,
3462 3713 3519 3762 et
3557 3707 3705 3761 bien-

2119 3806 2211 3862 nio
2243 3808 2270 3847 3
2298 3803 2470 3861 ferme
2497 3819 2681 3860 secum
2718 3804 2772 3858 in
2804 3803 2956 3857 curia
2993 3800 3159 3873 regali
3197 3800 3445 3856 detinuit.
3492 3798 3703 3854 Interea

2117 3897 2371 3955 monachi
2397 3896 2711 3959 Fuldenses,
2727 3893 3045 3966 pmnitentia
3071 3893 3240 3957 ducti,
3271 3898 3518 3946 oratores
3537 3890 3705 3947 mise-

2117 4000 2246 4048 runt
2287 3990 2357 4045 ad
2385 4004 2604 4060 regem,
2648 3986 2839 4042 humili
2885 3985 3276 4058 supplicatione
3308 3991 3591 4054 rogantes,
3637 3988 3704 4037 ut

2118 4083 2359 4139 ablatum
2383 4080 2484 4137 sibi
2510 4081 2799 4136 redonaret
2822 4078 3093 4134 abbatem.
3114 4075 3270 4145 Quod
3292 4085 3473 4131 tamen
3499 4075 3699 4143 facere,

2115 4180 2338 4243 propter
2376 4185 2600 4227 causam
2627 4167 3033 4233 rationabilem,
3070 4174 3125 4222 et
3147 4167 3317 4222 abbas
3345 4166 3459 4235 ipse
3489 4166 3698 4230 renuit,

2116 4270 2171 4318 et
2190 4278 2286 4318 rex
2315 4261 2606 4318 admittere
2630 4259 2934 4315 nullatenus
2954 4257 3250 4313 consensit.
3274 4256 3470 4312 Mansit
3494 4271 3627 4328 ergo
3646 4257 3701 4313 iu

2117 4352 2239 4409 aula
2265 4352 2415 4423 regia
2442 4352 2634 4407 beatus
2664 4351 2829 4421 abbas
2853 4349 3108 4404 Rabanus
3143 4348 3390 4414 biennio,
3433 4363 3608 4420 usque
3632 4348 3702 4404 ad

2241 4507 2478 4558 lufestant
2499 4507 2752 4569 conjuncta
2773 4507 2876 4569 suis
2896 4517 3023 4569 gens
3045 4503 3226 4566 perﬁda
3252 4503 3431 4555 Sclavi.

2240 4569 2374 4621 inter
2396 4567 2653 4629 pradictos
2675 4568 2832 4618 media
2851 4567 3057 4627 regione
3082 4572 3330 4629 morantur

2240 4627 2458 4696 Augarii,
2484 4628 2691 4693 populus
2708 4629 2958 4679 Saxonum
2980 4627 3159 4677 tertius

2119 4735 2259 4806 Sunt
2280 4749 2412 4806 ergo
2436 4731 2735 4806 Westphali
2761 4731 2910 4795 dicti,
2942 4730 3163 4806 quodin
3186 4728 3407 4806 occidua
3422 4738 3588 4806 parte
3604 4745 3698 4785 seu

2116 4804 2303 4861 limine
2330 4799 2424 4860 a'ut
2461 4799 2635 4859 limite
2673 4799 3309 4857 Saxonum’occidentali
3349 4799 3697 4865 habitarent;

2118 4875 2419 4947 Oostphali,
2440 4874 2656 4947 quodin
2679 4871 2956 4947 orientali.
2990 4871 3237 4947 Est__west
3269 4869 3557 4947 occidens,
3586 4881 3701 4924 oost

2117 4939 2339 5018 oriens;
2373 4939 2552 5018 palen,
2582 4944 2779 4998 limites
2799 4983 2814 5008 ,
2844 4941 2998 4997 'ﬁnes
3017 4981 3032 5007 ,
3077 4939 3265 4995 limina
3298 4939 3579 5011 regionum
3606 4948 3702 4994 aut

2119 5032 2310 5074 ιωοεη
2318 5035 2333 5070 l
2340 5055 2355 5070 .

2230 5084 2587 5144 Consentium
2609 5083 2663 5137 in
2688 5098 2834 5138 anno
2867 5090 3055 5138 auctor
3081 5081 3341 5151 antiquus
3364 5081 3429 5136 de
3454 5087 3701 5151 constat:

2116 5158 2294 5215 ctione
2313 5154 2625 5222 monasterii
2641 5153 2885 5209 Corbeiae
2903 5153 3041 5222 apud
3061 5147 3401 5222 Meibomium
3422 5158 3477 5222 et
3495 5158 3644 5222 tumo
3658 5147 3704 5205 ll

2117 5230 2440 5298 scriptorum
2470 5219 3291 5298 Francius,Sebafnaburgensis
3331 5220 3390 5298 in_
3406 5219 3702 5298 phronico,

2117 5289 2371 5355 Albertus
2395 5294 2681 5350 Crantzius
2699 5294 2796 5349 lib.
2825 5310 2840 5348 ι
2865 5289 3197 5361 Metropolis,
3224 5305 3344 5360 cap.
3370 5291 3456 5352 19,
3481 5289 3699 5361 aliique.

2195 5379 2219 5408 ο
2250 5367 2330 5421 Ex
2382 5366 2486 5421 hoc
2532 5364 2652 5421 loco
2706 5380 2867 5434 supra
2912 5359 3248 5434 ostendimus
3284 5359 3340 5415 in
3378 5368 3537 5415 aetate
3583 5359 3703 5415 Tri-

2120 5437 2384 5496 tbemium
2409 5436 2517 5490 huc
2544 5451 2713 5505 usque
2738 5433 2976 5505 triennio
2998 5433 3274 5505 aberrare.

2188 5508 2210 5548 ί
2236 5507 2349 5563 Imo
2372 5499 2653 5561 Rabanum
2688 5505 2755 5560 ad
2785 5503 3070 5561 ecclesiam
3100 5502 3160 5556 S.
3186 5501 3328 5555 Petri
3353 5500 3407 5554 in
3432 5509 3615 5554 monte
3634 5499 3702 5553 ad

2112 5578 2378 5635 orientem
2407 5575 2720 5631 monasterii
2746 5575 3056 5637 secessisse,
3081 5571 3354 5694 librosque
3379 5580 3587 5640 emptos
3608 5570 3708 5624 ab-

2113 5647 2359 5694 solvisse-
2384 5646 2586 5694 dictum
2614 5646 2666 5694 in
2690 5646 2875 5694 priore
2904 5642 3049 5694 Vita.
3075 5657 3222 5694 num.
3287 5640 3341 5693 9.

2113 5647 2359 5709 solvisse,
2384 5646 2587 5702 dictum
2614 5646 2875 5715 inpriore
2904 5642 3049 5715 Vita,
3075 5657 3222 5696 num.
3251 5640 3341 5694 49.

2187 5719 2214 5760 ⁸
2240 5716 2618 5788 Quinquennio
2638 5713 2892 5788 privatim
2921 5713 3123 5769 vixisse
3155 5718 3368 5768 certum
3394 5717 3480 5766 est
3508 5723 3573 5764 ex
3609 5721 3710 5767 su-

2114 5804 2213 5859 pra
2248 5787 2429 5844 dictis.
