2006 3097
209 125 261 152 1υό

767 121 811 148 AD
830 119 943 148 OPERA
963 119 994 148 Β.
1013 118 1139 147 RABAM
1157 119 1266 147 MAURI

1782 120 1840 149 tot

204 188 233 207 se
247 179 390 211 editorum,
416 185 466 206 nec
488 179 685 213 praecedentem
711 185 874 213 quemquam
896 178 992 205 habuit
1003 179 1029 208 A
1042 177 1133 205 Fuldae
1153 178 1301 206 monachus
1327 183 1354 205 et
1378 178 1564 212 seholasticus,
1589 179 1686 207 deinde
1698 179 1791 214 abbas,
1809 186 1845 209 et

204 225 333 257 similem,
348 232 399 251 nec
415 229 475 259 post
487 231 517 252 se
529 224 637 259 reliquit
656 224 795 258 aqualem.
812 224 887 257 Quod
900 231 994 250 verum

203 278 237 297 ex
249 277 281 297 eo
296 270 431 296 constabit
442 269 559 301 facilius,
580 269 603 296 si
628 268 718 296 titulos
733 269 864 296 librorum
877 268 934 303 ejus
946 276 994 303 per

202 315 323 341 ordinem
338 315 531 349 exprimamus,
544 322 597 341 non
608 322 662 349 quo
673 319 735 341 sunt
747 314 821 348 editi,
834 314 880 342 sed
891 322 907 341 a
917 314 994 342 nobis

202 361 337 388 collocati.

236 405 350 439 Scripsit
366 405 445 440 igitur
455 405 488 432 ad
502 405 654 433 Frecolfum
676 405 870 433 Lexoviensem
886 405 912 433 in
925 405 993 433 Nor-

202 450 311 477 mannia
335 450 503 485 episcopum,
518 450 655 484 quondam
677 450 836 484 discipulum
858 457 946 482 suum,
959 450 992 478 de

203 504 255 529 quo
266 503 346 530 supra
360 495 487 528 diximus,
504 495 530 521 in
558 495 683 522 Genesim
707 495 790 522 libros
815 499 948 530 quatuor;
964 495 992 522 in

203 540 324 567 lixodutn
342 541 425 567 libros
436 545 567 575 quatuor;
582 540 609 567 in
620 541 752 568 Numeros
767 540 849 568 libros
859 544 989 575 quatuor;

201 586 226 612 in
236 586 383 613 Leviticum
394 586 477 613 libros
487 590 616 620 quatuor;
628 585 656 612 in
667 586 992 614 Deuteronomiumlibros

199 636 332 665 quatuor;
357 631 383 657 in
399 631 539 657 historiam
553 629 634 658 Josue
655 630 739 658 libros
754 631 839 663 duos;
864 632 892 657 in
908 632 991 658 histo-

198 675 267 701 riam
279 673 402 701 Judicum
416 675 498 702 libros
508 675 594 708 duos;
611 675 637 702 in
650 675 790 703 historiam
805 675 878 703 Ruth
893 675 991 703 librutn

198 728 301 747 unum:
327 721 362 747 ad
388 720 579 753 llildowinum,
604 722 729 750 abbatem
754 722 841 750 sancti
866 722 987 758 Dionysii

197 774 278 800 super
290 766 432 794 historiam
448 767 551 802 Regum
575 768 659 795 libros
673 768 782 803 plures;
808 768 836 795 in
854 768 989 804 Paralipo-

198 819 297 838 menon
322 811 404 839 libros
426 816 560 846 quatuor;
590 813 617 839 in
639 813 752 840 Esdram
767 819 820 842 let
832 815 988 842 Nehemiam

1045 228 1182 256 postremo
1203 223 1423 258 archiepiscopus
1436 224 1494 251 sine
1508 224 1708 252 intermissione
1722 233 1772 260 pro
1786 226 1841 255 Dei

1044 267 1128 302 gloria
1139 273 1166 294 et
1180 268 1297 295 fidelium
1312 268 1429 295 utilitate
1444 270 1561 296 maxima
1582 270 1728 297 insudavit.

1079 312 1140 339 Fuit
1153 313 1225 340 enim
1239 313 1281 340 vir
1291 321 1337 340 sua
1352 318 1430 341 tctate
1441 314 1635 343 Germanorum
1647 316 1766 343 omnium
1781 321 1847 344 stu-

1044 357 1224 390 diosissimus,
1237 362 1263 385 cl
1286 359 1446 386 universalis
1466 359 1543 386 facile
1557 360 1680 395 princeps
1694 352 1840 396 doctrinae,

1043 404 1088 438 qui
1109 404 1239 439 sapientia
1266 409 1293 431 ct
1309 405 1460 431 eruditione
1484 405 1511 431 in
1537 413 1584 432 sua
1611 406 1718 435 natione
1740 415 1840 436 omnes

1042 450 1188 484 superavit,
1204 449 1321 484 vicitque
1330 451 1523 485 prmccdrntes,
1538 458 1586 479 nec
1597 452 1710 479 similem
1730 458 1791 488 post
1804 461 1838 481 se

1042 495 1147 527 habuit,
1163 494 1234 522 inter
1247 503 1387 530 sequaces.
1403 496 1444 522 Ab
1459 503 1491 523 eo
1503 504 1619 531 namque
1633 501 1762 533 tempore,
1779 507 1836 534 quo

1042 540 1232 567 scholasticam
1248 541 1319 575 apud
1340 540 1452 568 Fuldam
1467 542 1657 569 claustralibns
1678 544 1833 578 palmstram

1020 591 1023 592 '
1042 585 1168 619 instituit,
1185 593 1234 621 per
1256 594 1341 614 annos
1363 586 1447 614 ferme
1471 588 1693 623 quadringentos,
1709 591 1784 617 multi
1803 591 1832 618 in

1040 631 1134 657 ordine
1148 631 1234 658 sancti
1260 630 1345 666 patris
1366 632 1501 659 Benedicti
1526 639 1574 667 per
1596 638 1678 661 totam
1695 634 1831 670 Europam

1040 676 1166 702 monachi
1177 675 1326 703 doctissimi
1347 676 1512 703 claruerunt.
1537 677 1574 704 De
1591 678 1689 712 quibus
1705 678 1730 706 in
1743 680 1831 713 primo

1040 719 1108 747 libro
1119 721 1238 748 virorum
1259 721 1412 754 illustrium,
1439 721 1540 749 ordinis
1565 723 1650 750 nostri
1677 726 1829 758 memorati,

1040 765 1192 800 complures
1218 766 1377 793 nominatim
1402 767 1535 800 recensui,
1557 772 1585 794 et
1602 768 1682 795 etiam
1699 777 1751 797 non
1765 778 1831 805 pau-

1040 818 1086 837 cos
1096 811 1123 837 in
1134 810 1268 837 volumine
1287 811 1319 838 de
1329 812 1504 846 scriptoribus
1524 813 1713 841 ecclesiasticis
1729 815 1830 843 dudum

197 856 280 883 libros
288 860 368 890 tres;
394 857 422 883 in
443 857 584 884 hist0riam
599 858 690 885 Tobizc
715 859 813 886 librum
835 868 917 887 unum
930 868 938 892 ;
960 860 987 887 in
1002 856 1026 885 B
1040 854 1178 882 collocavi.
1196 855 1234 882 Eo
1250 859 1369 891 tempore
1381 857 1552 891 proverbium
1565 857 1628 885 illud
1641 866 1733 886 verum
1745 859 1830 887 exsti-

197 902 338 929 historiam
349 902 439 929 Judith
453 903 537 930 libros
550 908 652 938 septem
665 913 672 937 ;
692 905 720 932 in
739 904 880 932 historiam
892 905 988 933 Esther

197 946 299 974 librum
318 955 420 980 unum;
446 948 473 974 in
489 948 629 976 historiam
648 948 698 977 Job
721 950 805 978 libros
825 951 934 985 plures;
958 952 986 979 in

197 995 281 1018 totum
298 992 456 1019 Psalterium
470 993 553 1021 libros
570 994 679 1029 plures;
707 995 733 1022 in
749 995 895 1023 Proverbia
909 996 987 1024 Salo-

192 1037 286 1064 monis
302 1037 385 1064 libros
398 1038 507 1072 plures:
529 1040 556 1066 in
573 1040 754 1068 Ecclesiasten
779 1041 861 1068 libros
875 1042 986 1077 plures;

196 1081 223 1108 in
239 1081 349 1109 Cantica
361 1084 526 1111 canticorum
542 1084 626 1112 libros
644 1085 749 1120 plures;
774 1086 801 1113 in
823 1086 921 1114 librum
936 1088 987 1115 Sa-

195 1127 303 1161 pientia:
318 1127 400 1155 libros
415 1132 486 1160 tres;
502 1127 529 1155 in
543 1128 761 1157 Ecclesiasticum
781 1131 863 1158 libros
873 1132 965 1159 decem
978 1141 985 1166 ;

196 1173 236 1205 in.
250 1173 344 1200 Isaiam
359 1174 516 1208 prophetam
539 1174 623 1202 libros
646 1175 738 1209 viginti
752 1184 759 1208 ;
774 1176 801 1202 in
816 1176 986 1204 Ezechielem

196 1217 280 1244 libros
295 1218 388 1252 viginti
402 1227 408 1251 ;
426 1218 452 1245 in
468 1218 605 1246 Daniclem
630 1220 788 1254 prophetam
810 1221 894 1248 libros
911 1226 985 1255 tres;

196 1263 223 1289 in
242 1263 381 1290 duodecim
408 1264 553 1298 prophetas
576 1264 697 1292 minores
721 1264 804 1292 libros
825 1265 985 1298 duodecim;

195 1308 222 1335 iu
235 1308 375 1335 historiam
389 1308 604 1336 Machabaaorum
626 1308 709 1336 libros
726 1314 801 1342 tres;
817 1310 844 1336 iu
868 1310 988 1345 Evange-

194 1353 260 1379 lium
273 1353 389 1382 Matthazi
405 1354 487 1382 libros
497 1359 574 1387 octo;
592 1354 618 1381 in
630 1354 803 1389 Evangelium
817 1354 895 1382 Luem
906 1355 987 1384 libros

195 1403 250 1425 tres
263 1407 270 1431 ;
287 1399 313 1424 in
327 1399 501 1432 Evangelium
516 1399 598 1426 Marci
611 1400 693 1427 libros
704 1404 820 1434 quatuor
832 1408 839 1432 ;
856 1401 882 1427 in
897 1401 988 1427 Evan-

194 1444 293 1478 gelium
307 1442 419 1470 Joannis
441 1444 524 1471 libros
539 1443 648 1478 plures;
664 1445 698 1471 ad
725 1444 828 1470 L-uxum
843 1443 987 1471 Servatum

194 1489 383 1524 presbyterum
399 1489 425 1516 iu
441 1497 535 1517 omnes
545 1489 673 1524 epistolas
692 1490 768 1517 Pauli
782 1490 893 1524 apostoli
906 1490 988 1518 libros

1038 900 1070 926 tit
1083 907 1143 935 quo.
1154 900 1311 928 dicebatur:
1329 901 1444 928 Scientia
1458 901 1653 936 Scripturarum
1676 902 1704 930 in
1720 903 1829 931 cucullis

1036 944 1123 971 latitat
1136 945 1332 972 monachorum.
1351 945 1473 972 Monachi
1484 946 1555 973 enim
1573 950 1637 973 tunc
1652 946 1760 974 fuerunt
1772 952 1830 975 stu-

1036 989 1105 1016 diosi
1120 994 1201 1024 atque
1215 989 1374 1023 doctissimi,
1401 991 1446 1024 qui
1462 998 1516 1017 non
1533 991 1619 1018 solum
1647 992 1761 1025 Latinis,
1781 993 1829 1021 sed

1037 1034 1119 1061 etiam
1130 1034 1232 1062 Griecis
1244 1035 1341 1062 litteris
1363 1036 1433 1070 apud
1447 1036 1598 1064 Germanos
1621 1042 1648 1064 et
1667 1036 1758 1064 Gallos
1770 1041 1831 1065 stu-

1037 1079 1111 1107 dium
1135 1080 1248 1115 diligens
1262 1080 1458 1116 impenderent.
1484 1081 1589 1109 Nostris
1601 1090 1665 1109 vero
1689 1083 1831 1111 monachis

1037 1129 1176 1158 postremo
1193 1125 1344 1160 voluptates
1363 1127 1455 1154 carnis
1473 1131 1500 1154 et
1514 1127 1569 1154 otia
1585 1127 1693 1155 lectioni
1709 1127 1833 1163 Scriptu-

1037 1177 1128 1196 rarum
1152 1169 1367 1204 praeferentibus,
1393 1171 1547 1199 Graecarum
1570 1173 1651 1199 etiam
1679 1173 1831 1202 litterantm

1037 1213 1150 1240 scientia
1162 1214 1264 1247 pariter
1279 1215 1348 1249 apud
1361 1215 1510 1246 Germanos
1524 1220 1551 1243 et
1564 1216 1655 1243 Gallos
1668 1217 1774 1251 penitus
1787 1218 1834 1245 de.-

1038 1258 1112 1286 fecit.
1134 1258 1357 1294 Supervenerunt
1378 1268 1448 1287 nova
1463 1260 1577 1288 fratrum
1592 1261 1712 1289 instituta
1731 1261 1833 1290 Mendi-

1038 1304 1166 1336 cautium,
1180 1309 1209 1332 et
1231 1298 1316 1333 novos
1341 1307 1491 1334 studiorum
1512 1309 1607 1335 modos
1619 1316 1680 1335 cum
1703 1307 1831 1339 familiari

1037 1350 1154 1385 quodam
1165 1354 1246 1386 atque
1259 1352 1403 1386 campestri
1414 1360 1511 1387 genere
1524 1353 1656 1380 scribendi
1672 1353 1830 1381 attulerunt.

1074 1395 1201 1423 Babanus
1218 1401 1310 1424 autem
1334 1397 1438 1432 pritnus
1458 1398 1529 1425 inter
1549 1398 1717 1431 Germanos,
1735 1398 1832 1426 doctor

1038 1440 1230 1467 universaliter
1243 1442 1381 1474 eruditus,
1403 1443 1517 1471 scientia
1538 1444 1702 1478 profundus,
1722 1445 1832 1479 eloquio

1040 1485 1158 1512 disertus
1179 1490 1206 1512 et
1225 1487 1344 1518 solidus,
1365 1487 1419 1514 vita
1438 1489 1549 1515 emicuit
1567 1494 1594 1515 et
1608 1490 1830 1524 conversatione,

197 1538 253 1560 tres
268 1538 294 1560 et
308 1534 403 1569 viginti
417 1542 424 1566 ;
440 1534 465 1560 in
478 1534 561 1561 Actus
579 1534 762 1569 apostolorum
777 1534 861 1562 libros
874 1534 967 1569 plures
979 1543 987 1568 ;

1042 1529 1232 1563 doctissimus,
1260 1530 1403 1566 religiosus
1426 1537 1508 1567 atque
1532 1535 1739 1568 sanctissimus;
1766 1542 1832 1564 vere

195 1580 223 1606 in
248 1579 383 1614 Epistolas
406 1579 557 1607 Canonicas
582 1580 664 1608 libros
678 1584 800 1615 septem;
817 1580 842 1607 in
857 1580 989 1616 Apocaly-

194 1625 258 1659 psin
282 1620 395 1651 Joannis
418 1625 500 1652 libros
526 1625 634 1659 plures;
661 1625 693 1652 ad
718 1624 877 1660 Gregorium
894 1632 990 1660 papam

194 1677 321 1707 quartum
339 1672 372 1699 de
395 1671 532 1699 Laudibus
547 1677 648 1699 sanctae
669 1672 764 1699 Crucis
786 1673 947 1700 laboriosum
964 1678 992 1700 et

196 1717 318 1745 mirabile
334 1726 412 1752 opus,
429 1717 511 1745 libros
537 1719 623 1750 duos;
648 1719 682 1746 ad
708 1718 866 1746 llaimonem
886 1727 989 1755 cpisco-

195 1771 258 1797 ptnn
277 1762 525 1790 llalberstatenscm
549 1764 582 1790 de
606 1763 750 1796 Universo,
781 1764 864 1791 libros
889 1765 987 1799 viginti

199 1809 266 1836 duos
279 1817 287 1842 ;
308 1809 342 1836 de
356 1809 506 1836 Universali
523 1814 630 1842 natura,
644 1801 741 1838 librum
756 1819 838 1838 unum
851 1820 859 1844 ;
873 1811 906 1838 ad
921 1811 993 1838 llail-

197 1852 297 1880 folsum
321 1859 447 1889 quartum
478 1855 600 1883 ecclesia:
625 1855 787 1890 Moguntina:
811 1856 993 1890 archiepisco-

194 1906 272 1932 pum,
290 1899 323 1925 dc
342 1899 526 1932 Institutione,
542 1900 597 1927 vita
622 1905 648 1927 et
675 1900 795 1927 moribus
820 1900 990 1933 clericorum,

198 1944 282 1971 libros
296 1949 369 1976 tres;
389 1944 423 1971 ad
448 1944 618 1972 lleribertum
636 1945 792 1980 episcopum
808 1945 841 1972 de
860 1945 991 1978 Quzcstio-

194 1988 274 2016 uibus
286 1997 420 2016 canonum
434 1989 530 2016 librutn
546 1997 628 2016 unum
641 1998 649 2022 ;
672 1990 706 2017 ad
719 1990 914 2026 Beginbaldum
936 1991 994 2025 epi-

197 2041 310 2068 scopum
326 2034 358 2061 de
376 2035 469 2061 cadetn
485 2035 607 2068 materia,
628 2034 725 2062 librum
745 2043 847 2069 unum;
867 2036 899 2063 de
907 2035 993 2063 Bene-

196 2081 361 2109 dictionibus
373 2081 602 2116 patriarcharum,
616 2082 714 2109 librum
729 2090 830 2113 unum;
849 2082 881 2110 de
896 2082 993 2110 divinis

194 2126 306 2156 Officiis,
320 2126 403 2154 libros
413 2131 473 2154 octo
486 2135 493 2159 ;
508 2127 541 2154 de
555 2127 688 2163 Computa
702 2128 897 2159 ecclesiastico,
911 2128 994 2155 libros

195 2172 263 2198 duos
276 2180 282 2203 ;
294 2171 514 2206 Prteparamenta
529 2177 632 2207 septem
646 2174 744 2201 artium
756 2174 916 2206 liberalium,
930 2174 995 2200 mul-

195 2216 336 2250 tajuvenis
349 2216 484 2243 volumina
497 2217 663 2250 composuit;
679 2218 897 2252 Epigrammaton
911 2218 994 2246 libros

194 2265 329 2295 quatuor;
356 2262 389 2288 de
409 2261 519 2289 Metrica
535 2262 746 2297 Compositioue,
766 2263 850 2291 libros
867 2268 943 2296 tres;
959 2265 994 2291 ad

195 2306 363 2333 Ludovicum
381 2306 533 2333 Germania:
549 2314 640 2342 regem
654 2307 737 2336 libros
749 2312 777 2335 et
791 2308 920 2343 epistolas
936 2309 988 2335 edi-

196 2350 235 2377 dit
250 2350 392 2385 plurimas,
418 2351 452 2378 de
470 2352 591 2379 materiis
608 2352 722 2379 diversis
744 2357 772 2380 et
785 2353 868 2380 variis
890 2353 939 2380 sibi
959 2353 992 2380 ab

194 2403 229 2423 eo
244 2396 399 2430 propositis.
426 2397 561 2431 Epistolas
573 2405 691 2432 quoque,
707 2405 847 2425 sermones
857 2402 886 2426 et
897 2398 991 2426 home-

196 2444 245 2471 lias
258 2444 359 2479 plures,
379 2449 406 2472 et
416 2445 474 2472 sine
489 2449 563 2472 certo
575 2453 687 2472 numero
699 2445 816 2479 scripsit,
833 2445 993 2481 composuit,

194 2495 224 2519 ct
246 2491 330 2524 dixit;
352 2499 465 2526 qttorum
493 2491 659 2526 singulorum
688 2499 737 2526 per
754 2491 877 2518 ordinem
904 2491 994 2519 facere

195 2536 362 2563 mentionem
385 2537 466 2564 nimis
489 2536 558 2563 foret
583 2537 727 2564 lectoribus
743 2536 891 2564 taediosum.
912 2536 993 2563 Multa

195 2584 270 2610 enim
285 2587 312 2609 et
335 2583 386 2609 alia
401 2583 544 2618 scripsisse
559 2583 690 2616 creditur,
707 2591 766 2617 qua:
789 2583 815 2610 in
831 2582 993 2627 cognitionis

197 2633 299 2657 nostra:
311 2629 490 2664 ergasterium
506 2629 620 2656 necdum
636 2633 826 2664 pervenerunt.
848 2629 911 2656 Hmc
931 2633 994 2656 sunt

193 2674 304 2702 ilabani
326 2673 475 2702 doctissimi
497 2679 578 2710 atque
608 2675 772 2702 sanctissimi
795 2674 994 2709 archipmsulis

196 2721 337 2754 opuscula,
354 2728 413 2755 qua:
437 2728 481 2748 me
508 2720 606 2756 legisse
622 2719 740 2751 memini,
757 2727 871 2754 quorum
885 2719 995 2747 editioni

196 2772 245 2798 per
258 2772 354 2796 annos,
371 2765 439 2792 sicut
453 2765 578 2796 diximus,
605 2768 667 2792 octo
679 2769 707 2792 ct
731 2764 840 2799 triginta
853 2771 865 2784 ι
878 2765 996 2799 primum

1041 1577 1152 1612 dignus,
1173 1582 1282 1611 gratus,
1304 1582 1331 1605 et
1354 1584 1481 1613 acceptus
1502 1580 1557 1607 Deo
1579 1581 1700 1616 pontifex
1723 1591 1834 1618 semper

1041 1624 1152 1651 exstitit.
1168 1624 1196 1650 ln
1210 1624 1284 1657 cujus
1298 1625 1449 1652 ministerio
1463 1625 1505 1653 die
1518 1631 1545 1653 et
1558 1631 1636 1654 nocte
1648 1632 1701 1654 tam
1716 1629 1834 1658 sollicite

1042 1670 1174 1705 vigilavit.
1196 1670 1331 1705 Quidquid
1350 1671 1439 1698 facere
1461 1672 1494 1699 ad
1515 1673 1646 1700 honorem
1662 1674 1709 1701 Dei
1724 1676 1832 1709 potuit,

1042 1715 1115 1742 nullo
1135 1724 1252 1749 unquam
1274 1721 1393 1750 tempore
1405 1737 1411 1748 ,
1430 1716 1538 1744 nullave
1555 1718 1698 1745 occasione
1719 1723 1834 1753 praetcr-

1042 1762 1125 1789 misit.
1140 1762 1234 1789 Plures
1245 1770 1294 1797 per
1306 1764 1443 1791 dioecesim
1456 1764 1641 1798 Moguntinam
1654 1765 1784 1792 ecclesias
1798 1766 1834 1793 de

1042 1815 1112 1835 novo
1128 1808 1277 1841 constituit,
1300 1813 1420 1836 vetustas
1434 1814 1461 1837 et
1481 1810 1606 1838 ruinosas
1629 1811 1710 1838 etiam
1732 1812 1833 1840 multas

1043 1854 1189 1888 reparavit.
1219 1853 1382 1881 Monasterio
1406 1854 1533 1883 Fuldensi
1557 1855 1641 1883 abbas
1664 1856 1831 1891 pratsidens,

1043 1898 1207 1926 monasticas
1216 1899 1409 1937 praeposituras
1420 1900 1562 1927 nonnullas
1573 1900 1707 1933 condidit,
1720 1905 1747 1928 et
1758 1909 1834 1936 quaa—

1044 1944 1105 1971 dam
1122 1944 1245 1971 ccenobia
1264 1944 1421 1971 mouialium
1436 1945 1478 1972 sui
1491 1945 1594 1972 ordinis
1611 1946 1638 1972 in
1658 1945 1756 1973 finibus
1774 1945 1831 1972 Bu-

1044 1990 1150 2017 chortici
1164 1990 1282 2017 nemoris
1300 1990 1432 2017 fundavit.
1445 1989 1501 2017 Sed
1515 1994 1541 2018 et
1556 1991 1609 2018 alia
1624 1995 1774 2018 memoratu
1789 1991 1832 2018 d't—

1043 2042 1096 2069 gna
1114 2035 1229 2070 gessisse
1249 2035 1333 2062 multa
1353 2035 1462 2070 legitur,
1477 2036 1616 2063 miraculis
1629 2043 1735 2071 quoque
1749 2036 1833 2063 variis

1045 2087 1202 2109 coruscasse
1222 2085 1398 2109 memoratur.
1420 2082 1458 2109 De
1477 2082 1575 2117 quibus
1595 2090 1655 2109 cum
1676 2086 1779 2110 certum
1800 2090 1834 2110 ac

1045 2128 1217 2155 manifestum
1231 2135 1284 2155 non
1296 2132 1402 2155 constet
1414 2128 1491 2155 nobis
1503 2128 1623 2155 veritatis
1637 2128 1833 2161 testimonium,

1047 2173 1132 2200 satius
1145 2173 1271 2200 duximus
1282 2177 1372 2200 tacere
1386 2173 1509 2207 penitus,
1524 2180 1605 2207 quam
1619 2173 1722 2199 incerta
1735 2172 1833 2199 litteris

1008 2203 1034 2232 Β
1046 2218 1247 2245 commendare.
1268 2217 1324 2245 Hoc
1338 2203 1402 2245 vero
1420 2203 1508 2251 quod,
1524 2203 1684 2252 illegint‘rido
1699 2220 1833 2249 testante,

1045 2264 1241 2299 cognovimus,
1267 2264 1350 2291 etiam
1376 2263 1437 2298 styli
1462 2262 1549 2290 ollicio
1576 2262 1729 2297 posteritati
1755 2269 1831 2289 com-

1046 2309 1174 2336 mendare
1188 2317 1241 2336 non
1255 2308 1419 2336 dubitamus.
1439 2308 1566 2335 Bahanus
1584 2308 1683 2335 ctenim
1703 2314 1832 2334 reveren-

1043 2355 1164 2382 tissimus
1184 2354 1296 2390 prmsul,
1312 2359 1365 2382 tam
1389 2355 1414 2381 in
1434 2355 1539 2381 altbatia
1559 2354 1683 2380 Fuldensi
1702 2361 1782 2388 quam
1805 2352 1832 2380 in

1043 2399 1199 2434 pontificatu
1220 2399 1342 2427 ecclesia:
1361 2399 1538 2434 Moguntime,
1563 2399 1661 2425 multas
1679 2398 1712 2425 ab
1729 2398 1834 2425 azmulis

1049 2445 1175 2479 injurias,
1197 2445 1396 2477 ohlocutiones,
1419 2445 1603 2472 detractiones
1643 2449 1671 2471 et
1691 2448 1834 2471 contume-

1048 2491 1113 2524 lias,
1127 2492 1208 2519 etiarn
1223 2499 1238 2518 a
1253 2491 1309 2518 suis
1323 2491 1456 2526 propriis,
1470 2491 1528 2517 sine
1540 2490 1672 2518 demerito
1684 2489 1833 2521 sustinuit;

1048 2542 1075 2565 et
1101 2545 1171 2572 saepe
1195 2545 1280 2571 usque
1303 2537 1336 2564 ad
1359 2541 1475 2564 mortem
1496 2536 1665 2571 periclitatus
1689 2535 1747 2562 fuit.
1771 2535 1836 2568 Qua:

1047 2583 1139 2609 omnia
1163 2589 1212 2616 pro
1236 2582 1283 2608 Dei
1305 2589 1397 2609 amore
1420 2581 1615 2617 patientissime
1637 2580 1784 2612 su'stinuit,
1810 2585 1837 2606 ct

1047 2627 1177 2663 quidquid
1192 2627 1300 2655 adversi
1313 2633 1409 2655 contra
1426 2635 1487 2654 eum
1508 2628 1621 2660 accidit,
1642 2627 1699 2655 suis
1717 2626 1836 2661 peccatis

1045 2673 1183 2700 humiliter
1196 2673 1333 2708 ascripsit.
1349 2673 1426 2701 Unde
1440 2681 1493 2700 non
1506 2673 1592 2700 solum
1607 2681 1636 2700 se
1649 2674 1795 2708 patientem
1809 2672 1835 2698 in

1047 2717 1168 2744 adversis
1198 2725 1305 2753 semper
1328 2718 1471 2751 exhibuit;
1497 2718 1544 2745 sed
1567 2718 1638 2752 quod
1663 2716 1772 2751 majoris
1795 2721 1837 2743 est

1048 2763 1153 2796 meriti,
1173 2770 1271 2791 cuncta
1289 2764 1339 2791 sibi
1361 2764 1498 2792 contraria
1519 2764 1600 2790 etiam
1618 2762 1768 2790 voluntarie
1788 2768 1837 2796 pro

233 2825 245 2838 ι
260 2818 317 2846 lmo
346 2820 522 2854 quadraginta
549 2828 639 2852 unum,
656 2824 692 2849 ut
717 2827 749 2847 ex
778 2824 871 2846 nostro
897 2819 1001 2847 calculo
1020 2823 1135 2846 constat.
