4012 6202
367 380 391 436 1
402 381 473 434 (15

1751 368 2284 425 ΡΗΟΜΞΟΟΜΕΧᾹ.
2972 369 2997 381 ’

3526 369 3629 429 106

356 490 628 547 rharitate
656 486 869 542 Domini
899 484 1166 539 toleravit.
1195 484 1484 539 Enimvero
1507 498 1629 537 cum
1658 492 1804 537 esset
1826 498 1943 536 om-
1974 488 2022 545 Α
2050 482 2417 545 ordinaverat,
2447 479 2772 548 Moguntiam
2803 482 3029 537 relatum
3057 492 3167 547 est,
3213 492 3269 537 et
3311 483 3364 536 in
3403 484 3629 540 ecclesia

360 583 509 637 nium
547 576 871 649 pontiﬁcum
895 590 994 630 suo
1018 586 1261 645 tempore
1288 574 1759 631 mansuetissimus
1776 615 1792 640 ,
1820 590 1946 644 per-

357 679 642 727 secutores
668 677 723 722 et
748 665 973 721 :emulos
998 679 1127 719 suos
1165 678 1439 733 nunquam
1475 665 1691 719 vocavit
1726 664 1793 718 ad
1828 679 1947 734 pm-

358 779 518 827 nam,
561 775 665 816 nec
701 760 867 814 verbo
902 773 1005 814 nec
1041 757 1185 813 facto
1224 756 1386 811 ullam
1428 757 1494 811 de
1538 757 1671 826 ipsis
1712 770 1948 825 unquam

354 855 548 928 petivit
592 851 911 906 vindictam.
959 848 1237 902 Fundattts
1293 847 1439 902 enim
1492 847 1687 902 divinte
1742 846 1949 916 glutino

355 945 644 1003 charitatis
682 957 847 1011 supra
896 939 1108 995 ﬁrmam
1154 947 1367 1008 petram
1396 980 1411 1005 ,
1457 937 1603 992 nulla
1653 938 1952 992 tentatione

354 1039 534 1111 potuit
573 1053 603 1090 a
643 1034 875 1090 Domino
914 1032 1192 1101 separari,
1229 1032 1374 1085 viam
1412 1031 1624 1085 timoris
1658 1038 1713 1084 et
1748 1029 1951 1083 amoris

355 1129 606 1193 Domini,
657 1141 820 1195 quam
867 1141 895 1178 a
938 1125 1144 1180 teneris
1183 1123 1430 1194 pueritire
1482 1126 1638 1178 annis
1679 1132 1826 1178 recte
1869 1122 1949 1175 vi-

355 1220 535 1275 vendo
581 1215 865 1272 ambulare
908 1214 1119 1268 didicit.
1163 1213 1334 1269 Nemo
1382 1213 1530 1267 illum
1574 1212 1708 1266 vidit
1755 1220 1953 1281 pra-ter
2037 1271 2043 1276 ,

351 1309 513 1378 justas
540 1304 773 1361 rationis
801 1303 1120 1357 modestiam
1150 1304 1229 1357 ira
1259 1311 1590 1358 commotum
1612 1343 1627 1368 ,
1667 1317 1825 1356 nemo
1862 1316 1950 1355 re-

356 1398 502 1468 perit
549 1395 735 1450 animo
781 1393 1203 1462 perturbatum;
1255 1392 1353 1446 sed
1398 1392 1554 1446 bonae
1599 1390 1950 1445 conscientia:

358 1487 679 1545 testimonio
716 1486 904 1551 laetus,
943 1492 1128 1539 mente
1167 1498 1381 1553 semper
1417 1483 1519 1537 fuit
1556 1474 1850 1553 paciﬁcus,
1897 1489 1953 1535 et

357 1578 720 1646 sibimetipsi,
752 1593 875 1631 cum
918 1577 1029 1631 Deo
1069 1577 1289 1641 unitus,
1336 1575 1485 1631 omni
1529 1583 1773 1643 tempore
1802 1582 1951 1626 tran-

361 1670 583 1741 quillus.
604 1667 916 1722 Permansit
936 1675 1194 1721 constans
1221 1666 1272 1719 in
1299 1666 1384 1720 his
1410 1665 1689 1720 exercitiis
1712 1662 1951 1733 pietatis,

358 1774 416 1819 et
455 1771 662 1831 quanto
698 1775 757 1814 se
796 1759 1115 1815 viciniorem
1154 1758 1315 1815 morti
1360 1758 1533 1814 sensit
1573 1756 1656 1810 vel
1684 1755 1947 1820 credidit,

364 1862 519 1907 tanto
547 1859 787 1905 mentem
814 1865 843 1904 a
868 1849 1087 1905 caducis
1112 1859 1167 1903 et
1198 1849 1352 1904 vanis
1379 1846 1562 1901 mundi
1601 1846 1796 1902 studiis
1831 1862 1950 1900 am-
1981 1846 2028 1904 B

364 1943 507 2012 plius
539 1941 837 2009 elongavit.
874 1938 1138 2008 Jejuniis,
1178 1939 1409 2008 vigiliis,
1451 1935 1820 2000 orationibus,
1867 1950 1956 1990 sa-

367 2038 480 2091 cris
527 2034 923 2105 cleemosynis,
971 2033 1484 2103 praedicationibus,
1533 2039 1587 2085 et
1629 2028 1749 2083 aliis
1797 2027 1956 2083 bonis

364 2126 656 2195 operibus,
691 2125 810 2180 sine
846 2124 1248 2179 intermissione
1285 2121 1387 2177 fuit
1425 2122 1698 2185 intentus,
1725 2130 1781 2174 et
1806 2118 1956 2174 omni

368 2223 614 2284 tempore
640 2214 697 2267 in
725 2211 940 2269 ofﬁcina
969 2212 1137 2267 divini
1173 2212 1377 2267 amoris
1405 2211 1612 2266 utiliter
1636 2216 1950 2279 occupatus.

439 2304 577 2359 Cum
606 2312 787 2358 autem
814 2313 1023 2373 tempus
1064 2302 1132 2356 ab
1168 2310 1375 2357 aeterno
1413 2301 1653 2356 venisset
1690 2298 1954 2369 pratordi-

368 2404 556 2451 natum
576 2437 590 2461 ,
617 2409 724 2465 quo
746 2395 1058 2448 misericors
1081 2401 1137 2448 et
1163 2393 1449 2448 miserator
1470 2391 1729 2446 Dominus
1752 2386 1957 2443 famulo

367 2502 468 2543 suo
489 2502 593 2556 pro
613 2486 825 2541 meritis
846 2486 1002 2540 bonae
1024 2483 1317 2538 voluntatis
1341 2483 1642 2537 mercedem
1668 2481 1799 2535 dare
1821 2495 1958 2550 pra:-

366 2576 665 2634 destinavit
703 2575 979 2632 felicitatis
1018 2583 1268 2641 aeternae,
1303 2581 1590 2644 correptus
1628 2569 1777 2627 febre
1815 2570 1959 2626 lecto

367 2670 658 2734 decubuit,
699 2677 755 2723 et
789 2676 1073 2723 crescente
1099 2667 1291 2723 morbo
1311 2708 1324 2732 ,
1354 2666 1570 2721 tandem
1610 2665 1681 2719 ad
1712 2672 1956 2718 extrema

370 2762 638 2834 pervenit.
667 2760 770 2827 Qui
795 2761 1004 2815 visione
1028 2759 1380 2831 praemonitus
1428 2756 1672 2825 angelica
1708 2755 1956 2808 ultimum

370 2854 472 2909 sibi
498 2854 661 2923 hujus
684 2850 812 2906 vita:
836 2850 1164 2906 miserabilis
1189 2850 1395 2904 instare
1421 2856 1695 2902 certamen
1714 2886 1728 2911 ,
1752 2843 1959 2899 exitum

367 2962 528 3003 suum
554 2945 712 3000 laetus
737 2943 1032 2998 Dominicis
1055 2939 1413 2998 sacramentis
1434 2936 1699 3003 munivit,
1728 2943 1785 2991 et
1806 2934 1959 2990 libris

364 3038 481 3092 suis
507 3036 711 3107 partim
740 3036 809 3090 ad
834 3035 1061 3090 Fuldam
1078 3075 1093 3101 ,
1121 3034 1434 3106 partimque
1459 3031 1527 3086 ad
1553 3027 1945 3084 monasterium

369 3128 548 3181 sancti
586 3126 818 3190 Albani,
865 3133 1021 3181 extra
1065 3126 1268 3183 mmnia
1315 3121 1555 3179 civitatis
1599 3117 1960 3191 Moguntinte,

2053 572 2229 625 sancti
2258 579 2428 640 marty
2440 567 2845 627 risAlbanicum
2872 574 3079 628 honore
3105 572 3393 643 sepultum.
3424 573 3500 628 De
3526 590 3634 644 quo

2054 674 2287 728 sequens
2324 660 2596 716 invenitur
2638 661 3004 731 epitaphium,
3054 666 3109 719 in
3153 664 3472 719 memoriam
3517 665 3634 734 ejus

2051 752 2313 822 scriptum
2347 770 2359 805 :

2178 862 2352 912 Lector
2372 865 2599 925 honeste,
2626 878 2784 914 meam
2809 867 2847 915 si
2872 867 2945 914 vis
2969 877 3267 925 cognoscere
3296 867 3439 914 vitam
3463 902 3478 924 ,

2237 926 2479 987 Tempore
2503 929 2691 975 mortali
2714 928 2907 976 discere
2932 930 3003 976 sic.
3029 929 3228 986 poteris.

2179 986 2311 1035 Urbe
2330 986 2524 1047 quidem
2547 991 2744 1047 genitus
2760 1002 2886 1044 sum,
2923 994 2976 1036 et
3002 1002 3141 1037 sacro
3164 987 3296 1037 fonte
3317 998 3517 1038 renatus

2243 1048 2293 1096 lu
2320 1049 2490 1109 Fulda,
2519 1057 2625 1107 post
2653 1050 2755 1098 htec
2778 1050 2951 1109 dogma
2972 1063 3163 1098 suerunt
3188 1052 3237 1098 di
3258 1052 3356 1099 tici.

2177 1111 2281 1168 Quo
2310 1113 2570 1157 monachus
2594 1111 2745 1159 factus
2766 1113 2964 1158 senioru
2988 1129 3011 1156 ιι
3033 1111 3166 1171 Ῑυεςε
3191 1113 3456 1172 sequebar,

2243 1172 2412 1218 Norma
2438 1172 2549 1218 mihi
2577 1176 2687 1219 vitae
2723 1173 2892 1231 regula
2915 1182 3075 1221 sancta
3102 1173 3200 1220 fuit.

2179 1233 2275 1295 Sed
2298 1233 2414 1295 licet
2438 1234 2630 1281 incaute
2658 1234 2796 1293 hanc,
2823 1246 2914 1280 nec
2940 1234 3038 1281 Iixe
3062 1247 3261 1295 semper
3281 1233 3514 1283 haberem
3536 1271 3550 1292 ,

2243 1293 2372 1340 Cella
2395 1300 2555 1341 tamen
2582 1296 2795 1341 mihimet
2825 1297 3009 1341 transio
3030 1293 3296 1353 grata'fttit.

2178 1354 2264 1401 Ast
2283 1355 2367 1403 ubi
2387 1355 2482 1413 jam
2505 1355 2673 1415 plures
2698 1355 2985 1403 transierant
3004 1358 3237 1414 temporis
3258 1358 3388 1412 anni,

2240 1415 2529 1465 Convenere
2556 1418 2643 1464 viri
2673 1424 2868 1464 vertere
2907 1417 2998 1464 lata
3024 1415 3113 1462 loci
3137 1453 3151 1475 ,

2180 1476 2267 1540 ile,
2289 1479 2577 1540 abstraxere
2600 1476 2742 1526 domo
2763 1476 3041 1540 invalidum,
3066 1480 3274 1540 regique
3311 1475 3495 1535 tulere,

2244 1538 2509 1587 l‘oscentes
2526 1538 2660 1598 fungi
2694 1536 2909 1599 praesulis
2930 1536 3085 1585 ofiicio
3108 1552 3119 1584 :

2181 1599 2360 1661 Iniquo
2386 1613 2478 1648 nec
2500 1602 2729 1649 meritum
2757 1601 2884 1659 vitae,
2912 1613 3001 1647 nec
3019 1600 3193 1659 dogma
3222 1606 3470 1661 repertum
3493 1606 3590 1659 est,

2245 1660 2345 1710 Nec
2375 1662 2580 1722 pastoris
2598 1674 2719 1722 opus
2739 1662 2850 1720 jure
2877 1662 3257 1721 beneplaeitum.

2184 1722 2443 1782 Promptus
2468 1731 2573 1771 erat
2599 1724 2804 1782 animus,
2831 1722 2917 1771 sed
2947 1724 3142 1771 tardans
3158 1722 3324 1770 debile
3348 1732 3542 1781 corpus.

2248 1783 2364 1833 Feci
2384 1783 2512 1846 quod
2536 1792 2773 1844 poteram,
2800 1786 3030 1846 quodque
3059 1783 3195 1846 Datis
3218 1782 3442 1846 dederat.

2180 1842 2320 1906 Nunc
2341 1842 2467 1906 rogo
2491 1842 2546 1894 te
2568 1859 2629 1894 ex
2658 1842 2860 1904 tumulo,
2887 1842 3037 1893 frater
3059 1845 3264 1906 dilecte,
3296 1844 3507 1903 juvando

2242 1883 2791 1969 cthﬁdEsﬁfriéuS
2811 1883 2899 1955 uici
2918 1883 3224 1969 digne-cibus
3250 1883 3456 1953 Munitio

2183 1965 2365 2015 Jurlicis
2379 1968 2549 2017 teterni
2574 1981 2653 2017 me
2678 1976 2732 2017 ut
2752 1972 2903 2027 gratia
2924 1966 3080 2016 Salt'el
3102 1969 3149 2015 in
3173 1981 3329 2016 aevum
3355 2004 3368 2025 ,

2244 2027 2348 2076 Non
2374 2032 2598 2076 meritum
2624 2031 2882 2089 aspiciens,
2903 2028 2990 2078 sed
3017 2030 3213 2090 pictatis
3234 2040 3356 2090 Opus

2182 2086 2368 2150 Italiam
2392 2101 2569 2150 nempe
2590 2086 2705 2138 milii
2729 2086 2924 2150 nomen,
2949 2086 3096 2139 lectio
3119 2086 3277 2139 dulcis

2243 2148 2431 2213 Divina:
2455 2148 2582 2207 legis
2600 2163 2801 2212 semper
2826 2148 3004 2213 ubique
3029 2150 3134 2199 fuit.

2182 2210 2280 2274 Cui
2295 2210 2428 2259 Deus
2443 2210 2753 2272 omnipotens
2780 2210 2965 2261 tribuas
2986 2212 3204 2261 co-lestia
3229 2224 3403 2274 regna,

2248 2273 2310 2322 lit
2331 2285 2494 2323 veram
2517 2275 2740 2335 requiem
2762 2286 2963 2336 seraper
2985 2274 3034 2322 in
3057 2286 3171 2323 arce
3198 2275 3316 2337 poli.

2130 2396 2200 2451 Et
2223 2396 2325 2451 iste
2350 2394 2568 2465 quidem
2608 2395 2909 2452 beatissimi
2945 2395 3221 2466 pontiﬁcis
3246 2395 3460 2450 Rabani
3486 2393 3641 2457 ﬁnis,

2060 2486 2116 2541 in
2144 2487 2247 2542 hoc
2270 2487 2472 2542 mundo
2496 2486 2711 2543 vivendi
2736 2488 2964 2543 exstitit.
2991 2485 3158 2556 Cujus
3182 2497 3428 2543 sanctum
3450 2502 3649 2557 corpus

2062 2576 2220 2632 annis
2257 2577 2533 2632 sexcentis
2572 2577 2965 2648 quinquaginta
3002 2593 3198 2634 novem
3240 2578 3296 2632 in
3343 2586 3648 2632 memorato

2063 2668 2313 2724 coenobio
2345 2668 2517 2724 sancti
2557 2669 2813 2738 martyris
2834 2668 3026 2722 Albani
3053 2667 3320 2736 sepultum
3339 2707 3354 2732 ,
3384 2666 3438 2721 in
3463 2680 3648 2720 sarco-

2061 2762 2240 2832 phago
2258 2760 2413 2829 juxta
2440 2776 2655 2815 murum
2682 2761 2833 2816 chori
2861 2760 3073 2816 elevato
3095 2759 3414 2832 permansit.
3442 2758 3524 2815 Ad
3550 2774 3649 2814 cu-

2060 2851 2149 2922 jus
2176 2865 2390 2920 quoque
2414 2851 2680 2907 tumulum
2717 2867 2749 2907 a
2771 2852 3042 2922 principio
3076 2866 3302 2922 magnus
3333 2850 3520 2921 populi
3548 2849 3652 2906 fuit

2065 2957 2397 3009 concursus,
2437 2953 2492 2999 et
2530 2944 2685 3014 plura
2721 2954 3022 3000 narrantur
3046 2944 3189 3000 facta
3225 2944 3526 3010 miracula;
3557 2943 3651 3014 qui

2065 3018 2248 3087 ta‘meii
2288 3048 2546 3089 successu
2583 3035 2847 3106 temporis
2883 3036 3107 3091 omnino
3146 3034 3378 3102 defecit,
3405 3043 3463 3091 et
3484 3034 3655 3095 sacel-

2065 3120 2179 3176 lum
2207 3122 2327 3192 ejus
2351 3121 2442 3176 diu
2467 3122 2588 3177 sine
2612 3124 2818 3178 honore
2841 3125 3162 3194 permansit.
3195 3123 3349 3181 Unde
3373 3122 3656 3192 providen-

369 3217 600 3288 provide
630 3216 938 3271 distributis
964 3256 979 3281 ,
1021 3217 1087 3271 ad
1124 3217 1443 3281 Dominum,
1471 3229 1632 3285 quem
1658 3182 1773 3268 toto
1795 3210 1961 3267 corde
1989 3182 2035 3243 δ
2067 3212 2141 3267 tia
2168 3182 2263 3267 Dei
2289 3220 2485 3267 cuncta
2512 3182 2896 3283 gubernantis,
2926 3214 2993 3269 ad
3018 3215 3255 3271 nominis
3280 3182 3618 3284 sui-gloriam
3635 3252 3651 3277 ,

373 3323 590 3380 semper
610 3320 891 3362 amaverat
904 3350 917 3373 ,
946 3308 1085 3361 inter
1105 3307 1368 3363 orationis
1391 3308 1554 3361 verba
1579 3305 1812 3361 feliciter
1830 3305 1961 3360 emi-

373 3400 578 3468 gravit,
609 3407 765 3453 sexto
790 3397 1154 3453 Kalendarum
1200 3395 1585 3453 Novembrium
1606 3437 1621 3461 ,
1667 3411 1810 3450 anno
1847 3394 1957 3449 Do—

374 3489 589 3544 minicae
635 3488 936 3543 nativitatis
1000 3485 1451 3558 octingentesimo
1509 3483 1958 3554 quinquagesimo

377 3588 564 3646 sexto,
608 3579 903 3635 indictione
938 3578 1305 3634 Romanorum
1344 3588 1572 3647 quarta,
1609 3576 1960 3646 pontiﬁcatus

378 3671 460 3725 sui
501 3684 649 3724 anno
684 3685 847 3723 nono.
888 3669 947 3722 in
986 3668 1138 3739 cujus
1175 3668 1407 3722 transitu
1448 3682 1609 3722 voces
1647 3666 1957 3722 canentium

378 3760 692 3831 angelorum
721 3760 921 3815 audita:
945 3769 1101 3824 sunt,
1126 3759 1422 3814 dicentium
1451 3777 1465 3811 :
1499 3757 1605 3812 Iste
1634 3767 1845 3813 sanctus
1872 3757 1955 3809 di-

378 3846 475 3922 gne
513 3853 567 3905 in
608 3851 917 3905 memoriam
955 3851 1171 3904 vertitur
1197 3849 1499 3914 hominum,
1526 3849 1614 3920 qui
1639 3849 1833 3919 gaudio
1863 3849 1961 3901 du-

379 3944 520 3996 citur
565 3941 917 4012 angelorum:
954 3942 1088 4017 guia
1132 3943 1187 3995 in
1230 3941 1328 3995 hac
1372 3940 1820 4012 peregrinatione,
1851 3948 1956 3993 etc.

379 4034 628 4089 Mortuus
663 4042 747 4088 est
787 4044 969 4090 autem
1008 4034 1358 4091 beatissimus
1379 4034 1824 4103 arelticpisc0pus
1850 4033 1958 4087 Ra-

379 4122 555 4179 banus
592 4124 734 4193 apud
759 4123 1074 4179 Vinicellam
1096 4165 1111 4191 ,
1138 4124 1490 4179 habitationis
1517 4139 1627 4178 suae
1654 4124 1832 4177 vicum
1852 4164 1866 4188 ,
1893 4123 1960 4177 ad

378 4213 562 4269 littora
605 4213 804 4268 Rheni.
852 4213 1019 4283 Cujus
1070 4230 1287 4270 sacrum
1339 4229 1565 4283 corpus,
1620 4212 1760 4267 sicut
1810 4214 1964 4268 vivus

2066 3309 2121 3357 et
2165 3301 2351 3356 famuli
2398 3302 2482 3357 sui
2532 3311 2853 3373 perpetuum
2901 3304 3199 3370 honorem,
3246 3302 3653 3359 sanctissimum

2071 3409 2272 3464 corpus
2295 3390 2413 3460 ejus
2438 3392 2504 3447 de
2531 3392 2800 3464 Moguntia
2823 3390 3124 3460 ot’dinavit,
3153 3403 3210 3448 et
3246 3394 3415 3448 voluit
3455 3394 3511 3448 in
3549 3391 3652 3447 Sa-

2067 3486 2284 3540 xoniam
2309 3484 2597 3540 transferri
2636 3498 2778 3541 anno
2813 3487 3100 3557 praesenti,
3145 3502 3254 3557 quo
3292 3488 3396 3542 hoc
3434 3486 3655 3557 scripsi-

2067 3592 2189 3631 mus
2205 3618 2220 3642 ,
2249 3576 2547 3631 Dominicae
2572 3576 2825 3632 videlicet
2852 3577 3155 3632 nativitatis
3179 3577 3466 3633 millesimo
3491 3576 3653 3647 quin-

2068 3667 2368 3738 gentesimo
2410 3669 2599 3737 quinto
2645 3668 2887 3732 decimo,
2939 3668 3237 3731 indictione
3285 3668 3656 3731 Romanorum

2070 3758 2248 3811 tertia.
2294 3756 2423 3823 Quae
2460 3758 2677 3829 quidem
2720 3759 3003 3815 translatio
3026 3775 3124 3830 per
3156 3775 3319 3830 quem
3341 3801 3355 3825 ,
3394 3758 3651 3830 qualiter,

2069 3846 2287 3914 quando
2309 3888 2322 3912 ,
2351 3856 2408 3902 et
2442 3863 2699 3918 quorsum
2738 3851 2809 3904 sit
2847 3849 2989 3904 facta
3021 3891 3035 3916 ,
3065 3850 3285 3927 speciali
3314 3857 3657 3921 syntagmate

2069 3936 2458 4008 descripsimus
2500 3942 2567 3994 ad
2615 3941 2827 3996 laudem
2882 3954 2937 3998 et
2981 3942 3207 4013 gloriam
3252 3942 3346 3997 Dei
3409 3943 3655 4010 omnipo—

2075 4029 2270 4092 tentis,
2321 4028 2529 4095 Patris,
2580 4040 2638 4086 et
2687 4031 2847 4094 Filii,
2899 4041 2955 4087 et
3005 4031 3242 4105 Spiritus
3289 4032 3507 4087 sancti:
3560 4033 3653 4101 qui

2075 4120 2217 4174 Deus
2253 4130 2369 4186 est,
2405 4122 2537 4176 vivit
2585 4132 2655 4177 et.
2685 4133 2874 4195 regnat
2910 4138 3062 4179 unus
3090 4139 3189 4194 per
3214 4123 3416 4199 omnia
3457 4123 3653 4179 saecula

2072 4212 2414 4269 saeculorum.
2462 4215 2655 4270 Amen.

1397 4403 1755 4465 EIUSDEM
1802 4405 2019 4465 VITJE
2060 4403 2610 4468 COMPENDIUM.

1826 4515 2184 4529 ,ῃ

452 4562 712 4635 Rabanus
733 4563 786 4628 in
805 4562 972 4635 Fulda
997 4564 1258 4635 nascitur,
1283 4571 1437 4635 patre
1455 4561 1756 4635 Rttthardo,
1784 4565 2042 4635 ma‘treD
2139 4564 2353 4621 Rabani
2405 4574 2762 4622 recensentur
2809 4582 2928 4635 qure
2976 4565 3195 4635 scripsit
3242 4573 3295 4621 et
3348 4565 3656 4624 lucubravit

385 4634 998 4705 Aldegunde,_secun_da
1040 4633 1140 4705 die
1165 4631 1446 4688 Februarii
1487 4647 1629 4686 anno
1667 4631 1963 4687 Dominicte

387 4702 689 4760 nativitatis
709 4703 874 4764 .6788.
912 4702 1025 4756 Lib.
1063 4703 1252 4771 primo.

458 4775 713 4829 Rabanus
747 4775 811 4826 lit
849 4773 1146 4827 monachus
1184 4789 1326 4828 anno
1354 4773 1566 4828 Domini
1608 4773 1741 4837 797,
1786 4774 1965 4829 :etatis

385 4861 499 4901 suae
525 4859 666 4898 anno
689 4858 834 4899 nono
868 4842 1068 4897 Fuldm.
1100 4841 1214 4895 Lib.
1242 4844 1431 4913 primo.

457 4914 720 4971 Rabanus
739 4915 1038 4971 monachus
1074 4912 1426 4968 causastudii
1450 4912 1678 4968 Romam
1718 4913 1784 4967 ad
1812 4914 1963 4968 Albi-

385 5000 516 5039 num
534 4985 948 5055 magistrum,et
973 4984 1352 5055 scholasticum
1380 4982 1769 5038 monachorum
1800 4985 1965 5038 mitti-

388 5064 497 5117 tur,
524 5053 672 5108 anno
698 5054 911 5110 Domini
937 5054 1059 5111 896.
1088 5053 1203 5108 Lib.
1230 5055 1418 5122 primo.

456 5124 740 5197 Rabanus,
767 5124 950 5179 Roma:
973 5139 1073 5197 sex
1096 5125 1343 5197 annisin
1361 5124 1541 5197 studio
1569 5124 1804 5197 exactis,
1833 5123 1964 5178 Ful-

382 5195 833 5257 damrevertitur
852 5210 999 5250 anno
1016 5192 1224 5249 Domini
1247 5193 1370 5251 812.
1396 5192 1510 5247 Lib.
1538 5194 1726 5264 primo.
1752 5195 1820 5248 Et
1842 5209 1964 5249 mox

384 5265 747 5320 scholasticus
773 5266 1160 5329 monachorum
1184 5264 1369 5319 Fuldze
1392 5265 1715 5319 instituitur.

458 5334 719 5389 Babanus
761 5335 823 5388 ﬁt
855 5336 1027 5389 abbas
1065 5333 1437 5405 Fuldensisin
1478 5335 1668 5405 ordine
1704 5335 1959 5405 quintus,

383 5405 550 5460 annis
572 5405 766 5475 viginti
780 5405 999 5460 :duobus
1018 5445 1033 5469 ,
1060 5421 1200 5465 anno
1226 5403 1568 5475 Domini7825
1586 5445 1600 5465 ,
1632 5403 1808 5460 aetatis
1833 5420 1963 5459 vero

383 5489 505 5547 sua:
531 5473 813 5547 trigesimo
834 5483 1007 5530 sexto.
1038 5475 1154 5528 Lib.
1181 5473 1409 5547 secundo
1437 5474 1491 5529 in
1521 5477 1798 5547 principio.

430 5540 753 5617 «·1ιθ1εεεήειε-η
770 5545 952 5617 factus
1000 5553 1103 5617 est,
1133 5540 1569 5617 archiepiscopus
1610 5540 1971 5617 idiogttntinus

383 5614 693 5686 sexwial.
723 5613 848 5670 Julii
867 5654 883 5680 ,
912 5628 1057 5671 anno
1084 5615 1299 5675 Domini
1320 5613 1451 5680 ΒΗ,
1473 5613 1789 5686 ὶεωιὶδᾳεῂω
1808 5616 1970 5686 quin-

384 5685 711 5755 quagesimo
733 5700 898 5748 nono,
920 5696 976 5739 et
997 5686 1209 5755 praefuit
1235 5685 1392 5741 annis
1417 5698 1627 5742 novem.
1652 5683 1766 5739 Lib.
1796 5683 1989 5739 tertio.-

470 5785 495 5813 ι
530 5773 916 5844 Reponendum
947 5773 1103 5829 151ὄ.
1134 5775 1286 5832 Eutr.

640 5861 917 5925 Ριτκοι..
973 5863 1162 5927 CVII.

2068 4637 2328 4708 opuscula
2348 4679 2363 4701 ,
2389 4651 2487 4706 per
2515 4652 2687 4692 annos
2726 4637 2947 4708 triginta
2984 4651 3175 4691 novem
3205 4637 3513 4694 continuos.
3544 4637 3656 4699 Eo-

2068 4706 2185 4759 dem
2216 4706 2349 4760 libro
2380 4708 2552 4760 tertio.

2141 4774 2395 4849 Babamrs
2421 4778 2866 4849 archiepiscopus
2892 4776 3182 4849 Moguntize
3209 4786 3398 4833 sextus
3426 4778 3478 4834 in
3504 4777 3654 4835 Vini-

2067 4847 2205 4901 cella
2251 4863 2304 4900 vt
2354 4847 2472 4900 Kal.
2517 4846 2838 4902 Novembris
2886 4846 3139 4914 moritur,
3180 4849 3529 4918 pontiﬁcatus
3572 4851 3654 4905 sui

2067 4933 2209 4972 anno
2234 4932 2398 4982 nono,
2430 4932 2617 4972 mense
2643 4927 2857 4987 quarto,
2885 4918 3060 4974 muttis
3080 4934 3214 4973 vero
3239 4935 3351 4974 suae
3375 4921 3655 4988 sexagesi-

2074 5002 2162 5057 mo
2184 4994 2397 5052 octavo,
2424 5002 2609 5043 mense
2632 5003 2775 5043 nono
2797 4997 2851 5041 et
2872 4988 3263 5057 incarnationis
3286 4989 3497 5044 Domini
3521 4990 3650 5045 856.

2076 5055 2232 5111 Libro
2260 5058 2437 5112 tertio.
2536 5060 2548 5070 '
2745 5065 2750 5071 '

2143 5127 2353 5204 Rabani
2393 5128 2688 5204 corpusin
2726 5128 2955 5204 ecclesia
2988 5128 3163 5204 jacui‘t
3188 5129 3655 5204 sepultumannis

2074 5200 2343 5253 sexcentis
2366 5198 2756 5271 quinquaginta
2784 5198 2997 5256 novem.
3022 5200 3088 5255 In
3104 5200 3217 5324 [ine
3241 5198 3331 5253 lib.
3361 5198 3521 5252 tertii.

2144 5268 2350 5323 Rabani
2366 5285 2561 5324 corpus
2585 5271 2636 5324 in
2654 5268 2945 5324 S‘ax'oniam
2960 5286 3081 5324 cum
3124 5284 3305 5324 tonore
3326 5266 3521 5323 traiist

2144 5268 2350 5323 Rabani
2366 5266 2561 5340 corpus
2585 5266 2636 5325 in
2654 5268 2945 5327 S‘ax’oniam
2960 5286 3081 5325 eum
3104 5266 3305 5340 honore
3326 5266 3655 5340 transfertur

2072 5340 2125 5393 in
2154 5355 2340 5394 mense
2363 5337 2606 5410 Augusto
2625 5381 2645 5407 ,
2669 5356 2812 5396 anno
2840 5341 3053 5410 Domini
3079 5338 3364 5393 millesimo
3390 5337 3656 5410 quingen-

2075 5410 2270 5465 tesimo
2291 5408 2480 5478 quinto
2502 5412 2728 5465 decimo.
2872 5408 2877 5413 ’
3162 5414 3167 5423 ⁸

2149 5475 2358 5535 Babani
2398 5482 2647 5550 corporis
2682 5480 3035 5550 sive_os$ium
3064 5476 3476 5550 translationem
3505 5477 3558 5550 in
3586 5475 3655 5534 lio

2078 5550 2178 5605 bro
2197 5550 2447 5620 speciali
2471 5545 2761 5620 descripsit
2792 5545 3402 5620 Joannes__Trithemi_us
3418 5588 3457 5620 ,_
3482 5547 3650 5620 abbas

2081 5617 2396 5689 monasterii
2424 5621 2597 5675 sancti
2620 5617 2801 5674 Jacobi
2830 5617 3253 5689 gapostoligaptud
3286 5617 3648 5689 ‘ﬂerbipolim.

2082 5688 2232 5745 Finis
2260 5704 2383 5756 cum
2411 5689 2612 5745 auxilio
2638 5689 2731 5743 Dei
2759 5686 3020 5756 vigesimo
3049 5687 3136 5743 die
3161 5686 3413 5745 Octobris
3433 5686 3540 5744 915
3566 5699 3616 5745 θ.

3258 5859 3300 5920 ι
