  <div class='ocr_page' id='page_1' title='image "/cluster/home/n/w/nwhite01/storage/ocr_20150623/107/hvd.32044054759725/063.png"; bbox 0 0 4012 6202; ppageno 0'>
   <div class='ocr_carea' id='block_1_1' title="bbox 412 391 515 453">
    <p class='ocr_par' dir='ltr' id='par_1_1' title="bbox 412 391 515 453">
     <span class='ocr_line' id='line_1_1' title="bbox 412 391 515 453; baseline 0 -1"><span class='ocrx_word' id='word_1_1' title='bbox 412 391 515 453; x_wconf 75' lang='lat'><strong>“5</strong></span> 
     </span>
    </p>
   </div>
   <div class='ocr_carea' id='block_1_2' title="bbox 1540 388 2536 449">
    <p class='ocr_par' dir='ltr' id='par_1_2' title="bbox 1540 388 2536 449">
     <span class='ocr_line' id='line_1_2' title="bbox 1540 388 2536 449; baseline 0 -3"><span class='ocrx_word' id='word_1_2' title='bbox 1540 394 1632 447; x_wconf 79' lang='lat' dir='ltr'><strong>AD</strong></span> <span class='ocrx_word' id='word_1_3' title='bbox 1666 393 1885 449; x_wconf 71' lang='lat' dir='ltr'><strong>OPERA</strong></span> <span class='ocrx_word' id='word_1_4' title='bbox 1929 392 1986 445; x_wconf 76' lang='grc' dir='ltr'><strong>Β.</strong></span> <span class='ocrx_word' id='word_1_5' title='bbox 2029 388 2279 446; x_wconf 69' lang='lat' dir='ltr'><strong>RABA&#39;NI</strong></span> <span class='ocrx_word' id='word_1_6' title='bbox 2319 391 2536 447; x_wconf 78' lang='lat' dir='ltr'><strong>MAURI</strong></span> 
     </span>
    </p>
   </div>
   <div class='ocr_carea' id='block_1_3' title="bbox 3557 393 3660 451">
    <p class='ocr_par' dir='ltr' id='par_1_3' title="bbox 3557 393 3660 451">
     <span class='ocr_line' id='line_1_3' title="bbox 3557 393 3660 451; baseline 0 -1"><span class='ocrx_word' id='word_1_7' title='bbox 3557 393 3660 451; x_wconf 80' lang='lat' dir='ltr'><strong>H6</strong></span> 
     </span>
    </p>
   </div>
   <div class='ocr_carea' id='block_1_4' title="bbox 405 502 3656 577">
    <p class='ocr_par' dir='ltr' id='par_1_4' title="bbox 405 502 3656 577">
     <span class='ocr_line' id='line_1_4' title="bbox 405 502 3656 577; baseline 0.001 -17"><span class='ocrx_word' id='word_1_8' title='bbox 405 503 752 577; x_wconf 70' lang='lat' dir='ltr'><strong>epistularum</strong></span> <span class='ocrx_word' id='word_1_9' title='bbox 787 506 853 577; x_wconf 85' lang='lat' dir='ltr'><strong>ad</strong></span> <span class='ocrx_word' id='word_1_10' title='bbox 880 506 1254 577; x_wconf 12' lang='lat' dir='ltr'><strong>diversosilib.</strong></span> <span class='ocrx_word' id='word_1_11' title='bbox 1290 521 1340 570; x_wconf 83' lang='lat' dir='ltr'><strong>l;</strong></span> <span class='ocrx_word' id='word_1_12' title='bbox 1390 519 1673 577; x_wconf 75' lang='lat' dir='ltr'><strong>sermones</strong></span> <span class='ocrx_word' id='word_1_13' title='bbox 1702 504 1878 577; x_wconf 76' lang='lat' dir='ltr'><strong>etiam</strong></span> <span class='ocrx_word' id='word_1_14' title='bbox 1921 512 1973 577; x_wconf 81' lang='lat' dir='ltr'><strong>et</strong></span> <span class='ocrx_word' id='word_1_15' title='bbox 2005 506 2049 565; x_wconf 84' lang='grc' dir='ltr'>Α</span> <span class='ocrx_word' id='word_1_16' title='bbox 2081 512 2339 577; x_wconf 83' lang='lat' dir='ltr'><strong>tempore,</strong></span> <span class='ocrx_word' id='word_1_17' title='bbox 2371 504 2627 577; x_wconf 77' lang='lat' dir='ltr'><strong>cumisto</strong></span> <span class='ocrx_word' id='word_1_18' title='bbox 2661 502 3119 577; x_wconf 77' lang='lat' dir='ltr'><strong>monasterio_di_vi</strong></span> <span class='ocrx_word' id='word_1_19' title='bbox 3152 503 3351 577; x_wconf 79' lang='lat' dir='ltr'><strong>Aurelii</strong></span> <span class='ocrx_word' id='word_1_20' title='bbox 3382 506 3656 574; x_wconf 84' lang='lat' dir='ltr'><strong>pontiﬁcis</strong></span> 
     </span>
    </p>
   </div>
   <div class='ocr_carea' id='block_1_5' title="bbox 406 573 1971 646">
    <p class='ocr_par' dir='ltr' id='par_1_5' title="bbox 406 573 1971 646">
     <span class='ocr_line' id='line_1_5' title="bbox 406 573 1971 646; baseline -0.004 -15"><span class='ocrx_word' id='word_1_21' title='bbox 406 573 654 646; x_wconf 71' lang='lat' dir='ltr'><strong>homilias</strong></span> <span class='ocrx_word' id='word_1_22' title='bbox 700 576 915 646; x_wconf 51' lang='lat' dir='ltr'><strong>scripsit</strong></span> <span class='ocrx_word' id='word_1_23' title='bbox 961 590 1095 646; x_wconf 90' lang='lat' dir='ltr'><strong>pene</strong></span> <span class='ocrx_word' id='word_1_24' title='bbox 1144 575 1578 646; x_wconf 88' lang='lat' dir='ltr'><strong>innumerabiles.</strong></span> <span class='ocrx_word' id='word_1_25' title='bbox 1615 573 1734 646; x_wconf 68' lang='lat' dir='ltr'><strong>Yidi</strong></span> <span class='ocrx_word' id='word_1_26' title='bbox 1781 588 1880 646; x_wconf 78' lang='lat' dir='ltr'><strong>ego</strong></span> <span class='ocrx_word' id='word_1_27' title='bbox 1919 574 1971 627; x_wconf 92' lang='lat' dir='ltr'><strong>in</strong></span> 
     </span>
    </p>
   </div>
   <div class='ocr_carea' id='block_1_6' title="bbox 405 644 1972 712">
    <p class='ocr_par' dir='ltr' id='par_1_6' title="bbox 405 644 1972 712">
     <span class='ocr_line' id='line_1_6' title="bbox 405 644 1972 712; baseline -0.003 -12"><span class='ocrx_word' id='word_1_28' title='bbox 405 644 728 700; x_wconf 82' lang='lat' dir='ltr'><strong>bibliotheca</strong></span> <span class='ocrx_word' id='word_1_29' title='bbox 756 644 1037 701; x_wconf 84' lang='lat' dir='ltr'><strong>Fuldeusis</strong></span> <span class='ocrx_word' id='word_1_30' title='bbox 1063 645 1293 700; x_wconf 69' lang='lat' dir='ltr'><strong>emnobii</strong></span> <span class='ocrx_word' id='word_1_31' title='bbox 1323 645 1457 697; x_wconf 89' lang='lat' dir='ltr'><strong>alios</strong></span> <span class='ocrx_word' id='word_1_32' title='bbox 1479 644 1781 712; x_wconf 88' lang='lat' dir='ltr'><strong>complures</strong></span> <span class='ocrx_word' id='word_1_33' title='bbox 1808 644 1972 696; x_wconf 90' lang='lat' dir='ltr'><strong>libros</strong></span> 
     </span>
    </p>
   </div>
   <div class='ocr_carea' id='block_1_7' title="bbox 408 712 1972 781">
    <p class='ocr_par' dir='ltr' id='par_1_7' title="bbox 408 712 1972 781">
     <span class='ocr_line' id='line_1_7' title="bbox 408 712 1972 781; baseline -0.002 -14"><span class='ocrx_word' id='word_1_34' title='bbox 408 714 642 777; x_wconf 74' lang='lat' dir='ltr'><strong>&#39;tahani,</strong></span> <span class='ocrx_word' id='word_1_35' title='bbox 693 715 926 769; x_wconf 75' lang='lat' dir='ltr'><strong>maxime</strong></span> <span class='ocrx_word' id='word_1_36' title='bbox 953 714 1006 767; x_wconf 91' lang='lat' dir='ltr'><strong>in</strong></span> <span class='ocrx_word' id='word_1_37' title='bbox 1037 714 1243 769; x_wconf 89' lang='lat' dir='ltr'><strong>artibus</strong></span> <span class='ocrx_word' id='word_1_38' title='bbox 1270 714 1579 767; x_wconf 78' lang='lat' dir='ltr'><strong>liberalibus</strong></span> <span class='ocrx_word' id='word_1_39' title='bbox 1608 732 1619 766; x_wconf 93' lang='lat'><strong>:</strong></span> <span class='ocrx_word' id='word_1_40' title='bbox 1653 726 1881 781; x_wconf 87' lang='lat' dir='ltr'><strong>quorum</strong></span> <span class='ocrx_word' id='word_1_41' title='bbox 1906 712 1972 765; x_wconf 92' lang='lat' dir='ltr'><strong>ti-</strong></span> 
     </span>
    </p>
   </div>
   <div class='ocr_carea' id='block_1_8' title="bbox 408 781 1973 851">
    <p class='ocr_par' dir='ltr' id='par_1_8' title="bbox 408 781 1973 851">
     <span class='ocr_line' id='line_1_8' title="bbox 408 781 1973 851; baseline -0.002 -14"><span class='ocrx_word' id='word_1_42' title='bbox 408 783 547 839; x_wconf 81' lang='lat' dir='ltr'><strong>tulos</strong></span> <span class='ocrx_word' id='word_1_43' title='bbox 573 781 689 851; x_wconf 89' lang='lat' dir='ltr'><strong>jam</strong></span> <span class='ocrx_word' id='word_1_44' title='bbox 710 798 740 836; x_wconf 91' lang='lat' dir='ltr'><strong>a</strong></span> <span class='ocrx_word' id='word_1_45' title='bbox 768 785 1026 838; x_wconf 83' lang='lat' dir='ltr'><strong>memoria</strong></span> <span class='ocrx_word' id='word_1_46' title='bbox 1058 783 1179 838; x_wconf 90' lang='lat' dir='ltr'><strong>tulit</strong></span> <span class='ocrx_word' id='word_1_47' title='bbox 1204 784 1418 838; x_wconf 86' lang='lat' dir='ltr'><strong>oblivio.</strong></span> <span class='ocrx_word' id='word_1_48' title='bbox 1464 783 1595 835; x_wconf 79' lang='lat' dir='ltr'><strong>Nam</strong></span> <span class='ocrx_word' id='word_1_49' title='bbox 1628 784 1766 835; x_wconf 87' lang='lat' dir='ltr'><strong>inter</strong></span> <span class='ocrx_word' id='word_1_50' title='bbox 1785 796 1973 851; x_wconf 87' lang='lat' dir='ltr'><strong>omnes</strong></span> 
     </span>
    </p>
   </div>
   <div class='ocr_carea' id='block_1_9' title="bbox 401 850 1974 922">
    <p class='ocr_par' dir='ltr' id='par_1_9' title="bbox 401 850 1974 922">
     <span class='ocr_line' id='line_1_9' title="bbox 401 850 1974 922; baseline 0 -19"><span class='ocrx_word' id='word_1_51' title='bbox 401 853 694 922; x_wconf 59' lang='lat' dir='ltr'><strong>Alemanite</strong></span> <span class='ocrx_word' id='word_1_52' title='bbox 734 853 1003 922; x_wconf 77' lang='lat' dir='ltr'><strong>ltalithue</strong></span> <span class='ocrx_word' id='word_1_53' title='bbox 1032 855 1280 908; x_wconf 88' lang='lat' dir='ltr'><strong>doctores</strong></span> <span class='ocrx_word' id='word_1_54' title='bbox 1321 853 1499 906; x_wconf 91' lang='lat' dir='ltr'><strong>nullus</strong></span> <span class='ocrx_word' id='word_1_55' title='bbox 1520 852 1801 905; x_wconf 76' lang='lat' dir='ltr'><strong>Rabanum</strong></span> <span class='ocrx_word' id='word_1_56' title='bbox 1840 850 1974 922; x_wconf 78' lang='lat' dir='ltr'><strong>scri-</strong></span> 
     </span>
    </p>
   </div>
   <div class='ocr_carea' id='block_1_10' title="bbox 404 919 1968 987">
    <p class='ocr_par' dir='ltr' id='par_1_10' title="bbox 404 919 1968 987">
     <span class='ocr_line' id='line_1_10' title="bbox 404 919 1968 987; baseline -0.001 -13"><span class='ocrx_word' id='word_1_57' title='bbox 404 919 601 987; x_wconf 76' lang='lat' dir='ltr'><strong>bendo,</strong></span> <span class='ocrx_word' id='word_1_58' title='bbox 642 930 697 976; x_wconf 93' lang='lat' dir='ltr'><strong>et</strong></span> <span class='ocrx_word' id='word_1_59' title='bbox 744 919 967 977; x_wconf 78' lang='lat' dir='ltr'><strong>numero</strong></span> <span class='ocrx_word' id='word_1_60' title='bbox 1018 930 1073 977; x_wconf 89' lang='lat' dir='ltr'><strong>et</strong></span> <span class='ocrx_word' id='word_1_61' title='bbox 1117 923 1350 976; x_wconf 79' lang='lat' dir='ltr'><strong>utilitate</strong></span> <span class='ocrx_word' id='word_1_62' title='bbox 1393 922 1670 983; x_wconf 75' lang='lat' dir='ltr'><strong>librorum,</strong></span> <span class='ocrx_word' id='word_1_63' title='bbox 1717 921 1968 974; x_wconf 57' lang='lat' dir='ltr'><strong>excessit.</strong></span> 
     </span>
    </p>
   </div>
   <div class='ocr_carea' id='block_1_11' title="bbox 403 989 1972 1060">
    <p class='ocr_par' dir='ltr' id='par_1_11' title="bbox 403 989 1972 1060">
     <span class='ocr_line' id='line_1_11' title="bbox 403 989 1972 1060; baseline 0.001 -18"><span class='ocrx_word' id='word_1_64' title='bbox 403 991 565 1045; x_wconf 69' lang='lat' dir='ltr'><strong>Multa</strong></span> <span class='ocrx_word' id='word_1_65' title='bbox 595 993 737 1047; x_wconf 90' lang='lat' dir='ltr'><strong>enim</strong></span> <span class='ocrx_word' id='word_1_66' title='bbox 763 992 1035 1046; x_wconf 83' lang='lat' dir='ltr'><strong>volumina</strong></span> <span class='ocrx_word' id='word_1_67' title='bbox 1074 992 1322 1060; x_wconf 91' lang='lat' dir='ltr'><strong>scripsit,</strong></span> <span class='ocrx_word' id='word_1_68' title='bbox 1361 1006 1478 1060; x_wconf 73' lang='lat' dir='ltr'><strong>qum</strong></span> <span class='ocrx_word' id='word_1_69' title='bbox 1514 1006 1611 1044; x_wconf 92' lang='lat' dir='ltr'><strong>nos</strong></span> <span class='ocrx_word' id='word_1_70' title='bbox 1635 989 1724 1043; x_wconf 85' lang='lat' dir='ltr'><strong>hic</strong></span> <span class='ocrx_word' id='word_1_71' title='bbox 1753 989 1972 1060; x_wconf 86' lang='lat' dir='ltr'><strong>minime</strong></span> 
     </span>
    </p>
   </div>
   <div class='ocr_carea' id='block_1_12' title="bbox 399 1059 1974 1131">
    <p class='ocr_par' dir='ltr' id='par_1_12' title="bbox 399 1059 1974 1131">
     <span class='ocr_line' id='line_1_12' title="bbox 399 1059 1974 1131; baseline -0.001 -19"><span class='ocrx_word' id='word_1_72' title='bbox 399 1062 749 1131; x_wconf 73' lang='lat' dir='ltr'><strong>signavimus.</strong></span> <span class='ocrx_word' id='word_1_73' title='bbox 780 1060 902 1115; x_wconf 87' lang='lat' dir='ltr'><strong>Fuit</strong></span> <span class='ocrx_word' id='word_1_74' title='bbox 930 1063 1071 1116; x_wconf 91' lang='lat' dir='ltr'><strong>enim</strong></span> <span class='ocrx_word' id='word_1_75' title='bbox 1109 1059 1200 1114; x_wconf 17' lang='lat' dir='ltr'><strong>viri</strong></span> <span class='ocrx_word' id='word_1_76' title='bbox 1221 1059 1664 1131; x_wconf 82' lang='lat' dir='ltr'><strong>studiosissimus,</strong></span> <span class='ocrx_word' id='word_1_77' title='bbox 1695 1059 1809 1131; x_wconf 82' lang='lat' dir='ltr'><strong>_qui_</strong></span> <span class='ocrx_word' id='word_1_78' title='bbox 1831 1073 1974 1131; x_wconf 80' lang='lat' dir='ltr'><strong>sem-</strong></span> 
     </span>
    </p>
   </div>
   <div class='ocr_carea' id='block_1_13' title="bbox 399 1128 1971 1197">
    <p class='ocr_par' dir='ltr' id='par_1_13' title="bbox 399 1128 1971 1197">
     <span class='ocr_line' id='line_1_13' title="bbox 399 1128 1971 1197; baseline -0.001 -15"><span class='ocrx_word' id='word_1_79' title='bbox 399 1128 496 1197; x_wconf 71' lang='lat' dir='ltr'><strong>per</strong></span> <span class='ocrx_word' id='word_1_80' title='bbox 545 1131 783 1185; x_wconf 89' lang='lat' dir='ltr'><strong>intentus</strong></span> <span class='ocrx_word' id='word_1_81' title='bbox 832 1138 949 1185; x_wconf 88' lang='lat' dir='ltr'><strong>erat</strong></span> <span class='ocrx_word' id='word_1_82' title='bbox 1008 1131 1259 1193; x_wconf 82' lang='lat' dir='ltr'><strong>lectioni,</strong></span> <span class='ocrx_word' id='word_1_83' title='bbox 1322 1130 1625 1197; x_wconf 88' lang='lat' dir='ltr'><strong>multosque</strong></span> <span class='ocrx_word' id='word_1_84' title='bbox 1680 1128 1971 1196; x_wconf 86' lang='lat' dir='ltr'><strong>discipulos</strong></span> 
     </span>
    </p>
   </div>
   <div class='ocr_carea' id='block_1_14' title="bbox 400 1197 1970 1254">
    <p class='ocr_par' dir='ltr' id='par_1_14' title="bbox 400 1197 1970 1254">
     <span class='ocr_line' id='line_1_14' title="bbox 400 1197 1970 1254; baseline -0.001 -3"><span class='ocrx_word' id='word_1_85' title='bbox 400 1200 740 1254; x_wconf 48' lang='lat' dir='ltr'><strong>doctissimos</strong></span> <span class='ocrx_word' id='word_1_86' title='bbox 794 1202 1000 1254; x_wconf 78' lang='lat' dir='ltr'><strong>habuit.</strong></span> <span class='ocrx_word' id='word_1_87' title='bbox 1053 1201 1110 1253; x_wconf 90' lang='lat' dir='ltr'><strong>lu</strong></span> <span class='ocrx_word' id='word_1_88' title='bbox 1153 1200 1369 1252; x_wconf 84' lang='lat' dir='ltr'><strong>abbatia</strong></span> <span class='ocrx_word' id='word_1_89' title='bbox 1413 1197 1665 1251; x_wconf 84' lang='lat' dir='ltr'><strong>Fuldcnsi</strong></span> <span class='ocrx_word' id='word_1_90' title='bbox 1714 1210 1743 1248; x_wconf 89' lang='lat' dir='ltr'><strong>a</strong></span> <span class='ocrx_word' id='word_1_91' title='bbox 1780 1202 1970 1250; x_wconf 88' lang='lat' dir='ltr'><strong>sancto</strong></span> 
     </span>
    </p>
   </div>
   <div class='ocr_carea' id='block_1_15' title="bbox 402 1266 1969 1339">
    <p class='ocr_par' dir='ltr' id='par_1_15' title="bbox 402 1266 1969 1339">
     <span class='ocr_line' id='line_1_15' title="bbox 402 1266 1969 1339; baseline -0.001 -19"><span class='ocrx_word' id='word_1_92' title='bbox 402 1270 620 1323; x_wconf 64' lang='lat' dir='ltr'><strong>Sturmo</strong></span> <span class='ocrx_word' id='word_1_93' title='bbox 659 1271 834 1339; x_wconf 89' lang='lat' dir='ltr'><strong>primo</strong></span> <span class='ocrx_word' id='word_1_94' title='bbox 868 1269 1060 1323; x_wconf 91' lang='lat' dir='ltr'><strong>abbate</strong></span> <span class='ocrx_word' id='word_1_95' title='bbox 1088 1278 1310 1339; x_wconf 75' lang='lat' dir='ltr'><strong>quartus</strong></span> <span class='ocrx_word' id='word_1_96' title='bbox 1352 1267 1470 1329; x_wconf 88' lang='lat' dir='ltr'><strong>fuit,</strong></span> <span class='ocrx_word' id='word_1_97' title='bbox 1519 1267 1572 1320; x_wconf 89' lang='lat' dir='ltr'><strong>in</strong></span> <span class='ocrx_word' id='word_1_98' title='bbox 1604 1266 1969 1339; x_wconf 83' lang='lat' dir='ltr'><strong>archiepisco-</strong></span> 
     </span>
    </p>
   </div>
   <div class='ocr_carea' id='block_1_16' title="bbox 400 1335 1968 1406">
    <p class='ocr_par' dir='ltr' id='par_1_16' title="bbox 400 1335 1968 1406">
     <span class='ocr_line' id='line_1_16' title="bbox 400 1335 1968 1406; baseline -0.001 -18"><span class='ocrx_word' id='word_1_99' title='bbox 400 1346 523 1404; x_wconf 79' lang='lat' dir='ltr'><strong>|t.illl</strong></span> <span class='ocrx_word' id='word_1_100' title='bbox 564 1335 874 1406; x_wconf 71' lang='lat' dir='ltr'><strong>Moguntino</strong></span> <span class='ocrx_word' id='word_1_101' title='bbox 915 1335 1121 1393; x_wconf 59' lang='lat' dir='ltr'><strong>sextus:</strong></span> <span class='ocrx_word' id='word_1_102' title='bbox 1172 1336 1333 1391; x_wconf 78' lang='lat' dir='ltr'><strong>Rexit</strong></span> <span class='ocrx_word' id='word_1_103' title='bbox 1378 1345 1556 1389; x_wconf 89' lang='lat' dir='ltr'><strong>autem</strong></span> <span class='ocrx_word' id='word_1_104' title='bbox 1600 1335 1968 1406; x_wconf 71' lang='lat' dir='ltr'><strong>episconatuni</strong></span> 
     </span>
    </p>
   </div>
   <div class='ocr_carea' id='block_1_17' title="bbox 398 1404 1965 1478">
    <p class='ocr_par' dir='ltr' id='par_1_17' title="bbox 398 1404 1965 1478">
     <span class='ocr_line' id='line_1_17' title="bbox 398 1404 1965 1478; baseline -0.001 -20"><span class='ocrx_word' id='word_1_105' title='bbox 398 1407 554 1461; x_wconf 71' lang='lat' dir='ltr'><strong>:szmis</strong></span> <span class='ocrx_word' id='word_1_106' title='bbox 588 1404 729 1472; x_wconf 76' lang='lat' dir='ltr'><strong>octo,</strong></span> <span class='ocrx_word' id='word_1_107' title='bbox 777 1408 860 1478; x_wconf 88' lang='lat' dir='ltr'><strong>vir</strong></span> <span class='ocrx_word' id='word_1_108' title='bbox 886 1407 940 1462; x_wconf 90' lang='lat' dir='ltr'><strong>in</strong></span> <span class='ocrx_word' id='word_1_109' title='bbox 975 1422 1237 1478; x_wconf 78' lang='lat' dir='ltr'><strong>pauperes</strong></span> <span class='ocrx_word' id='word_1_110' title='bbox 1278 1405 1845 1478; x_wconf 65' lang='lat' dir='ltr'><strong>ntisericortliss_it_iitts,</strong></span> <span class='ocrx_word' id='word_1_111' title='bbox 1872 1404 1965 1472; x_wconf 85' lang='lat' dir='ltr'><strong>qui</strong></span> 
     </span>
    </p>
   </div>
   <div class='ocr_carea' id='block_1_18' title="bbox 398 1473 1970 1547">
    <p class='ocr_par' dir='ltr' id='par_1_18' title="bbox 398 1473 1970 1547">
     <span class='ocr_line' id='line_1_18' title="bbox 398 1473 1970 1547; baseline -0.002 -20"><span class='ocrx_word' id='word_1_112' title='bbox 398 1479 477 1530; x_wconf 70' lang='lat' dir='ltr'><strong>(eis</strong></span> <span class='ocrx_word' id='word_1_113' title='bbox 523 1484 762 1547; x_wconf 85' lang='lat' dir='ltr'><strong>tempore</strong></span> <span class='ocrx_word' id='word_1_114' title='bbox 808 1473 1261 1547; x_wconf 18' lang='lat' dir='ltr'><strong>famis&#39;magnaim</strong></span> <span class='ocrx_word' id='word_1_115' title='bbox 1312 1476 1562 1547; x_wconf 78' lang='lat' dir='ltr'><strong>pietatem</strong></span> <span class='ocrx_word' id='word_1_116' title='bbox 1595 1473 1862 1547; x_wconf 80' lang='lat' dir='ltr'><strong>exhibuit,</strong></span> <span class='ocrx_word' id='word_1_117' title='bbox 1914 1481 1970 1547; x_wconf 78' lang='lat' dir='ltr'><strong>et</strong></span> 
     </span>
    </p>
   </div>
   <div class='ocr_carea' id='block_1_19' title="bbox 399 1543 1971 1616">
    <p class='ocr_par' dir='ltr' id='par_1_19' title="bbox 399 1543 1971 1616">
     <span class='ocr_line' id='line_1_19' title="bbox 399 1543 1971 1616; baseline 0 -19"><span class='ocrx_word' id='word_1_118' title='bbox 399 1562 586 1601; x_wconf 82' lang='lat' dir='ltr'><strong>uumcs</strong></span> <span class='ocrx_word' id='word_1_119' title='bbox 628 1543 774 1616; x_wconf 84' lang='lat' dir='ltr'><strong>large</strong></span> <span class='ocrx_word' id='word_1_120' title='bbox 819 1543 1157 1601; x_wconf 73' lang='lat' dir='ltr'><strong>sustentavit.</strong></span> <span class='ocrx_word' id='word_1_121' title='bbox 1200 1543 1326 1608; x_wconf 65' lang='lat' dir='ltr'><strong>Hic,</strong></span> <span class='ocrx_word' id='word_1_122' title='bbox 1357 1546 1542 1616; x_wconf 74' lang='lat' dir='ltr'><strong>habita</strong></span> <span class='ocrx_word' id='word_1_123' title='bbox 1587 1544 1791 1614; x_wconf 85' lang='lat' dir='ltr'><strong>synodo</strong></span> <span class='ocrx_word' id='word_1_124' title='bbox 1828 1543 1971 1616; x_wconf 81' lang='lat' dir='ltr'><strong>apud</strong></span> 
     </span>
    </p>
   </div>
   <div class='ocr_carea' id='block_1_20' title="bbox 404 1613 1966 1685">
    <p class='ocr_par' dir='ltr' id='par_1_20' title="bbox 404 1613 1966 1685">
     <span class='ocr_line' id='line_1_20' title="bbox 404 1613 1966 1685; baseline -0.001 -18"><span class='ocrx_word' id='word_1_125' title='bbox 404 1613 748 1685; x_wconf 49' lang='lat' dir='ltr'><strong>iloguntiam}</strong></span> <span class='ocrx_word' id='word_1_126' title='bbox 798 1618 965 1670; x_wconf 91' lang='lat' dir='ltr'><strong>multa</strong></span> <span class='ocrx_word' id='word_1_127' title='bbox 994 1616 1063 1671; x_wconf 89' lang='lat' dir='ltr'><strong>ad</strong></span> <span class='ocrx_word' id='word_1_128' title='bbox 1089 1616 1376 1670; x_wconf 84' lang='lat' dir='ltr'><strong>utilitatem</strong></span> <span class='ocrx_word' id='word_1_129' title='bbox 1406 1613 1639 1685; x_wconf 82' lang='lat' dir='ltr'><strong>ﬁdelium</strong></span> <span class='ocrx_word' id='word_1_130' title='bbox 1667 1613 1966 1668; x_wconf 88' lang='lat' dir='ltr'><strong>constituit.</strong></span> 
     </span>
    </p>
   </div>
   <div class='ocr_carea' id='block_1_21' title="bbox 402 1683 1699 1750">
    <p class='ocr_par' dir='ltr' id='par_1_21' title="bbox 402 1683 1699 1750">
     <span class='ocr_line' id='line_1_21' title="bbox 402 1683 1699 1750; baseline -0.002 -12"><span class='ocrx_word' id='word_1_131' title='bbox 402 1683 625 1741; x_wconf 75' lang='lat' dir='ltr'><strong>Moritur</strong></span> <span class='ocrx_word' id='word_1_132' title='bbox 644 1701 785 1741; x_wconf 90' lang='lat' dir='ltr'><strong>anno</strong></span> <span class='ocrx_word' id='word_1_133' title='bbox 809 1686 1019 1741; x_wconf 89' lang='lat' dir='ltr'><strong>Domini</strong></span> <span class='ocrx_word' id='word_1_134' title='bbox 1041 1686 1169 1750; x_wconf 70' lang='lat'><strong>855,</strong></span> <span class='ocrx_word' id='word_1_135' title='bbox 1196 1685 1488 1739; x_wconf 85' lang='lat' dir='ltr'><strong>indictione</strong></span> <span class='ocrx_word' id='word_1_136' title='bbox 1524 1683 1699 1737; x_wconf 86' lang='lat' dir='ltr'><strong>tertia.</strong></span> 
     </span>
    </p>
   </div>
   <div class='ocr_carea' id='block_1_22' title="bbox 1102 1775 1267 1831">
    <p class='ocr_par' dir='ltr' id='par_1_22' title="bbox 1102 1775 1267 1831">
     <span class='ocr_line' id='line_1_22' title="bbox 1102 1775 1267 1831; baseline -0.006 0"><span class='ocrx_word' id='word_1_137' title='bbox 1102 1775 1267 1831; x_wconf 77' lang='lat' dir='ltr'><strong>XXV.</strong></span> 
     </span>
    </p>
   </div>
   <div class='ocr_carea' id='block_1_23' title="bbox 608 1866 1759 1940">
    <p class='ocr_par' dir='ltr' id='par_1_23' title="bbox 608 1866 1759 1940">
     <span class='ocr_line' id='line_1_23' title="bbox 608 1866 1759 1940; baseline -0.003 -17"><span class='ocrx_word' id='word_1_138' title='bbox 608 1869 777 1937; x_wconf 86' lang='lat' dir='ltr'><strong>Idem,</strong></span> <span class='ocrx_word' id='word_1_139' title='bbox 810 1870 865 1924; x_wconf 86' lang='lat' dir='ltr'><strong>in</strong></span> <span class='ocrx_word' id='word_1_140' title='bbox 894 1869 1071 1924; x_wconf 87' lang='lat' dir='ltr'><strong>eodem</strong></span> <span class='ocrx_word' id='word_1_141' title='bbox 1101 1884 1270 1940; x_wconf 85' lang='lat' dir='ltr'><strong>opere,</strong></span> <span class='ocrx_word' id='word_1_142' title='bbox 1299 1867 1391 1922; x_wconf 86' lang='lat' dir='ltr'><strong>lib.</strong></span> <span class='ocrx_word' id='word_1_143' title='bbox 1422 1883 1495 1933; x_wconf 85' lang='lat' dir='ltr'><strong>tv,</strong></span> <span class='ocrx_word' id='word_1_144' title='bbox 1526 1884 1639 1937; x_wconf 82' lang='lat' dir='ltr'><strong>cap.</strong></span> <span class='ocrx_word' id='word_1_145' title='bbox 1672 1866 1759 1920; x_wconf 91' lang='lat'><strong>8|.</strong></span> 
     </span>
    </p>
   </div>
   <div class='ocr_carea' id='block_1_24' title="bbox 471 1958 1969 2029">
    <p class='ocr_par' dir='ltr' id='par_1_24' title="bbox 471 1958 1969 2029">
     <span class='ocr_line' id='line_1_24' title="bbox 471 1958 1969 2029; baseline -0.002 -14"><span class='ocrx_word' id='word_1_146' title='bbox 471 1960 722 2016; x_wconf 81' lang='lat' dir='ltr'><strong>Rabanus</strong></span> <span class='ocrx_word' id='word_1_147' title='bbox 765 1960 1013 2025; x_wconf 89' lang='lat' dir='ltr'><strong>Maurus,</strong></span> <span class='ocrx_word' id='word_1_148' title='bbox 1052 1967 1277 2029; x_wconf 91' lang='lat' dir='ltr'><strong>quartus</strong></span> <span class='ocrx_word' id='word_1_149' title='bbox 1324 1960 1521 2029; x_wconf 17' lang='lat' dir='ltr'><strong>abbasg</strong></span> <span class='ocrx_word' id='word_1_150' title='bbox 1540 1958 1840 2021; x_wconf 84' lang='lat' dir='ltr'><strong>Fuldensis,</strong></span> <span class='ocrx_word' id='word_1_151' title='bbox 1874 1973 1969 2013; x_wconf 83' lang='lat' dir='ltr'><strong>na-</strong></span> 
     </span>
    </p>
   </div>
   <div class='ocr_carea' id='block_1_25' title="bbox 400 2027 1970 2099">
    <p class='ocr_par' dir='ltr' id='par_1_25' title="bbox 400 2027 1970 2099">
     <span class='ocr_line' id='line_1_25' title="bbox 400 2027 1970 2099; baseline -0.001 -16"><span class='ocrx_word' id='word_1_152' title='bbox 400 2032 542 2085; x_wconf 87' lang='lat' dir='ltr'><strong>tione</strong></span> <span class='ocrx_word' id='word_1_153' title='bbox 569 2031 803 2095; x_wconf 80' lang='lat' dir='ltr'><strong>Franco,</strong></span> <span class='ocrx_word' id='word_1_154' title='bbox 837 2031 890 2084; x_wconf 95' lang='lat' dir='ltr'><strong>in</strong></span> <span class='ocrx_word' id='word_1_155' title='bbox 913 2027 1086 2099; x_wconf 49' lang='lat' dir='ltr'><strong>silva;</strong></span> <span class='ocrx_word' id='word_1_156' title='bbox 1108 2046 1228 2099; x_wconf 62' lang='lat' dir='ltr'><strong>quae</strong></span> <span class='ocrx_word' id='word_1_157' title='bbox 1263 2029 1462 2084; x_wconf 89' lang='lat' dir='ltr'><strong>dicitur</strong></span> <span class='ocrx_word' id='word_1_158' title='bbox 1494 2027 1789 2099; x_wconf 88' lang='lat' dir='ltr'><strong>Buchonia,</strong></span> <span class='ocrx_word' id='word_1_159' title='bbox 1823 2038 1970 2097; x_wconf 83' lang='lat' dir='ltr'><strong>post—</strong></span> 
     </span>
    </p>
   </div>
   <div class='ocr_carea' id='block_1_26' title="bbox 399 2097 1965 2169">
    <p class='ocr_par' dir='ltr' id='par_1_26' title="bbox 399 2097 1965 2169">
     <span class='ocr_line' id='line_1_26' title="bbox 399 2097 1965 2169; baseline 0.002 -19"><span class='ocrx_word' id='word_1_160' title='bbox 399 2116 557 2169; x_wconf 83' lang='lat' dir='ltr'><strong>quam</strong></span> <span class='ocrx_word' id='word_1_161' title='bbox 609 2100 751 2169; x_wconf 82' lang='lat' dir='ltr'><strong>rexit</strong></span> <span class='ocrx_word' id='word_1_162' title='bbox 791 2098 1079 2169; x_wconf 64' lang='lat' dir='ltr'><strong>prazfatam</strong></span> <span class='ocrx_word' id='word_1_163' title='bbox 1114 2097 1386 2154; x_wconf 80' lang='lat' dir='ltr'><strong>abbatiam</strong></span> <span class='ocrx_word' id='word_1_164' title='bbox 1424 2108 1642 2169; x_wconf 83' lang='lat' dir='ltr'><strong>strenue</strong></span> <span class='ocrx_word' id='word_1_165' title='bbox 1679 2097 1747 2151; x_wconf 72' lang='grc'><strong>24</strong></span> <span class='ocrx_word' id='word_1_166' title='bbox 1792 2098 1965 2169; x_wconf 83' lang='lat' dir='ltr'><strong>annis,</strong></span> 
     </span>
    </p>
   </div>
   <div class='ocr_carea' id='block_1_27' title="bbox 396 2167 1970 2239">
    <p class='ocr_par' dir='ltr' id='par_1_27' title="bbox 396 2167 1970 2239">
     <span class='ocr_line' id='line_1_27' title="bbox 396 2167 1970 2239; baseline 0.004 -22"><span class='ocrx_word' id='word_1_167' title='bbox 396 2167 650 2224; x_wconf 77' lang='lat' dir='ltr'><strong>defuncto</strong></span> <span class='ocrx_word' id='word_1_168' title='bbox 676 2167 913 2239; x_wconf 75' lang='lat' dir='ltr'><strong>Otgario,</strong></span> <span class='ocrx_word' id='word_1_169' title='bbox 953 2170 1005 2223; x_wconf 89' lang='lat' dir='ltr'><strong>in</strong></span> <span class='ocrx_word' id='word_1_170' title='bbox 1035 2167 1150 2237; x_wconf 88' lang='lat' dir='ltr'><strong>ejus</strong></span> <span class='ocrx_word' id='word_1_171' title='bbox 1180 2170 1353 2224; x_wconf 90' lang='lat' dir='ltr'><strong>locum</strong></span> <span class='ocrx_word' id='word_1_172' title='bbox 1381 2168 1819 2237; x_wconf 80' lang='lat' dir='ltr'><strong>archiepiscopus</strong></span> <span class='ocrx_word' id='word_1_173' title='bbox 1861 2168 1970 2239; x_wconf 74' lang='lat' dir='ltr'><strong>Mo-</strong></span> 
     </span>
    </p>
   </div>
   <div class='ocr_carea' id='block_1_28' title="bbox 397 2238 1967 2307">
    <p class='ocr_par' dir='ltr' id='par_1_28' title="bbox 397 2238 1967 2307">
     <span class='ocr_line' id='line_1_28' title="bbox 397 2238 1967 2307; baseline 0.001 -16"><span class='ocrx_word' id='word_1_174' title='bbox 397 2240 653 2301; x_wconf 69' lang='lat' dir='ltr'><strong>guntiuus</strong></span> <span class='ocrx_word' id='word_1_175' title='bbox 696 2238 977 2294; x_wconf 85' lang='lat' dir='ltr'><strong>ordinatus</strong></span> <span class='ocrx_word' id='word_1_176' title='bbox 1019 2250 1233 2301; x_wconf 80' lang='lat' dir='ltr'><strong>sextus,</strong></span> <span class='ocrx_word' id='word_1_177' title='bbox 1272 2239 1356 2292; x_wconf 87' lang='lat' dir='ltr'><strong>vir</strong></span> <span class='ocrx_word' id='word_1_178' title='bbox 1386 2255 1483 2293; x_wconf 91' lang='lat' dir='ltr'><strong>suo</strong></span> <span class='ocrx_word' id='word_1_179' title='bbox 1526 2247 1765 2307; x_wconf 91' lang='lat' dir='ltr'><strong>tempore</strong></span> <span class='ocrx_word' id='word_1_180' title='bbox 1798 2238 1967 2293; x_wconf 90' lang='lat' dir='ltr'><strong>unde-</strong></span> 
     </span>
    </p>
   </div>
   <div class='ocr_carea' id='block_1_29' title="bbox 395 2308 1962 2380">
    <p class='ocr_par' dir='ltr' id='par_1_29' title="bbox 395 2308 1962 2380">
     <span class='ocr_line' id='line_1_29' title="bbox 395 2308 1962 2380; baseline 0.001 -19"><span class='ocrx_word' id='word_1_181' title='bbox 395 2322 608 2380; x_wconf 83' lang='lat' dir='ltr'><strong>cunque</strong></span> <span class='ocrx_word' id='word_1_182' title='bbox 659 2308 1022 2374; x_wconf 91' lang='lat' dir='ltr'><strong>doctissimus,</strong></span> <span class='ocrx_word' id='word_1_183' title='bbox 1065 2310 1206 2380; x_wconf 85' lang='lat' dir='ltr'><strong>quod</strong></span> <span class='ocrx_word' id='word_1_184' title='bbox 1262 2308 1491 2380; x_wconf 84' lang='lat' dir='ltr'><strong>inﬁnita,</strong></span> <span class='ocrx_word' id='word_1_185' title='bbox 1547 2323 1668 2380; x_wconf 67' lang='lat' dir='ltr'><strong>qua:</strong></span> <span class='ocrx_word' id='word_1_186' title='bbox 1721 2308 1962 2380; x_wconf 71' lang='lat' dir='ltr'><strong>scripsit,</strong></span> 
     </span>
    </p>
   </div>
   <div class='ocr_carea' id='block_1_30' title="bbox 393 2377 1967 2448">
    <p class='ocr_par' dir='ltr' id='par_1_30' title="bbox 393 2377 1967 2448">
     <span class='ocr_line' id='line_1_30' title="bbox 393 2377 1967 2448; baseline 0.001 -19"><span class='ocrx_word' id='word_1_187' title='bbox 393 2378 1024 2448; x_wconf 80' lang='lat' dir='ltr'><strong>voluminatestantur;</strong></span> <span class='ocrx_word' id='word_1_188' title='bbox 1059 2377 1391 2448; x_wconf 21' lang='lat' dir='ltr'><strong>q&#39;uorumﬂin</strong></span> <span class='ocrx_word' id='word_1_189' title='bbox 1438 2379 1673 2432; x_wconf 81' lang='lat' dir='ltr'><strong>secundo</strong></span> <span class='ocrx_word' id='word_1_190' title='bbox 1720 2377 1858 2431; x_wconf 90' lang='lat' dir='ltr'><strong>libro</strong></span> <span class='ocrx_word' id='word_1_191' title='bbox 1901 2392 1967 2431; x_wconf 79' lang='lat' dir='ltr'><strong>ex</strong></span> 
     </span>
    </p>
   </div>
   <div class='ocr_carea' id='block_1_31' title="bbox 395 2447 1966 2571">
    <p class='ocr_par' dir='ltr' id='par_1_31' title="bbox 395 2447 1966 2571">
     <span class='ocr_line' id='line_1_31' title="bbox 420 2447 1966 2505; baseline 0 -4"><span class='ocrx_word' id='word_1_192' title='bbox 420 2457 551 2501; x_wconf 70' lang='lat' dir='ltr'><strong>tartc</strong></span> <span class='ocrx_word' id='word_1_193' title='bbox 604 2447 827 2502; x_wconf 81' lang='lat' dir='ltr'><strong>fecimus</strong></span> <span class='ocrx_word' id='word_1_194' title='bbox 887 2447 1231 2505; x_wconf 76' lang='lat' dir='ltr'><strong>mentionem.</strong></span> <span class='ocrx_word' id='word_1_195' title='bbox 1290 2447 1515 2502; x_wconf 76' lang='lat' dir='ltr'><strong>Moritur</strong></span> <span class='ocrx_word' id='word_1_196' title='bbox 1564 2462 1707 2501; x_wconf 89' lang='lat' dir='ltr'><strong>anno</strong></span> <span class='ocrx_word' id='word_1_197' title='bbox 1757 2448 1966 2501; x_wconf 89' lang='lat' dir='ltr'><strong>Domini</strong></span> 
     </span>
     <span class='ocr_line' id='line_1_32' title="bbox 395 2463 1796 2571; baseline -0.002 0"><span class='ocrx_word' id='word_1_198' title='bbox 395 2463 521 2571; x_wconf 47' lang='lat'><strong>£55.</strong></span> <span class='ocrx_word' id='word_1_199' title='bbox 552 2517 842 2571; x_wconf 87' lang='lat' dir='ltr'><strong>indictione</strong></span> <span class='ocrx_word' id='word_1_200' title='bbox 865 2519 1043 2571; x_wconf 88' lang='lat' dir='ltr'><strong>tertia.</strong></span> <span class='ocrx_word' id='word_1_201' title='bbox 1082 2520 1423 2571; x_wconf 87' lang='lat' dir='ltr'><strong>eoiscouatus</strong></span> <span class='ocrx_word' id='word_1_202' title='bbox 1456 2517 1539 2571; x_wconf 91' lang='lat' dir='ltr'><strong>sui</strong></span> <span class='ocrx_word' id='word_1_203' title='bbox 1577 2531 1718 2571; x_wconf 89' lang='lat' dir='ltr'><strong>anno</strong></span> <span class='ocrx_word' id='word_1_204' title='bbox 1745 2516 1796 2570; x_wconf 86' lang='lat'><strong>9.</strong></span> 
     </span>
    </p>
   </div>
   <div class='ocr_carea' id='block_1_32' title="bbox 434 2516 1796 2589">
    <p class='ocr_par' dir='ltr' id='par_1_32' title="bbox 434 2516 1796 2589">
     <span class='ocr_line' id='line_1_33' title="bbox 434 2516 1796 2589; baseline -0.002 -18"><span class='ocrx_word' id='word_1_205' title='bbox 434 2517 522 2582; x_wconf 70' lang='grc'><strong>55,</strong></span> <span class='ocrx_word' id='word_1_206' title='bbox 552 2517 842 2573; x_wconf 89' lang='lat' dir='ltr'><strong>indictione</strong></span> <span class='ocrx_word' id='word_1_207' title='bbox 865 2519 1043 2583; x_wconf 87' lang='lat' dir='ltr'><strong>tertia,</strong></span> <span class='ocrx_word' id='word_1_208' title='bbox 1082 2520 1423 2589; x_wconf 85' lang='lat' dir='ltr'><strong>episcopatus</strong></span> <span class='ocrx_word' id='word_1_209' title='bbox 1456 2517 1539 2571; x_wconf 91' lang='lat' dir='ltr'><strong>sui</strong></span> <span class='ocrx_word' id='word_1_210' title='bbox 1577 2531 1718 2571; x_wconf 89' lang='lat' dir='ltr'><strong>anno</strong></span> <span class='ocrx_word' id='word_1_211' title='bbox 1745 2516 1796 2570; x_wconf 86' lang='lat'><strong>9.</strong></span> 
     </span>
    </p>
   </div>
   <div class='ocr_carea' id='block_1_33' title="bbox 1089 2627 1274 2683">
    <p class='ocr_par' dir='ltr' id='par_1_33' title="bbox 1089 2627 1274 2683">
     <span class='ocr_line' id='line_1_34' title="bbox 1089 2627 1274 2683; baseline -0.005 -1"><span class='ocrx_word' id='word_1_212' title='bbox 1089 2627 1274 2683; x_wconf 70' lang='lat' dir='ltr'><strong>XXVI.</strong></span> 
     </span>
    </p>
   </div>
   <div class='ocr_carea' id='block_1_34' title="bbox 400 2697 1965 2769">
    <p class='ocr_par' dir='ltr' id='par_1_34' title="bbox 400 2697 1965 2769">
     <span class='ocr_line' id='line_1_35' title="bbox 400 2697 1965 2769; baseline 0.003 -19"><span class='ocrx_word' id='word_1_213' title='bbox 400 2697 573 2764; x_wconf 76' lang='lat' dir='ltr'><strong>Idem,</strong></span> <span class='ocrx_word' id='word_1_214' title='bbox 595 2697 651 2753; x_wconf 84' lang='lat' dir='ltr'><strong>in</strong></span> <span class='ocrx_word' id='word_1_215' title='bbox 672 2698 927 2769; x_wconf 75' lang='lat' dir='ltr'><strong>Chronico</strong></span> <span class='ocrx_word' id='word_1_216' title='bbox 956 2697 1339 2769; x_wconf 79' lang='lat' dir='ltr'><strong>Ilirsaugiensi,</strong></span> <span class='ocrx_word' id='word_1_217' title='bbox 1364 2700 1418 2753; x_wconf 89' lang='lat' dir='ltr'><strong>in</strong></span> <span class='ocrx_word' id='word_1_218' title='bbox 1446 2699 1777 2763; x_wconf 72' lang='lat' dir='ltr'><strong>LINTBERTO,</strong></span> <span class='ocrx_word' id='word_1_219' title='bbox 1800 2701 1965 2769; x_wconf 82' lang='lat' dir='ltr'><strong>primo</strong></span> 
     </span>
    </p>
   </div>
   <div class='ocr_carea' id='block_1_35' title="bbox 807 2768 1534 2838">
    <p class='ocr_par' dir='ltr' id='par_1_35' title="bbox 807 2768 1534 2838">
     <span class='ocr_line' id='line_1_36' title="bbox 807 2768 1534 2838; baseline 0.001 -17"><span class='ocrx_word' id='word_1_220' title='bbox 807 2768 964 2838; x_wconf 79' lang='lat' dir='ltr'><strong>hujus</strong></span> <span class='ocrx_word' id='word_1_221' title='bbox 994 2768 1296 2823; x_wconf 76' lang='lat' dir='ltr'><strong>monasterii</strong></span> <span class='ocrx_word' id='word_1_222' title='bbox 1332 2770 1534 2823; x_wconf 78' lang='lat' dir='ltr'><strong>abbate.</strong></span> 
     </span>
    </p>
   </div>
   <div class='ocr_carea' id='block_1_36' title="bbox 467 2854 1967 2921">
    <p class='ocr_par' dir='ltr' id='par_1_36' title="bbox 467 2854 1967 2921">
     <span class='ocr_line' id='line_1_37' title="bbox 467 2854 1967 2921; baseline 0 -10"><span class='ocrx_word' id='word_1_223' title='bbox 467 2856 600 2912; x_wconf 89' lang='lat' dir='ltr'><strong>Cum</strong></span> <span class='ocrx_word' id='word_1_224' title='bbox 630 2854 941 2913; x_wconf 91' lang='lat' dir='ltr'><strong>Lintbertus</strong></span> <span class='ocrx_word' id='word_1_225' title='bbox 968 2857 1056 2911; x_wconf 90' lang='lat' dir='ltr'><strong>hic</strong></span> <span class='ocrx_word' id='word_1_226' title='bbox 1076 2865 1259 2912; x_wconf 88' lang='lat' dir='ltr'><strong>noster</strong></span> <span class='ocrx_word' id='word_1_227' title='bbox 1286 2858 1473 2921; x_wconf 88' lang='lat' dir='ltr'><strong>abbas,</strong></span> <span class='ocrx_word' id='word_1_228' title='bbox 1506 2857 1714 2913; x_wconf 81' lang='lat' dir='ltr'><strong>Rabani</strong></span> <span class='ocrx_word' id='word_1_229' title='bbox 1741 2858 1967 2912; x_wconf 87' lang='lat' dir='ltr'><strong>Fulden-</strong></span> 
     </span>
    </p>
   </div>
   <div class='ocr_carea' id='block_1_37' title="bbox 393 2926 1967 2997">
    <p class='ocr_par' dir='ltr' id='par_1_37' title="bbox 393 2926 1967 2997">
     <span class='ocr_line' id='line_1_38' title="bbox 393 2926 1967 2997; baseline 0.001 -17"><span class='ocrx_word' id='word_1_230' title='bbox 393 2930 469 2985; x_wconf 87' lang='lat' dir='ltr'><strong>sis</strong></span> <span class='ocrx_word' id='word_1_231' title='bbox 499 2926 798 2997; x_wconf 82' lang='lat' dir='ltr'><strong>doctissimi</strong></span> <span class='ocrx_word' id='word_1_232' title='bbox 842 2942 938 2997; x_wconf 84' lang='lat' dir='ltr'><strong>per</strong></span> <span class='ocrx_word' id='word_1_233' title='bbox 963 2927 1140 2997; x_wconf 80' lang='lat' dir='ltr'><strong>omnia</strong></span> <span class='ocrx_word' id='word_1_234' title='bbox 1171 2927 1304 2992; x_wconf 83' lang='lat' dir='ltr'><strong>viri,</strong></span> <span class='ocrx_word' id='word_1_235' title='bbox 1340 2928 1509 2983; x_wconf 88' lang='lat' dir='ltr'><strong>multo</strong></span> <span class='ocrx_word' id='word_1_236' title='bbox 1535 2938 1775 2997; x_wconf 91' lang='lat' dir='ltr'><strong>tempore</strong></span> <span class='ocrx_word' id='word_1_237' title='bbox 1813 2929 1967 2982; x_wconf 91' lang='lat' dir='ltr'><strong>audi-</strong></span> 
     </span>
    </p>
   </div>
   <div class='ocr_carea' id='block_1_38' title="bbox 396 2994 1967 3066">
    <p class='ocr_par' dir='ltr' id='par_1_38' title="bbox 396 2994 1967 3066">
     <span class='ocr_line' id='line_1_39' title="bbox 396 2994 1967 3066; baseline 0 -14"><span class='ocrx_word' id='word_1_238' title='bbox 396 3007 480 3052; x_wconf 87' lang='lat' dir='ltr'><strong>tor</strong></span> <span class='ocrx_word' id='word_1_239' title='bbox 506 3004 562 3051; x_wconf 91' lang='lat' dir='ltr'><strong>et</strong></span> <span class='ocrx_word' id='word_1_240' title='bbox 595 2994 991 3066; x_wconf 80' lang='lat' dir='ltr'><strong>condiscipulus</strong></span> <span class='ocrx_word' id='word_1_241' title='bbox 1019 2994 1206 3061; x_wconf 90' lang='lat' dir='ltr'><strong>fuerit,</strong></span> <span class='ocrx_word' id='word_1_242' title='bbox 1239 3012 1346 3051; x_wconf 92' lang='lat' dir='ltr'><strong>non</strong></span> <span class='ocrx_word' id='word_1_243' title='bbox 1374 3012 1496 3053; x_wconf 90' lang='lat' dir='ltr'><strong>eum</strong></span> <span class='ocrx_word' id='word_1_244' title='bbox 1525 2998 1627 3051; x_wconf 72' lang='lat' dir='ltr'><strong>nisi</strong></span> <span class='ocrx_word' id='word_1_245' title='bbox 1647 2994 1967 3053; x_wconf 71' lang='lat' dir='ltr'><strong>eruditissi-</strong></span> 
     </span>
    </p>
   </div>
   <div class='ocr_carea' id='block_1_39' title="bbox 396 3065 1965 3135">
    <p class='ocr_par' dir='ltr' id='par_1_39' title="bbox 396 3065 1965 3135">
     <span class='ocr_line' id='line_1_40' title="bbox 396 3065 1965 3135; baseline 0.003 -17"><span class='ocrx_word' id='word_1_246' title='bbox 396 3080 542 3121; x_wconf 91' lang='lat' dir='ltr'><strong>mum</strong></span> <span class='ocrx_word' id='word_1_247' title='bbox 592 3065 1106 3135; x_wconf 38' lang='lat' dir='ltr'><strong>evadere’potuissc</strong></span> <span class='ocrx_word' id='word_1_248' title='bbox 1163 3067 1490 3123; x_wconf 89' lang='lat' dir='ltr'><strong>credendum</strong></span> <span class='ocrx_word' id='word_1_249' title='bbox 1538 3077 1641 3122; x_wconf 90' lang='lat' dir='ltr'><strong>est.</strong></span> <span class='ocrx_word' id='word_1_250' title='bbox 1693 3068 1965 3124; x_wconf 87' lang='lat' dir='ltr'><strong>Tenuerat</strong></span> 
     </span>
    </p>
   </div>
   <div class='ocr_carea' id='block_1_40' title="bbox 394 3135 1961 3207">
    <p class='ocr_par' dir='ltr' id='par_1_40' title="bbox 394 3135 1961 3207">
     <span class='ocr_line' id='line_1_41' title="bbox 394 3135 1961 3207; baseline 0.003 -19"><span class='ocrx_word' id='word_1_251' title='bbox 394 3138 535 3191; x_wconf 75' lang='lat' dir='ltr'><strong>enim</strong></span> <span class='ocrx_word' id='word_1_252' title='bbox 560 3137 674 3207; x_wconf 88' lang='lat' dir='ltr'><strong>ipse</strong></span> <span class='ocrx_word' id='word_1_253' title='bbox 701 3135 955 3207; x_wconf 59' lang='lat' dir='ltr'><strong>lichanos</strong></span> <span class='ocrx_word' id='word_1_254' title='bbox 991 3136 1166 3191; x_wconf 89' lang='lat' dir='ltr'><strong>adhuc</strong></span> <span class='ocrx_word' id='word_1_255' title='bbox 1192 3138 1487 3207; x_wconf 78' lang='lat' dir='ltr'><strong>monachus</strong></span> <span class='ocrx_word' id='word_1_256' title='bbox 1514 3138 1750 3192; x_wconf 88' lang='lat' dir='ltr'><strong>scholam</strong></span> <span class='ocrx_word' id='word_1_257' title='bbox 1779 3154 1961 3193; x_wconf 84' lang='lat' dir='ltr'><strong>mona-</strong></span> 
     </span>
    </p>
   </div>
   <div class='ocr_carea' id='block_1_41' title="bbox 394 3204 2028 3277">
    <p class='ocr_par' dir='ltr' id='par_1_41' title="bbox 394 3204 2028 3277">
     <span class='ocr_line' id='line_1_42' title="bbox 394 3204 2028 3277; baseline 0.003 -21"><span class='ocrx_word' id='word_1_258' title='bbox 394 3204 617 3277; x_wconf 56' lang='lat' dir='ltr'><strong>chorum</strong></span> <span class='ocrx_word' id='word_1_259' title='bbox 644 3204 910 3277; x_wconf 84' lang='lat' dir='ltr'><strong>publicam</strong></span> <span class='ocrx_word' id='word_1_260' title='bbox 936 3205 997 3277; x_wconf 84' lang='lat' dir='ltr'><strong>in</strong></span> <span class='ocrx_word' id='word_1_261' title='bbox 1024 3206 1271 3261; x_wconf 67' lang='lat' dir='ltr'><strong>emnoiio</strong></span> <span class='ocrx_word' id='word_1_262' title='bbox 1299 3206 1573 3273; x_wconf 83' lang='lat' dir='ltr'><strong>Fuldensi,</strong></span> <span class='ocrx_word' id='word_1_263' title='bbox 1605 3224 1766 3277; x_wconf 87' lang='lat' dir='ltr'><strong>quam</strong></span> <span class='ocrx_word' id='word_1_264' title='bbox 1791 3209 1952 3263; x_wconf 91' lang='lat' dir='ltr'><strong>etiam</strong></span> <span class='ocrx_word' id='word_1_265' title='bbox 1984 3209 2028 3273; x_wconf 89' lang='lat' dir='ltr'><strong>C</strong></span> 
     </span>
    </p>
   </div>
   <div class='ocr_carea' id='block_1_42' title="bbox 396 3275 1954 3345">
    <p class='ocr_par' dir='ltr' id='par_1_42' title="bbox 396 3275 1954 3345">
     <span class='ocr_line' id='line_1_43' title="bbox 396 3275 1954 3345; baseline 0.002 -17"><span class='ocrx_word' id='word_1_266' title='bbox 396 3275 562 3331; x_wconf 77' lang='lat' dir='ltr'><strong>abbas</strong></span> <span class='ocrx_word' id='word_1_267' title='bbox 587 3276 955 3345; x_wconf 80' lang='lat' dir='ltr'><strong>continuavit:</strong></span> <span class='ocrx_word' id='word_1_268' title='bbox 987 3276 1038 3329; x_wconf 89' lang='lat' dir='ltr'><strong>in</strong></span> <span class='ocrx_word' id='word_1_269' title='bbox 1073 3291 1175 3345; x_wconf 86' lang='lat' dir='ltr'><strong>qua</strong></span> <span class='ocrx_word' id='word_1_270' title='bbox 1210 3278 1521 3342; x_wconf 86' lang='lat' dir='ltr'><strong>monachos,</strong></span> <span class='ocrx_word' id='word_1_271' title='bbox 1561 3275 1665 3333; x_wconf 79' lang='lat' dir='ltr'><strong>non</strong></span> <span class='ocrx_word' id='word_1_272' title='bbox 1702 3277 1875 3333; x_wconf 86' lang='lat' dir='ltr'><strong>solum</strong></span> <span class='ocrx_word' id='word_1_273' title='bbox 1902 3279 1954 3331; x_wconf 92' lang='lat' dir='ltr'><strong>in</strong></span> 
     </span>
    </p>
   </div>
   <div class='ocr_carea' id='block_1_43' title="bbox 393 3344 1959 3420">
    <p class='ocr_par' dir='ltr' id='par_1_43' title="bbox 393 3344 1959 3420">
     <span class='ocr_line' id='line_1_44' title="bbox 393 3344 1959 3420; baseline 0.002 -22"><span class='ocrx_word' id='word_1_274' title='bbox 393 3346 569 3420; x_wconf 78' lang='lat' dir='ltr'><strong>s-:cris_</strong></span> <span class='ocrx_word' id='word_1_275' title='bbox 607 3344 925 3420; x_wconf 86' lang='lat' dir='ltr'><strong>S_cripturis_,_</strong></span> <span class='ocrx_word' id='word_1_276' title='bbox 966 3344 1346 3420; x_wconf 80' lang='lat' dir='ltr'><strong>_sed__etiam_in</strong></span> <span class='ocrx_word' id='word_1_277' title='bbox 1382 3348 1729 3420; x_wconf 61' lang='lat' dir='ltr'><strong>Stecularibus</strong></span> <span class='ocrx_word' id='word_1_278' title='bbox 1767 3348 1959 3420; x_wconf 81' lang='lat' dir='ltr'><strong>litteris</strong></span> 
     </span>
    </p>
   </div>
   <div class='ocr_carea' id='block_1_44' title="bbox 391 3414 1958 3483">
    <p class='ocr_par' dir='ltr' id='par_1_44' title="bbox 391 3414 1958 3483">
     <span class='ocr_line' id='line_1_45' title="bbox 391 3414 1958 3483; baseline 0.001 -12"><span class='ocrx_word' id='word_1_279' title='bbox 391 3415 734 3471; x_wconf 78' lang='lat' dir='ltr'><strong>omnifariam</strong></span> <span class='ocrx_word' id='word_1_280' title='bbox 776 3414 1165 3483; x_wconf 50' lang='lat' dir='ltr'><strong>erudivit.,Nec</strong></span> <span class='ocrx_word' id='word_1_281' title='bbox 1199 3416 1367 3473; x_wconf 89' lang='lat' dir='ltr'><strong>solum</strong></span> <span class='ocrx_word' id='word_1_282' title='bbox 1413 3414 1695 3474; x_wconf 83' lang='lat' dir='ltr'><strong>Fuldetisis</strong></span> <span class='ocrx_word' id='word_1_283' title='bbox 1727 3419 1958 3473; x_wconf 89' lang='lat' dir='ltr'><strong>coenobii</strong></span> 
     </span>
    </p>
   </div>
   <div class='ocr_carea' id='block_1_45' title="bbox 395 3485 1959 3548">
    <p class='ocr_par' dir='ltr' id='par_1_45' title="bbox 395 3485 1959 3548">
     <span class='ocr_line' id='line_1_46' title="bbox 395 3485 1959 3548; baseline 0.003 -11"><span class='ocrx_word' id='word_1_284' title='bbox 395 3485 707 3548; x_wconf 86' lang='lat' dir='ltr'><strong>monachos,</strong></span> <span class='ocrx_word' id='word_1_285' title='bbox 756 3485 851 3540; x_wconf 89' lang='lat' dir='ltr'><strong>sed</strong></span> <span class='ocrx_word' id='word_1_286' title='bbox 891 3485 1053 3540; x_wconf 85' lang='lat' dir='ltr'><strong>etiam</strong></span> <span class='ocrx_word' id='word_1_287' title='bbox 1077 3499 1143 3540; x_wconf 81' lang='lat' dir='ltr'><strong>ex</strong></span> <span class='ocrx_word' id='word_1_288' title='bbox 1181 3487 1404 3541; x_wconf 78' lang='lat' dir='ltr'><strong>diversis</strong></span> <span class='ocrx_word' id='word_1_289' title='bbox 1452 3487 1586 3541; x_wconf 88' lang='lat' dir='ltr'><strong>locis</strong></span> <span class='ocrx_word' id='word_1_290' title='bbox 1633 3488 1753 3543; x_wconf 90' lang='lat' dir='ltr'><strong>aliis</strong></span> <span class='ocrx_word' id='word_1_291' title='bbox 1795 3489 1863 3542; x_wconf 90' lang='lat' dir='ltr'><strong>ad</strong></span> <span class='ocrx_word' id='word_1_292' title='bbox 1902 3503 1959 3542; x_wconf 86' lang='lat' dir='ltr'><strong>se</strong></span> 
     </span>
    </p>
   </div>
   <div class='ocr_carea' id='block_1_46' title="bbox 395 3555 1956 3619">
    <p class='ocr_par' dir='ltr' id='par_1_46' title="bbox 395 3555 1956 3619">
     <span class='ocr_line' id='line_1_47' title="bbox 395 3555 1956 3619; baseline 0.004 -13"><span class='ocrx_word' id='word_1_293' title='bbox 395 3555 761 3619; x_wconf 83' lang='lat' dir='ltr'><strong>transmissos,</strong></span> <span class='ocrx_word' id='word_1_294' title='bbox 790 3555 986 3609; x_wconf 92' lang='lat' dir='ltr'><strong>multos</strong></span> <span class='ocrx_word' id='word_1_295' title='bbox 1016 3556 1068 3609; x_wconf 92' lang='lat' dir='ltr'><strong>iu</strong></span> <span class='ocrx_word' id='word_1_296' title='bbox 1102 3558 1247 3611; x_wconf 92' lang='lat' dir='ltr'><strong>omni</strong></span> <span class='ocrx_word' id='word_1_297' title='bbox 1281 3571 1475 3619; x_wconf 80' lang='lat' dir='ltr'><strong>genere</strong></span> <span class='ocrx_word' id='word_1_298' title='bbox 1506 3558 1764 3613; x_wconf 71' lang='lat' dir='ltr'><strong>doctrina:</strong></span> <span class='ocrx_word' id='word_1_299' title='bbox 1792 3558 1956 3612; x_wconf 82' lang='lat' dir='ltr'><strong>disci-</strong></span> 
     </span>
    </p>
   </div>
   <div class='ocr_carea' id='block_1_47' title="bbox 393 3573 1957 3697">
    <p class='ocr_par' dir='ltr' id='par_1_47' title="bbox 393 3573 1957 3697">
     <span class='ocr_line' id='line_1_48' title="bbox 395 3573 1956 3619; baseline 0.004 -13"><span class='ocrx_word' id='word_1_300' title='bbox 395 3573 761 3619; x_wconf 78' lang='lat' dir='ltr'><strong>transmissos,</strong></span> <span class='ocrx_word' id='word_1_301' title='bbox 790 3573 986 3609; x_wconf 79' lang='lat' dir='ltr'><strong>mllllos</strong></span> <span class='ocrx_word' id='word_1_302' title='bbox 1016 3573 1068 3609; x_wconf 88' lang='grc' dir='ltr'><strong>ιιι</strong></span> <span class='ocrx_word' id='word_1_303' title='bbox 1102 3573 1247 3611; x_wconf 88' lang='grc' dir='ltr'>οιηηι</span> <span class='ocrx_word' id='word_1_304' title='bbox 1314 3573 1475 3611; x_wconf 88' lang='lat' dir='ltr'><strong>enere</strong></span> <span class='ocrx_word' id='word_1_305' title='bbox 1506 3573 1764 3613; x_wconf 70' lang='lat' dir='ltr'><strong>doctrina:</strong></span> <span class='ocrx_word' id='word_1_306' title='bbox 1792 3573 1956 3612; x_wconf 63' lang='lat' dir='ltr'><strong>ouan-</strong></span> 
     </span>
     <span class='ocr_line' id='line_1_49' title="bbox 393 3573 1957 3697; baseline 0.002 -20"><span class='ocrx_word' id='word_1_307' title='bbox 393 3624 549 3694; x_wconf 89' lang='lat' dir='ltr'><strong>pulos</strong></span> <span class='ocrx_word' id='word_1_308' title='bbox 598 3624 848 3697; x_wconf 75' lang='lat' dir='ltr'><strong>instituit.</strong></span> <span class='ocrx_word' id='word_1_309' title='bbox 884 3625 962 3679; x_wconf 81' lang='lat' dir='ltr'><strong>Ex</strong></span> <span class='ocrx_word' id='word_1_310' title='bbox 1003 3624 1094 3697; x_wconf 78' lang='lat' dir='ltr'><strong>his</strong></span> <span class='ocrx_word' id='word_1_311' title='bbox 1131 3573 1431 3696; x_wconf 43' lang='lat' dir='ltr'><strong>complures</strong></span> <span class='ocrx_word' id='word_1_312' title='bbox 1476 3636 1662 3697; x_wconf 89' lang='lat' dir='ltr'><strong>postea</strong></span> <span class='ocrx_word' id='word_1_313' title='bbox 1708 3642 1957 3697; x_wconf 84' lang='lat' dir='ltr'><strong>successu</strong></span> 
     </span>
    </p>
   </div>
   <div class='ocr_carea' id='block_1_48' title="bbox 396 3694 1960 3765">
    <p class='ocr_par' dir='ltr' id='par_1_48' title="bbox 396 3694 1960 3765">
     <span class='ocr_line' id='line_1_50' title="bbox 396 3694 1960 3765; baseline 0.003 -19"><span class='ocrx_word' id='word_1_314' title='bbox 396 3694 654 3765; x_wconf 88' lang='lat' dir='ltr'><strong>temporis</strong></span> <span class='ocrx_word' id='word_1_315' title='bbox 680 3695 748 3765; x_wconf 81' lang='lat' dir='ltr'><strong>ad</strong></span> <span class='ocrx_word' id='word_1_316' title='bbox 780 3709 1003 3764; x_wconf 77' lang='lat' dir='ltr'><strong>magnas</strong></span> <span class='ocrx_word' id='word_1_317' title='bbox 1048 3694 1332 3765; x_wconf 80' lang='lat' dir='ltr'><strong>dignitates</strong></span> <span class='ocrx_word' id='word_1_318' title='bbox 1369 3694 1597 3765; x_wconf 84' lang='lat' dir='ltr'><strong>promoti</strong></span> <span class='ocrx_word' id='word_1_319' title='bbox 1640 3706 1781 3751; x_wconf 91' lang='lat' dir='ltr'><strong>sunt.</strong></span> <span class='ocrx_word' id='word_1_320' title='bbox 1817 3696 1960 3751; x_wconf 73' lang='lat' dir='ltr'><strong>Prae-</strong></span> 
     </span>
    </p>
   </div>
   <div class='ocr_carea' id='block_1_49' title="bbox 393 3764 1961 3836">
    <p class='ocr_par' dir='ltr' id='par_1_49' title="bbox 393 3764 1961 3836">
     <span class='ocr_line' id='line_1_51' title="bbox 393 3764 1961 3836; baseline 0.001 -18"><span class='ocrx_word' id='word_1_321' title='bbox 393 3764 666 3836; x_wconf 80' lang='lat' dir='ltr'><strong>ceptorem</strong></span> <span class='ocrx_word' id='word_1_322' title='bbox 708 3764 969 3836; x_wconf 78' lang='lat' dir='ltr'><strong>habuerat</strong></span> <span class='ocrx_word' id='word_1_323' title='bbox 1010 3780 1074 3819; x_wconf 82' lang='lat' dir='ltr'><strong>ex</strong></span> <span class='ocrx_word' id='word_1_324' title='bbox 1112 3764 1385 3836; x_wconf 84' lang='lat' dir='ltr'><strong>discipulis</strong></span> <span class='ocrx_word' id='word_1_325' title='bbox 1419 3766 1571 3820; x_wconf 68' lang='lat' dir='ltr'><strong>Bedte</strong></span> <span class='ocrx_word' id='word_1_326' title='bbox 1604 3766 1808 3836; x_wconf 79' lang='lat' dir='ltr'><strong>Anglici</strong></span> <span class='ocrx_word' id='word_1_327' title='bbox 1849 3782 1961 3820; x_wconf 87' lang='lat' dir='ltr'><strong>mo-</strong></span> 
     </span>
    </p>
   </div>
   <div class='ocr_carea' id='block_1_50' title="bbox 395 3834 1956 3898">
    <p class='ocr_par' dir='ltr' id='par_1_50' title="bbox 395 3834 1956 3898">
     <span class='ocr_line' id='line_1_52' title="bbox 395 3834 1956 3898; baseline 0 -10"><span class='ocrx_word' id='word_1_328' title='bbox 395 3835 577 3898; x_wconf 86' lang='lat' dir='ltr'><strong>nachi,</strong></span> <span class='ocrx_word' id='word_1_329' title='bbox 614 3834 1117 3890; x_wconf 84' lang='lat' dir='ltr'><strong>reverendissimum</strong></span> <span class='ocrx_word' id='word_1_330' title='bbox 1139 3834 1310 3889; x_wconf 83' lang='lat' dir='ltr'><strong>virum</strong></span> <span class='ocrx_word' id='word_1_331' title='bbox 1337 3836 1584 3889; x_wconf 80' lang='lat' dir='ltr'><strong>Albinum</strong></span> <span class='ocrx_word' id='word_1_332' title='bbox 1618 3834 1956 3898; x_wconf 83' lang='lat' dir='ltr'><strong>monachum,</strong></span> 
     </span>
    </p>
   </div>
   <div class='ocr_carea' id='block_1_51' title="bbox 391 3903 1955 3969">
    <p class='ocr_par' dir='ltr' id='par_1_51' title="bbox 391 3903 1955 3969">
     <span class='ocr_line' id='line_1_53' title="bbox 391 3903 1955 3969; baseline 0.001 -11"><span class='ocrx_word' id='word_1_333' title='bbox 391 3913 450 3958; x_wconf 86' lang='lat' dir='ltr'><strong>et</strong></span> <span class='ocrx_word' id='word_1_334' title='bbox 493 3903 742 3960; x_wconf 87' lang='lat' dir='ltr'><strong>abbatem</strong></span> <span class='ocrx_word' id='word_1_335' title='bbox 791 3904 1100 3959; x_wconf 89' lang='lat' dir='ltr'><strong>monasterii</strong></span> <span class='ocrx_word' id='word_1_336' title='bbox 1137 3907 1310 3960; x_wconf 83' lang='lat' dir='ltr'><strong>sancti</strong></span> <span class='ocrx_word' id='word_1_337' title='bbox 1360 3905 1570 3959; x_wconf 78' lang='lat' dir='ltr'><strong>Martini</strong></span> <span class='ocrx_word' id='word_1_338' title='bbox 1611 3905 1955 3969; x_wconf 81' lang='lat' dir='ltr'><strong>Turonensis,</strong></span> 
     </span>
    </p>
   </div>
   <div class='ocr_carea' id='block_1_52' title="bbox 395 3972 1958 4046">
    <p class='ocr_par' dir='ltr' id='par_1_52' title="bbox 395 3972 1958 4046">
     <span class='ocr_line' id='line_1_54' title="bbox 395 3972 1958 4046; baseline 0 -17"><span class='ocrx_word' id='word_1_339' title='bbox 395 3972 573 4046; x_wconf 77' lang='lat' dir='ltr'><strong>Magni</strong></span> <span class='ocrx_word' id='word_1_340' title='bbox 620 3974 799 4032; x_wconf 87' lang='lat' dir='ltr'><strong>Caroli</strong></span> <span class='ocrx_word' id='word_1_341' title='bbox 851 3974 1191 4046; x_wconf 74' lang='lat' dir='ltr'><strong>imperatoris</strong></span> <span class='ocrx_word' id='word_1_342' title='bbox 1227 3976 1494 4046; x_wconf 85' lang='lat' dir='ltr'><strong>quondam</strong></span> <span class='ocrx_word' id='word_1_343' title='bbox 1524 3976 1884 4046; x_wconf 86' lang='lat' dir='ltr'><strong>didascalum,</strong></span> <span class='ocrx_word' id='word_1_344' title='bbox 1926 3992 1958 4029; x_wconf 88' lang='lat' dir='ltr'><strong>a</strong></span> 
     </span>
    </p>
   </div>
   <div class='ocr_carea' id='block_1_53' title="bbox 395 4044 1961 4116">
    <p class='ocr_par' dir='ltr' id='par_1_53' title="bbox 395 4044 1961 4116">
     <span class='ocr_line' id='line_1_55' title="bbox 395 4044 1961 4116; baseline 0.001 -19"><span class='ocrx_word' id='word_1_345' title='bbox 395 4044 505 4114; x_wconf 85' lang='lat' dir='ltr'><strong>quo</strong></span> <span class='ocrx_word' id='word_1_346' title='bbox 536 4044 652 4115; x_wconf 85' lang='lat' dir='ltr'><strong>ipse</strong></span> <span class='ocrx_word' id='word_1_347' title='bbox 687 4044 940 4116; x_wconf 86' lang='lat' dir='ltr'><strong>hauserat</strong></span> <span class='ocrx_word' id='word_1_348' title='bbox 987 4044 1259 4116; x_wconf 26' lang='lat' dir='ltr'><strong>in‘Gallia,‘</strong></span> <span class='ocrx_word' id='word_1_349' title='bbox 1303 4046 1444 4116; x_wconf 89' lang='lat' dir='ltr'><strong>quod</strong></span> <span class='ocrx_word' id='word_1_350' title='bbox 1477 4045 1620 4116; x_wconf 81' lang='lat' dir='ltr'><strong>alios</strong></span> <span class='ocrx_word' id='word_1_351' title='bbox 1652 4047 1704 4099; x_wconf 94' lang='lat' dir='ltr'><strong>in</strong></span> <span class='ocrx_word' id='word_1_352' title='bbox 1735 4046 1961 4116; x_wconf 84' lang='lat' dir='ltr'><strong>Germa-</strong></span> 
     </span>
    </p>
   </div>
   <div class='ocr_carea' id='block_1_54' title="bbox 395 4114 1961 4185">
    <p class='ocr_par' dir='ltr' id='par_1_54' title="bbox 395 4114 1961 4185">
     <span class='ocr_line' id='line_1_56' title="bbox 395 4114 1961 4185; baseline 0.001 -19"><span class='ocrx_word' id='word_1_353' title='bbox 395 4117 483 4168; x_wconf 83' lang='lat' dir='ltr'><strong>nia</strong></span> <span class='ocrx_word' id='word_1_354' title='bbox 531 4114 868 4185; x_wconf 89' lang='lat' dir='ltr'><strong>postmodum</strong></span> <span class='ocrx_word' id='word_1_355' title='bbox 907 4114 1150 4185; x_wconf 88' lang='lat' dir='ltr'><strong>docebat.</strong></span> <span class='ocrx_word' id='word_1_356' title='bbox 1198 4116 1269 4169; x_wconf 86' lang='lat' dir='ltr'><strong>At</strong></span> <span class='ocrx_word' id='word_1_357' title='bbox 1296 4114 1425 4171; x_wconf 81' lang='lat' dir='ltr'><strong>vero</strong></span> <span class='ocrx_word' id='word_1_358' title='bbox 1471 4115 1801 4179; x_wconf 81' lang='lat' dir='ltr'><strong>Lintbertus,</strong></span> <span class='ocrx_word' id='word_1_359' title='bbox 1854 4115 1961 4169; x_wconf 83' lang='lat' dir='ltr'><strong>Ra-</strong></span> 
     </span>
    </p>
   </div>
   <div class='ocr_carea' id='block_1_55' title="bbox 394 4184 1955 4256">
    <p class='ocr_par' dir='ltr' id='par_1_55' title="bbox 394 4184 1955 4256">
     <span class='ocr_line' id='line_1_57' title="bbox 394 4184 1955 4256; baseline -0.001 -18"><span class='ocrx_word' id='word_1_360' title='bbox 394 4184 773 4256; x_wconf 30' lang='lat' dir='ltr'><strong>banifprimum</strong></span> <span class='ocrx_word' id='word_1_361' title='bbox 807 4184 1225 4256; x_wconf 86' lang='lat' dir='ltr'><strong>condiscipulus,</strong></span> <span class='ocrx_word' id='word_1_362' title='bbox 1268 4196 1322 4240; x_wconf 90' lang='lat' dir='ltr'><strong>et</strong></span> <span class='ocrx_word' id='word_1_363' title='bbox 1353 4196 1681 4256; x_wconf 88' lang='lat' dir='ltr'><strong>postremum</strong></span> <span class='ocrx_word' id='word_1_364' title='bbox 1727 4186 1955 4248; x_wconf 89' lang='lat' dir='ltr'><strong>auditor,</strong></span> 
     </span>
    </p>
   </div>
   <div class='ocr_carea' id='block_1_56' title="bbox 392 4255 1960 4324">
    <p class='ocr_par' dir='ltr' id='par_1_56' title="bbox 392 4255 1960 4324">
     <span class='ocr_line' id='line_1_58' title="bbox 392 4255 1960 4324; baseline 0.001 -17"><span class='ocrx_word' id='word_1_365' title='bbox 392 4255 537 4323; x_wconf 83' lang='lat' dir='ltr'><strong>quod</strong></span> <span class='ocrx_word' id='word_1_366' title='bbox 567 4271 597 4308; x_wconf 90' lang='lat' dir='ltr'><strong>a</strong></span> <span class='ocrx_word' id='word_1_367' title='bbox 628 4255 767 4324; x_wconf 87' lang='lat' dir='ltr'><strong>bono</strong></span> <span class='ocrx_word' id='word_1_368' title='bbox 794 4255 1119 4324; x_wconf 63' lang='lat' dir='ltr'><strong>praeceptum</strong></span> <span class='ocrx_word' id='word_1_369' title='bbox 1147 4255 1407 4311; x_wconf 81' lang='lat' dir='ltr'><strong>didicerat</strong></span> <span class='ocrx_word' id='word_1_370' title='bbox 1453 4257 1746 4310; x_wconf 89' lang='lat' dir='ltr'><strong>monachus</strong></span> <span class='ocrx_word' id='word_1_371' title='bbox 1794 4256 1960 4309; x_wconf 72' lang='lat' dir='ltr'><strong>abbas</strong></span> 
     </span>
    </p>
   </div>
   <div class='ocr_carea' id='block_1_57' title="bbox 394 4322 1958 4395">
    <p class='ocr_par' dir='ltr' id='par_1_57' title="bbox 394 4322 1958 4395">
     <span class='ocr_line' id='line_1_59' title="bbox 394 4322 1958 4395; baseline -0.001 -17"><span class='ocrx_word' id='word_1_372' title='bbox 394 4322 943 4395; x_wconf 9' lang='lat' dir='ltr'><strong>tigon‘neglcxithrat</strong></span> <span class='ocrx_word' id='word_1_373' title='bbox 966 4322 1098 4380; x_wconf 78' lang='lat' dir='ltr'><strong>sane</strong></span> <span class='ocrx_word' id='word_1_374' title='bbox 1132 4326 1395 4395; x_wconf 79' lang='lat' dir='ltr'><strong>regularis</strong></span> <span class='ocrx_word' id='word_1_375' title='bbox 1419 4325 1717 4393; x_wconf 63' lang='lat' dir='ltr'><strong>disciplina:</strong></span> <span class='ocrx_word' id='word_1_376' title='bbox 1755 4324 1958 4379; x_wconf 87' lang='lat' dir='ltr'><strong>studio-</strong></span> 
     </span>
    </p>
   </div>
   <div class='ocr_carea' id='block_1_58' title="bbox 394 4392 1958 4462">
    <p class='ocr_par' dir='ltr' id='par_1_58' title="bbox 394 4392 1958 4462">
     <span class='ocr_line' id='line_1_60' title="bbox 394 4392 1958 4462; baseline 0 -15"><span class='ocrx_word' id='word_1_377' title='bbox 394 4392 643 4447; x_wconf 87' lang='lat' dir='ltr'><strong>sissimus</strong></span> <span class='ocrx_word' id='word_1_378' title='bbox 689 4393 882 4456; x_wconf 87' lang='lat' dir='ltr'><strong>cultor,</strong></span> <span class='ocrx_word' id='word_1_379' title='bbox 931 4395 1022 4462; x_wconf 87' lang='lat' dir='ltr'><strong>qui</strong></span> <span class='ocrx_word' id='word_1_380' title='bbox 1069 4408 1172 4447; x_wconf 92' lang='lat' dir='ltr'><strong>non</strong></span> <span class='ocrx_word' id='word_1_381' title='bbox 1200 4392 1388 4449; x_wconf 58' lang='lat' dir='ltr'><strong>&#39;solum</strong></span> <span class='ocrx_word' id='word_1_382' title='bbox 1439 4392 1617 4448; x_wconf 82' lang='lat' dir='ltr'><strong>vivere</strong></span> <span class='ocrx_word' id='word_1_383' title='bbox 1667 4395 1958 4448; x_wconf 77' lang='lat' dir='ltr'><strong>secundum</strong></span> 
     </span>
    </p>
   </div>
   <div class='ocr_carea' id='block_1_59' title="bbox 396 4462 1960 4532">
    <p class='ocr_par' dir='ltr' id='par_1_59' title="bbox 396 4462 1960 4532">
     <span class='ocr_line' id='line_1_61' title="bbox 396 4462 1960 4532; baseline 0.003 -17"><span class='ocrx_word' id='word_1_384' title='bbox 396 4475 641 4515; x_wconf 86' lang='lat' dir='ltr'><strong>normam</strong></span> <span class='ocrx_word' id='word_1_385' title='bbox 663 4462 984 4532; x_wconf 80' lang='lat' dir='ltr'><strong>sanctissimi</strong></span> <span class='ocrx_word' id='word_1_386' title='bbox 1009 4463 1378 4532; x_wconf 15' lang='lat' dir='ltr'><strong>patrisrnostri</strong></span> <span class='ocrx_word' id='word_1_387' title='bbox 1407 4462 1682 4519; x_wconf 82' lang='lat' dir='ltr'><strong>Benedicti</strong></span> <span class='ocrx_word' id='word_1_388' title='bbox 1719 4464 1960 4519; x_wconf 90' lang='lat' dir='ltr'><strong>subditos</strong></span> 
     </span>
    </p>
   </div>
   <div class='ocr_carea' id='block_1_60' title="bbox 2078 572 3656 647">
    <p class='ocr_par' dir='ltr' id='par_1_60' title="bbox 2078 572 3656 647">
     <span class='ocr_line' id='line_1_62' title="bbox 2078 572 3656 647; baseline 0.007 -23"><span class='ocrx_word' id='word_1_389' title='bbox 2078 572 2399 647; x_wconf 80' lang='lat' dir='ltr'><strong>completum</strong></span> <span class='ocrx_word' id='word_1_390' title='bbox 2440 574 2731 627; x_wconf 87' lang='lat' dir='ltr'><strong>inhabitari</strong></span> <span class='ocrx_word' id='word_1_391' title='bbox 2756 574 2937 647; x_wconf 71' lang='lat' dir='ltr'><strong>coepit.</strong></span> <span class='ocrx_word' id='word_1_392' title='bbox 2972 574 3173 647; x_wconf 73' lang='lat' dir='ltr'><strong>Eodem</strong></span> <span class='ocrx_word' id='word_1_393' title='bbox 3208 572 3656 647; x_wconf 37' lang='lat' dir='ltr'><strong>ferme—tempore</strong></span> 
     </span>
    </p>
   </div>
   <div class='ocr_carea' id='block_1_61' title="bbox 2076 643 3654 719">
    <p class='ocr_par' dir='ltr' id='par_1_61' title="bbox 2076 643 3654 719">
     <span class='ocr_line' id='line_1_63' title="bbox 2076 643 3654 719; baseline 0.005 -26"><span class='ocrx_word' id='word_1_394' title='bbox 2076 643 2461 719; x_wconf 78' lang='lat' dir='ltr'><strong>monasterium</strong></span> <span class='ocrx_word' id='word_1_395' title='bbox 2498 652 2808 719; x_wconf 77' lang='lat' dir='ltr'><strong>sanctorum</strong></span> <span class='ocrx_word' id='word_1_396' title='bbox 2857 643 3148 719; x_wconf 72' lang='lat' dir='ltr'><strong>Marcellini</strong></span> <span class='ocrx_word' id='word_1_397' title='bbox 3187 652 3240 719; x_wconf 82' lang='lat' dir='ltr'><strong>et</strong></span> <span class='ocrx_word' id='word_1_398' title='bbox 3270 643 3654 719; x_wconf 53' lang='lat' dir='ltr'><strong>Petritna&#39;rty-</strong></span> 
     </span>
    </p>
   </div>
   <div class='ocr_carea' id='block_1_62' title="bbox 2076 711 3656 781">
    <p class='ocr_par' dir='ltr' id='par_1_62' title="bbox 2076 711 3656 781">
     <span class='ocr_line' id='line_1_64' title="bbox 2076 711 3656 781; baseline 0.006 -19"><span class='ocrx_word' id='word_1_399' title='bbox 2076 726 2194 763; x_wconf 89' lang='lat' dir='ltr'><strong>rum</strong></span> <span class='ocrx_word' id='word_1_400' title='bbox 2254 711 2305 763; x_wconf 91' lang='lat' dir='ltr'><strong>in</strong></span> <span class='ocrx_word' id='word_1_401' title='bbox 2353 711 2467 764; x_wconf 89' lang='lat' dir='ltr'><strong>loco</strong></span> <span class='ocrx_word' id='word_1_402' title='bbox 2514 713 2605 781; x_wconf 92' lang='lat' dir='ltr'><strong>qui</strong></span> <span class='ocrx_word' id='word_1_403' title='bbox 2655 713 2851 767; x_wconf 86' lang='lat' dir='ltr'><strong>dicitur</strong></span> <span class='ocrx_word' id='word_1_404' title='bbox 2893 712 3231 780; x_wconf 77' lang='lat' dir='ltr'><strong>Selgcnstadt</strong></span> <span class='ocrx_word' id='word_1_405' title='bbox 3280 715 3331 768; x_wconf 88' lang='lat' dir='ltr'><strong>in</strong></span> <span class='ocrx_word' id='word_1_406' title='bbox 3390 711 3656 781; x_wconf 69' lang='lat' dir='ltr'><strong>Mogunli—</strong></span> 
     </span>
    </p>
   </div>
   <div class='ocr_carea' id='block_1_63' title="bbox 2075 781 3655 852">
    <p class='ocr_par' dir='ltr' id='par_1_63' title="bbox 2075 781 3655 852">
     <span class='ocr_line' id='line_1_65' title="bbox 2075 781 3655 852; baseline 0.008 -22"><span class='ocrx_word' id='word_1_407' title='bbox 2075 781 2225 852; x_wconf 78' lang='lat' dir='ltr'><strong>nensi</strong></span> <span class='ocrx_word' id='word_1_408' title='bbox 2256 782 2534 852; x_wconf 72' lang='lat' dir='ltr'><strong>parochia,</strong></span> <span class='ocrx_word' id='word_1_409' title='bbox 2581 782 2678 835; x_wconf 86' lang='lat' dir='ltr'><strong>sub</strong></span> <span class='ocrx_word' id='word_1_410' title='bbox 2709 782 2890 852; x_wconf 77' lang='lat' dir='ltr'><strong>regula</strong></span> <span class='ocrx_word' id='word_1_411' title='bbox 2916 784 3024 835; x_wconf 80' lang='lat' dir='ltr'><strong>divi</strong></span> <span class='ocrx_word' id='word_1_412' title='bbox 3058 784 3229 852; x_wconf 87' lang='lat' dir='ltr'><strong>patris</strong></span> <span class='ocrx_word' id='word_1_413' title='bbox 3272 786 3438 838; x_wconf 90' lang='lat' dir='ltr'><strong>nostri</strong></span> <span class='ocrx_word' id='word_1_414' title='bbox 3480 785 3655 841; x_wconf 78' lang='lat' dir='ltr'><strong>Bene-</strong></span> 
     </span>
    </p>
   </div>
   <div class='ocr_carea' id='block_1_64' title="bbox 2074 848 3655 924">
    <p class='ocr_par' dir='ltr' id='par_1_64' title="bbox 2074 848 3655 924">
     <span class='ocr_line' id='line_1_66' title="bbox 2074 848 3655 924; baseline 0.006 -23"><span class='ocrx_word' id='word_1_415' title='bbox 2074 849 2227 913; x_wconf 77' lang='lat' dir='ltr'><strong>dic.i,</strong></span> <span class='ocrx_word' id='word_1_416' title='bbox 2285 848 2565 924; x_wconf 68' lang='lat' dir='ltr'><strong>fundatum</strong></span> <span class='ocrx_word' id='word_1_417' title='bbox 2608 866 2704 918; x_wconf 86' lang='lat' dir='ltr'><strong>per</strong></span> <span class='ocrx_word' id='word_1_418' title='bbox 2743 848 3071 924; x_wconf 26' lang='lat' dir='ltr'><strong>L‘udovicum&#39;</strong></span> <span class='ocrx_word' id='word_1_419' title='bbox 3118 854 3494 924; x_wconf 84' lang='lat' dir='ltr'><strong>imperatorem</strong></span> <span class='ocrx_word' id='word_1_420' title='bbox 3540 859 3655 924; x_wconf 90' lang='lat' dir='ltr'><strong>pri-</strong></span> 
     </span>
    </p>
   </div>
   <div class='ocr_carea' id='block_1_65' title="bbox 2077 920 3654 981">
    <p class='ocr_par' dir='ltr' id='par_1_65' title="bbox 2077 920 3654 981">
     <span class='ocr_line' id='line_1_67' title="bbox 2077 920 3654 981; baseline 0.008 -12"><span class='ocrx_word' id='word_1_421' title='bbox 2077 933 2223 970; x_wconf 89' lang='lat' dir='ltr'><strong>mum</strong></span> <span class='ocrx_word' id='word_1_422' title='bbox 2271 920 2508 981; x_wconf 76' lang='lat' dir='ltr'><strong>exstitit,</strong></span> <span class='ocrx_word' id='word_1_423' title='bbox 2566 920 2946 981; x_wconf 88' lang='lat' dir='ltr'><strong>cooperatione</strong></span> <span class='ocrx_word' id='word_1_424' title='bbox 3000 920 3329 976; x_wconf 82' lang='lat' dir='ltr'><strong>venerabilis</strong></span> <span class='ocrx_word' id='word_1_425' title='bbox 3371 923 3475 977; x_wconf 84' lang='lat' dir='ltr'><strong>viri</strong></span> <span class='ocrx_word' id='word_1_426' title='bbox 3523 920 3654 981; x_wconf 84' lang='lat' dir='ltr'><strong>Ein-</strong></span> 
     </span>
    </p>
   </div>
   <div class='ocr_carea' id='block_1_66' title="bbox 2075 986 3653 1059">
    <p class='ocr_par' dir='ltr' id='par_1_66' title="bbox 2075 986 3653 1059">
     <span class='ocr_line' id='line_1_68' title="bbox 2075 986 3653 1059; baseline 0.006 -19"><span class='ocrx_word' id='word_1_427' title='bbox 2075 986 2253 1059; x_wconf 83' lang='lat' dir='ltr'><strong>hardi,</strong></span> <span class='ocrx_word' id='word_1_428' title='bbox 2293 988 2431 1059; x_wconf 81' lang='lat' dir='ltr'><strong>_olirn</strong></span> <span class='ocrx_word' id='word_1_429' title='bbox 2479 986 2833 1059; x_wconf 81' lang='lat' dir='ltr'><strong>cancellarii,</strong></span> <span class='ocrx_word' id='word_1_430' title='bbox 2862 998 2993 1059; x_wconf 85' lang='lat' dir='ltr'><strong>tunc</strong></span> <span class='ocrx_word' id='word_1_431' title='bbox 3039 1000 3220 1044; x_wconf 89' lang='lat' dir='ltr'><strong>autem</strong></span> <span class='ocrx_word' id='word_1_432' title='bbox 3279 994 3549 1059; x_wconf 90' lang='lat' dir='ltr'><strong>monachi,</strong></span> <span class='ocrx_word' id='word_1_433' title='bbox 3597 1005 3653 1050; x_wconf 88' lang='lat' dir='ltr'><strong>et</strong></span> 
     </span>
    </p>
   </div>
   <div class='ocr_carea' id='block_1_67' title="bbox 2071 1055 3654 1130">
    <p class='ocr_par' dir='ltr' id='par_1_67' title="bbox 2071 1055 3654 1130">
     <span class='ocr_line' id='line_1_69' title="bbox 2071 1055 3654 1130; baseline 0.008 -24"><span class='ocrx_word' id='word_1_434' title='bbox 2071 1057 2229 1130; x_wconf 77' lang='lat' dir='ltr'><strong>primi</strong></span> <span class='ocrx_word' id='word_1_435' title='bbox 2260 1055 2498 1130; x_wconf 81' lang='lat' dir='ltr'><strong>ejusdem</strong></span> <span class='ocrx_word' id='word_1_436' title='bbox 2524 1058 2755 1112; x_wconf 76' lang='lat' dir='ltr'><strong>cmnobii</strong></span> <span class='ocrx_word' id='word_1_437' title='bbox 2789 1058 3020 1125; x_wconf 87' lang='lat' dir='ltr'><strong>abbatis,</strong></span> <span class='ocrx_word' id='word_1_438' title='bbox 3042 1060 3100 1130; x_wconf 75' lang='lat' dir='ltr'><strong>i_n_</strong></span> <span class='ocrx_word' id='word_1_439' title='bbox 3121 1075 3227 1129; x_wconf 91' lang='lat' dir='ltr'><strong>quo</strong></span> <span class='ocrx_word' id='word_1_440' title='bbox 3255 1077 3484 1130; x_wconf 86' lang='lat' dir='ltr'><strong>corpora</strong></span> <span class='ocrx_word' id='word_1_441' title='bbox 3514 1055 3654 1130; x_wconf 80' lang='lat' dir='ltr'><strong>prae-</strong></span> 
     </span>
    </p>
   </div>
   <div class='ocr_carea' id='block_1_68' title="bbox 2071 1125 3647 1197">
    <p class='ocr_par' dir='ltr' id='par_1_68' title="bbox 2071 1125 3647 1197">
     <span class='ocr_line' id='line_1_70' title="bbox 2071 1125 3647 1197; baseline 0.008 -20"><span class='ocrx_word' id='word_1_442' title='bbox 2071 1125 2339 1197; x_wconf 74' lang='lat' dir='ltr'><strong>dictorum</strong></span> <span class='ocrx_word' id='word_1_443' title='bbox 2398 1126 2631 1197; x_wconf 87' lang='lat' dir='ltr'><strong>duorum</strong></span> <span class='ocrx_word' id='word_1_444' title='bbox 2699 1135 2997 1197; x_wconf 79' lang='lat' dir='ltr'><strong>martyrum</strong></span> <span class='ocrx_word' id='word_1_445' title='bbox 3053 1125 3454 1186; x_wconf 45' lang='lat' dir='ltr'><strong>Marcellini-et</strong></span> <span class='ocrx_word' id='word_1_446' title='bbox 3499 1125 3647 1189; x_wconf 81' lang='lat' dir='ltr'><strong>Petri</strong></span> 
     </span>
    </p>
   </div>
   <div class='ocr_carea' id='block_1_69' title="bbox 2072 1195 3654 1271">
    <p class='ocr_par' dir='ltr' id='par_1_69' title="bbox 2072 1195 3654 1271">
     <span class='ocr_line' id='line_1_71' title="bbox 2072 1195 3654 1271; baseline 0.008 -26"><span class='ocrx_word' id='word_1_447' title='bbox 2072 1209 2213 1271; x_wconf 82' lang='lat' dir='ltr'><strong>anno</strong></span> <span class='ocrx_word' id='word_1_448' title='bbox 2256 1195 2615 1271; x_wconf 72' lang='lat' dir='ltr'><strong>Domini_828.</strong></span> <span class='ocrx_word' id='word_1_449' title='bbox 2646 1211 2676 1271; x_wconf 80' lang='lat' dir='ltr'><strong>a</strong></span> <span class='ocrx_word' id='word_1_450' title='bbox 2705 1195 2893 1271; x_wconf 52' lang='lat' dir='ltr'><strong>Bome,</strong></span> <span class='ocrx_word' id='word_1_451' title='bbox 2942 1199 3320 1271; x_wconf 77' lang='lat' dir='ltr'><strong>procuratione</strong></span> <span class='ocrx_word' id='word_1_452' title='bbox 3364 1201 3654 1271; x_wconf 79' lang='lat' dir='ltr'><strong>imperato-</strong></span> 
     </span>
    </p>
   </div>
   <div class='ocr_carea' id='block_1_70' title="bbox 2072 1264 3649 1341">
    <p class='ocr_par' dir='ltr' id='par_1_70' title="bbox 2072 1264 3649 1341">
     <span class='ocr_line' id='line_1_72' title="bbox 2072 1264 3649 1341; baseline 0.008 -26"><span class='ocrx_word' id='word_1_453' title='bbox 2072 1264 2169 1327; x_wconf 86' lang='lat' dir='ltr'><strong>ris,</strong></span> <span class='ocrx_word' id='word_1_454' title='bbox 2226 1279 2412 1319; x_wconf 90' lang='lat' dir='ltr'><strong>mense</strong></span> <span class='ocrx_word' id='word_1_455' title='bbox 2456 1264 2745 1321; x_wconf 87' lang='lat' dir='ltr'><strong>Novembri</strong></span> <span class='ocrx_word' id='word_1_456' title='bbox 2798 1264 3000 1332; x_wconf 83' lang='lat' dir='ltr'><strong>allata,</strong></span> <span class='ocrx_word' id='word_1_457' title='bbox 3064 1268 3360 1325; x_wconf 88' lang='lat' dir='ltr'><strong>honoriﬁce</strong></span> <span class='ocrx_word' id='word_1_458' title='bbox 3414 1264 3649 1341; x_wconf 58' lang='lat' dir='ltr'><strong>reposita</strong></span> 
     </span>
    </p>
   </div>
   <div class='ocr_carea' id='block_1_71' title="bbox 2073 1341 2220 1387">
    <p class='ocr_par' dir='ltr' id='par_1_71' title="bbox 2073 1341 2220 1387">
     <span class='ocr_line' id='line_1_73' title="bbox 2073 1341 2220 1387; baseline 0 0"><span class='ocrx_word' id='word_1_459' title='bbox 2073 1341 2220 1387; x_wconf 74' lang='lat' dir='ltr'><strong>sunL</strong></span> 
     </span>
    </p>
   </div>
   <div class='ocr_carea' id='block_1_72' title="bbox 2140 1402 3649 1476">
    <p class='ocr_par' dir='ltr' id='par_1_72' title="bbox 2140 1402 3649 1476">
     <span class='ocr_line' id='line_1_74' title="bbox 2140 1402 3649 1476; baseline 0.007 -20"><span class='ocrx_word' id='word_1_460' title='bbox 2140 1402 2491 1476; x_wconf 81' lang='lat' dir='ltr'><strong>Temporibus</strong></span> <span class='ocrx_word' id='word_1_461' title='bbox 2510 1403 2796 1476; x_wconf 19' lang='lat' dir='ltr'><strong>L‘intberti,</strong></span> <span class='ocrx_word' id='word_1_462' title='bbox 2822 1405 3029 1476; x_wconf 86' lang='lat' dir='ltr'><strong>abbatis</strong></span> <span class='ocrx_word' id='word_1_463' title='bbox 3051 1407 3205 1476; x_wconf 90' lang='lat' dir='ltr'><strong>primi</strong></span> <span class='ocrx_word' id='word_1_464' title='bbox 3229 1410 3401 1463; x_wconf 86' lang='lat' dir='ltr'><strong>sancti</strong></span> <span class='ocrx_word' id='word_1_465' title='bbox 3445 1411 3649 1468; x_wconf 84' lang='lat' dir='ltr'><strong>Aurelii</strong></span> 
     </span>
    </p>
   </div>
   <div class='ocr_carea' id='block_1_73' title="bbox 2072 1470 3647 1541">
    <p class='ocr_par' dir='ltr' id='par_1_73' title="bbox 2072 1470 3647 1541">
     <span class='ocr_line' id='line_1_75' title="bbox 2072 1470 3647 1541; baseline 0.008 -17"><span class='ocrx_word' id='word_1_466' title='bbox 2072 1470 2487 1541; x_wconf 82' lang='lat' dir='ltr'><strong>llirsaugiensis,</strong></span> <span class='ocrx_word' id='word_1_467' title='bbox 2515 1474 2659 1528; x_wconf 90' lang='lat' dir='ltr'><strong>circa</strong></span> <span class='ocrx_word' id='word_1_468' title='bbox 2704 1490 2902 1529; x_wconf 87' lang='lat' dir='ltr'><strong>annum</strong></span> <span class='ocrx_word' id='word_1_469' title='bbox 2938 1470 3145 1530; x_wconf 77' lang='lat' dir='ltr'><strong>Domini</strong></span> <span class='ocrx_word' id='word_1_470' title='bbox 3172 1476 3298 1541; x_wconf 67' lang='lat'><strong>840,</strong></span> <span class='ocrx_word' id='word_1_471' title='bbox 3341 1481 3441 1532; x_wconf 91' lang='lat' dir='ltr'><strong>sub</strong></span> <span class='ocrx_word' id='word_1_472' title='bbox 3466 1481 3647 1537; x_wconf 79' lang='lat' dir='ltr'><strong>Ludo-</strong></span> 
     </span>
    </p>
   </div>
   <div class='ocr_carea' id='block_1_74' title="bbox 2069 1541 3650 1613">
    <p class='ocr_par' dir='ltr' id='par_1_74' title="bbox 2069 1541 3650 1613">
     <span class='ocr_line' id='line_1_76' title="bbox 2069 1541 3650 1613; baseline 0.009 -20"><span class='ocrx_word' id='word_1_473' title='bbox 2069 1541 2188 1613; x_wconf 85' lang='lat' dir='ltr'><strong>vico</strong></span> <span class='ocrx_word' id='word_1_474' title='bbox 2233 1542 2556 1613; x_wconf 74' lang='lat' dir='ltr'><strong>imperatore</strong></span> <span class='ocrx_word' id='word_1_475' title='bbox 2582 1544 2822 1612; x_wconf 89' lang='lat' dir='ltr'><strong>piissimo</strong></span> <span class='ocrx_word' id='word_1_476' title='bbox 2851 1555 2905 1599; x_wconf 91' lang='lat' dir='ltr'><strong>et</strong></span> <span class='ocrx_word' id='word_1_477' title='bbox 2932 1545 3053 1600; x_wconf 90' lang='lat' dir='ltr'><strong>ﬁliis</strong></span> <span class='ocrx_word' id='word_1_478' title='bbox 3079 1545 3227 1613; x_wconf 89' lang='lat' dir='ltr'><strong>ejus;</strong></span> <span class='ocrx_word' id='word_1_479' title='bbox 3257 1548 3567 1605; x_wconf 89' lang='lat' dir='ltr'><strong>claruerunt</strong></span> <span class='ocrx_word' id='word_1_480' title='bbox 3596 1554 3650 1607; x_wconf 88' lang='lat' dir='ltr'><strong>in</strong></span> 
     </span>
    </p>
   </div>
   <div class='ocr_carea' id='block_1_75' title="bbox 2068 1612 3649 1675">
    <p class='ocr_par' dir='ltr' id='par_1_75' title="bbox 2068 1612 3649 1675">
     <span class='ocr_line' id='line_1_77' title="bbox 2068 1612 3649 1675; baseline 0.008 -12"><span class='ocrx_word' id='word_1_481' title='bbox 2068 1612 2256 1665; x_wconf 90' lang='lat' dir='ltr'><strong>ordine</strong></span> <span class='ocrx_word' id='word_1_482' title='bbox 2281 1619 2464 1665; x_wconf 90' lang='lat' dir='ltr'><strong>nostro</strong></span> <span class='ocrx_word' id='word_1_483' title='bbox 2487 1612 2832 1668; x_wconf 87' lang='lat' dir='ltr'><strong>Benedictin</strong></span> <span class='ocrx_word' id='word_1_484' title='bbox 2869 1615 3020 1669; x_wconf 91' lang='lat' dir='ltr'><strong>multi</strong></span> <span class='ocrx_word' id='word_1_485' title='bbox 3051 1612 3499 1674; x_wconf 87' lang='lat' dir='ltr'><strong>celeberrimiviri</strong></span> <span class='ocrx_word' id='word_1_486' title='bbox 3525 1636 3649 1675; x_wconf 86' lang='lat' dir='ltr'><strong>san-</strong></span> 
     </span>
    </p>
   </div>
   <div class='ocr_carea' id='block_1_76' title="bbox 2068 1680 3648 1755">
    <p class='ocr_par' dir='ltr' id='par_1_76' title="bbox 2068 1680 3648 1755">
     <span class='ocr_line' id='line_1_78' title="bbox 2068 1680 3648 1755; baseline 0.007 -21"><span class='ocrx_word' id='word_1_487' title='bbox 2068 1680 2255 1734; x_wconf 89' lang='lat' dir='ltr'><strong>ctitate</strong></span> <span class='ocrx_word' id='word_1_488' title='bbox 2301 1682 2675 1755; x_wconf 24' lang='lat' dir='ltr'><strong>et‘eruditione‘</strong></span> <span class='ocrx_word' id='word_1_489' title='bbox 2690 1682 3089 1755; x_wconf 89' lang='lat' dir='ltr'><strong>Scripturarum</strong></span> <span class='ocrx_word' id='word_1_490' title='bbox 3117 1686 3371 1755; x_wconf 83' lang='lat' dir='ltr'><strong>insignes,</strong></span> <span class='ocrx_word' id='word_1_491' title='bbox 3389 1690 3479 1755; x_wconf 90' lang='lat' dir='ltr'><strong>qui</strong></span> <span class='ocrx_word' id='word_1_492' title='bbox 3501 1691 3648 1746; x_wconf 75' lang='lat' dir='ltr'><strong>velut</strong></span> 
     </span>
    </p>
   </div>
   <div class='ocr_carea' id='block_1_77' title="bbox 2072 1750 3648 1815">
    <p class='ocr_par' dir='ltr' id='par_1_77' title="bbox 2072 1750 3648 1815">
     <span class='ocr_line' id='line_1_79' title="bbox 2072 1750 3648 1815; baseline 0.008 -13"><span class='ocrx_word' id='word_1_493' title='bbox 2072 1758 2218 1803; x_wconf 86' lang='lat' dir='ltr'><strong>astra</strong></span> <span class='ocrx_word' id='word_1_494' title='bbox 2243 1751 2389 1814; x_wconf 78' lang='lat' dir='ltr'><strong>C(Bli,</strong></span> <span class='ocrx_word' id='word_1_495' title='bbox 2426 1750 2620 1805; x_wconf 91' lang='lat' dir='ltr'><strong>mirum</strong></span> <span class='ocrx_word' id='word_1_496' title='bbox 2664 1752 2716 1805; x_wconf 90' lang='lat' dir='ltr'><strong>in</strong></span> <span class='ocrx_word' id='word_1_497' title='bbox 2745 1750 2960 1808; x_wconf 89' lang='lat' dir='ltr'><strong>modum</strong></span> <span class='ocrx_word' id='word_1_498' title='bbox 3006 1764 3172 1809; x_wconf 91' lang='lat' dir='ltr'><strong>totam</strong></span> <span class='ocrx_word' id='word_1_499' title='bbox 3205 1750 3496 1812; x_wconf 77' lang='lat' dir='ltr'><strong>Ecclesium</strong></span> <span class='ocrx_word' id='word_1_500' title='bbox 3537 1776 3648 1815; x_wconf 91' lang='lat' dir='ltr'><strong>mo-</strong></span> 
     </span>
    </p>
   </div>
   <div class='ocr_carea' id='block_1_78' title="bbox 2076 1819 3648 1884">
    <p class='ocr_par' dir='ltr' id='par_1_78' title="bbox 2076 1819 3648 1884">
     <span class='ocr_line' id='line_1_80' title="bbox 2076 1819 3648 1884; baseline 0.008 -13"><span class='ocrx_word' id='word_1_501' title='bbox 2076 1819 2227 1874; x_wconf 90' lang='lat' dir='ltr'><strong>ribus</strong></span> <span class='ocrx_word' id='word_1_502' title='bbox 2253 1829 2307 1874; x_wconf 93' lang='lat' dir='ltr'><strong>et</strong></span> <span class='ocrx_word' id='word_1_503' title='bbox 2326 1821 2566 1875; x_wconf 89' lang='lat' dir='ltr'><strong>doctrina</strong></span> <span class='ocrx_word' id='word_1_504' title='bbox 2591 1820 2941 1876; x_wconf 87' lang='lat' dir='ltr'><strong>illustrarunt.</strong></span> <span class='ocrx_word' id='word_1_505' title='bbox 2965 1823 3219 1879; x_wconf 80' lang='lat' dir='ltr'><strong>Rabanus</strong></span> <span class='ocrx_word' id='word_1_506' title='bbox 3247 1826 3460 1882; x_wconf 83' lang='lat' dir='ltr'><strong>Maurus</strong></span> <span class='ocrx_word' id='word_1_507' title='bbox 3480 1831 3648 1884; x_wconf 85' lang='lat' dir='ltr'><strong>abbas</strong></span> 
     </span>
    </p>
   </div>
   <div class='ocr_carea' id='block_1_79' title="bbox 2075 1888 3645 2016">
    <p class='ocr_par' dir='ltr' id='par_1_79' title="bbox 2075 1888 3645 2016">
     <span class='ocr_line' id='line_1_81' title="bbox 2075 1888 3645 2016; baseline 0.008 -75"><span class='ocrx_word' id='word_1_508' title='bbox 2075 1888 2377 1954; x_wconf 84' lang='lat' dir='ltr'><strong>Fuldensis,</strong></span> <span class='ocrx_word' id='word_1_509' title='bbox 2421 1890 2486 1943; x_wconf 90' lang='lat' dir='ltr'><strong>de</strong></span> <span class='ocrx_word' id='word_1_510' title='bbox 2535 1906 2639 1959; x_wconf 91' lang='lat' dir='ltr'><strong>quo</strong></span> <span class='ocrx_word' id='word_1_511' title='bbox 2669 1906 2827 2016; x_wconf 46' lang='lat' dir='ltr'><strong>supra</strong></span> <span class='ocrx_word' id='word_1_512' title='bbox 2877 1893 3127 1957; x_wconf 75' lang='lat' dir='ltr'><strong>diximus,</strong></span> <span class='ocrx_word' id='word_1_513' title='bbox 3187 1895 3270 1950; x_wconf 91' lang='lat' dir='ltr'><strong>his</strong></span> <span class='ocrx_word' id='word_1_514' title='bbox 3316 1900 3645 1965; x_wconf 82' lang='lat' dir='ltr'><strong>temporibus</strong></span> 
     </span>
     <span class='ocr_line' id='line_1_82' title="bbox 2075 1960 3645 2016; baseline 0.003 -5"><span class='ocrx_word' id='word_1_515' title='bbox 2075 1960 2211 2016; x_wconf 76' lang='lat' dir='ltr'><strong>apud</strong></span> <span class='ocrx_word' id='word_1_516' title='bbox 2240 1975 2427 2015; x_wconf 90' lang='lat' dir='ltr'><strong>omnes</strong></span> <span class='ocrx_word' id='word_1_517' title='bbox 2456 1961 2506 2013; x_wconf 91' lang='lat' dir='ltr'><strong>in</strong></span> <span class='ocrx_word' id='word_1_518' title='bbox 2537 1961 2709 2016; x_wconf 85' lang='lat' dir='ltr'><strong>nretio</strong></span> <span class='ocrx_word' id='word_1_519' title='bbox 2777 1963 3056 2016; x_wconf 89' lang='lat' dir='ltr'><strong>abebatur.</strong></span> <span class='ocrx_word' id='word_1_520' title='bbox 3107 1974 3327 2016; x_wconf 85' lang='lat' dir='ltr'><strong>nrouter</strong></span> <span class='ocrx_word' id='word_1_521' title='bbox 3366 1967 3645 2016; x_wconf 68' lang='lat' dir='ltr'><strong>integrita-</strong></span> 
     </span>
    </p>
   </div>
   <div class='ocr_carea' id='block_1_80' title="bbox 2070 1960 3647 2037">
    <p class='ocr_par' dir='ltr' id='par_1_80' title="bbox 2070 1960 3647 2037">
     <span class='ocr_line' id='line_1_83' title="bbox 2070 1960 3647 2037; baseline 0.008 -26"><span class='ocrx_word' id='word_1_522' title='bbox 2070 1960 2211 2028; x_wconf 90' lang='lat' dir='ltr'><strong>apud</strong></span> <span class='ocrx_word' id='word_1_523' title='bbox 2240 1975 2427 2037; x_wconf 79' lang='lat' dir='ltr'><strong>omnes</strong></span> <span class='ocrx_word' id='word_1_524' title='bbox 2456 1961 2506 2013; x_wconf 91' lang='lat' dir='ltr'><strong>in</strong></span> <span class='ocrx_word' id='word_1_525' title='bbox 2537 1961 2709 2037; x_wconf 82' lang='lat' dir='ltr'><strong>pretio</strong></span> <span class='ocrx_word' id='word_1_526' title='bbox 2738 1960 3077 2037; x_wconf 53' lang='lat' dir='ltr'><strong>habebatur,</strong></span> <span class='ocrx_word' id='word_1_527' title='bbox 3107 1974 3333 2037; x_wconf 88' lang='lat' dir='ltr'><strong>propter</strong></span> <span class='ocrx_word' id='word_1_528' title='bbox 3365 1960 3647 2037; x_wconf 79' lang='lat' dir='ltr'><strong>integrita-</strong></span> 
     </span>
    </p>
   </div>
   <div class='ocr_carea' id='block_1_81' title="bbox 2074 2029 3642 2106">
    <p class='ocr_par' dir='ltr' id='par_1_81' title="bbox 2074 2029 3642 2106">
     <span class='ocr_line' id='line_1_84' title="bbox 2074 2029 3642 2106; baseline 0.007 -25"><span class='ocrx_word' id='word_1_529' title='bbox 2074 2036 2180 2106; x_wconf 77' lang='lat' dir='ltr'><strong>tem</strong></span> <span class='ocrx_word' id='word_1_530' title='bbox 2244 2029 2388 2095; x_wconf 72' lang='lat' dir='ltr'><strong>vitae,</strong></span> <span class='ocrx_word' id='word_1_531' title='bbox 2437 2039 2492 2084; x_wconf 90' lang='lat' dir='ltr'><strong>et</strong></span> <span class='ocrx_word' id='word_1_532' title='bbox 2530 2029 2959 2106; x_wconf 65' lang='lat' dir='ltr'><strong>inrestimahilem</strong></span> <span class='ocrx_word' id='word_1_533' title='bbox 3005 2029 3241 2106; x_wconf 61' lang='lat' dir='ltr'><strong>scientia:</strong></span> <span class='ocrx_word' id='word_1_534' title='bbox 3286 2029 3642 2106; x_wconf 69' lang='lat' dir='ltr'><strong>disciplinam.</strong></span> 
     </span>
    </p>
   </div>
   <div class='ocr_carea' id='block_1_82' title="bbox 2070 2098 3647 2168">
    <p class='ocr_par' dir='ltr' id='par_1_82' title="bbox 2070 2098 3647 2168">
     <span class='ocr_line' id='line_1_85' title="bbox 2070 2098 3647 2168; baseline 0.008 -18"><span class='ocrx_word' id='word_1_535' title='bbox 2070 2098 2172 2164; x_wconf 80' lang='lat' dir='ltr'><strong>Qui</strong></span> <span class='ocrx_word' id='word_1_536' title='bbox 2196 2108 2398 2167; x_wconf 88' lang='lat' dir='ltr'><strong>quanta</strong></span> <span class='ocrx_word' id='word_1_537' title='bbox 2439 2100 2735 2168; x_wconf 87' lang='lat' dir='ltr'><strong>scripserit,</strong></span> <span class='ocrx_word' id='word_1_538' title='bbox 2767 2112 2873 2156; x_wconf 87' lang='lat' dir='ltr'><strong>tam</strong></span> <span class='ocrx_word' id='word_1_539' title='bbox 2922 2104 2974 2156; x_wconf 92' lang='lat' dir='ltr'><strong>in</strong></span> <span class='ocrx_word' id='word_1_540' title='bbox 3004 2103 3139 2158; x_wconf 91' lang='lat' dir='ltr'><strong>libro</strong></span> <span class='ocrx_word' id='word_1_541' title='bbox 3181 2114 3364 2160; x_wconf 91' lang='lat' dir='ltr'><strong>nostro</strong></span> <span class='ocrx_word' id='word_1_542' title='bbox 3386 2098 3452 2159; x_wconf 72' lang='lat' dir='ltr'><strong>de</strong></span> <span class='ocrx_word' id='word_1_543' title='bbox 3472 2108 3647 2163; x_wconf 87' lang='lat' dir='ltr'><strong>eccle-</strong></span> 
     </span>
    </p>
   </div>
   <div class='ocr_carea' id='block_1_83' title="bbox 2070 2168 3647 2241">
    <p class='ocr_par' dir='ltr' id='par_1_83' title="bbox 2070 2168 3647 2241">
     <span class='ocr_line' id='line_1_86' title="bbox 2070 2168 3647 2241; baseline 0.008 -20"><span class='ocrx_word' id='word_1_544' title='bbox 2070 2169 2307 2241; x_wconf 78' lang='lat' dir='ltr'><strong>siasticis</strong></span> <span class='ocrx_word' id='word_1_545' title='bbox 2334 2168 2717 2240; x_wconf 86' lang='lat' dir='ltr'><strong>Scriptoribus,</strong></span> <span class='ocrx_word' id='word_1_546' title='bbox 2763 2188 2922 2241; x_wconf 88' lang='lat' dir='ltr'><strong>quam</strong></span> <span class='ocrx_word' id='word_1_547' title='bbox 2954 2172 3008 2226; x_wconf 89' lang='lat' dir='ltr'><strong>in</strong></span> <span class='ocrx_word' id='word_1_548' title='bbox 3056 2175 3289 2229; x_wconf 90' lang='lat' dir='ltr'><strong>secundo</strong></span> <span class='ocrx_word' id='word_1_549' title='bbox 3327 2175 3394 2230; x_wconf 88' lang='lat' dir='ltr'><strong>de</strong></span> <span class='ocrx_word' id='word_1_550' title='bbox 3421 2175 3647 2233; x_wconf 84' lang='lat' dir='ltr'><strong>Illustri-</strong></span> 
     </span>
    </p>
   </div>
   <div class='ocr_carea' id='block_1_84' title="bbox 2067 2237 3649 2313">
    <p class='ocr_par' dir='ltr' id='par_1_84' title="bbox 2067 2237 3649 2313">
     <span class='ocr_line' id='line_1_87' title="bbox 2067 2237 3649 2313; baseline 0.007 -22"><span class='ocrx_word' id='word_1_551' title='bbox 2067 2237 2168 2313; x_wconf 84' lang='lat' dir='ltr'><strong>bus</strong></span> <span class='ocrx_word' id='word_1_552' title='bbox 2201 2239 2342 2313; x_wconf 72' lang='lat' dir='ltr'><strong>Viris</strong></span> <span class='ocrx_word' id='word_1_553' title='bbox 2370 2237 2575 2313; x_wconf 84' lang='lat' dir='ltr'><strong>ordinis</strong></span> <span class='ocrx_word' id='word_1_554' title='bbox 2614 2237 3087 2313; x_wconf 58' lang='lat' dir='ltr'><strong>nostri&#39;magnaex</strong></span> <span class='ocrx_word' id='word_1_555' title='bbox 3121 2253 3271 2313; x_wconf 88' lang='lat' dir='ltr'><strong>parte</strong></span> <span class='ocrx_word' id='word_1_556' title='bbox 3310 2245 3649 2302; x_wconf 86' lang='lat' dir='ltr'><strong>demonstra-</strong></span> 
     </span>
    </p>
   </div>
   <div class='ocr_carea' id='block_1_85' title="bbox 2068 2307 3647 2383">
    <p class='ocr_par' dir='ltr' id='par_1_85' title="bbox 2068 2307 3647 2383">
     <span class='ocr_line' id='line_1_88' title="bbox 2068 2307 3647 2383; baseline 0.008 -23"><span class='ocrx_word' id='word_1_557' title='bbox 2068 2307 2262 2383; x_wconf 70' lang='lat' dir='ltr'><strong>vimus.</strong></span> <span class='ocrx_word' id='word_1_558' title='bbox 2292 2309 2533 2378; x_wconf 88' lang='lat' dir='ltr'><strong>Denique</strong></span> <span class='ocrx_word' id='word_1_559' title='bbox 2560 2325 2701 2365; x_wconf 89' lang='lat' dir='ltr'><strong>anno</strong></span> <span class='ocrx_word' id='word_1_560' title='bbox 2729 2307 3086 2383; x_wconf 13' lang='lat' dir='ltr'><strong>Dominig842,</strong></span> <span class='ocrx_word' id='word_1_561' title='bbox 3123 2307 3214 2383; x_wconf 75' lang='lat' dir='ltr'><strong>qui</strong></span> <span class='ocrx_word' id='word_1_562' title='bbox 3243 2314 3455 2370; x_wconf 88' lang='lat' dir='ltr'><strong>abbatis</strong></span> <span class='ocrx_word' id='word_1_563' title='bbox 3496 2316 3647 2372; x_wconf 81' lang='lat' dir='ltr'><strong>Lint-</strong></span> 
     </span>
    </p>
   </div>
   <div class='ocr_carea' id='block_1_86' title="bbox 2068 2377 3648 2455">
    <p class='ocr_par' dir='ltr' id='par_1_86' title="bbox 2068 2377 3648 2455">
     <span class='ocr_line' id='line_1_89' title="bbox 2068 2377 3648 2455; baseline 0.006 -25"><span class='ocrx_word' id='word_1_564' title='bbox 2068 2377 2459 2455; x_wconf 70' lang='lat' dir='ltr'><strong>bertiquartus</strong></span> <span class='ocrx_word' id='word_1_565' title='bbox 2480 2395 2651 2455; x_wconf 83' lang='lat' dir='ltr'><strong>annus</strong></span> <span class='ocrx_word' id='word_1_566' title='bbox 2669 2391 2806 2455; x_wconf 81' lang='lat' dir='ltr'><strong>erat,</strong></span> <span class='ocrx_word' id='word_1_567' title='bbox 2831 2382 2896 2436; x_wconf 87' lang='lat' dir='ltr'><strong>de</strong></span> <span class='ocrx_word' id='word_1_568' title='bbox 2920 2377 3171 2455; x_wconf 73' lang='lat' dir='ltr'><strong>Fuldensi</strong></span> <span class='ocrx_word' id='word_1_569' title='bbox 3199 2384 3528 2455; x_wconf 79' lang='lat' dir='ltr'><strong>monasterio</strong></span> <span class='ocrx_word' id='word_1_570' title='bbox 3548 2403 3648 2455; x_wconf 85' lang='lat' dir='ltr'><strong>per</strong></span> 
     </span>
    </p>
   </div>
   <div class='ocr_carea' id='block_1_87' title="bbox 2069 2445 3648 2521">
    <p class='ocr_par' dir='ltr' id='par_1_87' title="bbox 2069 2445 3648 2521">
     <span class='ocr_line' id='line_1_90' title="bbox 2069 2445 3648 2521; baseline 0.006 -21"><span class='ocrx_word' id='word_1_571' title='bbox 2069 2445 2291 2521; x_wconf 67' lang='lat' dir='ltr'><strong>fraudes</strong></span> <span class='ocrx_word' id='word_1_572' title='bbox 2303 2450 2664 2521; x_wconf 79' lang='lat' dir='ltr'><strong>quorumdam</strong></span> <span class='ocrx_word' id='word_1_573' title='bbox 2684 2451 2938 2506; x_wconf 85' lang='lat' dir='ltr'><strong>incitatus</strong></span> <span class='ocrx_word' id='word_1_574' title='bbox 2962 2452 3107 2512; x_wconf 83' lang='lat' dir='ltr'><strong>exiit,</strong></span> <span class='ocrx_word' id='word_1_575' title='bbox 3134 2461 3299 2521; x_wconf 90' lang='lat' dir='ltr'><strong>atque</strong></span> <span class='ocrx_word' id='word_1_576' title='bbox 3322 2455 3388 2508; x_wconf 87' lang='lat' dir='ltr'><strong>ad</strong></span> <span class='ocrx_word' id='word_1_577' title='bbox 3418 2445 3648 2510; x_wconf 78' lang='lat' dir='ltr'><strong>Ludovi-</strong></span> 
     </span>
    </p>
   </div>
   <div class='ocr_carea' id='block_1_88' title="bbox 2070 2517 3646 2591">
    <p class='ocr_par' dir='ltr' id='par_1_88' title="bbox 2070 2517 3646 2591">
     <span class='ocr_line' id='line_1_91' title="bbox 2070 2517 3646 2591; baseline 0.006 -20"><span class='ocrx_word' id='word_1_578' title='bbox 2070 2531 2212 2582; x_wconf 88' lang='lat' dir='ltr'><strong>cum,</strong></span> <span class='ocrx_word' id='word_1_579' title='bbox 2242 2517 2408 2591; x_wconf 80' lang='lat' dir='ltr'><strong>ﬁlium</strong></span> <span class='ocrx_word' id='word_1_580' title='bbox 2435 2519 2681 2591; x_wconf 79' lang='lat' dir='ltr'><strong>Ludovici</strong></span> <span class='ocrx_word' id='word_1_581' title='bbox 2704 2522 2932 2575; x_wconf 87' lang='lat' dir='ltr'><strong>senioris</strong></span> <span class='ocrx_word' id='word_1_582' title='bbox 2952 2517 3290 2590; x_wconf 72' lang='lat' dir='ltr'><strong>imperatoris</strong></span> <span class='ocrx_word' id='word_1_583' title='bbox 3308 2524 3646 2591; x_wconf 74' lang='lat' dir='ltr'><strong>confugiens,</strong></span> 
     </span>
    </p>
   </div>
   <div class='ocr_carea' id='block_1_89' title="bbox 2066 2588 3644 2664">
    <p class='ocr_par' dir='ltr' id='par_1_89' title="bbox 2066 2588 3644 2664">
     <span class='ocr_line' id='line_1_92' title="bbox 2066 2588 3644 2664; baseline 0.008 -26"><span class='ocrx_word' id='word_1_584' title='bbox 2066 2601 2235 2664; x_wconf 78' lang='lat' dir='ltr'><strong>usque</strong></span> <span class='ocrx_word' id='word_1_585' title='bbox 2263 2588 2329 2664; x_wconf 81' lang='lat' dir='ltr'><strong>ad</strong></span> <span class='ocrx_word' id='word_1_586' title='bbox 2361 2596 2586 2642; x_wconf 90' lang='lat' dir='ltr'><strong>mortem</strong></span> <span class='ocrx_word' id='word_1_587' title='bbox 2599 2589 2819 2664; x_wconf 78' lang='lat' dir='ltr'><strong>_Otgat‘ii</strong></span> <span class='ocrx_word' id='word_1_588' title='bbox 2847 2588 3234 2662; x_wconf 83' lang='lat' dir='ltr'><strong>archiepiscopi</strong></span> <span class='ocrx_word' id='word_1_589' title='bbox 3271 2588 3644 2664; x_wconf 52' lang='lat' dir='ltr'><strong>moguntinenQ</strong></span> 
     </span>
    </p>
   </div>
   <div class='ocr_carea' id='block_1_90' title="bbox 2067 2656 3643 2731">
    <p class='ocr_par' dir='ltr' id='par_1_90' title="bbox 2067 2656 3643 2731">
     <span class='ocr_line' id='line_1_93' title="bbox 2067 2656 3643 2731; baseline 0.006 -22"><span class='ocrx_word' id='word_1_590' title='bbox 2067 2656 2163 2721; x_wconf 88' lang='lat' dir='ltr'><strong>sis,</strong></span> <span class='ocrx_word' id='word_1_591' title='bbox 2187 2657 2278 2731; x_wconf 85' lang='lat' dir='ltr'><strong>qui</strong></span> <span class='ocrx_word' id='word_1_592' title='bbox 2310 2666 2439 2731; x_wconf 77' lang='lat' dir='ltr'><strong>eum</strong></span> <span class='ocrx_word' id='word_1_593' title='bbox 2457 2656 2749 2731; x_wconf 76' lang='lat' dir='ltr'><strong>expulerat,</strong></span> <span class='ocrx_word' id='word_1_594' title='bbox 2773 2669 2991 2731; x_wconf 89' lang='lat' dir='ltr'><strong>propter</strong></span> <span class='ocrx_word' id='word_1_595' title='bbox 3018 2656 3384 2731; x_wconf 63' lang='lat' dir='ltr'><strong>quam&#39;uescio</strong></span> <span class='ocrx_word' id='word_1_596' title='bbox 3399 2678 3643 2731; x_wconf 88' lang='lat' dir='ltr'><strong>causam,</strong></span> 
     </span>
    </p>
   </div>
   <div class='ocr_carea' id='block_1_91' title="bbox 2066 2727 3644 2803">
    <p class='ocr_par' dir='ltr' id='par_1_91' title="bbox 2066 2727 3644 2803">
     <span class='ocr_line' id='line_1_94' title="bbox 2066 2727 3644 2803; baseline 0.006 -24"><span class='ocrx_word' id='word_1_597' title='bbox 2066 2727 2217 2803; x_wconf 62' lang='lat' dir='ltr'><strong>quasi</strong></span> <span class='ocrx_word' id='word_1_598' title='bbox 2248 2729 2400 2803; x_wconf 83' lang='lat' dir='ltr'><strong>exsul</strong></span> <span class='ocrx_word' id='word_1_599' title='bbox 2424 2727 2698 2803; x_wconf 70' lang='lat' dir='ltr'><strong>remansit.</strong></span> <span class='ocrx_word' id='word_1_600' title='bbox 2732 2727 2985 2803; x_wconf 10' lang='lat' dir='ltr'><strong>Sédfpost</strong></span> <span class='ocrx_word' id='word_1_601' title='bbox 3013 2727 3184 2786; x_wconf 77' lang='lat' dir='ltr'><strong>annos</strong></span> <span class='ocrx_word' id='word_1_602' title='bbox 3219 2733 3477 2803; x_wconf 89' lang='lat' dir='ltr'><strong>quinque,</strong></span> <span class='ocrx_word' id='word_1_603' title='bbox 3496 2727 3644 2788; x_wconf 44' lang='lat' dir='ltr'><strong>mor-&#39;-</strong></span> 
     </span>
    </p>
   </div>
   <div class='ocr_carea' id='block_1_92' title="bbox 2066 2797 3644 2883">
    <p class='ocr_par' dir='ltr' id='par_1_92' title="bbox 2066 2797 3644 2883">
     <span class='ocr_line' id='line_1_95' title="bbox 2066 2797 3644 2883; baseline 0.005 -34"><span class='ocrx_word' id='word_1_604' title='bbox 2066 2797 2421 2883; x_wconf 42' lang='lat' dir='ltr'><strong>tuo‘Otgario,</strong></span> <span class='ocrx_word' id='word_1_605' title='bbox 2453 2798 2705 2883; x_wconf 52' lang='lat' dir='ltr'><strong>Rabanus</strong></span> <span class='ocrx_word' id='word_1_606' title='bbox 2727 2797 3184 2883; x_wconf 57' lang='lat' dir='ltr'><strong>archiepiscopus</strong></span> <span class='ocrx_word' id='word_1_607' title='bbox 3211 2797 3263 2856; x_wconf 80' lang='lat' dir='ltr'><strong>in</strong></span> <span class='ocrx_word' id='word_1_608' title='bbox 3284 2874 3297 2883; x_wconf 87' lang='lat'>_</span> <span class='ocrx_word' id='word_1_609' title='bbox 3314 2797 3492 2883; x_wconf 71' lang='lat' dir='ltr'><strong>locum</strong></span> <span class='ocrx_word' id='word_1_610' title='bbox 3525 2805 3644 2883; x_wconf 73' lang='lat' dir='ltr'><strong>ejus</strong></span> 
     </span>
    </p>
   </div>
   <div class='ocr_carea' id='block_1_93' title="bbox 2067 2865 3644 2936">
    <p class='ocr_par' dir='ltr' id='par_1_93' title="bbox 2067 2865 3644 2936">
     <span class='ocr_line' id='line_1_96' title="bbox 2067 2865 3644 2936; baseline 0.004 -17"><span class='ocrx_word' id='word_1_611' title='bbox 2067 2865 2326 2936; x_wconf 76' lang='lat' dir='ltr'><strong>suffectus</strong></span> <span class='ocrx_word' id='word_1_612' title='bbox 2360 2885 2502 2923; x_wconf 89' lang='lat' dir='ltr'><strong>anno</strong></span> <span class='ocrx_word' id='word_1_613' title='bbox 2533 2869 2740 2924; x_wconf 89' lang='lat' dir='ltr'><strong>Domini</strong></span> <span class='ocrx_word' id='word_1_614' title='bbox 2769 2871 2893 2935; x_wconf 72' lang='grc'><strong>847,</strong></span> <span class='ocrx_word' id='word_1_615' title='bbox 2934 2865 3232 2927; x_wconf 76' lang='lat' dir='ltr'><strong>indictione</strong></span> <span class='ocrx_word' id='word_1_616' title='bbox 3278 2874 3363 2936; x_wconf 82' lang='grc'><strong>10,</strong></span> <span class='ocrx_word' id='word_1_617' title='bbox 3403 2865 3644 2934; x_wconf 71' lang='lat' dir='ltr'><strong>omnium</strong></span> 
     </span>
    </p>
   </div>
   <div class='ocr_carea' id='block_1_94' title="bbox 2064 2935 3647 3011">
    <p class='ocr_par' dir='ltr' id='par_1_94' title="bbox 2064 2935 3647 3011">
     <span class='ocr_line' id='line_1_97' title="bbox 2064 2935 3647 3011; baseline 0.004 -21"><span class='ocrx_word' id='word_1_618' title='bbox 2064 2935 2484 3011; x_wconf 32' lang='lat' dir='ltr'><strong>snﬁragio‘sedit</strong></span> <span class='ocrx_word' id='word_1_619' title='bbox 2507 2940 2670 3011; x_wconf 68' lang='lat' dir='ltr'><strong>annis</strong></span> <span class='ocrx_word' id='word_1_620' title='bbox 2684 2955 2895 3011; x_wconf 86' lang='lat' dir='ltr'><strong>novem,</strong></span> <span class='ocrx_word' id='word_1_621' title='bbox 2928 2942 3089 2995; x_wconf 90' lang='lat' dir='ltr'><strong>homo</strong></span> <span class='ocrx_word' id='word_1_622' title='bbox 3116 2942 3167 2996; x_wconf 90' lang='lat' dir='ltr'><strong>in</strong></span> <span class='ocrx_word' id='word_1_623' title='bbox 3198 2958 3455 3011; x_wconf 87' lang='lat' dir='ltr'><strong>pauperes</strong></span> <span class='ocrx_word' id='word_1_624' title='bbox 3485 2944 3647 2997; x_wconf 89' lang='lat' dir='ltr'><strong>mise-</strong></span> 
     </span>
    </p>
   </div>
   <div class='ocr_carea' id='block_1_95' title="bbox 2065 3005 3647 3075">
    <p class='ocr_par' dir='ltr' id='par_1_95' title="bbox 2065 3005 3647 3075">
     <span class='ocr_line' id='line_1_98' title="bbox 2065 3005 3647 3075; baseline 0.005 -16"><span class='ocrx_word' id='word_1_625' title='bbox 2065 3005 2482 3070; x_wconf 88' lang='lat' dir='ltr'><strong>ricordissimus,</strong></span> <span class='ocrx_word' id='word_1_626' title='bbox 2512 3010 2604 3075; x_wconf 89' lang='lat' dir='ltr'><strong>qui</strong></span> <span class='ocrx_word' id='word_1_627' title='bbox 2631 3009 2926 3067; x_wconf 88' lang='lat' dir='ltr'><strong>Ecclesiam</strong></span> <span class='ocrx_word' id='word_1_628' title='bbox 2951 3026 3102 3064; x_wconf 89' lang='lat' dir='ltr'><strong>suam</strong></span> <span class='ocrx_word' id='word_1_629' title='bbox 3130 3005 3372 3068; x_wconf 74' lang='lat' dir='ltr'><strong>moribus</strong></span> <span class='ocrx_word' id='word_1_630' title='bbox 3399 3021 3454 3068; x_wconf 85' lang='lat' dir='ltr'><strong>et</strong></span> <span class='ocrx_word' id='word_1_631' title='bbox 3475 3012 3647 3068; x_wconf 87' lang='lat' dir='ltr'><strong>scien-</strong></span> 
     </span>
    </p>
   </div>
   <div class='ocr_carea' id='block_1_96' title="bbox 2064 3075 2754 3146">
    <p class='ocr_par' dir='ltr' id='par_1_96' title="bbox 2064 3075 2754 3146">
     <span class='ocr_line' id='line_1_99' title="bbox 2064 3075 2754 3146; baseline 0.004 -18"><span class='ocrx_word' id='word_1_632' title='bbox 2064 3075 2139 3128; x_wconf 88' lang='lat' dir='ltr'><strong>tia</strong></span> <span class='ocrx_word' id='word_1_633' title='bbox 2171 3082 2389 3130; x_wconf 90' lang='lat' dir='ltr'><strong>strenue</strong></span> <span class='ocrx_word' id='word_1_634' title='bbox 2414 3076 2754 3146; x_wconf 79' lang='lat' dir='ltr'><strong>gubernavit.</strong></span> 
     </span>
    </p>
   </div>
   <div class='ocr_carea' id='block_1_97' title="bbox 2750 3163 2959 3221">
    <p class='ocr_par' dir='ltr' id='par_1_97' title="bbox 2750 3163 2959 3221">
     <span class='ocr_line' id='line_1_100' title="bbox 2750 3163 2959 3221; baseline -0.005 -1"><span class='ocrx_word' id='word_1_635' title='bbox 2750 3163 2959 3221; x_wconf 78' lang='lat' dir='ltr'><strong>XXVII.</strong></span> 
     </span>
    </p>
   </div>
   <div class='ocr_carea' id='block_1_98' title="bbox 2061 3255 3646 3329">
    <p class='ocr_par' dir='ltr' id='par_1_98' title="bbox 2061 3255 3646 3329">
     <span class='ocr_line' id='line_1_101' title="bbox 2061 3255 3646 3329; baseline 0.006 -19"><span class='ocrx_word' id='word_1_636' title='bbox 2061 3255 2252 3311; x_wconf 73' lang='lat' dir='ltr'><strong>Beatus</strong></span> <span class='ocrx_word' id='word_1_637' title='bbox 2280 3255 2565 3329; x_wconf 76' lang='lat' dir='ltr'><strong>Rhenanus</strong></span> <span class='ocrx_word' id='word_1_638' title='bbox 2592 3258 2647 3311; x_wconf 87' lang='lat' dir='ltr'><strong>in</strong></span> <span class='ocrx_word' id='word_1_639' title='bbox 2674 3256 3100 3329; x_wconf 59' lang='lat' dir='ltr'><strong>adnotationibus</strong></span> <span class='ocrx_word' id='word_1_640' title='bbox 3122 3258 3191 3312; x_wconf 86' lang='lat' dir='ltr'><strong>ad</strong></span> <span class='ocrx_word' id='word_1_641' title='bbox 3213 3258 3404 3316; x_wconf 83' lang='lat' dir='ltr'><strong>librum</strong></span> <span class='ocrx_word' id='word_1_642' title='bbox 3440 3260 3646 3329; x_wconf 78' lang='lat' dir='ltr'><strong>Tertul-</strong></span> 
     </span>
    </p>
   </div>
   <div class='ocr_carea' id='block_1_99' title="bbox 2507 3327 3188 3383">
    <p class='ocr_par' dir='ltr' id='par_1_99' title="bbox 2507 3327 3188 3383">
     <span class='ocr_line' id='line_1_102' title="bbox 2507 3327 3188 3383; baseline 0.003 -3"><span class='ocrx_word' id='word_1_643' title='bbox 2507 3327 2636 3382; x_wconf 81' lang='lat' dir='ltr'><strong>liani</strong></span> <span class='ocrx_word' id='word_1_644' title='bbox 2663 3328 2726 3382; x_wconf 84' lang='lat' dir='ltr'><strong>de</strong></span> <span class='ocrx_word' id='word_1_645' title='bbox 2751 3327 2957 3381; x_wconf 84' lang='lat' dir='ltr'><strong>Corona</strong></span> <span class='ocrx_word' id='word_1_646' title='bbox 2987 3328 3188 3383; x_wconf 78' lang='lat' dir='ltr'><strong>militis.</strong></span> 
     </span>
    </p>
   </div>
   <div class='ocr_carea' id='block_1_100' title="bbox 2131 3415 3645 3486">
    <p class='ocr_par' dir='ltr' id='par_1_100' title="bbox 2131 3415 3645 3486">
     <span class='ocr_line' id='line_1_103' title="bbox 2131 3415 3645 3486; baseline 0.003 -15"><span class='ocrx_word' id='word_1_647' title='bbox 2131 3418 2205 3473; x_wconf 88' lang='lat' dir='ltr'><strong>De</strong></span> <span class='ocrx_word' id='word_1_648' title='bbox 2222 3416 2583 3479; x_wconf 70' lang='lat' dir='ltr'><strong>caeremoniis,</strong></span> <span class='ocrx_word' id='word_1_649' title='bbox 2610 3425 2665 3470; x_wconf 89' lang='lat' dir='ltr'><strong>et</strong></span> <span class='ocrx_word' id='word_1_650' title='bbox 2687 3415 3066 3471; x_wconf 87' lang='lat' dir='ltr'><strong>ecclesiasticis</strong></span> <span class='ocrx_word' id='word_1_651' title='bbox 3081 3417 3399 3486; x_wconf 86' lang='lat' dir='ltr'><strong>quihusdam</strong></span> <span class='ocrx_word' id='word_1_652' title='bbox 3424 3420 3645 3475; x_wconf 82' lang='lat' dir='ltr'><strong>ordina-</strong></span> 
     </span>
    </p>
   </div>
   <div class='ocr_carea' id='block_1_101' title="bbox 2063 3486 3644 3558">
    <p class='ocr_par' dir='ltr' id='par_1_101' title="bbox 2063 3486 3644 3558">
     <span class='ocr_line' id='line_1_104' title="bbox 2063 3486 3644 3558; baseline 0.002 -17"><span class='ocrx_word' id='word_1_653' title='bbox 2063 3489 2297 3542; x_wconf 88' lang='lat' dir='ltr'><strong>tionibus</strong></span> <span class='ocrx_word' id='word_1_654' title='bbox 2340 3495 2457 3558; x_wconf 91' lang='lat' dir='ltr'><strong>post</strong></span> <span class='ocrx_word' id='word_1_655' title='bbox 2509 3487 2797 3558; x_wconf 80' lang='lat' dir='ltr'><strong>primordia</strong></span> <span class='ocrx_word' id='word_1_656' title='bbox 2829 3487 3100 3558; x_wconf 80' lang='lat' dir='ltr'><strong>nascentis</strong></span> <span class='ocrx_word' id='word_1_657' title='bbox 3123 3486 3523 3543; x_wconf 86' lang='lat' dir='ltr'><strong>Christianismi</strong></span> <span class='ocrx_word' id='word_1_658' title='bbox 3560 3491 3644 3545; x_wconf 89' lang='lat' dir='ltr'><strong>in-</strong></span> 
     </span>
    </p>
   </div>
   <div class='ocr_carea' id='block_1_102' title="bbox 2060 3555 3651 3626">
    <p class='ocr_par' dir='ltr' id='par_1_102' title="bbox 2060 3555 3651 3626">
     <span class='ocr_line' id='line_1_105' title="bbox 2060 3555 3651 3626; baseline 0.003 -15"><span class='ocrx_word' id='word_1_659' title='bbox 2060 3558 2263 3612; x_wconf 83' lang='lat' dir='ltr'><strong>stitutis</strong></span> <span class='ocrx_word' id='word_1_660' title='bbox 2288 3597 2303 3621; x_wconf 88' lang='lat'><strong>,</strong></span> <span class='ocrx_word' id='word_1_661' title='bbox 2340 3555 2556 3626; x_wconf 64' lang='lat' dir='ltr'><strong>absque</strong></span> <span class='ocrx_word' id='word_1_662' title='bbox 2596 3556 2860 3626; x_wconf 86' lang='lat' dir='ltr'><strong>scriptura</strong></span> <span class='ocrx_word' id='word_1_663' title='bbox 2906 3555 3047 3626; x_wconf 86' lang='lat' dir='ltr'><strong>haud</strong></span> <span class='ocrx_word' id='word_1_664' title='bbox 3073 3558 3268 3622; x_wconf 90' lang='lat' dir='ltr'><strong>dubie,</strong></span> <span class='ocrx_word' id='word_1_665' title='bbox 3298 3559 3543 3614; x_wconf 86' lang='lat' dir='ltr'><strong>meminit</strong></span> <span class='ocrx_word' id='word_1_666' title='bbox 3590 3570 3651 3615; x_wconf 84' lang='lat' dir='ltr'><strong>et</strong></span> 
     </span>
    </p>
   </div>
   <div class='ocr_carea' id='block_1_103' title="bbox 2062 3625 3643 3696">
    <p class='ocr_par' dir='ltr' id='par_1_103' title="bbox 2062 3625 3643 3696">
     <span class='ocr_line' id='line_1_106' title="bbox 2062 3625 3643 3696; baseline 0.003 -17"><span class='ocrx_word' id='word_1_667' title='bbox 2062 3627 2312 3680; x_wconf 79' lang='lat' dir='ltr'><strong>Rabanus</strong></span> <span class='ocrx_word' id='word_1_668' title='bbox 2334 3625 2551 3680; x_wconf 80' lang='lat' dir='ltr'><strong>Maurus</strong></span> <span class='ocrx_word' id='word_1_669' title='bbox 2572 3627 2624 3680; x_wconf 92' lang='lat' dir='ltr'><strong>in</strong></span> <span class='ocrx_word' id='word_1_670' title='bbox 2648 3625 2872 3695; x_wconf 80' lang='lat' dir='ltr'><strong>epistola</strong></span> <span class='ocrx_word' id='word_1_671' title='bbox 2894 3625 3125 3696; x_wconf 89' lang='lat' dir='ltr'><strong>quadam</strong></span> <span class='ocrx_word' id='word_1_672' title='bbox 3150 3627 3217 3681; x_wconf 89' lang='lat' dir='ltr'><strong>ad</strong></span> <span class='ocrx_word' id='word_1_673' title='bbox 3242 3628 3643 3696; x_wconf 76' lang='lat' dir='ltr'><strong>Regenbaldum</strong></span> 
     </span>
    </p>
   </div>
   <div class='ocr_carea' id='block_1_104' title="bbox 2059 3696 3644 3766">
    <p class='ocr_par' dir='ltr' id='par_1_104' title="bbox 2059 3696 3644 3766">
     <span class='ocr_line' id='line_1_107' title="bbox 2059 3696 3644 3766; baseline 0.002 -17"><span class='ocrx_word' id='word_1_674' title='bbox 2059 3696 2511 3766; x_wconf 88' lang='lat' dir='ltr'><strong>quemadmodum</strong></span> <span class='ocrx_word' id='word_1_675' title='bbox 2566 3697 2696 3750; x_wconf 88' lang='lat' dir='ltr'><strong>citat</strong></span> <span class='ocrx_word' id='word_1_676' title='bbox 2726 3697 2866 3751; x_wconf 85' lang='lat' dir='ltr'><strong>idem</strong></span> <span class='ocrx_word' id='word_1_677' title='bbox 2911 3696 3254 3751; x_wconf 84' lang='lat' dir='ltr'><strong>Burchardus</strong></span> <span class='ocrx_word' id='word_1_678' title='bbox 3302 3706 3454 3752; x_wconf 81' lang='lat' dir='ltr'><strong>sexto</strong></span> <span class='ocrx_word' id='word_1_679' title='bbox 3501 3697 3644 3753; x_wconf 89' lang='lat' dir='ltr'><strong>libro</strong></span> 
     </span>
    </p>
   </div>
   <div class='ocr_carea' id='block_1_105' title="bbox 2059 3765 3646 3837">
    <p class='ocr_par' dir='ltr' id='par_1_105' title="bbox 2059 3765 3646 3837">
     <span class='ocr_line' id='line_1_108' title="bbox 2059 3765 3646 3837; baseline 0.003 -19"><span class='ocrx_word' id='word_1_680' title='bbox 2059 3765 2148 3837; x_wconf 76' lang='lat' dir='ltr'><strong>qui</strong></span> <span class='ocrx_word' id='word_1_681' title='bbox 2192 3767 2383 3837; x_wconf 81' lang='lat' dir='ltr'><strong>estde</strong></span> <span class='ocrx_word' id='word_1_682' title='bbox 2409 3767 2797 3837; x_wconf 86' lang='lat' dir='ltr'><strong>Sacramentis,</strong></span> <span class='ocrx_word' id='word_1_683' title='bbox 2846 3765 2899 3819; x_wconf 91' lang='lat' dir='ltr'><strong>in</strong></span> <span class='ocrx_word' id='word_1_684' title='bbox 2950 3767 3065 3820; x_wconf 69' lang='lat' dir='ltr'><strong>hare</strong></span> <span class='ocrx_word' id='word_1_685' title='bbox 3090 3766 3298 3821; x_wconf 88' lang='lat' dir='ltr'><strong>verba:</strong></span> <span class='ocrx_word' id='word_1_686' title='bbox 3336 3768 3523 3837; x_wconf 83' lang='lat' dir='ltr'><strong>Igitur,</strong></span> <span class='ocrx_word' id='word_1_687' title='bbox 3583 3778 3646 3823; x_wconf 90' lang='lat' dir='ltr'><strong>ut</strong></span> 
     </span>
    </p>
   </div>
   <div class='ocr_carea' id='block_1_106' title="bbox 2062 3835 3640 3905">
    <p class='ocr_par' dir='ltr' id='par_1_106' title="bbox 2062 3835 3640 3905">
     <span class='ocr_line' id='line_1_109' title="bbox 2062 3835 3640 3905; baseline 0.001 -14"><span class='ocrx_word' id='word_1_688' title='bbox 2062 3835 2249 3891; x_wconf 80' lang='lat' dir='ltr'><strong>beatus</strong></span> <span class='ocrx_word' id='word_1_689' title='bbox 2269 3835 2587 3890; x_wconf 85' lang='lat' dir='ltr'><strong>Ambrosius</strong></span> <span class='ocrx_word' id='word_1_690' title='bbox 2616 3844 2862 3895; x_wconf 80' lang='lat' dir='ltr'><strong>testatur,</strong></span> <span class='ocrx_word' id='word_1_691' title='bbox 2901 3845 3187 3905; x_wconf 77' lang='lat' dir='ltr'><strong>postquam</strong></span> <span class='ocrx_word' id='word_1_692' title='bbox 3223 3835 3472 3891; x_wconf 87' lang='lat' dir='ltr'><strong>omnibus</strong></span> <span class='ocrx_word' id='word_1_693' title='bbox 3500 3838 3640 3892; x_wconf 86' lang='lat' dir='ltr'><strong>locis</strong></span> 
     </span>
    </p>
   </div>
   <div class='ocr_carea' id='block_1_107' title="bbox 2060 3903 3643 3971">
    <p class='ocr_par' dir='ltr' id='par_1_107' title="bbox 2060 3903 3643 3971">
     <span class='ocr_line' id='line_1_110' title="bbox 2060 3903 3643 3971; baseline 0 -10"><span class='ocrx_word' id='word_1_694' title='bbox 2060 3907 2315 3961; x_wconf 66' lang='lat' dir='ltr'><strong>Ecclesia:</strong></span> <span class='ocrx_word' id='word_1_695' title='bbox 2348 3915 2475 3959; x_wconf 90' lang='lat' dir='ltr'><strong>sunt</strong></span> <span class='ocrx_word' id='word_1_696' title='bbox 2495 3906 2828 3969; x_wconf 65' lang='lat' dir='ltr'><strong>constitute,</strong></span> <span class='ocrx_word' id='word_1_697' title='bbox 2849 3903 3103 3960; x_wconf 30' lang='lat' dir='ltr'><strong>ct‘oﬁicia</strong></span> <span class='ocrx_word' id='word_1_698' title='bbox 3122 3907 3392 3971; x_wconf 88' lang='lat' dir='ltr'><strong>ordinata,</strong></span> <span class='ocrx_word' id='word_1_699' title='bbox 3423 3915 3507 3960; x_wconf 90' lang='lat' dir='ltr'><strong>est</strong></span> <span class='ocrx_word' id='word_1_700' title='bbox 3536 3907 3643 3962; x_wconf 90' lang='lat' dir='ltr'><strong>ali-</strong></span> 
     </span>
    </p>
   </div>
   <div class='ocr_carea' id='block_1_108' title="bbox 2061 3974 3625 4045">
    <p class='ocr_par' dir='ltr' id='par_1_108' title="bbox 2061 3974 3625 4045">
     <span class='ocr_line' id='line_1_111' title="bbox 2061 3974 3625 4045; baseline 0 -15"><span class='ocrx_word' id='word_1_701' title='bbox 2061 3986 2144 4031; x_wconf 89' lang='lat' dir='ltr'><strong>ter</strong></span> <span class='ocrx_word' id='word_1_702' title='bbox 2193 3976 2490 4045; x_wconf 90' lang='lat' dir='ltr'><strong>composita</strong></span> <span class='ocrx_word' id='word_1_703' title='bbox 2521 3989 2608 4029; x_wconf 91' lang='lat' dir='ltr'><strong>res</strong></span> <span class='ocrx_word' id='word_1_704' title='bbox 2658 3991 2817 4043; x_wconf 88' lang='lat' dir='ltr'><strong>quam</strong></span> <span class='ocrx_word' id='word_1_705' title='bbox 2869 3984 3127 4045; x_wconf 63' lang='lat' dir='ltr'><strong>carperet.</strong></span> <span class='ocrx_word' id='word_1_706' title='bbox 3174 3974 3411 4029; x_wconf 85' lang='lat' dir='ltr'><strong>Primum</strong></span> <span class='ocrx_word' id='word_1_707' title='bbox 3479 3976 3625 4031; x_wconf 90' lang='lat' dir='ltr'><strong>enim</strong></span> 
     </span>
    </p>
   </div>
   <div class='ocr_carea' id='block_1_109' title="bbox 2059 4044 3642 4115">
    <p class='ocr_par' dir='ltr' id='par_1_109' title="bbox 2059 4044 3642 4115">
     <span class='ocr_line' id='line_1_112' title="bbox 2059 4044 3642 4115; baseline 0.001 -17"><span class='ocrx_word' id='word_1_708' title='bbox 2059 4061 2249 4101; x_wconf 89' lang='lat' dir='ltr'><strong>omnes</strong></span> <span class='ocrx_word' id='word_1_709' title='bbox 2291 4046 2573 4109; x_wconf 85' lang='lat' dir='ltr'><strong>docebant,</strong></span> <span class='ocrx_word' id='word_1_710' title='bbox 2600 4053 2654 4099; x_wconf 91' lang='lat' dir='ltr'><strong>et</strong></span> <span class='ocrx_word' id='word_1_711' title='bbox 2678 4059 2866 4100; x_wconf 85' lang='lat' dir='ltr'><strong>omnes</strong></span> <span class='ocrx_word' id='word_1_712' title='bbox 2892 4044 3265 4115; x_wconf 77' lang='lat' dir='ltr'><strong>baptizabant</strong></span> <span class='ocrx_word' id='word_1_713' title='bbox 3306 4046 3642 4115; x_wconf 79' lang='lat' dir='ltr'><strong>quibuscun-</strong></span> 
     </span>
    </p>
   </div>
   <div class='ocr_carea' id='block_1_110' title="bbox 2060 4113 3638 4184">
    <p class='ocr_par' dir='ltr' id='par_1_110' title="bbox 2060 4113 3638 4184">
     <span class='ocr_line' id='line_1_113' title="bbox 2060 4113 3638 4184; baseline 0.001 -17"><span class='ocrx_word' id='word_1_714' title='bbox 2060 4132 2166 4184; x_wconf 82' lang='lat' dir='ltr'><strong>que</strong></span> <span class='ocrx_word' id='word_1_715' title='bbox 2191 4114 2399 4178; x_wconf 90' lang='lat' dir='ltr'><strong>diebus,</strong></span> <span class='ocrx_word' id='word_1_716' title='bbox 2441 4124 2496 4169; x_wconf 93' lang='lat' dir='ltr'><strong>et</strong></span> <span class='ocrx_word' id='word_1_717' title='bbox 2527 4115 2852 4184; x_wconf 90' lang='lat' dir='ltr'><strong>temporibus</strong></span> <span class='ocrx_word' id='word_1_718' title='bbox 2881 4113 3071 4169; x_wconf 84' lang='lat' dir='ltr'><strong>fuisset</strong></span> <span class='ocrx_word' id='word_1_719' title='bbox 3095 4113 3339 4169; x_wconf 53' lang='lat' dir='ltr'><strong>occasio;</strong></span> <span class='ocrx_word' id='word_1_720' title='bbox 3357 4113 3467 4169; x_wconf 89' lang='lat' dir='ltr'><strong>Nec</strong></span> <span class='ocrx_word' id='word_1_721' title='bbox 3488 4116 3638 4170; x_wconf 89' lang='lat' dir='ltr'><strong>enim</strong></span> 
     </span>
    </p>
   </div>
   <div class='ocr_carea' id='block_1_111' title="bbox 2062 4183 3637 4254">
    <p class='ocr_par' dir='ltr' id='par_1_111' title="bbox 2062 4183 3637 4254">
     <span class='ocr_line' id='line_1_114' title="bbox 2062 4183 3637 4254; baseline -0.001 -15"><span class='ocrx_word' id='word_1_722' title='bbox 2062 4183 2338 4254; x_wconf 83' lang='lat' dir='ltr'><strong>Philippus</strong></span> <span class='ocrx_word' id='word_1_723' title='bbox 2360 4192 2570 4254; x_wconf 91' lang='lat' dir='ltr'><strong>tempus</strong></span> <span class='ocrx_word' id='word_1_724' title='bbox 2596 4183 2859 4254; x_wconf 75' lang='lat' dir='ltr'><strong>qiuesivit,</strong></span> <span class='ocrx_word' id='word_1_725' title='bbox 2887 4191 2979 4237; x_wconf 91' lang='lat' dir='ltr'><strong>aut</strong></span> <span class='ocrx_word' id='word_1_726' title='bbox 3003 4185 3164 4246; x_wconf 88' lang='lat' dir='ltr'><strong>diem,</strong></span> <span class='ocrx_word' id='word_1_727' title='bbox 3195 4199 3310 4254; x_wconf 88' lang='lat' dir='ltr'><strong>quo</strong></span> <span class='ocrx_word' id='word_1_728' title='bbox 3326 4185 3637 4254; x_wconf 86' lang='lat' dir='ltr'><strong>eunuchum</strong></span> 
     </span>
    </p>
   </div>
   <div class='ocr_carea' id='block_1_112' title="bbox 2060 4253 3640 4323">
    <p class='ocr_par' dir='ltr' id='par_1_112' title="bbox 2060 4253 3640 4323">
     <span class='ocr_line' id='line_1_115' title="bbox 2060 4253 3640 4323; baseline 0 -16"><span class='ocrx_word' id='word_1_729' title='bbox 2060 4253 2380 4323; x_wconf 71' lang='lat' dir='ltr'><strong>baptizaret,</strong></span> <span class='ocrx_word' id='word_1_730' title='bbox 2408 4253 2580 4322; x_wconf 79' lang='lat' dir='ltr'><strong>neque</strong></span> <span class='ocrx_word' id='word_1_731' title='bbox 2599 4253 2859 4323; x_wconf 80' lang='lat' dir='ltr'><strong>jejunium</strong></span> <span class='ocrx_word' id='word_1_732' title='bbox 2888 4254 3228 4323; x_wconf 89' lang='lat' dir='ltr'><strong>interposuit.</strong></span> <span class='ocrx_word' id='word_1_733' title='bbox 3272 4253 3455 4323; x_wconf 82' lang='lat' dir='ltr'><strong>Neque</strong></span> <span class='ocrx_word' id='word_1_734' title='bbox 3498 4253 3640 4307; x_wconf 73' lang='lat' dir='ltr'><strong>Pau~</strong></span> 
     </span>
    </p>
   </div>
   <div class='ocr_carea' id='block_1_113' title="bbox 2060 4323 3640 4392">
    <p class='ocr_par' dir='ltr' id='par_1_113' title="bbox 2060 4323 3640 4392">
     <span class='ocr_line' id='line_1_116' title="bbox 2060 4323 3640 4392; baseline 0.001 -16"><span class='ocrx_word' id='word_1_735' title='bbox 2060 4324 2142 4377; x_wconf 88' lang='lat' dir='ltr'><strong>lus</strong></span> <span class='ocrx_word' id='word_1_736' title='bbox 2168 4334 2215 4376; x_wconf 87' lang='lat' dir='ltr'><strong>et</strong></span> <span class='ocrx_word' id='word_1_737' title='bbox 2255 4324 2392 4376; x_wconf 78' lang='lat' dir='ltr'><strong>Silas</strong></span> <span class='ocrx_word' id='word_1_738' title='bbox 2419 4333 2627 4391; x_wconf 88' lang='lat' dir='ltr'><strong>tempus</strong></span> <span class='ocrx_word' id='word_1_739' title='bbox 2653 4323 2994 4387; x_wconf 89' lang='lat' dir='ltr'><strong>distulerunt,</strong></span> <span class='ocrx_word' id='word_1_740' title='bbox 3017 4339 3121 4392; x_wconf 89' lang='lat' dir='ltr'><strong>quo</strong></span> <span class='ocrx_word' id='word_1_741' title='bbox 3142 4323 3420 4392; x_wconf 90' lang='lat' dir='ltr'><strong>Optiouem</strong></span> <span class='ocrx_word' id='word_1_742' title='bbox 3438 4323 3640 4392; x_wconf 89' lang='lat' dir='ltr'><strong>[custo-</strong></span> 
     </span>
    </p>
   </div>
   <div class='ocr_carea' id='block_1_114' title="bbox 2062 4392 3637 4464">
    <p class='ocr_par' dir='ltr' id='par_1_114' title="bbox 2062 4392 3637 4464">
     <span class='ocr_line' id='line_1_117' title="bbox 2062 4392 3637 4464; baseline 0.001 -18"><span class='ocrx_word' id='word_1_743' title='bbox 2062 4393 2206 4464; x_wconf 82' lang='lat' dir='ltr'><strong>dem]</strong></span> <span class='ocrx_word' id='word_1_744' title='bbox 2234 4393 2469 4464; x_wconf 76' lang='lat' dir='ltr'><strong>carceris</strong></span> <span class='ocrx_word' id='word_1_745' title='bbox 2500 4392 2836 4464; x_wconf 83' lang='lat' dir='ltr'><strong>baptizarent</strong></span> <span class='ocrx_word' id='word_1_746' title='bbox 2862 4408 2991 4464; x_wconf 78' lang='lat' dir='ltr'><strong>cum</strong></span> <span class='ocrx_word' id='word_1_747' title='bbox 3012 4393 3419 4464; x_wconf 12' lang='lat' dir='ltr'><strong>omnibusrejus.</strong></span> <span class='ocrx_word' id='word_1_748' title='bbox 3441 4392 3637 4463; x_wconf 75' lang='lat' dir='ltr'><strong>Neque</strong></span> 
     </span>
    </p>
   </div>
   <div class='ocr_carea' id='block_1_115' title="bbox 2062 4461 3633 4531">
    <p class='ocr_par' dir='ltr' id='par_1_115' title="bbox 2062 4461 3633 4531">
     <span class='ocr_line' id='line_1_118' title="bbox 2062 4461 3633 4531; baseline 0.001 -15"><span class='ocrx_word' id='word_1_749' title='bbox 2062 4461 2256 4516; x_wconf 74' lang='lat' dir='ltr'><strong>Petrus</strong></span> <span class='ocrx_word' id='word_1_750' title='bbox 2284 4463 2509 4516; x_wconf 89' lang='lat' dir='ltr'><strong>clericos</strong></span> <span class='ocrx_word' id='word_1_751' title='bbox 2555 4463 2762 4526; x_wconf 86' lang='lat' dir='ltr'><strong>habuit,</strong></span> <span class='ocrx_word' id='word_1_752' title='bbox 2807 4472 2900 4516; x_wconf 89' lang='lat' dir='ltr'><strong>aut</strong></span> <span class='ocrx_word' id='word_1_753' title='bbox 2944 4461 3084 4517; x_wconf 88' lang='lat' dir='ltr'><strong>diem</strong></span> <span class='ocrx_word' id='word_1_754' title='bbox 3111 4461 3633 4531; x_wconf 15' lang='lat' dir='ltr'><strong>qmesivit,gquando</strong></span> 
     </span>
    </p>
   </div>
   <div class='ocr_carea' id='block_1_116' title="bbox 395 4529 3635 4655">
    <p class='ocr_par' dir='ltr' id='par_1_116' title="bbox 395 4529 3635 4655">
     <span class='ocr_line' id='line_1_119' title="bbox 395 4529 3635 4655; baseline 0.001 -69"><span class='ocrx_word' id='word_1_755' title='bbox 395 4532 499 4587; x_wconf 81' lang='lat' dir='ltr'><strong>sibi</strong></span> <span class='ocrx_word' id='word_1_756' title='bbox 531 4531 825 4584; x_wconf 90' lang='lat' dir='ltr'><strong>monachos</strong></span> <span class='ocrx_word' id='word_1_757' title='bbox 849 4529 1024 4585; x_wconf 38' lang='lat' dir='ltr'><strong>verbo‘</strong></span> <span class='ocrx_word' id='word_1_758' title='bbox 1050 4531 1261 4595; x_wconf 89' lang='lat' dir='ltr'><strong>docuit,</strong></span> <span class='ocrx_word' id='word_1_759' title='bbox 1313 4533 1407 4586; x_wconf 87' lang='lat' dir='ltr'><strong>sed</strong></span> <span class='ocrx_word' id='word_1_760' title='bbox 1440 4533 1602 4587; x_wconf 91' lang='lat' dir='ltr'><strong>etiam</strong></span> <span class='ocrx_word' id='word_1_761' title='bbox 1633 4533 1685 4586; x_wconf 91' lang='lat' dir='ltr'><strong>in</strong></span> <span class='ocrx_word' id='word_1_762' title='bbox 1715 4534 1953 4587; x_wconf 86' lang='lat' dir='ltr'><strong>omnium</strong></span> <span class='ocrx_word' id='word_1_763' title='bbox 1986 4551 2034 4610; x_wconf 78' lang='grc' dir='ltr'><strong>ι)</strong></span> <span class='ocrx_word' id='word_1_764' title='bbox 2062 4532 2365 4587; x_wconf 82' lang='lat' dir='ltr'><strong>Corneliqu</strong></span> <span class='ocrx_word' id='word_1_765' title='bbox 2398 4547 2517 4585; x_wconf 91' lang='lat' dir='ltr'><strong>cum</strong></span> <span class='ocrx_word' id='word_1_766' title='bbox 2542 4531 2689 4585; x_wconf 90' lang='lat' dir='ltr'><strong>omni</strong></span> <span class='ocrx_word' id='word_1_767' title='bbox 2712 4533 2870 4586; x_wconf 90' lang='lat' dir='ltr'><strong>domo</strong></span> <span class='ocrx_word' id='word_1_768' title='bbox 2892 4546 2989 4585; x_wconf 88' lang='lat' dir='ltr'><strong>sua</strong></span> <span class='ocrx_word' id='word_1_769' title='bbox 3015 4529 3324 4601; x_wconf 80' lang='lat' dir='ltr'><strong>baptizavit.</strong></span> <span class='ocrx_word' id='word_1_770' title='bbox 3358 4529 3635 4655; x_wconf 57' lang='lat' dir='ltr'><strong>Neceirse,</strong></span> 
     </span>
     <span class='ocr_line' id='line_1_120' title="bbox 395 4599 3635 4655; baseline 0 0"><span class='ocrx_word' id='word_1_771' title='bbox 395 4603 652 4655; x_wconf 82' lang='lat' dir='ltr'><strong>virtutum</strong></span> <span class='ocrx_word' id='word_1_772' title='bbox 695 4599 1023 4655; x_wconf 76' lang='lat' dir='ltr'><strong>plenitudine</strong></span> <span class='ocrx_word' id='word_1_773' title='bbox 1048 4602 1434 4655; x_wconf 87' lang='lat' dir='ltr'><strong>conversando.</strong></span> <span class='ocrx_word' id='word_1_774' title='bbox 1482 4616 1610 4655; x_wconf 89' lang='lat' dir='ltr'><strong>oves</strong></span> <span class='ocrx_word' id='word_1_775' title='bbox 1634 4602 1749 4655; x_wconf 89' lang='lat' dir='ltr'><strong>sine</strong></span> <span class='ocrx_word' id='word_1_776' title='bbox 1774 4617 1957 4655; x_wconf 88' lang='lat' dir='ltr'><strong>reurc-</strong></span> <span class='ocrx_word' id='word_1_777' title='bbox 2060 4604 2151 4655; x_wconf 84' lang='lat' dir='ltr'><strong>sed</strong></span> <span class='ocrx_word' id='word_1_778' title='bbox 2176 4601 2328 4655; x_wconf 82' lang='lat' dir='ltr'><strong>iussit</strong></span> <span class='ocrx_word' id='word_1_779' title='bbox 2354 4601 2627 4655; x_wconf 82' lang='lat' dir='ltr'><strong>fratribus.</strong></span> <span class='ocrx_word' id='word_1_780' title='bbox 2644 4602 2734 4655; x_wconf 87' lang='lat' dir='ltr'><strong>nui</strong></span> <span class='ocrx_word' id='word_1_781' title='bbox 2756 4616 2877 4655; x_wconf 92' lang='lat' dir='ltr'><strong>cum</strong></span> <span class='ocrx_word' id='word_1_782' title='bbox 2895 4601 2984 4655; x_wconf 93' lang='lat' dir='ltr'><strong>illo</strong></span> <span class='ocrx_word' id='word_1_783' title='bbox 3000 4610 3155 4655; x_wconf 90' lang='lat' dir='ltr'><strong>erant</strong></span> <span class='ocrx_word' id='word_1_784' title='bbox 3176 4601 3315 4655; x_wconf 76' lang='lat' dir='ltr'><strong>apud</strong></span> <span class='ocrx_word' id='word_1_785' title='bbox 3327 4600 3468 4655; x_wconf 89' lang='lat' dir='ltr'><strong>Corn</strong></span> <span class='ocrx_word' id='word_1_786' title='bbox 3527 4602 3635 4655; x_wconf 90' lang='lat' dir='ltr'><strong>ium</strong></span> 
     </span>
    </p>
   </div>
   <div class='ocr_carea' id='block_1_117' title="bbox 393 4599 1957 4668">
    <p class='ocr_par' dir='ltr' id='par_1_117' title="bbox 393 4599 1957 4668">
     <span class='ocr_line' id='line_1_121' title="bbox 393 4599 1957 4668; baseline 0.001 -12"><span class='ocrx_word' id='word_1_787' title='bbox 393 4603 652 4656; x_wconf 82' lang='lat' dir='ltr'><strong>virtutum</strong></span> <span class='ocrx_word' id='word_1_788' title='bbox 695 4599 1023 4668; x_wconf 87' lang='lat' dir='ltr'><strong>plenitudine</strong></span> <span class='ocrx_word' id='word_1_789' title='bbox 1048 4602 1434 4666; x_wconf 89' lang='lat' dir='ltr'><strong>conversaudo,</strong></span> <span class='ocrx_word' id='word_1_790' title='bbox 1482 4616 1610 4656; x_wconf 89' lang='lat' dir='ltr'><strong>oves</strong></span> <span class='ocrx_word' id='word_1_791' title='bbox 1634 4602 1749 4655; x_wconf 89' lang='lat' dir='ltr'><strong>sine</strong></span> <span class='ocrx_word' id='word_1_792' title='bbox 1774 4617 1957 4668; x_wconf 87' lang='lat' dir='ltr'><strong>repre-</strong></span> 
     </span>
    </p>
   </div>
   <div class='ocr_carea' id='block_1_118' title="bbox 395 4670 1955 4741">
    <p class='ocr_par' dir='ltr' id='par_1_118' title="bbox 395 4670 1955 4741">
     <span class='ocr_line' id='line_1_122' title="bbox 395 4670 1955 4741; baseline 0.001 -16"><span class='ocrx_word' id='word_1_793' title='bbox 395 4670 655 4725; x_wconf 87' lang='lat' dir='ltr'><strong>hensione</strong></span> <span class='ocrx_word' id='word_1_794' title='bbox 684 4670 1010 4741; x_wconf 67' lang='lat' dir='ltr'><strong>prmeedens,</strong></span> <span class='ocrx_word' id='word_1_795' title='bbox 1043 4680 1104 4724; x_wconf 92' lang='lat' dir='ltr'><strong>ut</strong></span> <span class='ocrx_word' id='word_1_796' title='bbox 1128 4671 1298 4741; x_wconf 84' lang='lat' dir='ltr'><strong>bonus</strong></span> <span class='ocrx_word' id='word_1_797' title='bbox 1324 4680 1529 4740; x_wconf 89' lang='lat' dir='ltr'><strong>pastor,</strong></span> <span class='ocrx_word' id='word_1_798' title='bbox 1559 4671 1804 4741; x_wconf 80' lang='lat' dir='ltr'><strong>exemplo</strong></span> <span class='ocrx_word' id='word_1_799' title='bbox 1830 4670 1955 4726; x_wconf 90' lang='lat' dir='ltr'><strong>boni</strong></span> 
     </span>
    </p>
   </div>
   <div class='ocr_carea' id='block_1_119' title="bbox 396 4736 1956 4811">
    <p class='ocr_par' dir='ltr' id='par_1_119' title="bbox 396 4736 1956 4811">
     <span class='ocr_line' id='line_1_123' title="bbox 396 4736 1956 4811; baseline 0.002 -18"><span class='ocrx_word' id='word_1_800' title='bbox 396 4741 577 4811; x_wconf 80' lang='lat' dir='ltr'><strong>operis</strong></span> <span class='ocrx_word' id='word_1_801' title='bbox 602 4736 794 4811; x_wconf 74' lang='lat' dir='ltr'><strong>patuit.</strong></span> <span class='ocrx_word' id='word_1_802' title='bbox 828 4736 953 4811; x_wconf 77' lang='lat' dir='ltr'><strong>Ejus</strong></span> <span class='ocrx_word' id='word_1_803' title='bbox 973 4739 1235 4809; x_wconf 88' lang='lat' dir='ltr'><strong>siquidem</strong></span> <span class='ocrx_word' id='word_1_804' title='bbox 1281 4736 1558 4795; x_wconf 77' lang='lat' dir='ltr'><strong>meditatio</strong></span> <span class='ocrx_word' id='word_1_805' title='bbox 1588 4742 1673 4796; x_wconf 87' lang='lat' dir='ltr'><strong>die</strong></span> <span class='ocrx_word' id='word_1_806' title='bbox 1698 4736 1763 4796; x_wconf 74' lang='lat' dir='ltr'><strong>ac</strong></span> <span class='ocrx_word' id='word_1_807' title='bbox 1800 4751 1956 4796; x_wconf 89' lang='lat' dir='ltr'><strong>nocte</strong></span> 
     </span>
    </p>
   </div>
   <div class='ocr_carea' id='block_1_120' title="bbox 396 4809 1958 4881">
    <p class='ocr_par' dir='ltr' id='par_1_120' title="bbox 396 4809 1958 4881">
     <span class='ocr_line' id='line_1_124' title="bbox 396 4809 1958 4881; baseline 0.001 -16"><span class='ocrx_word' id='word_1_808' title='bbox 396 4809 449 4865; x_wconf 83' lang='lat' dir='ltr'><strong>in</strong></span> <span class='ocrx_word' id='word_1_809' title='bbox 474 4809 841 4881; x_wconf 78' lang='lat' dir='ltr'><strong>legeDomini</strong></span> <span class='ocrx_word' id='word_1_810' title='bbox 869 4810 1178 4881; x_wconf 87' lang='lat' dir='ltr'><strong>continuata</strong></span> <span class='ocrx_word' id='word_1_811' title='bbox 1206 4825 1417 4879; x_wconf 84' lang='lat' dir='ltr'><strong>semper</strong></span> <span class='ocrx_word' id='word_1_812' title='bbox 1442 4812 1674 4874; x_wconf 78' lang='lat' dir='ltr'><strong>exstitit,</strong></span> <span class='ocrx_word' id='word_1_813' title='bbox 1708 4811 1797 4881; x_wconf 89' lang='lat' dir='ltr'><strong>qui</strong></span> <span class='ocrx_word' id='word_1_814' title='bbox 1840 4812 1958 4866; x_wconf 90' lang='lat' dir='ltr'><strong>sine</strong></span> 
     </span>
    </p>
   </div>
   <div class='ocr_carea' id='block_1_121' title="bbox 394 4879 1956 4944">
    <p class='ocr_par' dir='ltr' id='par_1_121' title="bbox 394 4879 1956 4944">
     <span class='ocr_line' id='line_1_125' title="bbox 394 4879 1956 4944; baseline -0.001 -8"><span class='ocrx_word' id='word_1_815' title='bbox 394 4879 795 4936; x_wconf 81' lang='lat' dir='ltr'><strong>intermissione</strong></span> <span class='ocrx_word' id='word_1_816' title='bbox 847 4894 1012 4934; x_wconf 91' lang='lat' dir='ltr'><strong>orans</strong></span> <span class='ocrx_word' id='word_1_817' title='bbox 1064 4880 1133 4933; x_wconf 90' lang='lat' dir='ltr'><strong>ad</strong></span> <span class='ocrx_word' id='word_1_818' title='bbox 1184 4881 1501 4944; x_wconf 87' lang='lat' dir='ltr'><strong>Dominum,</strong></span> <span class='ocrx_word' id='word_1_819' title='bbox 1549 4879 1956 4936; x_wconf 47' lang='lat' dir='ltr'><strong>verus—Christi</strong></span> 
     </span>
    </p>
   </div>
   <div class='ocr_carea' id='block_1_122' title="bbox 396 4947 1958 5019">
    <p class='ocr_par' dir='ltr' id='par_1_122' title="bbox 396 4947 1958 5019">
     <span class='ocr_line' id='line_1_126' title="bbox 396 4947 1958 5019; baseline 0.001 -17"><span class='ocrx_word' id='word_1_820' title='bbox 396 4948 694 5019; x_wconf 89' lang='lat' dir='ltr'><strong>discipulus</strong></span> <span class='ocrx_word' id='word_1_821' title='bbox 736 4949 794 5019; x_wconf 84' lang='lat' dir='ltr'><strong>in</strong></span> <span class='ocrx_word' id='word_1_822' title='bbox 839 4947 999 5003; x_wconf 89' lang='lat' dir='ltr'><strong>ﬁnem</strong></span> <span class='ocrx_word' id='word_1_823' title='bbox 1038 4950 1353 5019; x_wconf 89' lang='lat' dir='ltr'><strong>permansit,</strong></span> <span class='ocrx_word' id='word_1_824' title='bbox 1402 4950 1541 5005; x_wconf 87' lang='lat' dir='ltr'><strong>fama</strong></span> <span class='ocrx_word' id='word_1_825' title='bbox 1571 4951 1872 5005; x_wconf 87' lang='lat' dir='ltr'><strong>sanctitatis</strong></span> <span class='ocrx_word' id='word_1_826' title='bbox 1903 4959 1958 5004; x_wconf 91' lang='lat' dir='ltr'><strong>ct</strong></span> 
     </span>
    </p>
   </div>
   <div class='ocr_carea' id='block_1_123' title="bbox 393 5016 1958 5090">
    <p class='ocr_par' dir='ltr' id='par_1_123' title="bbox 393 5016 1958 5090">
     <span class='ocr_line' id='line_1_127' title="bbox 393 5016 1958 5090; baseline 0.001 -17"><span class='ocrx_word' id='word_1_827' title='bbox 393 5016 711 5090; x_wconf 79' lang='lat' dir='ltr'><strong>eruditionis</strong></span> <span class='ocrx_word' id='word_1_828' title='bbox 750 5016 865 5090; x_wconf 77' lang='lat' dir='ltr'><strong>eius</strong></span> <span class='ocrx_word' id='word_1_829' title='bbox 892 5034 950 5073; x_wconf 90' lang='lat' dir='ltr'><strong>se</strong></span> <span class='ocrx_word' id='word_1_830' title='bbox 979 5016 1075 5087; x_wconf 75' lang='lat' dir='ltr'><strong>per</strong></span> <span class='ocrx_word' id='word_1_831' title='bbox 1108 5034 1320 5074; x_wconf 89' lang='lat' dir='ltr'><strong>onmem</strong></span> <span class='ocrx_word' id='word_1_832' title='bbox 1351 5020 1509 5090; x_wconf 85' lang='lat' dir='ltr'><strong>circa</strong></span> <span class='ocrx_word' id='word_1_833' title='bbox 1541 5021 1809 5090; x_wconf 78' lang='lat' dir='ltr'><strong>regionem</strong></span> <span class='ocrx_word' id='word_1_834' title='bbox 1856 5023 1958 5075; x_wconf 83' lang='lat' dir='ltr'><strong>dif-</strong></span> 
     </span>
    </p>
   </div>
   <div class='ocr_carea' id='block_1_124' title="bbox 395 5088 1962 5171">
    <p class='ocr_par' dir='ltr' id='par_1_124' title="bbox 395 5088 1962 5171">
     <span class='ocr_line' id='line_1_128' title="bbox 395 5088 1962 5171; baseline 0.001 -28"><span class='ocrx_word' id='word_1_835' title='bbox 395 5089 698 5171; x_wconf 33' lang='lat' dir='ltr'><strong>fundente,“</strong></span> <span class='ocrx_word' id='word_1_836' title='bbox 720 5088 871 5171; x_wconf 69' lang='lat' dir='ltr'><strong>multi</strong></span> <span class='ocrx_word' id='word_1_837' title='bbox 918 5089 1017 5143; x_wconf 89' lang='lat' dir='ltr'><strong>viri</strong></span> <span class='ocrx_word' id='word_1_838' title='bbox 1050 5090 1274 5171; x_wconf 66' lang='lat' dir='ltr'><strong>nobiles</strong></span> <span class='ocrx_word' id='word_1_839' title='bbox 1311 5089 1448 5171; x_wconf 67' lang='lat' dir='ltr'><strong>ﬁlios</strong></span> <span class='ocrx_word' id='word_1_840' title='bbox 1485 5088 1622 5171; x_wconf 40' lang='lat' dir='ltr'><strong>suos“</strong></span> <span class='ocrx_word' id='word_1_841' title='bbox 1658 5090 1962 5171; x_wconf 79' lang='lat' dir='ltr'><strong>magisterio</strong></span> 
     </span>
    </p>
   </div>
   <div class='ocr_carea' id='block_1_125' title="bbox 393 5157 1957 5229">
    <p class='ocr_par' dir='ltr' id='par_1_125' title="bbox 393 5157 1957 5229">
     <span class='ocr_line' id='line_1_129' title="bbox 393 5157 1957 5229; baseline -0.001 -15"><span class='ocrx_word' id='word_1_842' title='bbox 393 5159 512 5228; x_wconf 84' lang='lat' dir='ltr'><strong>ejus</strong></span> <span class='ocrx_word' id='word_1_843' title='bbox 555 5157 909 5229; x_wconf 84' lang='lat' dir='ltr'><strong>instituendos</strong></span> <span class='ocrx_word' id='word_1_844' title='bbox 947 5160 1298 5214; x_wconf 88' lang='lat' dir='ltr'><strong>tradiderunt.</strong></span> <span class='ocrx_word' id='word_1_845' title='bbox 1339 5158 1652 5229; x_wconf 87' lang='lat' dir='ltr'><strong>Complures</strong></span> <span class='ocrx_word' id='word_1_846' title='bbox 1695 5157 1856 5213; x_wconf 87' lang='lat' dir='ltr'><strong>etiam</strong></span> <span class='ocrx_word' id='word_1_847' title='bbox 1894 5175 1957 5213; x_wconf 83' lang='lat' dir='ltr'><strong>ex</strong></span> 
     </span>
    </p>
   </div>
   <div class='ocr_carea' id='block_1_126' title="bbox 397 5228 1956 5300">
    <p class='ocr_par' dir='ltr' id='par_1_126' title="bbox 397 5228 1956 5300">
     <span class='ocr_line' id='line_1_130' title="bbox 397 5228 1956 5300; baseline -0.002 -16"><span class='ocrx_word' id='word_1_848' title='bbox 397 5232 482 5285; x_wconf 87' lang='lat' dir='ltr'><strong>his</strong></span> <span class='ocrx_word' id='word_1_849' title='bbox 509 5230 600 5300; x_wconf 89' lang='lat' dir='ltr'><strong>qui</strong></span> <span class='ocrx_word' id='word_1_850' title='bbox 641 5228 772 5300; x_wconf 82' lang='lat' dir='ltr'><strong>clari</strong></span> <span class='ocrx_word' id='word_1_851' title='bbox 808 5229 950 5300; x_wconf 84' lang='lat' dir='ltr'><strong>apud</strong></span> <span class='ocrx_word' id='word_1_852' title='bbox 995 5229 1238 5300; x_wconf 80' lang='lat' dir='ltr'><strong>homines</strong></span> <span class='ocrx_word' id='word_1_853' title='bbox 1290 5229 1342 5282; x_wconf 89' lang='lat' dir='ltr'><strong>in</strong></span> <span class='ocrx_word' id='word_1_854' title='bbox 1397 5228 1593 5283; x_wconf 66' lang='lat' dir='ltr'><strong>saeCulo</strong></span> <span class='ocrx_word' id='word_1_855' title='bbox 1621 5229 1956 5300; x_wconf 76' lang='lat' dir='ltr'><strong>videbantur,</strong></span> 
     </span>
    </p>
   </div>
   <div class='ocr_carea' id='block_1_127' title="bbox 394 5298 1958 5369">
    <p class='ocr_par' dir='ltr' id='par_1_127' title="bbox 394 5298 1958 5369">
     <span class='ocr_line' id='line_1_131' title="bbox 394 5298 1958 5369; baseline 0.001 -20"><span class='ocrx_word' id='word_1_856' title='bbox 394 5298 541 5353; x_wconf 84' lang='lat' dir='ltr'><strong>ultro</strong></span> <span class='ocrx_word' id='word_1_857' title='bbox 563 5314 623 5355; x_wconf 92' lang='lat' dir='ltr'><strong>se</strong></span> <span class='ocrx_word' id='word_1_858' title='bbox 657 5299 801 5354; x_wconf 89' lang='lat' dir='ltr'><strong>iliius</strong></span> <span class='ocrx_word' id='word_1_859' title='bbox 823 5298 1116 5369; x_wconf 63' lang='lat' dir='ltr'><strong>disciplinae</strong></span> <span class='ocrx_word' id='word_1_860' title='bbox 1138 5307 1355 5369; x_wconf 88' lang='lat' dir='ltr'><strong>propter</strong></span> <span class='ocrx_word' id='word_1_861' title='bbox 1392 5312 1629 5369; x_wconf 80' lang='lat' dir='ltr'><strong>amorem</strong></span> <span class='ocrx_word' id='word_1_862' title='bbox 1670 5298 1820 5369; x_wconf 81' lang='lat' dir='ltr'><strong>regni</strong></span> <span class='ocrx_word' id='word_1_863' title='bbox 1849 5313 1958 5369; x_wconf 72' lang='lat' dir='ltr'><strong>cie-</strong></span> 
     </span>
    </p>
   </div>
   <div class='ocr_carea' id='block_1_128' title="bbox 398 5367 1957 5431">
    <p class='ocr_par' dir='ltr' id='par_1_128' title="bbox 398 5367 1957 5431">
     <span class='ocr_line' id='line_1_132' title="bbox 398 5367 1957 5431; baseline -0.001 -10"><span class='ocrx_word' id='word_1_864' title='bbox 398 5369 549 5424; x_wconf 86' lang='lat' dir='ltr'><strong>lestis</strong></span> <span class='ocrx_word' id='word_1_865' title='bbox 577 5367 974 5431; x_wconf 55' lang='lat' dir='ltr'><strong>subdiderunt,&#39;</strong></span> <span class='ocrx_word' id='word_1_866' title='bbox 1001 5367 1153 5423; x_wconf 78' lang='lat' dir='ltr'><strong>unde</strong></span> <span class='ocrx_word' id='word_1_867' title='bbox 1169 5367 1518 5423; x_wconf 54' lang='lat' dir='ltr'><strong>et&#39;numerus</strong></span> <span class='ocrx_word' id='word_1_868' title='bbox 1540 5368 1766 5420; x_wconf 87' lang='lat' dir='ltr'><strong>fratrum</strong></span> <span class='ocrx_word' id='word_1_869' title='bbox 1808 5367 1957 5420; x_wconf 66' lang='lat' dir='ltr'><strong>brevi</strong></span> 
     </span>
    </p>
   </div>
   <div class='ocr_carea' id='block_1_129' title="bbox 398 5436 1960 5509">
    <p class='ocr_par' dir='ltr' id='par_1_129' title="bbox 398 5436 1960 5509">
     <span class='ocr_line' id='line_1_133' title="bbox 398 5436 1960 5509; baseline -0.001 -20"><span class='ocrx_word' id='word_1_870' title='bbox 398 5448 587 5509; x_wconf 84' lang='lat' dir='ltr'><strong>auctus</strong></span> <span class='ocrx_word' id='word_1_871' title='bbox 615 5439 768 5494; x_wconf 90' lang='lat' dir='ltr'><strong>valde</strong></span> <span class='ocrx_word' id='word_1_872' title='bbox 804 5440 967 5509; x_wconf 68' lang='lat' dir='ltr'><strong>cmpit</strong></span> <span class='ocrx_word' id='word_1_873' title='bbox 996 5453 1331 5502; x_wconf 80' lang='lat' dir='ltr'><strong>excrescerc,</strong></span> <span class='ocrx_word' id='word_1_874' title='bbox 1358 5446 1437 5509; x_wconf 79' lang='lat' dir='ltr'><strong>et</strong></span> <span class='ocrx_word' id='word_1_875' title='bbox 1482 5436 1803 5509; x_wconf 53' lang='lat' dir='ltr'><strong>substantia</strong></span> <span class='ocrx_word' id='word_1_876' title='bbox 1827 5443 1960 5509; x_wconf 81' lang='lat' dir='ltr'><strong>tem-</strong></span> 
     </span>
    </p>
   </div>
   <div class='ocr_carea' id='block_1_130' title="bbox 397 5504 1957 5573">
    <p class='ocr_par' dir='ltr' id='par_1_130' title="bbox 397 5504 1957 5573">
     <span class='ocr_line' id='line_1_134' title="bbox 397 5504 1957 5573; baseline 0 -15"><span class='ocrx_word' id='word_1_877' title='bbox 397 5507 595 5573; x_wconf 84' lang='lat' dir='ltr'><strong>poralis</strong></span> <span class='ocrx_word' id='word_1_878' title='bbox 622 5524 687 5563; x_wconf 83' lang='lat' dir='ltr'><strong>ex</strong></span> <span class='ocrx_word' id='word_1_879' title='bbox 711 5504 1000 5565; x_wconf 67' lang='lat' dir='ltr'><strong>multorum</strong></span> <span class='ocrx_word' id='word_1_880' title='bbox 1025 5508 1293 5563; x_wconf 87' lang='lat' dir='ltr'><strong>oblatione</strong></span> <span class='ocrx_word' id='word_1_881' title='bbox 1336 5508 1555 5560; x_wconf 85' lang='lat' dir='ltr'><strong>dilatata</strong></span> <span class='ocrx_word' id='word_1_882' title='bbox 1592 5506 1708 5558; x_wconf 91' lang='lat' dir='ltr'><strong>fuit.</strong></span> <span class='ocrx_word' id='word_1_883' title='bbox 1748 5504 1957 5558; x_wconf 81' lang='lat' dir='ltr'><strong>Eisdem</strong></span> 
     </span>
    </p>
   </div>
   <div class='ocr_carea' id='block_1_131' title="bbox 401 5573 1960 5646">
    <p class='ocr_par' dir='ltr' id='par_1_131' title="bbox 401 5573 1960 5646">
     <span class='ocr_line' id='line_1_135' title="bbox 401 5573 1960 5646; baseline 0.001 -20"><span class='ocrx_word' id='word_1_884' title='bbox 401 5577 731 5646; x_wconf 86' lang='lat' dir='ltr'><strong>temporibus</strong></span> <span class='ocrx_word' id='word_1_885' title='bbox 792 5579 1178 5633; x_wconf 87' lang='lat' dir='ltr'><strong>monasterium</strong></span> <span class='ocrx_word' id='word_1_886' title='bbox 1246 5575 1589 5646; x_wconf 69' lang='lat' dir='ltr'><strong>Corbeiense</strong></span> <span class='ocrx_word' id='word_1_887' title='bbox 1619 5575 1672 5646; x_wconf 82' lang='lat' dir='ltr'><strong>in</strong></span> <span class='ocrx_word' id='word_1_888' title='bbox 1727 5573 1960 5646; x_wconf 56' lang='lat' dir='ltr'><strong>Sasouia</strong></span> 
     </span>
    </p>
   </div>
   <div class='ocr_carea' id='block_1_132' title="bbox 402 5642 1960 5716">
    <p class='ocr_par' dir='ltr' id='par_1_132' title="bbox 402 5642 1960 5716">
     <span class='ocr_line' id='line_1_136' title="bbox 402 5642 1960 5716; baseline -0.001 -19"><span class='ocrx_word' id='word_1_889' title='bbox 402 5642 933 5716; x_wconf 37' lang='lat' dir='ltr'><strong>sub‘regulasancti</strong></span> <span class='ocrx_word' id='word_1_890' title='bbox 978 5648 1150 5716; x_wconf 89' lang='lat' dir='ltr'><strong>patris</strong></span> <span class='ocrx_word' id='word_1_891' title='bbox 1187 5646 1375 5716; x_wconf 63' lang='lat' dir='ltr'><strong>nostri</strong></span> <span class='ocrx_word' id='word_1_892' title='bbox 1400 5643 1668 5716; x_wconf 79' lang='lat' dir='ltr'><strong>Benedicti</strong></span> <span class='ocrx_word' id='word_1_893' title='bbox 1707 5642 1960 5696; x_wconf 80' lang='lat' dir='ltr'><strong>novitatis</strong></span> 
     </span>
    </p>
   </div>
   <div class='ocr_carea' id='block_1_133' title="bbox 402 5713 1960 5783">
    <p class='ocr_par' dir='ltr' id='par_1_133' title="bbox 402 5713 1960 5783">
     <span class='ocr_line' id='line_1_137' title="bbox 402 5713 1960 5783; baseline -0.003 -16"><span class='ocrx_word' id='word_1_894' title='bbox 402 5728 511 5767; x_wconf 65' lang='lat' dir='ltr'><strong>sua:</strong></span> <span class='ocrx_word' id='word_1_895' title='bbox 555 5713 785 5783; x_wconf 81' lang='lat' dir='ltr'><strong>sumpsit</strong></span> <span class='ocrx_word' id='word_1_896' title='bbox 833 5713 1131 5774; x_wconf 78' lang='lat' dir='ltr'><strong>exordium.</strong></span> <span class='ocrx_word' id='word_1_897' title='bbox 1159 5714 1300 5783; x_wconf 86' lang='lat' dir='ltr'><strong>quod</strong></span> <span class='ocrx_word' id='word_1_898' title='bbox 1351 5713 1561 5783; x_wconf 86' lang='lat' dir='ltr'><strong>fundari</strong></span> <span class='ocrx_word' id='word_1_899' title='bbox 1596 5720 1829 5782; x_wconf 68' lang='lat' dir='ltr'><strong>emptum</strong></span> <span class='ocrx_word' id='word_1_900' title='bbox 1858 5721 1960 5783; x_wconf 77' lang='lat' dir='ltr'><strong>est</strong></span> 
     </span>
    </p>
   </div>
   <div class='ocr_carea' id='block_1_134' title="bbox 370 5782 1955 5851">
    <p class='ocr_par' dir='ltr' id='par_1_134' title="bbox 370 5782 1955 5851">
     <span class='ocr_line' id='line_1_138' title="bbox 370 5782 1955 5851; baseline 0.001 -18"><span class='ocrx_word' id='word_1_901' title='bbox 370 5797 540 5838; x_wconf 78' lang='lat' dir='ltr'><strong>.anno</strong></span> <span class='ocrx_word' id='word_1_902' title='bbox 590 5782 798 5837; x_wconf 85' lang='lat' dir='ltr'><strong>Domini</strong></span> <span class='ocrx_word' id='word_1_903' title='bbox 831 5784 955 5847; x_wconf 56' lang='grc' dir='ltr'><strong>δεῖ.</strong></span> <span class='ocrx_word' id='word_1_904' title='bbox 985 5782 1275 5839; x_wconf 73' lang='lat' dir='ltr'><strong>indictibne</strong></span> <span class='ocrx_word' id='word_1_905' title='bbox 1303 5783 1386 5845; x_wconf 79' lang='lat' dir='ltr'><strong>l5,</strong></span> <span class='ocrx_word' id='word_1_906' title='bbox 1417 5782 1558 5851; x_wconf 87' lang='lat' dir='ltr'><strong>quod</strong></span> <span class='ocrx_word' id='word_1_907' title='bbox 1587 5795 1723 5849; x_wconf 86' lang='lat' dir='ltr'><strong>pene</strong></span> <span class='ocrx_word' id='word_1_908' title='bbox 1764 5782 1955 5836; x_wconf 85' lang='lat' dir='ltr'><strong>eodem</strong></span> 
     </span>
    </p>
   </div>
   <div class='ocr_carea' id='block_1_135' title="bbox 2060 4600 3468 4683">
    <p class='ocr_par' dir='ltr' id='par_1_135' title="bbox 2060 4600 3468 4683">
     <span class='ocr_line' id='line_1_139' title="bbox 2060 4600 3468 4683; baseline 0.003 -32"><span class='ocrx_word' id='word_1_909' title='bbox 2060 4601 2328 4683; x_wconf 57' lang='lat' dir='ltr'><strong>sciljussit</strong></span> <span class='ocrx_word' id='word_1_910' title='bbox 2354 4601 2734 4683; x_wconf 32' lang='lat' dir='ltr'><strong>fratribus,.qui</strong></span> <span class='ocrx_word' id='word_1_911' title='bbox 2756 4616 2877 4683; x_wconf 88' lang='lat' dir='ltr'><strong>cum</strong></span> <span class='ocrx_word' id='word_1_912' title='bbox 2895 4601 2984 4655; x_wconf 93' lang='lat' dir='ltr'><strong>illo</strong></span> <span class='ocrx_word' id='word_1_913' title='bbox 3000 4600 3155 4683; x_wconf 81' lang='lat' dir='ltr'><strong>erant</strong></span> <span class='ocrx_word' id='word_1_914' title='bbox 3176 4601 3315 4683; x_wconf 73' lang='lat' dir='ltr'><strong>apud</strong></span> <span class='ocrx_word' id='word_1_915' title='bbox 3327 4600 3468 4655; x_wconf 89' lang='lat' dir='ltr'><strong>Corn</strong></span> 
     </span>
    </p>
   </div>
   <div class='ocr_carea' id='block_1_136' title="bbox 2060 4670 3640 4741">
    <p class='ocr_par' dir='ltr' id='par_1_136' title="bbox 2060 4670 3640 4741">
     <span class='ocr_line' id='line_1_140' title="bbox 2060 4670 3640 4741; baseline -0.001 -15"><span class='ocrx_word' id='word_1_916' title='bbox 2060 4673 2114 4727; x_wconf 90' lang='lat' dir='ltr'><strong>iu</strong></span> <span class='ocrx_word' id='word_1_917' title='bbox 2143 4670 2328 4740; x_wconf 81' lang='lat' dir='ltr'><strong>Juppe.</strong></span> <span class='ocrx_word' id='word_1_918' title='bbox 2357 4670 2543 4725; x_wconf 87' lang='lat' dir='ltr'><strong>Adhuc</strong></span> <span class='ocrx_word' id='word_1_919' title='bbox 2557 4670 2697 4741; x_wconf 89' lang='lat' dir='ltr'><strong>enim</strong></span> <span class='ocrx_word' id='word_1_920' title='bbox 2722 4681 2916 4741; x_wconf 67' lang='lat' dir='ltr'><strong>praeter</strong></span> <span class='ocrx_word' id='word_1_921' title='bbox 2943 4679 3147 4741; x_wconf 88' lang='lat' dir='ltr'><strong>septem</strong></span> <span class='ocrx_word' id='word_1_922' title='bbox 3171 4670 3425 4741; x_wconf 88' lang='lat' dir='ltr'><strong>diaconos</strong></span> <span class='ocrx_word' id='word_1_923' title='bbox 3459 4671 3640 4725; x_wconf 89' lang='lat' dir='ltr'><strong>nullus</strong></span> 
     </span>
    </p>
   </div>
   <div class='ocr_carea' id='block_1_137' title="bbox 2062 4740 3635 4811">
    <p class='ocr_par' dir='ltr' id='par_1_137' title="bbox 2062 4740 3635 4811">
     <span class='ocr_line' id='line_1_141' title="bbox 2062 4740 3635 4811; baseline 0.001 -17"><span class='ocrx_word' id='word_1_924' title='bbox 2062 4741 2238 4795; x_wconf 84' lang='lat' dir='ltr'><strong>fuerat</strong></span> <span class='ocrx_word' id='word_1_925' title='bbox 2265 4740 2562 4795; x_wconf 85' lang='lat' dir='ltr'><strong>ordinatus.</strong></span> <span class='ocrx_word' id='word_1_926' title='bbox 2614 4740 2681 4795; x_wconf 90' lang='lat' dir='ltr'><strong>Ut</strong></span> <span class='ocrx_word' id='word_1_927' title='bbox 2706 4740 2834 4811; x_wconf 83' lang='lat' dir='ltr'><strong>ergo</strong></span> <span class='ocrx_word' id='word_1_928' title='bbox 2861 4748 3128 4811; x_wconf 87' lang='lat' dir='ltr'><strong>cresceret</strong></span> <span class='ocrx_word' id='word_1_929' title='bbox 3177 4740 3326 4810; x_wconf 88' lang='lat' dir='ltr'><strong>plebs</strong></span> <span class='ocrx_word' id='word_1_930' title='bbox 3355 4749 3410 4795; x_wconf 89' lang='lat' dir='ltr'><strong>et</strong></span> <span class='ocrx_word' id='word_1_931' title='bbox 3449 4741 3635 4795; x_wconf 87' lang='lat' dir='ltr'><strong>multi-</strong></span> 
     </span>
    </p>
   </div>
   <div class='ocr_carea' id='block_1_138' title="bbox 2060 4809 3641 4881">
    <p class='ocr_par' dir='ltr' id='par_1_138' title="bbox 2060 4809 3641 4881">
     <span class='ocr_line' id='line_1_142' title="bbox 2060 4809 3641 4881; baseline -0.001 -17"><span class='ocrx_word' id='word_1_932' title='bbox 2060 4811 2373 4881; x_wconf 86' lang='lat' dir='ltr'><strong>plicaretur,</strong></span> <span class='ocrx_word' id='word_1_933' title='bbox 2408 4812 2657 4865; x_wconf 87' lang='lat' dir='ltr'><strong>omnibus</strong></span> <span class='ocrx_word' id='word_1_934' title='bbox 2688 4809 2830 4881; x_wconf 78' lang='lat' dir='ltr'><strong>inter</strong></span> <span class='ocrx_word' id='word_1_935' title='bbox 2860 4809 3011 4881; x_wconf 84' lang='lat' dir='ltr'><strong>initia</strong></span> <span class='ocrx_word' id='word_1_936' title='bbox 3056 4809 3372 4881; x_wconf 85' lang='lat' dir='ltr'><strong>concessum</strong></span> <span class='ocrx_word' id='word_1_937' title='bbox 3423 4819 3529 4881; x_wconf 85' lang='lat' dir='ltr'><strong>est,</strong></span> <span class='ocrx_word' id='word_1_938' title='bbox 3582 4818 3641 4881; x_wconf 88' lang='lat' dir='ltr'><strong>et</strong></span> 
     </span>
    </p>
   </div>
   <div class='ocr_carea' id='block_1_139' title="bbox 2063 4879 3638 4951">
    <p class='ocr_par' dir='ltr' id='par_1_139' title="bbox 2063 4879 3638 4951">
     <span class='ocr_line' id='line_1_143' title="bbox 2063 4879 3638 4951; baseline -0.001 -17"><span class='ocrx_word' id='word_1_939' title='bbox 2063 4879 2452 4951; x_wconf 82' lang='lat' dir='ltr'><strong>evangelizare,</strong></span> <span class='ocrx_word' id='word_1_940' title='bbox 2484 4886 2539 4932; x_wconf 86' lang='lat' dir='ltr'><strong>et</strong></span> <span class='ocrx_word' id='word_1_941' title='bbox 2569 4880 2862 4951; x_wconf 82' lang='lat' dir='ltr'><strong>baptizare,</strong></span> <span class='ocrx_word' id='word_1_942' title='bbox 2890 4888 2945 4934; x_wconf 90' lang='lat' dir='ltr'><strong>et</strong></span> <span class='ocrx_word' id='word_1_943' title='bbox 2969 4879 3276 4951; x_wconf 87' lang='lat' dir='ltr'><strong>Scripturas</strong></span> <span class='ocrx_word' id='word_1_944' title='bbox 3320 4880 3374 4933; x_wconf 87' lang='lat' dir='ltr'><strong>in</strong></span> <span class='ocrx_word' id='word_1_945' title='bbox 3404 4880 3638 4951; x_wconf 69' lang='lat' dir='ltr'><strong>e¢:_clesia</strong></span> 
     </span>
    </p>
   </div>
   <div class='ocr_carea' id='block_1_140' title="bbox 2063 4948 3648 5020">
    <p class='ocr_par' dir='ltr' id='par_1_140' title="bbox 2063 4948 3648 5020">
     <span class='ocr_line' id='line_1_144' title="bbox 2063 4948 3648 5020; baseline 0.001 -17"><span class='ocrx_word' id='word_1_946' title='bbox 2063 4950 2372 5018; x_wconf 68' lang='lat' dir='ltr'><strong>explanare.</strong></span> <span class='ocrx_word' id='word_1_947' title='bbox 2400 4949 2470 5020; x_wconf 81' lang='lat' dir='ltr'><strong>At</strong></span> <span class='ocrx_word' id='word_1_948' title='bbox 2496 4950 2586 5020; x_wconf 82' lang='lat' dir='ltr'><strong>ubi</strong></span> <span class='ocrx_word' id='word_1_949' title='bbox 2608 4951 2789 5003; x_wconf 88' lang='lat' dir='ltr'><strong>omnia</strong></span> <span class='ocrx_word' id='word_1_950' title='bbox 2815 4948 2932 5003; x_wconf 87' lang='lat' dir='ltr'><strong>loca</strong></span> <span class='ocrx_word' id='word_1_951' title='bbox 2960 4948 3317 5020; x_wconf 76' lang='lat' dir='ltr'><strong>circumplexa</strong></span> <span class='ocrx_word' id='word_1_952' title='bbox 3345 4958 3428 5005; x_wconf 91' lang='lat' dir='ltr'><strong>est</strong></span> <span class='ocrx_word' id='word_1_953' title='bbox 3445 4949 3648 5004; x_wconf 60' lang='lat' dir='ltr'><strong>EccleJ</strong></span> 
     </span>
    </p>
   </div>
   <div class='ocr_carea' id='block_1_141' title="bbox 2064 5018 3641 5082">
    <p class='ocr_par' dir='ltr' id='par_1_141' title="bbox 2064 5018 3641 5082">
     <span class='ocr_line' id='line_1_145' title="bbox 2064 5018 3641 5082; baseline -0.001 -8"><span class='ocrx_word' id='word_1_954' title='bbox 2064 5021 2164 5081; x_wconf 90' lang='lat' dir='ltr'><strong>sia,</strong></span> <span class='ocrx_word' id='word_1_955' title='bbox 2192 5018 2564 5073; x_wconf 88' lang='lat' dir='ltr'><strong>conventicula</strong></span> <span class='ocrx_word' id='word_1_956' title='bbox 2584 5020 2877 5073; x_wconf 91' lang='lat' dir='ltr'><strong>constituta</strong></span> <span class='ocrx_word' id='word_1_957' title='bbox 2905 5029 3050 5082; x_wconf 84' lang='lat' dir='ltr'><strong>sunt,</strong></span> <span class='ocrx_word' id='word_1_958' title='bbox 3077 5028 3133 5073; x_wconf 91' lang='lat' dir='ltr'><strong>et</strong></span> <span class='ocrx_word' id='word_1_959' title='bbox 3166 5018 3427 5082; x_wconf 75' lang='lat' dir='ltr'><strong>rectores,</strong></span> <span class='ocrx_word' id='word_1_960' title='bbox 3455 5028 3511 5072; x_wconf 91' lang='lat' dir='ltr'><strong>et</strong></span> <span class='ocrx_word' id='word_1_961' title='bbox 3533 5033 3641 5073; x_wconf 68' lang='lat' dir='ltr'><strong>cae-</strong></span> 
     </span>
    </p>
   </div>
   <div class='ocr_carea' id='block_1_142' title="bbox 2064 5086 3642 5149">
    <p class='ocr_par' dir='ltr' id='par_1_142' title="bbox 2064 5086 3642 5149">
     <span class='ocr_line' id='line_1_146' title="bbox 2064 5086 3642 5149; baseline 0.001 -6"><span class='ocrx_word' id='word_1_962' title='bbox 2064 5098 2180 5143; x_wconf 88' lang='lat' dir='ltr'><strong>tera</strong></span> <span class='ocrx_word' id='word_1_963' title='bbox 2223 5087 2394 5141; x_wconf 87' lang='lat' dir='ltr'><strong>oﬁicia</strong></span> <span class='ocrx_word' id='word_1_964' title='bbox 2442 5088 2493 5142; x_wconf 91' lang='lat' dir='ltr'><strong>in</strong></span> <span class='ocrx_word' id='word_1_965' title='bbox 2525 5087 2767 5141; x_wconf 89' lang='lat' dir='ltr'><strong>ecclesiis</strong></span> <span class='ocrx_word' id='word_1_966' title='bbox 2809 5097 2934 5142; x_wconf 89' lang='lat' dir='ltr'><strong>sunt</strong></span> <span class='ocrx_word' id='word_1_967' title='bbox 2972 5090 3236 5149; x_wconf 87' lang='lat' dir='ltr'><strong>ordinata,</strong></span> <span class='ocrx_word' id='word_1_968' title='bbox 3270 5096 3329 5141; x_wconf 90' lang='lat' dir='ltr'><strong>ut</strong></span> <span class='ocrx_word' id='word_1_969' title='bbox 3374 5086 3550 5143; x_wconf 91' lang='lat' dir='ltr'><strong>nullus</strong></span> <span class='ocrx_word' id='word_1_970' title='bbox 3572 5089 3642 5143; x_wconf 80' lang='lat' dir='ltr'><strong>de</strong></span> 
     </span>
    </p>
   </div>
   <div class='ocr_carea' id='block_1_143' title="bbox 2063 5157 3642 5227">
    <p class='ocr_par' dir='ltr' id='par_1_143' title="bbox 2063 5157 3642 5227">
     <span class='ocr_line' id='line_1_147' title="bbox 2063 5157 3642 5227; baseline 0 -16"><span class='ocrx_word' id='word_1_971' title='bbox 2063 5158 2209 5212; x_wconf 86' lang='lat' dir='ltr'><strong>clero</strong></span> <span class='ocrx_word' id='word_1_972' title='bbox 2250 5157 2499 5227; x_wconf 86' lang='lat' dir='ltr'><strong>auderet,</strong></span> <span class='ocrx_word' id='word_1_973' title='bbox 2528 5157 2618 5226; x_wconf 90' lang='lat' dir='ltr'><strong>qui</strong></span> <span class='ocrx_word' id='word_1_974' title='bbox 2639 5158 2919 5213; x_wconf 86' lang='lat' dir='ltr'><strong>ordinatus</strong></span> <span class='ocrx_word' id='word_1_975' title='bbox 2967 5174 3075 5214; x_wconf 88' lang='lat' dir='ltr'><strong>non</strong></span> <span class='ocrx_word' id='word_1_976' title='bbox 3103 5166 3268 5222; x_wconf 89' lang='lat' dir='ltr'><strong>esset,</strong></span> <span class='ocrx_word' id='word_1_977' title='bbox 3298 5157 3445 5227; x_wconf 85' lang='lat' dir='ltr'><strong>quod</strong></span> <span class='ocrx_word' id='word_1_978' title='bbox 3469 5158 3642 5212; x_wconf 79' lang='lat' dir='ltr'><strong>sciret</strong></span> 
     </span>
    </p>
   </div>
   <div class='ocr_carea' id='block_1_144' title="bbox 2061 5226 3636 5295">
    <p class='ocr_par' dir='ltr' id='par_1_144' title="bbox 2061 5226 3636 5295">
     <span class='ocr_line' id='line_1_148' title="bbox 2061 5226 3636 5295; baseline -0.001 -14"><span class='ocrx_word' id='word_1_979' title='bbox 2061 5242 2169 5281; x_wconf 92' lang='lat' dir='ltr'><strong>non</strong></span> <span class='ocrx_word' id='word_1_980' title='bbox 2197 5226 2298 5280; x_wconf 90' lang='lat' dir='ltr'><strong>sibi</strong></span> <span class='ocrx_word' id='word_1_981' title='bbox 2322 5227 2583 5280; x_wconf 89' lang='lat' dir='ltr'><strong>creditum</strong></span> <span class='ocrx_word' id='word_1_982' title='bbox 2618 5227 2698 5282; x_wconf 89' lang='lat' dir='ltr'><strong>vel</strong></span> <span class='ocrx_word' id='word_1_983' title='bbox 2740 5242 3078 5282; x_wconf 90' lang='lat' dir='ltr'><strong>concessum.</strong></span> <span class='ocrx_word' id='word_1_984' title='bbox 3123 5228 3188 5282; x_wconf 87' lang='lat' dir='ltr'><strong>Et</strong></span> <span class='ocrx_word' id='word_1_985' title='bbox 3216 5228 3380 5295; x_wconf 79' lang='lat' dir='ltr'><strong>ccepit</strong></span> <span class='ocrx_word' id='word_1_986' title='bbox 3403 5226 3509 5281; x_wconf 89' lang='lat' dir='ltr'><strong>alio</strong></span> <span class='ocrx_word' id='word_1_987' title='bbox 3537 5241 3636 5282; x_wconf 85' lang='lat' dir='ltr'><strong>or-</strong></span> 
     </span>
    </p>
   </div>
   <div class='ocr_carea' id='block_1_145' title="bbox 2060 5296 3643 5366">
    <p class='ocr_par' dir='ltr' id='par_1_145' title="bbox 2060 5296 3643 5366">
     <span class='ocr_line' id='line_1_149' title="bbox 2060 5296 3643 5366; baseline 0.001 -17"><span class='ocrx_word' id='word_1_988' title='bbox 2060 5296 2184 5366; x_wconf 83' lang='lat' dir='ltr'><strong>dine</strong></span> <span class='ocrx_word' id='word_1_989' title='bbox 2222 5305 2275 5350; x_wconf 92' lang='lat' dir='ltr'><strong>et</strong></span> <span class='ocrx_word' id='word_1_990' title='bbox 2289 5296 2616 5364; x_wconf 86' lang='lat' dir='ltr'><strong>providentia</strong></span> <span class='ocrx_word' id='word_1_991' title='bbox 2639 5297 2925 5366; x_wconf 78' lang='lat' dir='ltr'><strong>gubernari</strong></span> <span class='ocrx_word' id='word_1_992' title='bbox 2942 5298 3180 5353; x_wconf 87' lang='lat' dir='ltr'><strong>Ecclesia</strong></span> <span class='ocrx_word' id='word_1_993' title='bbox 3196 5298 3250 5351; x_wconf 91' lang='lat' dir='ltr'><strong>in</strong></span> <span class='ocrx_word' id='word_1_994' title='bbox 3264 5312 3370 5366; x_wconf 87' lang='lat' dir='ltr'><strong>qua</strong></span> <span class='ocrx_word' id='word_1_995' title='bbox 3386 5296 3432 5349; x_wconf 85' lang='lat' dir='ltr'><strong>si</strong></span> <span class='ocrx_word' id='word_1_996' title='bbox 3446 5310 3643 5351; x_wconf 88' lang='lat' dir='ltr'><strong>omnes</strong></span> 
     </span>
    </p>
   </div>
   <div class='ocr_carea' id='block_1_146' title="bbox 2062 5365 3642 5436">
    <p class='ocr_par' dir='ltr' id='par_1_146' title="bbox 2062 5365 3642 5436">
     <span class='ocr_line' id='line_1_150' title="bbox 2062 5365 3642 5436; baseline 0 -18"><span class='ocrx_word' id='word_1_997' title='bbox 2062 5365 2249 5436; x_wconf 78' lang='lat' dir='ltr'><strong>eadem</strong></span> <span class='ocrx_word' id='word_1_998' title='bbox 2294 5375 2531 5434; x_wconf 91' lang='lat' dir='ltr'><strong>possent,</strong></span> <span class='ocrx_word' id='word_1_999' title='bbox 2558 5365 2868 5436; x_wconf 76' lang='lat' dir='ltr'><strong>irrationale</strong></span> <span class='ocrx_word' id='word_1_1000' title='bbox 2895 5375 3059 5431; x_wconf 86' lang='lat' dir='ltr'><strong>esset,</strong></span> <span class='ocrx_word' id='word_1_1001' title='bbox 3104 5375 3161 5421; x_wconf 85' lang='lat' dir='ltr'><strong>et</strong></span> <span class='ocrx_word' id='word_1_1002' title='bbox 3183 5365 3421 5436; x_wconf 79' lang='lat' dir='ltr'><strong>vulgaris</strong></span> <span class='ocrx_word' id='word_1_1003' title='bbox 3465 5379 3553 5418; x_wconf 88' lang='lat' dir='ltr'><strong>res</strong></span> <span class='ocrx_word' id='word_1_1004' title='bbox 3580 5374 3642 5418; x_wconf 91' lang='lat' dir='ltr'><strong>et</strong></span> 
     </span>
    </p>
   </div>
   <div class='ocr_carea' id='block_1_147' title="bbox 2064 5434 3645 5507">
    <p class='ocr_par' dir='ltr' id='par_1_147' title="bbox 2064 5434 3645 5507">
     <span class='ocr_line' id='line_1_151' title="bbox 2064 5434 3645 5507; baseline 0.004 -22"><span class='ocrx_word' id='word_1_1005' title='bbox 2064 5434 2318 5507; x_wconf 66' lang='lat' dir='ltr'><strong>vilissima</strong></span> <span class='ocrx_word' id='word_1_1006' title='bbox 2355 5436 2645 5507; x_wconf 80' lang='lat' dir='ltr'><strong>videretur.</strong></span> <span class='ocrx_word' id='word_1_1007' title='bbox 2678 5434 2813 5507; x_wconf 80' lang='lat' dir='ltr'><strong>Hinc</strong></span> <span class='ocrx_word' id='word_1_1008' title='bbox 2842 5444 2927 5491; x_wconf 90' lang='lat' dir='ltr'><strong>est</strong></span> <span class='ocrx_word' id='word_1_1009' title='bbox 2960 5451 3090 5507; x_wconf 85' lang='lat' dir='ltr'><strong>ergo</strong></span> <span class='ocrx_word' id='word_1_1010' title='bbox 3113 5437 3252 5491; x_wconf 90' lang='lat' dir='ltr'><strong>unde</strong></span> <span class='ocrx_word' id='word_1_1011' title='bbox 3286 5434 3439 5507; x_wconf 81' lang='lat' dir='ltr'><strong>nunc</strong></span> <span class='ocrx_word' id='word_1_1012' title='bbox 3462 5448 3645 5507; x_wconf 72' lang='lat' dir='ltr'><strong>neque</strong></span> 
     </span>
    </p>
   </div>
   <div class='ocr_carea' id='block_1_148' title="bbox 2063 5502 3640 5575">
    <p class='ocr_par' dir='ltr' id='par_1_148' title="bbox 2063 5502 3640 5575">
     <span class='ocr_line' id='line_1_152' title="bbox 2063 5502 3640 5575; baseline 0 -17"><span class='ocrx_word' id='word_1_1013' title='bbox 2063 5504 2273 5575; x_wconf 72' lang='lat' dir='ltr'><strong>diaconi</strong></span> <span class='ocrx_word' id='word_1_1014' title='bbox 2302 5503 2355 5557; x_wconf 91' lang='lat' dir='ltr'><strong>in</strong></span> <span class='ocrx_word' id='word_1_1015' title='bbox 2377 5505 2571 5575; x_wconf 87' lang='lat' dir='ltr'><strong>populo</strong></span> <span class='ocrx_word' id='word_1_1016' title='bbox 2612 5505 2926 5573; x_wconf 65' lang='lat' dir='ltr'><strong>praedicant,</strong></span> <span class='ocrx_word' id='word_1_1017' title='bbox 2971 5502 3146 5574; x_wconf 61' lang='lat' dir='ltr'><strong>ne&#39;que</strong></span> <span class='ocrx_word' id='word_1_1018' title='bbox 3172 5506 3375 5575; x_wconf 66' lang='lat' dir='ltr'><strong>ueteri,</strong></span> <span class='ocrx_word' id='word_1_1019' title='bbox 3405 5503 3487 5558; x_wconf 84' lang='lat' dir='ltr'><strong>vel</strong></span> <span class='ocrx_word' id='word_1_1020' title='bbox 3511 5502 3640 5558; x_wconf 82' lang='lat' dir='ltr'><strong>laici</strong></span> 
     </span>
    </p>
   </div>
   <div class='ocr_carea' id='block_1_149' title="bbox 2064 5573 3636 5643">
    <p class='ocr_par' dir='ltr' id='par_1_149' title="bbox 2064 5573 3636 5643">
     <span class='ocr_line' id='line_1_153' title="bbox 2064 5573 3636 5643; baseline -0.001 -16"><span class='ocrx_word' id='word_1_1021' title='bbox 2064 5574 2356 5642; x_wconf 86' lang='lat' dir='ltr'><strong>baptizaut,</strong></span> <span class='ocrx_word' id='word_1_1022' title='bbox 2381 5573 2555 5642; x_wconf 83' lang='lat' dir='ltr'><strong>neque</strong></span> <span class='ocrx_word' id='word_1_1023' title='bbox 2574 5588 2896 5643; x_wconf 90' lang='lat' dir='ltr'><strong>quocunque</strong></span> <span class='ocrx_word' id='word_1_1024' title='bbox 2920 5576 3006 5630; x_wconf 88' lang='lat' dir='ltr'><strong>die</strong></span> <span class='ocrx_word' id='word_1_1025' title='bbox 3023 5573 3306 5629; x_wconf 82' lang='lat' dir='ltr'><strong>credentes</strong></span> <span class='ocrx_word' id='word_1_1026' title='bbox 3330 5573 3636 5643; x_wconf 75' lang='lat' dir='ltr'><strong>tinguntur,</strong></span> 
     </span>
    </p>
   </div>
   <div class='ocr_carea' id='block_1_150' title="bbox 2065 5642 3643 5711">
    <p class='ocr_par' dir='ltr' id='par_1_150' title="bbox 2065 5642 3643 5711">
     <span class='ocr_line' id='line_1_154' title="bbox 2065 5642 3643 5711; baseline -0.001 -16"><span class='ocrx_word' id='word_1_1027' title='bbox 2065 5643 2165 5695; x_wconf 86' lang='lat' dir='ltr'><strong>nisi</strong></span> <span class='ocrx_word' id='word_1_1028' title='bbox 2196 5644 2344 5710; x_wconf 77' lang='lat' dir='ltr'><strong>:egri.</strong></span> <span class='ocrx_word' id='word_1_1029' title='bbox 2394 5643 2516 5696; x_wconf 82' lang='lat' dir='ltr'><strong>Ideo</strong></span> <span class='ocrx_word' id='word_1_1030' title='bbox 2560 5642 2664 5696; x_wconf 88' lang='lat' dir='ltr'><strong>non</strong></span> <span class='ocrx_word' id='word_1_1031' title='bbox 2716 5642 2815 5711; x_wconf 89' lang='lat' dir='ltr'><strong>per</strong></span> <span class='ocrx_word' id='word_1_1032' title='bbox 2849 5644 3028 5697; x_wconf 87' lang='lat' dir='ltr'><strong>omnia</strong></span> <span class='ocrx_word' id='word_1_1033' title='bbox 3066 5645 3393 5698; x_wconf 84' lang='lat' dir='ltr'><strong>conveniunt</strong></span> <span class='ocrx_word' id='word_1_1034' title='bbox 3419 5642 3643 5711; x_wconf 71' lang='lat' dir='ltr'><strong>scripta</strong></span> 
     </span>
    </p>
   </div>
   <div class='ocr_carea' id='block_1_151' title="bbox 2064 5710 3644 5781">
    <p class='ocr_par' dir='ltr' id='par_1_151' title="bbox 2064 5710 3644 5781">
     <span class='ocr_line' id='line_1_155' title="bbox 2064 5710 3644 5781; baseline 0.001 -18"><span class='ocrx_word' id='word_1_1035' title='bbox 2064 5711 2300 5780; x_wconf 79' lang='lat' dir='ltr'><strong>Apostoli</strong></span> <span class='ocrx_word' id='word_1_1036' title='bbox 2325 5712 2671 5772; x_wconf 85' lang='lat' dir='ltr'><strong>ordinatioui,</strong></span> <span class='ocrx_word' id='word_1_1037' title='bbox 2698 5710 2816 5781; x_wconf 67' lang='lat' dir='ltr'><strong>qua!</strong></span> <span class='ocrx_word' id='word_1_1038' title='bbox 2845 5729 2987 5768; x_wconf 88' lang='lat' dir='ltr'><strong>nunc</strong></span> <span class='ocrx_word' id='word_1_1039' title='bbox 3012 5716 3062 5767; x_wconf 91' lang='lat' dir='ltr'><strong>in</strong></span> <span class='ocrx_word' id='word_1_1040' title='bbox 3102 5712 3344 5767; x_wconf 82' lang='lat' dir='ltr'><strong>Ecclesia</strong></span> <span class='ocrx_word' id='word_1_1041' title='bbox 3369 5719 3471 5767; x_wconf 82' lang='lat' dir='ltr'><strong>est.</strong></span> <span class='ocrx_word' id='word_1_1042' title='bbox 3498 5710 3644 5777; x_wconf 80' lang='lat' dir='ltr'><strong>Quia</strong></span> 
     </span>
    </p>
   </div>
   <div class='ocr_carea' id='block_1_152' title="bbox 2066 5780 3645 5852">
    <p class='ocr_par' dir='ltr' id='par_1_152' title="bbox 2066 5780 3645 5852">
     <span class='ocr_line' id='line_1_156' title="bbox 2066 5780 3645 5852; baseline -0.003 -15"><span class='ocrx_word' id='word_1_1043' title='bbox 2066 5783 2175 5837; x_wconf 71' lang='lat' dir='ltr'><strong>luce</strong></span> <span class='ocrx_word' id='word_1_1044' title='bbox 2199 5781 2336 5834; x_wconf 86' lang='lat' dir='ltr'><strong>inter</strong></span> <span class='ocrx_word' id='word_1_1045' title='bbox 2358 5781 2471 5848; x_wconf 78' lang='lat' dir='ltr'><strong>ipsa</strong></span> <span class='ocrx_word' id='word_1_1046' title='bbox 2492 5781 2641 5834; x_wconf 83' lang='lat' dir='ltr'><strong>initia</strong></span> <span class='ocrx_word' id='word_1_1047' title='bbox 2668 5780 2787 5835; x_wconf 85' lang='lat' dir='ltr'><strong>sunt</strong></span> <span class='ocrx_word' id='word_1_1048' title='bbox 2812 5786 3028 5852; x_wconf 76' lang='lat' dir='ltr'><strong>scripta.</strong></span> <span class='ocrx_word' id='word_1_1049' title='bbox 3057 5782 3188 5836; x_wconf 73' lang='lat' dir='ltr'><strong>Nam</strong></span> <span class='ocrx_word' id='word_1_1050' title='bbox 3209 5792 3266 5838; x_wconf 86' lang='lat' dir='ltr'><strong>ct</strong></span> <span class='ocrx_word' id='word_1_1051' title='bbox 3281 5780 3645 5835; x_wconf 67' lang='lat' dir='ltr'><strong>Timothmunt</strong></span> 
     </span>
    </p>
   </div>
  </div>
