4012 6202
412 317 514 377 MS

413 431 547 486 Nam
574 426 855 484 hactenus
879 435 1030 482 tanto
1059 428 1282 497 girando
1309 427 1529 482 cardine
1559 426 1756 496 prodit,

406 520 548 580 οτι»,
574 521 710 576 sciat
737 528 793 575 ut
823 519 1031 589 galeam
1060 519 1310 574 consultu
1335 517 1562 573 Caesaris
1586 527 1704 571 oret
1736 558 1747 580 ,

409 612 651 682 Augusto
672 625 805 680 pure
828 609 964 664 feret
984 608 1178 663 almam
1203 609 1328 663 hinc
1347 608 1505 662 laude
1529 621 1806 662 coronam.

407 702 542 756 Nam
569 701 770 770 optima
798 698 1045 754 dextram
1068 699 1242 753 virtus
1269 698 1447 752 divina
1469 707 1624 768 paret
1649 706 1764 752 arte
1789 739 1803 763 ,

406 791 569 862 Stips,
587 792 768 856 lliesu,
787 798 876 846 tua
893 791 1087 859 detque
1118 789 1467 859 triumphum,
1497 789 1770 858 poscimus
1799 802 1985 842 omnes

403 882 513 941 lam
543 883 740 936 almum
761 880 1139 951 iustojustitite
1160 881 1302 950 quod
1329 887 1516 951 regnet
1536 880 1733 949 ubique
1763 919 1777 944 ,

405 975 530 1032 Htrc
561 974 713 1030 silice
734 975 922 1030 induat
946 982 1106 1044 atque
1134 973 1300 1043 ligatu
1326 973 1463 1043 giret
1491 972 1665 1026 amico
1684 1012 1698 1035 ,

406 1060 541 1118 Dum
574 1062 729 1118 aﬁ'ert
763 1062 929 1118 lorica
970 1063 1226 1132 placitum
1252 1062 1332 1117 sic
1362 1063 1474 1132 ipsa
1507 1070 1754 1131 paratum
1781 1101 1794 1124 ,

403 1157 659 1226 Optemus
681 1169 779 1210 nos
805 1169 1018 1224 semper
1042 1155 1296 1220 amicum,
1326 1169 1484 1225 quem
1517 1153 1604 1223 pie
1630 1151 1879 1207 Christus

403 1245 482 1301 lle
505 1253 732 1308 tutatur,
763 1259 927 1315 quam
959 1244 1136 1299 nullus
1151 1243 1334 1312 jaculo
1363 1243 1582 1313 premit,
1614 1249 1699 1298 ast
1723 1241 1810 1295 fur

401 1335 524 1400 Fas,
555 1333 639 1390 vel
666 1335 720 1389 in
745 1334 838 1388 illo
864 1342 1108 1404 proterat
1146 1335 1319 1389 hostis
1345 1333 1572 1388 crimine
1598 1333 1716 1387 diro

401 1423 661 1479 Defensor
688 1421 822 1477 artis
846 1424 940 1477 sed
967 1421 1182 1499 ﬁrmum
1215 1428 1484 1476 monstrat
1507 1421 1797 1476 amandum

403 1514 501 1570 .lus
524 1521 719 1570 ornatu
759 1512 941 1567 laneat
970 1511 1200 1567 Caesaris
1229 1513 1438 1567 obtinet
1463 1512 1738 1566 haustum.

399 1603 568 1661 Omen
595 1603 761 1674 ﬁtque
779 1617 958 1667 omne,
986 1611 1244 1658 actutum
1274 1603 1558 1673 imperium
1589 1609 1773 1656 manet
1796 1605 1946 1656 orbe.

399 1697 476 1752 En
508 1710 675 1767 regna
702 1694 924 1750 Graium
947 1709 1106 1750 omne
1131 1709 1228 1764 per
1253 1709 1427 1764 aevum
1455 1709 1679 1748 munera
1700 1692 1940 1758 donant,

399 1789 464 1842 Et
490 1787 655 1843 Persa
677 1787 790 1852 dat,
821 1786 1007 1856 sicque
1033 1786 1150 1857 ejus
1177 1785 1378 1841 sobolis
1405 1784 1545 1839 latus
1576 1785 1764 1839 ambit.

395 1877 542 1932 Gens
560 1877 711 1948 plebs
729 1877 851 1932 laeta
870 1891 1108 1948 propago
1134 1877 1408 1932 succinam
1432 1877 1519 1947 pie
1544 1876 1708 1930 donat

396 1966 604 2023 Husam
631 1966 784 2036 juvat
827 1953 994 2023 edens
1021 1976 1258 2033 maneat,
1285 1967 1387 2022 scit
1405 1975 1614 2022 scutum
1640 1975 1694 2022 et
1721 1981 1903 2021 amare

396 2058 557 2131 Spem
587 2057 736 2114 exsul
766 2066 976 2130 sceptra
1005 2057 1236 2113 tenendo
1254 2097 1268 2121 ,
1293 2057 1418 2111 dum
1444 2056 1566 2111 ﬁdei
1590 2057 1682 2111 dat
1704 2058 1901 2127 ubique

391 2154 528 2208 item
554 2151 749 2206 haustu
770 2149 943 2206 donec
967 2148 1123 2205 saecla
1147 2163 1240 2204 sua
1265 2146 1482 2218 depellit
1517 2146 1584 2201 ab
1622 2155 1737 2202 arte
1761 2188 1774 2208 ,

1080 319 1139 373 Β.
1184 319 1432 374 RABA‘NI
1474 317 1688 373 MAUBI
1729 315 2044 371 ARCHIEP.
2089 315 2394 372 MOGUNT.
2437 316 2719 374 OPERUM
2761 319 2939 375 PARS
2979 319 3015 374 l.

3569 319 3668 376 144

2097 422 2224 490 Quae
2250 424 2484 481 formese
2507 426 2629 494 jura
2663 428 2916 482 tenebunt
2945 428 3046 482 tcla
3073 428 3225 483 nefas
3251 429 3358 483 sint
3389 470 3403 492 ,

2088 514 2155 569 Et
2184 517 2373 570 sedare
2401 517 2492 586 qui
2524 527 2578 572 et
2606 526 2762 572 terra:
2790 519 3068 573 solidanda
3096 522 3428 588 proterviam
3455 560 3470 585 ,

2086 603 2260 672 Quam
2302 616 2387 661 est
2417 608 2620 663 solidus
2643 624 2899 677 permane
2940 610 3073 678 tegit
3103 610 3381 681 Augustus
3402 613 3565 678 ovile,

2088 694 2464 751 Transformat
2488 699 2637 753 orbis
2666 698 2867 754 Christi
2893 715 3018 754 eum
3041 701 3185 754 clara
3213 702 3436 768 tributa,

2084 785 2212 843 Jure
2241 789 2449 844 colendi
2477 791 2602 845 dum
2632 805 2840 846 memor
2868 807 3022 860 teque
3047 795 3288 862 trophma
3314 810 3516 863 parans
3538 796 3632 850 dat
3657 835 3674 863 ,

2085 878 2214 944 Quae
2259 881 2359 935 hoc
2397 881 2506 935 sint
2539 896 2736 936 nomen
2761 883 2962 952 ubique
2991 899 3178 939 means
3203 885 3455 939 devotum
3483 886 3551 942 ab
3578 904 3675 943 ore

2086 969 2286 1041 Nempe
2308 979 2474 1032 tonat,
2506 981 2766 1043 urgetque
2785 973 2952 1043 probe
2977 983 3165 1044 pectus
3192 975 3282 1029 diu
3305 978 3514 1039 amari,

2085 1061 2168 1116 Sit
2198 1070 2401 1116 tremor
2423 1070 2612 1131 estque
2636 1063 2789 1118 bona:
2815 1063 2997 1118 divino
3025 1079 3254 1120 munere
3277 1065 3455 1133 famae,

2082 1151 2304 1209 Proﬁcit
2333 1154 2456 1208 inde
2477 1155 2610 1208 orbe
2640 1155 2913 1210 madidum
2939 1153 3138 1210 fretum
3161 1155 3456 1228 illicitaque

2083 1240 2174 1296 Sic
2203 1241 2367 1297 abicit
2405 1250 2622 1311 portum
2645 1283 2660 1308 ,
2687 1259 2850 1299 cruce
2882 1245 2972 1299 dat
2991 1243 3176 1300 Iesum
3201 1245 3552 1316 sequiturque

2082 1332 2235 1388 Hunc
2249 1334 2343 1388 tibi
2357 1334 2502 1388 enim
2519 1335 2645 1389 indo
2659 1335 2902 1401 datum,o
2917 1351 3132 1406 semper
3143 1347 3432 1408 castusque
3443 1339 3673 1410 piusque

2080 1423 2282 1489 Caesar,
2305 1425 2454 1496 large
2481 1426 2641 1480 modo
2671 1427 2789 1482 visu
2821 1436 2875 1481 tu
2899 1436 3078 1482 castra
3110 1429 3316 1486 inimici
3345 1439 3430 1484 ast

2082 1515 2278 1570 Terres
2307 1530 2565 1586 spemque
2592 1517 2753 1571 timor
2773 1517 2914 1572 altus
2932 1518 3150 1573 inimica
3177 1518 3369 1590 fugans
3396 1520 3484 1576 dat
3510 1561 3524 1583 ,

2080 1603 2159 1658 Tu
2179 1604 2299 1675 pius
2324 1611 2379 1658 et
2402 1613 2588 1674 gratus
2611 1605 2838 1660 nimium
2857 1622 3086 1677 pronum
3113 1617 3270 1679 rogat
3290 1609 3406 1665 haec
3426 1624 3560 1680 gens

2079 1693 2160 1748 Ad
2189 1693 2402 1748 veniam
2426 1693 2505 1747 ire
2535 1693 2750 1749 animus
2775 1695 2932 1749 nobis
2955 1696 3024 1750 ad
3037 1694 3188 1764 jussa
3211 1698 3457 1767 parentis
3481 1717 3494 1751 :

2005 1776 2054 1836 B
2082 1781 2389 1854 Conscripsi
2418 1785 2618 1840 dudum
2647 1801 2770 1840 nam
2799 1786 2999 1841 Christi
3029 1787 3186 1843 laude
3214 1788 3455 1846 libellum

2081 1875 2339 1930 Versibus
2373 1884 2427 1930 et
2457 1891 2639 1947 prosa,
2667 1877 2763 1931 tibi
2787 1891 2947 1946 quem
2977 1893 3137 1944 nunc,
3165 1879 3518 1951 induperator
3542 1925 3556 1946 ,

2080 1965 2278 2034 Oﬁ'ero,
2295 1976 2502 2032 sancte,
2534 1967 2732 2034 libens,
2752 1966 2904 2037 cujus
2924 1970 3182 2038 praecedit
3202 1971 3382 2043 imago

2080 2059 2241 2114 Stans
2267 2069 2472 2113 armata
2497 2057 2602 2115 ﬁde
2626 2059 2886 2116 victorem
2919 2069 3181 2116 monstrat
3203 2063 3419 2132 ubique.

1572 2329 2086 2390 DECLARATIO
2143 2328 2486 2390 FIGURAE.

1919 2467 2113 2480 -—_

465 2557 506 2614 0
531 2555 745 2614 Christe
772 2553 1038 2618 salvator,
1070 2567 1167 2606 rex
1208 2565 1392 2618 regum
1417 2557 1471 2602 et
1499 2533 1759 2602 Dominus
1789 2544 1964 2600 domi-

2071 2550 2271 2608 actum,
2292 2542 2526 2612 hincque
2548 2543 2666 2614 ejus
2691 2543 2974 2614 imperium
3002 2554 3144 2600 terra
3174 2547 3380 2603 scilicet
3400 2556 3454 2603 et
3471 2550 3664 2624 pelago

391 2661 580 2703 norum
607 2687 620 2710 ,
654 2644 746 2714 qui
792 2642 1049 2698 mundum
1078 2640 1296 2710 propria
1321 2638 1523 2692 ditione
1563 2637 1833 2706 gubernas
1853 2675 1868 2698 ,
1913 2641 1971 2689 et
2074 2640 2245 2688 tutum
2275 2642 2510 2688 maneat.
2544 2633 2679 2690 Nam
2700 2643 2908 2705 gentes,
2937 2635 3246 2692 Graecorum
3275 2639 3411 2694 dona
3457 2644 3664 2713 pretio-

389 2745 666 2808 sceptrum
697 2731 1106 2802 incorruptibile
1137 2728 1366 2784 tenendo
1397 2727 1517 2796 jure
1546 2727 1766 2798 perenni
1806 2739 1969 2793 super
2073 2721 2290 2778 sissima
2331 2723 2406 2777 illi
2439 2723 2710 2790 deferunt,
2742 2726 2992 2780 similiter
3033 2736 3088 2781 et
3137 2745 3299 2805 regna
3331 2730 3617 2787 Persarum
3637 2775 3654 2800 ,

385 2827 568 2883 omnia
590 2839 783 2892 regnas
808 2840 819 2876 :
846 2829 902 2876 tu
920 2821 1145 2875 crimina
1168 2819 1333 2873 multa
1357 2826 1642 2888 parentum
1663 2823 1966 2869 nostrorum
2068 2829 2170 2868 nec
2197 2829 2303 2868 non
2339 2822 2393 2868 et
2423 2823 2634 2870 caetera:
2659 2824 2849 2885 gentes
2876 2817 3046 2888 ipsius
3069 2819 3228 2872 simul
3251 2818 3469 2892 ejusque
3491 2823 3658 2892 prolis

385 2917 442 2974 in
493 2929 656 2970 cruce
689 2911 877 2968 delesti
926 2929 936 2963 :
972 2911 1186 2979 quando
1229 2909 1464 2962 humano
1515 2906 1695 2976 generi
1742 2903 1964 2974 justitiae
2065 2905 2210 2960 latus
2235 2905 2432 2959 tuendo
2464 2905 2828 2975 frequentant,
2857 2909 3088 2961 maxime
3114 2926 3243 2978 gens
3264 2909 3565 2966 Germanias
3600 2922 3658 2966 et

385 3007 537 3064 frena
559 3002 906 3067 constituisti,
927 3008 1089 3070 atque
1112 3000 1217 3054 tuis
1238 2999 1482 3054 ﬁdelibus
1505 2999 1557 3052 in
1581 2997 1732 3052 ccelis
1750 2997 1963 3051 beatam
2063 2995 2297 3065 populus
2328 2996 2659 3052 Francorum
2690 2994 2778 3068 (de
2807 2998 3003 3068 quibus
3032 3001 3149 3070 ejus
3181 3001 3376 3057 nobilis
3404 3005 3660 3074 prosapia

384 3096 552 3151 vitam
588 3107 839 3163 sperare,
881 3089 1244 3158 velociterque
1291 3088 1517 3157 adipisci
1547 3101 1704 3158 posse
1745 3086 1960 3142 dedisti.
1991 3086 2036 3145 C
2066 3084 2330 3155 originem
2382 3085 2570 3157 traxit)
2618 3087 2671 3140 in
2714 3085 2835 3156 ejus
2869 3087 3116 3144 laudibus
3154 3091 3417 3161 concinit,
3485 3093 3658 3150 vitam

383 3186 527 3258 Ergo
554 3185 630 3240 tui
660 3181 899 3239 muneris
919 3190 1003 3236 est
1032 3179 1320 3250 largissimi
1349 3181 1627 3250 patrisque
1649 3179 1725 3232 tui
1756 3177 1962 3234 scilicet

386 3273 772 3346 potentissimi,
803 3269 946 3341 quod
974 3284 1170 3324 nomen
1200 3267 1328 3322 illud
1361 3276 1509 3322 tuum
1542 3265 1808 3321 ineffabile
1844 3281 1962 3319 om-

385 3366 652 3434 nibusque
699 3359 912 3416 saeculis
961 3358 1164 3414 dudum
1214 3356 1486 3422 terribile,
1537 3372 1678 3410 nunc
1738 3355 1963 3426 piissimi

384 3452 646 3526 principis
672 3450 874 3506 vertice
895 3455 1136 3519 gestatur
1163 3447 1388 3502 honesta
1422 3445 1698 3516 religione,
1733 3459 1851 3514 quae
1895 3443 1963 3498 ab

386 3543 638 3599 omnibus
660 3547 951 3597 veneratur
979 3537 1350 3593 celeberrima.
1385 3535 1523 3590 Hinc
1547 3549 1758 3606 quoque
1784 3541 1964 3589 osten-

386 3636 532 3690 ditur
551 3632 695 3704 quod
722 3630 839 3702 ejus
863 3631 1185 3686 auctoritate
1235 3637 1398 3699 atque
1427 3627 1758 3692 defensione,
1789 3642 1960 3698 augu—

385 3737 530 3783 stum
574 3726 860 3797 imperium
909 3723 1137 3779 ﬁrmiter
1173 3730 1415 3787 tenetur,
1469 3729 1524 3778 et
1559 3721 1756 3790 cuique
1799 3734 1963 3775 avaro

385 3815 737 3888 religionique
765 3813 1085 3870 Christiana:
1128 3812 1424 3876 contrario,
1470 3826 1565 3880 per
1586 3808 1788 3879 justum
1813 3808 1957 3879 judi-

383 3907 529 3962 cium
556 3912 798 3978 potestas
843 3902 1112 3969 aufertur,
1140 3909 1202 3957 ut
1240 3900 1479 3972 religiosi
1525 3901 1784 3971 principis
1824 3907 1960 3955 nutu

385 4004 532 4052 totus
559 3994 705 4052 orbis
729 4001 967 4065 regatur.
1010 3991 1144 4046 Nam
1168 3991 1382 4063 largitio
1404 3989 1734 4061 amplissima
1768 4003 1960 4044 mune—

381 4104 500 4143 rum
530 4087 672 4144 illius
700 4087 805 4142 hoc
827 4085 1026 4154 ubique
1047 4083 1256 4155 prodit,
1298 4082 1364 4136 ad
1411 4081 1622 4136 laudem
1664 4079 1958 4136 venerandi

380 4177 725 4249 imperatoris
770 4183 1036 4232 terrarum
1065 4171 1291 4244 populos
1318 4186 1646 4246 provocans,
1691 4179 1958 4242 quatenus

379 4270 653 4325 communi
695 4267 921 4325 consilio
949 4266 1071 4338 ejus
1111 4265 1477 4322 defensionem
1525 4278 1713 4320 omnes
1755 4263 1959 4332 pariter

381 4367 643 4430 quaerant.
670 4356 823 4426 Quod
843 4358 1059 4428 quidem
1087 4371 1187 4412 nos
1210 4357 1288 4411 tui
1309 4355 1514 4421 famuli,
1540 4354 1776 4420 Christe,
1807 4353 1956 4408 mitis

379 4449 635 4513 salvator,
685 4447 952 4519 supplices
977 4447 1234 4517 petimus,
1285 4454 1548 4514 quatenus
1575 4458 1674 4514 per
1697 4443 1950 4498 vexillum
1979 4432 2032 4492 D

377 4550 584 4599 sanctae
617 4540 815 4605 crucis,
850 4547 943 4595 tua
969 4538 1333 4596 sacratissima
1362 4539 1533 4592 virtus
1575 4537 1742 4607 ipsius
1767 4539 1957 4593 dexte-

380 4651 496 4691 ram
540 4633 720 4689 divina
757 4632 964 4688 imbuat
1004 4639 1158 4696 arte,
1201 4639 1361 4698 atque
1404 4629 1731 4700 triumphum
1756 4628 1955 4698 ubique

379 4721 622 4780 conferat
664 4719 904 4793 justitite.
945 4717 1078 4774 Haec
1124 4732 1339 4789 quoque
1386 4717 1536 4774 illum
1563 4716 1782 4772 thorace
1829 4716 1954 4772 ﬁdei

379 4814 666 4872 adamante
709 4810 927 4866 duriore
971 4809 1186 4876 induit,
1230 4823 1351 4878 quae
1376 4807 1584 4864 scilicet
1613 4816 1668 4864 et
1705 4815 1954 4863 ornatum

378 4903 822 4961 decentissimum
841 4909 896 4956 et
921 4900 1317 4956 munimentum
1339 4897 1546 4955 confert
1575 4897 1950 4954 fortissimum.

385 4994 535 5053 Unde
563 5007 784 5049 necesse
811 5000 898 5048 est
930 5000 993 5047 ut
1029 5007 1130 5047 nos
1157 4992 1360 5063 pariter
1398 5006 1522 5047 cum
1569 4989 1716 5046 omni
1759 4989 1954 5059 populo

380 5087 690 5144 Christiano
741 5083 857 5152 ejus
900 5082 1153 5137 amicitiae
1193 5081 1421 5152 gratiam
1451 5089 1697 5150 aptemus
1730 5094 1742 5132 :
1791 5093 1952 5147 quem

379 5179 637 5235 Dominus
674 5175 920 5232 Christus
966 5173 1040 5228 ita
1069 5179 1354 5243 protegens
1387 5171 1623 5227 custodit
1672 5179 1732 5225 ut
1774 5169 1953 5225 nullus

381 5269 642 5324 insidians
669 5282 790 5322 eum
818 5266 1005 5334 aliquo
1027 5263 1187 5320 modo
1211 5277 1408 5319 nocere
1427 5263 1618 5334 possit,
1647 5263 1728 5317 vel
1753 5262 1950 5318 famam

380 5355 498 5426 ejus
546 5355 898 5426 iustissimam
949 5353 1128 5424 aliquo
1186 5353 1412 5408 crimine
1472 5353 1787 5418 maculare;
1857 5354 1952 5408 sed

381 5443 630 5501 defensor
671 5445 1042 5515 omnipotens,
1095 5441 1307 5512 adjutor
1359 5442 1485 5497 boni
1537 5442 1699 5498 studii
1730 5440 1845 5510 ejus
1898 5450 1953 5496 et

384 5532 537 5590 bona
579 5534 899 5603 voluntatis,
948 5535 1307 5594 constantiam
1352 5541 1406 5587 et
1456 5547 1597 5588 verze
1635 5532 1952 5587 innocentia:

381 5626 612 5680 formam
657 5623 712 5676 in
754 5639 820 5680 eo
865 5625 1021 5680 nobis
1060 5638 1270 5693 semper
1308 5621 1620 5676 imitabilem
1668 5623 1946 5690 proponit,

387 5713 601 5784 vultque
619 5721 679 5768 ut
696 5713 1012 5770 nobilissimi
1035 5712 1262 5769 Caesaris
1283 5725 1502 5767 omnem
1527 5709 1735 5766 felicem
1754 5711 1953 5766 habeat

2067 3173 2142 3228 illi
2195 3183 2249 3229 et
2305 3175 2724 3244 prosperitatem
2775 3177 3086 3232 continuam
3143 3189 3426 3252 exoptans.
3488 3183 3657 3240 Exsul

2065 3279 2281 3334 quoque
2315 3265 2622 3335 quicunque
2651 3266 2845 3337 priscis
2870 3269 3200 3339 temporibus
3221 3286 3250 3324 a
3279 3272 3406 3326 sede
3433 3275 3657 3345 propria

2064 3356 2384 3423 aberravit,
2441 3358 2560 3427 ejus
2610 3358 2914 3426 triumphos
2959 3360 3188 3416 amando
3243 3375 3368 3416 mox
3419 3364 3659 3420 reditum

2063 3449 2304 3506 velocem
2346 3458 2556 3520 sperat,
2596 3450 2723 3518 quia
2769 3460 2980 3520 sceptra
3008 3452 3240 3507 tenendo
3267 3453 3393 3508 ﬁdei
3425 3457 3657 3511 verbum

2064 3542 2273 3612 spargit
2297 3541 2514 3612 ubique,
2543 3541 2714 3596 donec
2737 3541 2992 3611 populum
3027 3557 3185 3597 suum
3215 3559 3246 3598 a
3285 3552 3500 3600 vetusto
3529 3560 3658 3601 sce-

2063 3631 2234 3686 lerum
2262 3647 2361 3686 usu
2389 3640 2600 3702 purget,
2640 3633 2731 3700 qui
2769 3631 2994 3700 juvante
3023 3631 3241 3688 Christo
3266 3634 3498 3691 ﬁrmiter
3526 3636 3656 3692 fidei

2063 3720 2345 3778 catholica:
2365 3719 2489 3789 jura
2521 3721 2727 3776 tenebit
2756 3739 2768 3774 :
2813 3737 2882 3776 ne
2907 3721 3106 3777 frustra
3141 3724 3287 3778 verbi
3306 3723 3488 3792 jacula
3519 3740 3654 3794 pro-

2062 3809 2223 3875 ferat,
2247 3810 2342 3865 sed
2369 3810 2477 3864 sint
2515 3825 2664 3864 arma
2692 3811 2932 3879 potentia
2959 3811 3070 3866 Deo
3099 3811 3153 3865 in
3185 3827 3346 3867 omne
3382 3829 3518 3885 opus
3549 3816 3651 3870 bo-

2063 3916 2212 3966 num,
2246 3910 2300 3954 et
2325 3899 2527 3955 Christi
2573 3900 2678 3955 fide
2717 3900 2965 3956 roborata
2990 3904 3172 3958 carnis
3196 3905 3522 3973 proterviaut
3555 3905 3661 3960 do-

2061 3999 2234 4047 meut.
2278 3989 2322 4046 0
2345 4006 2504 4061 quam
2535 3990 2739 4045 solidus
2770 3991 2875 4046 ﬁde
2918 3999 2974 4046 et
3015 3993 3223 4047 stabilis
3251 3993 3304 4047 in
3341 3993 3652 4050 Christiana

2063 4083 2323 4154 religione
2359 4091 2569 4146 manet,
2619 4082 2714 4151 qui
2748 4097 2877 4136 oves
2913 4083 3017 4137 sibi
3073 4083 3478 4139 commendatas
3523 4085 3652 4139 dili-

2061 4181 2252 4244 genter
2300 4174 2447 4227 omni
2503 4173 2635 4228 hora
2681 4173 2954 4239 custodit,
3012 4183 3068 4228 et
3108 4189 3336 4245 pensum
3379 4175 3646 4231 Dominici

2062 4264 2271 4318 servitii
2296 4264 2608 4334 cultumque
2637 4263 2876 4320 divinum
2909 4271 3126 4320 strenue
3153 4266 3222 4320 ab
3252 4266 3502 4320 omnibus
3540 4268 3645 4323 sibi

2059 4356 2556 4425 obtemperantibus
2577 4356 2804 4425 expetit,
2827 4355 2954 4410 dum
2977 4357 3197 4426 superni
3225 4358 3368 4428 regis
3388 4357 3646 4414 vexillum

2058 4446 2266 4500 cunctis
2281 4446 2644 4500 venerandum
2665 4462 2788 4502 esse
2803 4447 3062 4511 ostendit,
3083 4456 3138 4500 et
3159 4447 3226 4501 ad
3241 4449 3646 4517 praedicandum

2060 4537 2260 4592 Christi
2287 4535 2635 4607 Evangelium
2658 4537 2858 4608 ubique
2885 4538 3134 4593 doctores
3159 4553 3285 4594 suos
3313 4537 3518 4610 dirigit,
3550 4542 3644 4609 qui

2059 4633 2375 4688 duricordes
2430 4631 2768 4688 sermonibus
2807 4634 2919 4688 suis
2950 4633 3225 4699 molliant,
3271 4642 3326 4688 et
3353 4633 3420 4690 ad
3466 4635 3646 4703 perci-

2057 4723 2312 4793 piendum
2339 4723 2536 4777 bonum
2578 4721 2798 4776 odorem
2829 4723 3090 4777 virtutum
3122 4723 3300 4777 divina
3325 4724 3499 4795 gratia
3525 4724 3644 4794 opi-

2058 4812 2261 4868 tulante
2286 4811 2616 4882 producant,
2653 4819 2714 4865 ut
2753 4811 2913 4866 luxus
2955 4812 3136 4866 saeculi
3166 4822 3453 4882 spernant,
3503 4823 3557 4868 et
3583 4814 3640 4868 in

2056 4901 2272 4958 Christo
2294 4915 2443 4970 spem
2473 4897 2800 4954 collocantes
2833 4900 3000 4970 ipsius
3025 4901 3366 4970 passionihus
3397 4897 3640 4957 Commu-

2055 4991 2238 5045 nicare
2251 4996 2521 5058 appetant.
2547 4988 2686 5043 Ecce
2707 4989 2825 5054 tibi,
2847 5004 2880 5044 ο
2900 4990 3196 5059 imperator
3217 4990 3637 5045 clementissime

2054 5091 2214 5151 atque
2240 5079 2596 5146 sanctissime,
2627 5096 2864 5151 praesens
2888 5081 3054 5138 offero
3081 5098 3275 5138 munus
3297 5083 3444 5138 omni
3472 5083 3637 5136 devo-

2056 5173 2203 5227 tione
2243 5170 2547 5240 subjectus,
2598 5173 2689 5241 qui
2740 5174 2999 5230 terribilis
3046 5183 3230 5230 exstas
3269 5174 3634 5240 adversariis,

2054 5262 2394 5318 inimicorum
2419 5268 2566 5330 terga
2593 5276 2943 5332 persequens,
2970 5271 3024 5318 et
3053 5262 3296 5333 placidus
3317 5279 3377 5317 es
3400 5263 3631 5328 devotis,

2053 5351 2348 5406 clementer
2373 5352 2653 5410 conversis
2690 5355 2902 5409 veniam
2944 5355 3205 5411 tribuens.
3237 5354 3425 5412 Omnis
3462 5370 3595 5426 gens
3615 5395 3630 5420 ,

2052 5441 2228 5496 omnis
2251 5441 2398 5495 natio
2422 5450 2570 5496 tuam
2596 5442 2933 5499 voluntatem
2963 5442 3145 5500 facere
3165 5443 3394 5514 expetit;
3425 5458 3633 5513 nosque

2051 5531 2131 5585 tui
2157 5533 2339 5587 miseri
2375 5531 2558 5586 famuli
2583 5533 2925 5590 clementiam
2957 5545 3101 5591 tuam
3135 5535 3319 5604 pronis
3353 5533 3630 5604 obsequiis

2051 5625 2199 5678 adire
2218 5632 2485 5693 optamus,
2507 5623 2731 5696 ejusque
2751 5627 2890 5682 votis
2909 5627 3286 5696 obtemperare
3303 5625 3358 5679 in
3377 5624 3631 5679 omnibus

2053 5711 2438 5768 desideramus.
2457 5710 2588 5767 Nam
2611 5711 2870 5782 libellum,
2893 5730 3051 5784 quem
3069 5715 3122 5770 in
3144 5715 3401 5771 honorem
3425 5721 3631 5772 sancte
