4012 6194
374 339 482 405 157
1009 347 1071 401 B.
1112 343 1361 400 RABANI
1402 343 1617 398 MAURI
1654 342 1952 400 AllClllEP

2030 342 2320 399 llOGL’NT.
2364 337 2644 397 OPERUM
2683 340 2860 398 PARS
2898 340 2939 396 l.
3510 326 3614 389 138

1727 523 1930 583 ΡΒᾸΞ
1956 522 2276 582 FATIO.

730 676 3261 748 llusacitastudiogaudensnuncdicerenumen

728 765 3257 843 Nostracupitparitercarmineetalloquiis

728 854 3254 934 Donapatrissummtqaelargusreddiditorbi

724 947 3265 1027 Regisetaltitlironisanetatropha'easimul

672 1038 3011 1115 ‘Quaecruxestsacracrucifixinuminepl
3072 1055 3261 1095 ena

720 1129 3261 1208 Omnibusaptabonisstirpsvenerandasatis

722 1220 3260 1301 Hancegopauperegenusinopsenoreloqella

720 1312 3261 1391 'l‘emptaulhiel'amulussonsdarecthocoriar

718 1407 3256 1480 Nec‘mel‘actapiantquoddignumtnuneretanto

720 1498 3259 1568 ileforeadhoccredamsicquoqementeprobu'm

713 1586 3259 1661 Sedmihilargadeibonitasspesmaximavoti

718 1679 3262 1753 Estquaemepromptumlausdabatexhilarans

718 1769 3259 1844 Panperisetviduaenonspreuitraraminuta

715 1859 3258 1932 Sedtulitipsaprobansarbiteromnitenens

711 1948 3259 2028 Atqueorbedominansqisancitsolusetvnus

711 2040 3256 2103 Cunctavenustabonahanclaudeheauitamor

712 2137 1379 2194 Mandatumve
1438 2131 3257 2205 terenempees‘tetlegequibusqe

710 2221 3260 2296 Munerautaptadarenttemplaadltonestadei

714 2313 3305 2385 Parsdeditargentumparsaurimuneraelara~

710 2405 3254 2478 Parstribuitgemmasparsqoqetinctadedit

705 2494 3260 2571 Lignaoleumqidampigmentaqueearadedere

709 2585 3257 2661 illultaq;magnadomusmonstratvbiquemiean9

704 2681 3254 2751 Astaliisetastulerantpilosqueeaprarum

706 2770 3254 2845 Necfuerantspretibidonal’erendodeohacc

706 2861 1655 2935 Quapropterrogi
1715 2858 3259 2919 tonummatumdiuesvtistie

707 2952 3258 3023 Viliacumportemhincspernerenollitonns

709 3040 3251 3121 lpselicetgazasinmcnsaseonferatamplis

714 3128 3253 3209 Agminibusfultustemplaonerandadeihinc

706 3218 3253 3297 llisegononmotusconturbornamimpievultu

703 3308 3261 3387 Sedgratulansspeeulorereseeredonasibi

710 3400 3252 3476 lllequoqueexosavthabeatmeamuneranolo

719 3491 3260 3569 Sedmagisessesciatqualiacumquedeihaee

710 3581 3257 3659 Exprobratlpsedeoqidespicitaceregenum

714 3671 3174 3745 Cuiusegenushicesteuiusetomnishomoes
3238 3687 3262 3736 t

706 3752 2435 3840 Elqantumtribuotribuitmihi
2499 3764 3259 3825 iesusamator

716 3855 3303 3927 Sintsualactapiehiccunctaquehlcrapiatv

357 4046 501 4102 illisa
530 4042 637 4099 cita
667 4039 847 4099 studio
877 4037 1117 4110 gaudens
1142 4052 1284 4091 nunc
1315 4035 1493 4091 dicere
1522 4050 1719 4091 numen
1958 4036 2009 4095 Α
2033 4030 2167 4086 Pars
2189 4031 2332 4089 dedit
2355 4042 2632 4104 argentum
2650 4076 2663 4098 ,
2699 4047 2824 4105 pars
2850 4034 2965 4088 auri
3001 4050 3224 4091 munera
3252 4037 3427 4105 clara;

424 4134 617 4189 Nostra
647 4128 817 4199 cupit,
844 4126 1050 4199 pariter
1072 4124 1316 4181 carmine
1340 4132 1394 4180 ot
1418 4124 1669 4193 alloquiis
1695 4142 1709 4177 :
2104 4124 2237 4180 Pars
2265 4125 2451 4181 tribuit
2477 4141 2719 4196 gemmas
2745 4143 2757 4180 :
2786 4140 2913 4194 pars
2941 4142 3153 4195 quoque
3181 4128 3347 4184 tincta
3391 4129 3537 4186 dedit

358 4225 503 4280 Dona
531 4221 705 4293 patris
729 4217 950 4283 summi,
978 4230 1102 4287 quae
1128 4215 1313 4287 largus
1343 4214 1578 4270 reddidit
1597 4213 1746 4269 orbi.
2032 4215 2230 4285 Ligna;
2264 4215 2442 4269 oleum
2473 4215 2715 4285 quidam,
2739 4216 3122 4286 pigmentaque
3141 4231 3265 4271 cara
3292 4217 3490 4274 dedere
3511 4236 3532 4273 «ε

379 4311 536 4384 ttegis
552 4323 603 4369 et
618 4308 893 4364 altithroni
922 4313 1107 4363 saneta
1139 4306 1376 4375 trophaea
1407 4303 1583 4358 simul.
1893 4303 1896 4307 ’
2104 4303 2375 4375 Multaque
2410 4321 2604 4375 magna
2636 4306 2828 4361 domus
2854 4315 3122 4362 monstrat
3149 4309 3347 4377 ubique
3377 4310 3586 4367 micans

356 4410 485 4470 Quae
518 4416 648 4456 erus
683 4406 767 4454 est
791 4413 946 4453 sacra
975 4397 1221 4451 crucilixi
1247 4396 1468 4450 numine
1495 4394 1648 4465 plena
1667 4433 1682 4454 ,
1793 4396 1801 4406 ‘
2032 4394 2131 4450 Ast
2161 4395 2250 4449 alii
2277 4405 2421 4451 setas
2450 4397 2703 4462 tulerant,
2732 4397 2974 4466 pilosque
3004 4412 3290 4468 caprarum
3320 4417 3334 4453 :

425 4488 691 4547 Omnibus
717 4477 841 4556 apta
868 4486 1048 4549 bonis,
1073 4485 1241 4552 stirps
1266 4484 1571 4539 veneranda
1600 4483 1750 4537 satis.
2103 4485 2214 4540 Nec
2234 4484 2448 4545 fuerant
2466 4487 2633 4555 spreti
2660 4488 2718 4542 bi
2750 4487 2888 4542 dona
2917 4484 3142 4543 ferendo
3168 4488 3279 4543 Deo
3303 4489 3439 4546 haec.

357 4581 509 4636 llauc
530 4592 631 4649 ego
656 4590 882 4647 pauper,
907 4587 1109 4642 egenus
1129 4573 1304 4640 inops,
1334 4586 1401 4626 en
1426 4585 1543 4635 ore,
1594 4570 1821 4639 loquella
2034 4574 2370 4645 Quapropter
2398 4575 2572 4646 rogito
2598 4582 2937 4629 nummatum
2962 4574 3112 4630 dives
3138 4583 3198 4630 ut
3221 4575 3362 4641 istic,

394 4667 712 4741 ⁸Τθιιψιεηοί
743 4665 833 4721 hic
855 4661 1087 4717 famulus
1115 4677 1244 4716 sons
1273 4660 1404 4715 dare
1427 4670 1482 4714 et
1525 4660 1626 4714 hoc
1656 4658 1822 4723 oriar,
2104 4664 2241 4721 Vilia
2272 4681 2393 4720 cum
2422 4674 2652 4736 portem,
2682 4665 2810 4721 hinc
2844 4679 3098 4736 spernere
3133 4665 3287 4722 nollit
3309 4681 3446 4721 onus
3484 4683 3500 4719 :

359 4762 470 4817 Nec
498 4776 584 4814 me
611 4757 749 4827 facta
780 4755 929 4825 piant
957 4752 1101 4823 quod
1122 4750 1340 4822 dignum
1363 4765 1583 4805 munere
1610 4758 1759 4806 tanto
2033 4756 2153 4827 Ipse
2184 4756 2307 4811 licet
2336 4771 2498 4826 gazas
2526 4756 2818 4811 immensas
2843 4754 3088 4811 conferat
3110 4754 3307 4825 amplis

430 4855 510 4910 Ne
537 4854 651 4909 fore
673 4854 740 4907 ad
757 4852 861 4906 hoc
883 4850 1124 4914 credam,
1147 4848 1227 4903 sic
1246 4863 1460 4917 quoque
1482 4856 1661 4902 mente
1681 4847 1926 4917 probum;
2106 4847 2422 4919 Agmiuibus
2450 4847 2636 4912 fultus,
2667 4847 2869 4923 templa
2889 4847 3164 4902 oneranda
3198 4846 3294 4901 Dei
3329 4846 3478 4902 hinc.

363 4945 471 5002 Sed
499 4943 632 5000 mihi
658 4943 805 5013 larga
831 4940 927 4995 Dei
950 4937 1163 4995 bonitas
1188 4954 1312 5008 spes
1345 4938 1580 4995 maxima
1609 4938 1719 4993 voti
2035 4939 2132 4996 llis
2157 4955 2256 5012 ego
2283 4956 2390 4994 non
2418 4947 2596 4996 motus
2631 4939 2923 4995 conturbor
2961 4955 3088 4994 nam
3131 4940 3296 5011 impie
3321 4940 3503 5005 vultu;
3564 4941 3575 4952 ‘

435 5035 530 5091 Est
551 5073 567 5098 ,
599 5047 720 5104 quae
744 5045 830 5087 me
862 5038 1171 5102 promptum
1192 5029 1314 5086 laus
1341 5029 1503 5086 dabat
1530 5029 1859 5085 exhilaratus.
2107 5030 2213 5087 Sed
2243 5030 2523 5103 gratulans
2555 5030 2802 5103 speculor
2827 5045 3075 5089 crescere
3103 5031 3243 5087 dona
3273 5030 3399 5089 sibi.

365 5123 623 5197 Pauperis
649 5129 704 5178 et
723 5120 898 5177 viduae
924 5136 1030 5176 non
1054 5120 1258 5190 sprevit
1276 5136 1403 5175 rara
1426 5120 1632 5176 minuta
2034 5121 2127 5178 Ille
2148 5136 2365 5193 quoque
2387 5136 2552 5178 exosa
2580 5130 2641 5178 ut
2664 5124 2862 5179 habeat
2880 5139 3001 5179 mea
3028 5139 3254 5180 munera
3288 5121 3448 5190 nolo;

436 5215 544 5272 Sed
574 5214 715 5280 tulit,
742 5212 859 5284 ipsa
890 5210 1127 5282 probans
1154 5211 1358 5268 arbiter
1384 5212 1724 5269 omnitenens
1746 5254 1761 5279 ,
2108 5213 2215 5271 Sed
2244 5215 2418 5285 magis
2444 5228 2562 5272 esse
2587 5216 2725 5272 sciat
2745 5216 3141 5288 qualiacunque
3167 5217 3259 5273 Dei
3280 5215 3398 5271 haec
3419 5254 3435 5281 ,

368 5307 542 5376 Atque
574 5305 705 5360 orbe
738 5303 1023 5358 dominans
1046 5302 1138 5372 qui
1157 5302 1330 5358 sancit
1350 5302 1496 5359 solus
1526 5312 1579 5359 et
1608 5320 1764 5369 unus,
2037 5305 2343 5375 Exprobrat
2373 5305 2488 5376 ipse
2516 5305 2628 5362 Deo
2654 5307 2747 5378 qui
2771 5306 3002 5379 despicit
3026 5323 3153 5364 acer
3175 5318 3437 5378 egenum;

434 5395 642 5450 Cuncta
667 5400 892 5448 venusta
918 5392 1057 5447 bona
1081 5394 1218 5447 hanc
1244 5392 1400 5449 laude
1419 5394 1601 5449 heavit
1621 5410 1791 5449 amor.
1963 5380 2010 5439 Β
2106 5392 2272 5464 Cujus
2296 5410 2499 5467 egenus
2527 5396 2617 5452 hic
2641 5405 2746 5464 est,
2772 5397 2926 5467 cujus
2945 5406 3001 5454 et
3028 5398 3209 5454 omnis
3232 5397 3396 5453 homo
3416 5403 3501 5451 est

367 5482 673 5540 Mandatum
700 5490 881 5538 vetere
911 5497 1101 5552 nempe
1126 5492 1208 5538 est
1241 5490 1296 5537 et
1319 5484 1433 5554 lege
1458 5485 1759 5554 quibusque
2043 5482 2120 5541 En
2146 5492 2407 5554 quantum
2434 5486 2615 5541 tribuo
2643 5488 2834 5542 tribuit
2857 5488 2992 5545 mihi
3033 5486 3189 5546 Iesus
3215 5494 3440 5551 amator,

437 5571 652 5628 Munera
679 5582 739 5628 ut
765 5582 890 5644 apta
925 5574 1108 5629 darent
1145 5569 1336 5643 templa
1361 5573 1427 5628 ad
1459 5574 1680 5630 honesta
1708 5574 1825 5631 Dei.
2113 5574 2234 5631 Sint
2259 5592 2355 5632 sua
2374 5575 2516 5632 facta
2543 5577 2632 5649 pie
2662 5579 2750 5634 hic
2780 5588 3079 5652 cunctaque
3102 5582 3190 5637 hic
3212 5578 3409 5650 rapiat.

1389 5706 1535 5763 Finis
1571 5708 1926 5779 Prmfmionis.
1959 5709 2204 5781 Sequitur
2233 5708 2361 5765 liber
2378 5710 2602 5781 primus.
