4012 6194
339 291 436 346 {Si

1004 291 1067 346 B.
1107 288 1362 345 RABANI
1405 289 1620 344 MAERI
1660 289 1975 344 ARClllEP.
2016 289 2320 344 llilGliNT.
2363 290 2644 347 OPERUM
2685 287 2864 342 PARS
2904 285 2943 339 l.

3487 285 3589 344 159

336 409 470 460 Nam
514 407 657 460 hunc
685 406 972 474 scriptura.
1016 403 1084 458 Et
1121 419 1218 458 oro
1257 402 1490 457 alterum
1528 401 1760 457 culmine
1790 401 1911 456 Hie-
1940 405 1988 462 Α
2017 401 2418 464 Summipotens
2447 413 2657 466 auctor,
2684 402 2774 471 qui
2804 407 3044 456 continet
3069 400 3250 454 omnia
3286 408 3483 456 rector.

1699 507 1839 554 sum,

1699 507 1813 546 sum

339 583 402 636 lit
423 583 628 654 probo:
661 583 802 652 quod
826 598 942 648 rex,
973 591 1057 637 ast
1084 582 1267 638 Iudaea
1294 583 1509 637 inventa
1541 491 1802 636 malo[rum
1825 531 1912 636 est

334 679 465 746 Quae
486 678 680 733 occidit
710 693 909 749 regem,
936 678 980 732 is
1013 678 1167 731 vivax
1197 685 1375 731 tamen
1407 685 1565 746 atque
1596 684 1842 745 patenter

337 769 463 823 'fela
493 770 635 839 rupit
673 770 774 823 vah
809 768 1024 832 martia,
1053 767 1224 823 Esaiae
1256 765 1506 836 dogmata
1545 765 1837 834 complens.

332 859 574 916 Primum
619 876 718 917 nos
757 860 927 915 simus
976 860 1216 924 alacres,
1270 858 1460 912 tubitet
1501 857 1640 911 male
1683 857 1911 926 quisque

1693 950 1840 1020 [hinc

336 1043 622 1100 zEternum
651 1042 936 1100 Dominum
963 1051 1124 1108 tacet,
1150 1057 1182 1099 ο
1210 1050 1398 1097 auctor
1427 1050 1643 1096 sanctus
1665 1040 1752 1095 hic
1783 1039 1912 1094 orbe

1737 1134 1842 1206 [est

333 1228 494 1284 Tradi
521 1231 716 1284 summi
741 1236 934 1283 cuneta
961 1229 1173 1292 decent,
1197 1230 1323 1296 quia
1351 1227 1612 1297 sanguine
1639 1226 1910 1294 demptam

336 1320 562 1373 Dextera
589 1317 826 1386 deripuit
847 1317 1080 1387 praedam
1120 1317 1310 1386 proba,
1335 1324 1542 1379 sancta,
1565 1314 1852 1383 profundo,

329 1409 387 1463 in
416 1424 578 1464 cruce
605 1409 686 1464 sic
715 1409 921 1480 positus
951 1409 1172 1464 dederat
1202 1410 1344 1464 Deus
1371 1424 1496 1463 arce
1521 1425 1802 1465 coronam.

330 1499 661 1569 Principium
692 1499 781 1554 hic
811 1500 976 1565 Deus,
1005 1499 1340 1562 Emmanuel,
1367 1515 1431 1555 ac
1458 1499 1602 1564 ﬁnis,
1629 1499 1781 1568 origo
1806 1505 1908 1553 est.

331 1589 471 1655 Lux,
497 1597 552 1644 et
578 1589 758 1660 imago
793 1588 990 1653 Patris,
1021 1604 1102 1654 os,
1133 1590 1406 1658 splendor,
1433 1589 1626 1660 gloria,
1667 1588 1913 1643 Christus

331 1679 660 1735 llomousion
701 1679 880 1746 Patri,
916 1679 1027 1745 sol,
1071 1672 1324 1744 verbum,
1375 1694 1443 1735 ex
1482 1679 1684 1734 lumine
1731 1679 1909 1734 lumen

2015 491 2094 546 Ad
2137 507 2298 560 quem
2349 491 2581 546 mundus
2628 492 2895 561 pertinet,
2945 498 3126 556 astra,
3171 505 3238 545 ac
3282 500 3508 560 pontus,
3540 500 3598 547 et

3308 582 3522 654 [atthen

2014 674 2372 743 Nostramque
2400 682 2592 728 natura
2618 683 2737 727 arta
2768 681 2928 741 atque
2957 672 3158 728 sociata
3189 675 3396 729 creanti
3421 683 3524 730 est.

2015 762 2147 816 Nam
2175 772 2449 817 auctorem
2476 763 2590 816 haec
2620 761 2768 816 illum
2790 760 2990 832 (palmo
3013 761 3104 830 qui
3138 761 3338 816 claudit
3363 771 3418 818 et
3443 765 3599 840 arva)

2015 854 2227 924 Obtcgit
2249 856 2487 909 humano
2517 863 2610 908 aut
2639 853 2842 908 claudit
2870 852 3010 918 visu,
3045 867 3173 908 ecce
3202 861 3500 922 potentem.

2013 948 2130 1017 Ipse
2177 957 2355 1000 tamen
2399 957 2649 1001 ostensus
2676 946 2874 1015 ubique
2901 961 3000 1000 suo
3025 953 3109 1000 est
3133 961 3297 1015 opere
3324 948 3443 1002 orbi
3472 949 3598 1004 huic

2012 1037 2265 1107 Angelus,
2298 1037 2424 1091 huic
2453 1051 2701 1106 sponsus,
2731 1036 2834 1090 iste
2859 1043 2942 1090 est
2965 1035 3180 1090 devotio
3207 1035 3349 1105 plebi
3379 1045 3433 1092 et

2011 1130 2188 1200 Atque
2217 1131 2416 1184 docens
2445 1128 2729 1198 sapientia,
2757 1126 3016 1197 paciﬁcus
3050 1142 3266 1196 quoque
3295 1137 3498 1193 custos,

2014 1223 2178 1288 Fons,
2211 1221 2492 1276 brachium
2521 1228 2574 1274 et
2600 1220 2777 1290 panis,
2805 1218 3093 1287 divinaque
3118 1227 3295 1286 petra,
3321 1219 3577 1288 magister

2015 1313 2205 1378 Stella,
2227 1313 2430 1376 oriens,
2461 1311 2550 1379 qui
2585 1318 2638 1364 et
2667 1325 2796 1364 cura
2823 1317 3036 1378 potens,
3067 1308 3269 1361 intenta
3297 1309 3523 1362 medela.

2013 1405 2192 1460 Clavis
2222 1412 2276 1460 et
2303 1405 2393 1458 hic
2419 1403 2608 1466 David,
2640 1402 2760 1455 laeta
2791 1402 2897 1464 via,
2932 1408 2985 1452 et
3011 1415 3182 1470 agnus
3209 1399 3490 1453 honestus.

2016 1495 2251 1566 Serpens
2274 1493 2637 1555 sanctiﬁcans,
2666 1490 2889 1545 illustris
2911 1489 2969 1543 ﬁt
3000 1488 3270 1542 mediator
3296 1505 3308 1540 :

2014 1587 2228 1642 Vcrmis
2245 1587 2405 1641 homo
2426 1586 2599 1654 isque,
2622 1583 2846 1637 retraxit
2868 1581 2936 1636 ab
2956 1580 3112 1634 hoste
3135 1577 3211 1648 (et
3231 1577 3361 1649 vita)
3389 1577 3596 1648 rapina.

2016 1685 2168 1739 Mons
2192 1681 2393 1750 aquila,
2414 1678 2742 1748 paraclytus,
2772 1677 2850 1731 sic
2877 1674 2984 1739 leo,
3010 1681 3213 1743 pastor,
3237 1680 3292 1726 et
3320 1671 3524 1727 haedus.

1691 1773 1836 1845 [cum
1937 1765 1984 1824 Β
2012 1776 2468 1834 Fundamentum,
2497 1770 2633 1836 ovis,
2678 1785 2741 1824 ac
2769 1768 3018 1822 \reddens
3047 1766 3132 1836 pie
3166 1772 3290 1818 vota
3323 1764 3576 1819 sacerdos

330 1868 506 1938 Aiqua
538 1883 730 1924 manus
766 1868 997 1934 Domini,
1030 1884 1123 1924 seu
1171 1869 1362 1933 virtus,
1401 1869 1611 1938 duxque
1645 1868 1906 1938 propheta

758 2023 761 2025 .
1705 1958 1831 2030 [est,

329 2050 500 2116 Quem
529 2034 826 2121 unigenam'
849 2048 1021 2118 juste,
1053 2066 1211 2120 quem
1254 2051 1606 2122 primigenam
1637 2066 1733 2105 ore
1773 2049 1910 2105 fate—

1647 2139 1792 2213 [mur
1821 2156 1834 2194 :

328 2232 604 2289 Nazareus
632 2248 752 2289 cum
781 2233 1005 2290 offensio
1035 2233 1122 2300 ﬁt,
1161 2248 1225 2289 ac
1251 2232 1562 2288 scandalum
1597 2233 1812 2302 iniquis,

328 2323 587 2396 Angelus,
615 2333 777 2394 atque
802 2325 958 2395 lapis,
985 2339 1249 2380 scansuro
1276 2325 1402 2378 hinc
1424 2322 1588 2392 janua
1616 2322 1838 2378 mundo.

329 2415 517 2470 induta
552 2430 620 2470 en
650 2415 851 2472 veritas
877 2425 1046 2482 veste,
1075 2417 1205 2487 quid
1227 2416 1476 2488 dogmate
1498 2414 1747 2470 Christus

333 2505 535 2561 indicet
555 2519 820 2576 exponam
850 2523 864 2561 :
898 2506 1069 2578 legem
1096 2521 1260 2576 parva
1282 2507 1398 2560 bare
1420 2518 1632 2575 quoque
1658 2503 1825 2558 vestis

334 2597 636 2667 Signiﬁcat,
659 2615 892 2669 namque
920 2599 1010 2654 hic
1033 2601 1232 2672 tegitur
1251 2601 1303 2654 in
1332 2606 1632 2671 grammate
1659 2612 1784 2651 raro

2011 1865 2204 1922 Mclchi
2229 1861 2498 1935 pontiﬁcis
2525 1860 2722 1916 sadech
2754 1859 2936 1912 vinum
2960 1869 3175 1926 quoque
3203 1869 3417 1922 panem,
3443 1862 3499 1908 et

2011 1959 2113 2026 Qui
2141 1954 2366 2019 vitulus,
2394 1953 2555 2015 aries,
2586 1966 2748 2004 carne
2773 1948 2838 2002 de
2862 1963 2967 2017 qua
2995 1954 3080 2001 est
3109 1958 3263 1999 sacra
3293 1943 3509 1997 vinctus

2012 2052 2267 2113 Victima,
2292 2056 2552 2118 patreque
2575 2060 2695 2099 cum
2720 2045 2856 2098 bene
2877 2041 2947 2096 sit
2969 2047 3119 2094 satus
3140 2039 3342 2108 absque
3362 2037 3596 2092 caduco:

2012 2143 2111 2210 Qui
2143 2141 2338 2196 damna
2366 2138 2535 2194 sensit
2559 2145 2616 2190 et
2639 2135 2834 2205 lignea,
2863 2131 2956 2202 qui
2977 2130 3229 2186 omnibus
3253 2135 3377 2182 ante
3404 2134 3508 2181 est.

2013 2237 2116 2304 Qui
2148 2243 2293 2290 astra
2328 2241 2413 2289 est
2445 2231 2668 2303 syderea
2695 2227 2886 2282 mditus
2913 2223 3093 2279 omnia
3126 2221 3411 2277 luciferum
3450 2226 3597 2273 ante.

2018 2329 2236 2398 Virgine
2264 2326 2354 2380 hic
2379 2331 2463 2378 est
2488 2329 2645 2376 natus
2672 2328 2864 2382 matre,
2892 2325 3020 2370 tunc
3053 2323 3294 2381 tempore
3324 2312 3376 2365 in
3409 2319 3529 2370 arto

2017 2422 2194 2489 Atque
2219 2417 2492 2471 hominem
2519 2421 2579 2466 ut
2606 2419 2874 2474 servaret,
2903 2408 2968 2462 ad
2993 2420 3140 2460 aram
3169 2403 3258 2458 hic
3276 2401 3453 2458 erucis
3479 2400 3598 2463 ivit,

2019 2509 2122 2577 Qui
2145 2515 2229 2564 est
2253 2514 2402 2561 sator
2427 2512 2682 2567 aeternus,
2707 2500 2957 2556 Christus
2978 2495 3294 2552 benedictus
3321 2495 3373 2548 in
3403 2507 3596 2548 :evum.

1469 2775 1987 2842 DECLARATIO
2041 2771 2390 2837 FIGURAE.

403 2971 539 3025 Ecce
565 2970 740 3037 imago
780 2966 1078 3022 Salvatoris
1107 2964 1470 3018 membrorum
1503 2973 1722 3014 suorum
1758 2956 1906 3026 posi-

2021 2956 2291 3005 stamento
2318 2946 2674 3016 ungebantur,
2708 2951 2762 2996 et
2793 2941 2913 2994 ideo
2943 2938 3192 2994 Christus
3216 2935 3399 2992 unctio
3422 2933 3600 3004 appel-

333 3063 478 3116 tione
511 3066 796 3115 consecrat
851 3056 1006 3111 nobis
1051 3052 1455 3109 saluberrimam
1475 3091 1489 3116 ,
1543 3047 1906 3104 dulcissimam
1937 3026 1981 3088 Ο
2015 3043 2173 3104 latur,
2203 3037 2294 3107 qui
2323 3051 2419 3090 rex
2465 3042 2517 3088 et
2544 3033 2797 3086 sacerdos
2824 3038 2908 3084 est
2938 3048 2951 3083 :
2985 3029 3112 3097 quia
3139 3042 3247 3082 non
3282 3026 3402 3080 oleo
3431 3035 3600 3078 mate-

333 3162 383 3205 ιιι
414 3150 836 3206 amantissimam
873 3155 1073 3203 sanctae
1102 3144 1278 3199 crucis
1323 3143 1572 3204 formam,
1602 3148 1663 3192 ut
1701 3138 1754 3192 in
1797 3133 1914 3203 ejus

334 3243 550 3296 nomine
593 3241 876 3296 credentes
903 3246 957 3293 et
986 3237 1102 3308 ejus
1142 3234 1410 3290 mandatis
1453 3231 1785 3294 obedientes,
1817 3243 1915 3298 per

332 3333 449 3400 ejus
470 3331 774 3402 passionem
795 3344 944 3398 spem
970 3327 1093 3382 vitze
1113 3333 1325 3381 (eterna:
1347 3322 1674 3402 habeamus;
1703 3328 1763 3373 ut
1783 3333 1915 3388 quo—

335 3425 652 3492 tiescunque
691 3433 907 3474 crucem
937 3417 1280 3488 aspiciamus,
1328 3413 1498 3484 ipsius
1542 3396 1912 3472 recordemur,

334 3513 426 3580 qui
453 3526 554 3582 pro
584 3510 738 3564 nobis
768 3509 822 3563 in
863 3523 925 3563 ea
971 3521 1162 3578 passus
1199 3514 1303 3567 est,
1345 3514 1406 3559 ut
1447 3503 1683 3572 eriperet
1710 3515 1809 3555 nos
1849 3500 1915 3554 de

334 3609 604 3670 potestate
647 3600 1012 3663 tenebrarum,
1052 3597 1351 3668 deglutiens
1393 3594 1610 3664 quidem
1659 3600 1912 3656 mortem,

335 3702 396 3746 ut
429 3693 549 3746 vita:
583 3699 799 3745 aeternae
846 3688 1086 3744 haeredes
1128 3686 1484 3748 eﬁiceremur,
1536 3681 1808 3752 profectus
1861 3680 1914 3733 in

334 3785 530 3840 emittm
561 3783 790 3839 subditis
817 3782 918 3836 sibi
959 3779 1165 3852 angelis
1197 3786 1251 3831 et
1277 3774 1636 3848 potestatibus
1663 3780 1718 3825 et
1753 3770 1917 3823 virtu-

337 3877 508 3940 tibus;
538 3882 702 3943 utque
746 3873 1121 3942 recogitemus,
1158 3869 1300 3939 quod
1331 3882 1436 3922 non
1461 3861 1796 3933 corruptibili
1830 3876 1916 3914 ar-

335 3976 496 4040 gento
523 3967 607 4022 vel
633 3981 768 4021 auro
798 3965 1056 4034 redempti
1081 3980 1266 4018 sumus
1306 3962 1370 4017 de
1410 3976 1546 4013 vana
1578 3966 1760 4011 nostra
1788 3971 1917 4010 eon-

334 4059 639 4116 versatione
666 4066 905 4128 paterme
931 4055 1258 4118 traditionis,
1281 4053 1371 4106 sed
1396 4049 1631 4121 pretioso
1656 4046 1917 4117 sanguine

337 4149 490 4220 quasi
527 4147 648 4219 agni
681 4144 1088 4202 incontaminati
1135 4150 1190 4197 et
1231 4138 1558 4195 immaculati
1597 4135 1822 4198 Christi,
1858 4139 1918 4186 ut

337 4240 506 4294 simus
536 4238 707 4293 sancti
734 4233 1068 4291 immaculati
1097 4232 1149 4285 in
1178 4238 1467 4300 conspectu
1500 4227 1632 4296 ejus,
1664 4224 1717 4278 in
1742 4221 1917 4278 chari-

339 4338 474 4394 tate,
501 4335 561 4382 ut
589 4342 685 4398 per
713 4327 816 4381 hoc
837 4325 1139 4380 efﬁciamur
1159 4321 1352 4376 div-inte
1380 4327 1588 4373 natura:
1617 4321 1912 4374 consortes,

2016 3129 2154 3192 riali,
2189 3127 2282 3182 sed
2311 3126 2431 3180 oleo
2459 3123 2675 3184 ltetitize,
2708 3122 2811 3174 hoc
2835 3128 2936 3182 est,
2962 3119 3166 3186 Spiritu
3193 3124 3380 3182 saneto
3407 3122 3603 3168 unctus

2015 3230 2099 3278 est
2145 3235 2257 3290 pra:
2285 3217 2534 3272 omnibus
2583 3210 2939 3282 participibus
2990 3209 3120 3262 suis.
3171 3206 3423 3262 Christus
3473 3219 3604 3258 vero

2016 3313 2280 3370 Hebraice
2321 3307 2544 3364 Messias
2574 3304 2792 3358 dicitur.
2845 3299 3038 3353 Hiems
3086 3297 3388 3360 Hebrzeum,
3417 3298 3605 3350 Grmce

2015 3403 2209 3466 sol/ter,
2253 3399 2442 3452 Latine
2491 3392 2740 3449 salutaris
2785 3389 2868 3444 vel
2919 3387 3146 3441 salvator
3192 3385 3602 3451 interpretatur,

2014 3511 2111 3566 pro
2139 3508 2204 3548 eo
2227 3491 2368 3560 quod
2395 3485 2604 3542 cunctis
2625 3481 2872 3554 gentibus
2906 3475 3152 3534 salutifer
3173 3474 3342 3529 venit.
3380 3471 3601 3526 Emma-

2016 3563 2136 3641 nuel
2190 3599 2256 3637 ex
2293 3580 2520 3634 Hebraeo
2566 3576 2619 3630 in
2669 3572 2937 3635 Latinum,
2983 3566 3280 3638 signiﬁcat,
3332 3563 3601 3616 nobiscum

2015 3675 2180 3741 Deus,
2213 3673 2422 3728 scilicet
2467 3667 2610 3737 quod
2649 3679 2744 3735 per
2773 3661 3037 3732 virginem
3069 3663 3227 3711 natus
3263 3653 3405 3706 Deus
3432 3651 3604 3705 homi-

2015 3767 2176 3822 nibus
2223 3765 2276 3819 in
2331 3774 2493 3816 carne
2528 3755 2744 3812 mortali
2774 3749 3040 3821 apparuit.
3072 3746 3212 3801 Deus
3248 3742 3446 3798 dicitur
3475 3754 3603 3809 pro-

2015 3868 2136 3929 pter
2163 3854 2366 3910 unitam
2402 3864 2522 3905 cum
2564 3847 2725 3901 Patre
2753 3839 3127 3897 substantiam.
3177 3831 3434 3888 Dominus
3476 3843 3604 3898 pro-

2014 3920 2135 4020 pter
2185 3945 2510 4001 servientem
2541 3945 2867 3996 creaturam,
2915 3931 3059 3984 Deus
3109 3933 3289 3980 autem
3335 3927 3392 3975 et
3436 3920 3592 3973 home

2017 4017 2139 4110 quia
2167 4037 2389 4092 verbum
2417 4039 2475 4086 et
2503 4043 2649 4084 caro.
2687 4021 3003 4093 Unigenitus
3033 4025 3212 4072 autem
3249 4017 3474 4067 vocatur
3501 4023 3598 4078 per

2017 4101 2316 4187 divinitatis
2329 4120 2728 4182 excellentiam,
2741 4114 2868 4184 quia
2895 4112 3010 4166 sine
3031 4106 3308 4162 fratribus.
3323 4101 3598 4169 Primoge-

2017 4222 2182 4284 nitus,
2205 4233 2302 4288 per
2325 4212 2719 4283 susceptionem
2747 4203 3003 4264 hominis,
3034 4201 3087 4254 in
3111 4211 3215 4267 qua
3239 4209 3338 4265 per
3358 4190 3598 4259 adoptio-

2017 4327 2140 4367 nem
2170 4285 2356 4380 gratiae
2391 4305 2591 4360 habere
2615 4299 2814 4354 fratres
2835 4295 3085 4365 dignatus
3106 4297 3213 4349 est,
3237 4285 3429 4354 quibus
3457 4291 3600 4336 esset

343 4373 474 4394 --ι-νι
505 4373 561 4382 η
589 4373 672 4398 νυ-
713 4373 815 4381 —--
841 4373 1129 4380 ν---------τ-
1164 4373 1207 4376 -κ
1898 4373 1904 4374 κ
2171 4373 2196 4380 -

338 4418 609 4488 fugientes
635 4417 750 4487 ejus
773 4415 866 4484 qui
899 4416 951 4468 in
983 4414 1181 4467 mundo
1205 4420 1289 4467 est
1314 4405 1762 4477 concupiscentiae
1791 4417 1911 4457 cor-
1940 4381 1993 4442 Ῑ)
2018 4399 2422 4474 primogenitus.
2456 4390 2785 4450 Homousion
2819 4384 2970 4440 Patri
3011 4383 3080 4437 ab
3120 4378 3326 4432 unitate
3351 4373 3600 4428 substan-

2517 4487 2526 4488 κ
2703 4483 2714 4488 -
2843 4479 2854 4488 .
3001 4475 3013 4488 .
3135 4466 3597 4488 ηυᾼρωηωε,

338 4510 662 4580 ruptionem.
693 4507 831 4562 Sunt
869 4505 1065 4572 quippe
1107 4510 1163 4556 et
1209 4503 1262 4556 in
1311 4501 1427 4569 ipsa
1473 4498 1663 4569 pagina
1697 4493 1912 4549 nomina

341 4602 580 4672 (ejusdem
617 4597 992 4668 Redemptoris
1025 4593 1195 4648 nostri
1227 4589 1474 4645 versibus
1507 4587 1912 4656 comprehensa,

341 4692 584 4764 quaedam
608 4706 675 4746 ex
705 4687 1001 4746 divinitatis
1026 4685 1142 4755 ejus
1167 4681 1490 4744 substantia,
1517 4679 1759 4747 quaedam
1785 4691 1916 4731 vero

343 4801 407 4841 ex
431 4781 831 4853 dispensatione
855 4786 1116 4846 susceptae
1140 4771 1491 4828 humanitatis
1519 4780 1788 4837 assumpta
1815 4782 1829 4819 :
1859 4777 1917 4822 ut

345 4875 736 4938 «stenderetur,
767 4870 910 4940 quod
943 4868 1082 4922 idem
1113 4865 1376 4920 mediator
1411 4861 1504 4917 Dei
1535 4871 1588 4915 et
1616 4859 1914 4923 hominum,

345 4977 400 5023 ιι
424 4965 570 5021 Patri
587 4971 671 5020 est
692 4965 744 5018 in
770 4962 967 5018 deitate
991 4954 1463 5014 consubstantialis
1488 4961 1648 5022 atque
1673 4964 1917 5019 coaequa-

343 5061 430 5126 lis,
472 5067 528 5114 et
563 5055 723 5112 matri
769 5054 823 5108 in
873 5051 1208 5107 humanitate
1251 5053 1498 5115 suscepta
1552 5040 1918 5097 eonnaturalis

345 5159 509 5218 atque
535 5142 851 5207 consimilis,
877 5141 1004 5212 quia
1033 5152 1246 5192 onmem
1269 5145 1516 5190 naturam
1541 5140 1780 5187 nostram
1806 5129 1918 5198 ipse

341 5240 582 5312 perfecte
627 5236 860 5307 suscepit
904 5234 1109 5302 absque
1158 5235 1397 5299 peccato.
1446 5225 1689 5294 Qualitas
1739 5230 1918 5277 autem

345 5347 531 5389 eorum
567 5330 724 5386 facile
756 5342 854 5398 per
888 5325 1150 5380 rationem
1192 5319 1571 5375 subternexam
1613 5322 1790 5384 potest
1831 5326 1920 5366 co»

347 5425 533 5498 gnosci
553 5432 734 5479 utrum
775 5421 843 5476 ad
870 5419 1104 5475 divinam
1128 5413 1213 5470 vel
1240 5413 1307 5467 ad
1335 5413 1626 5465 humanam
1653 5407 1771 5475 ejus
1799 5419 1920 5474 per—

351 5492 553 5573 tineant
581 5522 850 5571 naturam.
882 5508 1131 5565 Christus
1175 5517 1407 5571 namque
1447 5498 1633 5554 Graece
1683 5510 1713 5549 a
1750 5492 1922 5549 chris-

351 5616 494 5663 mate
517 5616 600 5663 est
624 5603 942 5677 appellatus,
968 5601 1070 5654 hoc
1089 5603 1191 5660 est,
1215 5600 1427 5648 unctus.
1451 5587 1770 5644 Sacerdotes
1793 5596 1922 5649 ergo

352 5711 404 5761 et
437 5713 588 5768 reges
627 5672 765 5767 apud
793 5691 1005 5749 Iudaeos
1043 5701 1197 5744 sacra
1244 5683 1493 5738 unctione
1522 5679 1575 5733 in
1604 5674 1782 5730 Veteri
1814 5672 1917 5727 Te-

2016 4466 2102 4549 tiae
2120 4466 2434 4563 appellatur,
2450 4483 2752 4543 substantia
2771 4479 2913 4534 enim
2933 4475 3018 4530 vel
3035 4470 3269 4563 essentia
3283 4467 3468 4524 Grazce
3482 4466 3599 4518 usia

2015 4555 2229 4634 dicitur.
2262 4575 2554 4643 Omoynum
2573 4610 2586 4635 ,
2608 4576 2894 4634 utrumque
2914 4560 3058 4616 enim
3079 4555 3421 4626 eonjunetum
3443 4557 3600 4605 sonat

2015 4688 2121 4728 una
2147 4665 2464 4725 substantia.
2491 4659 2842 4728 Principium,
2859 4669 2924 4708 eo
2944 4649 3085 4721 quod
3109 4649 3176 4703 ab
3199 4647 3315 4715 ipso
3339 4649 3462 4698 sunt
3487 4655 3595 4696 om-

2015 4767 2126 4828 nia,
2148 4770 2201 4816 et
2224 4758 2348 4830 quia
2368 4763 2492 4811 ante
2510 4768 2632 4808 eum
2653 4748 2899 4805 nihilest.
2916 4741 3085 4806 Finis,
3102 4739 3225 4810 quia
3245 4737 3496 4806 dignatus
3514 4740 3596 4787 est

2017 4859 2072 4913 in
2111 4856 2218 4910 ﬁne
2240 4849 2554 4907 saeculorum
2581 4840 2858 4900 humiliter
2883 4837 2936 4891 in
2979 4846 3142 4888 carne
3168 4825 3315 4883 nasci
3341 4832 3397 4879 et
3424 4820 3594 4884 mori;

2016 4947 2101 5003 vel
2150 4943 2276 5014 quia
2323 4935 2580 5010 quidquid
2632 4931 2843 5002 agimus
2887 4925 2953 4979 ad
3000 4922 3149 4977 illum
3198 4914 3504 5014 referimus,
3543 4921 3598 4964 et

2018 5051 2140 5092 eum
2169 5004 2262 5087 .ad
2306 5004 2430 5084 eum
2471 5004 2894 5096 pervenerimus,
2937 5011 3075 5066 ultra
3119 5004 3262 5077 quod
3289 5013 3596 5073 quaramus

2175 5087 2580 5178 habemus-Os
2626 5110 2721 5164 Dei
2763 5113 2872 5171 est,
2908 5102 3036 5172 quia
3073 5097 3298 5154 verbum
3337 5098 3419 5146 est
3456 5087 3591 5156 ejus.

2018 5217 2155 5272 Nam
2185 5212 2328 5267 sicut
2351 5220 2451 5277 pro
2481 5201 2683 5265 verbis,
2725 5212 2847 5268 quae
2877 5208 2973 5266 per
3009 5191 3244 5260 linguam
3264 5185 3425 5277 gﬁunt
3455 5193 3595 5277 saepe

2020 5270 2249 5364 dicimus
2271 5270 2371 5355 illa.
2386 5295 2470 5352 vel
2494 5294 2584 5349 illa
2612 5292 2817 5362 lingua,
2845 5287 2920 5343 ita
2948 5297 3046 5356 pro
3069 5281 3233 5336 verbo
3263 5274 3356 5330 Dei
3380 5270 3596 5364 ponitur

2020 5415 2104 5462 os,
2135 5395 2263 5464 quia
2292 5404 2411 5446 mos
2445 5394 2528 5442 est
2564 5391 2624 5438 ut
2653 5361 2749 5438 ore
2792 5378 2956 5435 verba
3004 5375 3324 5430 formentur.
3358 5361 3594 5420 Verbum

2021 5457 2201 5543 autem
2225 5482 2346 5537 ideo
2371 5477 2586 5539 dicitur,
2612 5471 2736 5542 quia
2779 5484 2876 5539 per
2903 5481 3025 5522 eum
3059 5461 3239 5518 omnia
3267 5457 3430 5512 Pater
3461 5465 3592 5543 eon-

2022 5538 2306 5634 diditsive
2323 5568 2503 5640 jussit.
2531 5538 2762 5624 Ver—itas,
2783 5538 2912 5628 quia
2943 5571 3050 5611 non
3082 5551 3237 5614 fallit,
3269 5546 3366 5640 sed
3408 5538 3597 5640 tribuit

2025 5632 2164 5740 quod
2188 5632 2469 5736 promittit.
2498 5655 2639 5716 Vita,
2671 5651 2795 5720 quia
2824 5648 3003 5705 omnia
3028 5643 3283 5699 viviﬁcat.
3315 5639 3493 5705 Imago
3521 5632 3596 5686 di-
