4012 6194
325 305 437 362 153

1356 301 1456 354 DE‘
1482 297 1820 357 LAL'DIBUS
1855 300 1916 358 S.
1950 298 2217 357 CBUCIS.
2254 330 2325 341 —
2363 299 2488 355 LIB.
2525 298 2566 355 l.

3471 293 3574 354 1M

323 423 477 476 citur
522 425 737 490 propter
772 432 957 488 parem
1000 417 1406 472 similitudinem
1445 417 1640 474 Patris.
1682 418 1897 490 Figura,
1927 423 1974 480 Α
2002 434 2100 489 pro
2130 420 2284 475 nobis
2310 427 2395 475 est
2431 419 2756 474 immolatus.
2784 416 2913 482 Leo,
2941 431 3038 488 pro
3067 429 3234 488 regno
3273 423 3327 471 et
3366 415 3574 470 fortitu-

325 514 460 582 quia
488 511 786 580 suscipiens
808 509 1037 564 formam
1066 509 1231 574 servi,
1257 524 1353 579 per
1377 523 1599 580 operum
1619 509 1902 564 virtutum-

325 617 441 672 que
465 601 886 665 similitudinem,
917 599 1098 654 Patris
1125 600 1180 654 in
1209 615 1265 654 se
1292 599 1577 670 imaginem
1603 608 1762 670 atque
1800 601 1902 654 im—

329 706 578 747 mensam
622 689 1042 760 magnitudinem
1085 687 1404 760 designavit.
1442 687 1630 743 Manus
1667 689 1762 744 Dei
1801 699 1903 756 est,

329 782 478 851 quod
513 781 693 835 omnia
723 795 821 849 per
857 781 1028 849 ipsum
1065 778 1207 834 facta
1237 789 1378 834 sunt.
1411 779 1548 836 Hinc
1579 790 1634 836 et
1659 782 1904 847 dextera,

331 878 556 940 pmpter
603 867 850 924 effectum
899 869 1079 938 operis
1128 868 1292 924 totius
1335 877 1596 924 creatura;
1645 885 1763 939 qua:
1812 884 1909 940 per

331 961 512 1028 ipsum
548 959 777 1014 formata
804 967 908 1015 est.
941 959 1248 1025 Brachium,
1288 961 1432 1030 quod
1474 961 1540 1015 ab
1581 961 1696 1030 ipso
1729 963 1909 1016 omnia

330 1052 703 1106 continentur.
729 1051 936 1117 Virtus,
963 1052 1105 1122 quod
1137 1067 1352 1106 omnem
1380 1050 1554 1106 Patris
1589 1056 1909 1119 potestatem

333 1146 390 1199 in
416 1146 708 1214 semetipso
730 1146 944 1211 habeat,
966 1153 1019 1199 et
1037 1146 1217 1201 omnia
1237 1153 1431 1215 potest.
1457 1143 1748 1214 Sapientia,
1768 1143 1909 1212 quod

332 1234 452 1302 ipse
479 1234 679 1288 revelet
706 1234 960 1304 mysteria
996 1235 1234 1289 scientiae
1279 1242 1334 1287 ει
1375 1248 1568 1288 arcana
1614 1233 1908 1302 sapientiae.

336 1323 621 1392 Splendor,
648 1333 868 1394 propter
896 1326 1038 1395 quod
1081 1323 1410 1380 manifestat.
1443 1324 1666 1389 Lumen,
1694 1324 1819 1393 quia
1850 1322 1914 1376 il-

334 1411 580 1466 luminat.
613 1413 746 1478 Lux,
770 1414 893 1482 quia
919 1416 985 1468 ad
1017 1415 1270 1468 virtutem
1303 1413 1768 1482 contemplandam
1793 1429 1914 1468 cor-

333 1502 419 1557 dis
447 1503 633 1558 oculos
657 1512 884 1559 reserat.
911 1503 1024 1569 Sol,
1047 1505 1173 1575 quia
1202 1505 1520 1560 illustratur.
1544 1503 1755 1569 Oriens,
1787 1505 1912 1575 quia

333 1595 553 1649 luminis
577 1593 718 1659 fons,
745 1603 802 1648 et
824 1596 964 1666 quod
995 1596 1124 1650 oriri
1153 1611 1251 1651 nos
1281 1595 1444 1651 faciat
1475 1598 1541 1650 ad
1568 1597 1734 1650 vitam
1759 1604 1916 1650 aeter-

334 1701 484 1739 nam.
540 1685 702 1751 Fons,
732 1687 858 1756 quia
905 1701 1086 1742 rerum
1129 1689 1282 1759 origo
1311 1698 1412 1753 est,
1456 1688 1541 1743 vel
1581 1688 1706 1757 quia
1755 1689 1916 1742 satiat

334 1775 606 1829 sitientes.
633 1775 750 1845 ipse
779 1791 992 1846 quoque
1033 1777 1079 1832 A
1112 1787 1167 1832 et
1200 1785 1268 1843 Ω,
1297 1777 1422 1846 quia
1449 1777 1658 1832 initium
1687 1787 1743 1832 et
1769 1777 1909 1832 finis.
1942 1770 1988 1829 B

333 1863 669 1930 Paracletus,
701 1865 749 1919 id
789 1873 894 1932 est,
925 1867 1236 1931 advocatus,
1268 1869 1394 1937 quia
1435 1883 1534 1937 pro
1562 1868 1715 1922 nobis
1749 1867 1914 1922 inter-

334 1956 482 2010 cedit
513 1956 653 2026 apud
680 1955 916 2021 Patrem,
939 1965 993 2010 et
1019 1957 1086 2011 ad
1113 1957 1300 2027 culpas
1327 1966 1538 2012 nostras
1565 1957 1918 2012 removendas

337 2062 527 2102 curam
553 2047 708 2117 gerit.
737 2046 998 2118 Sponsus,
1031 2049 1156 2118 quia
1197 2049 1261 2103 de
1301 2047 1440 2104 caelo
1466 2048 1796 2103 descendens
1825 2048 1919 2101 ad-

335 2137 500 2192 hzcsit
526 2137 803 2203 Ecclesim,
830 2147 892 2193 ut
913 2147 1093 2193 essent
1118 2138 1224 2193 duo
1251 2140 1304 2192 in
1340 2153 1505 2193 carne
1529 2152 1656 2191 una.
1687 2136 1920 2207 Angelus

339 2228 560 2293 dicitur,
588 2237 808 2298 propter
840 2231 1300 2284 annuntiatiouem
1339 2238 1578 2300 paterna:
1604 2244 1666 2284 ac
1699 2244 1808 2282 sum
1831 2243 1921 2282 vo-

341 2318 587 2382 luntatis,
617 2321 758 2374 unde
778 2328 834 2373 et
855 2321 994 2390 apud
1019 2321 1338 2390 prophetam
1380 2322 1556 2391 magni
1585 2319 1786 2374 consilii
1821 2336 1920 2372 an-

338 2408 487 2478 gelus
544 2407 760 2478 legitur,
799 2409 926 2463 dum
983 2410 1054 2465 sit
1105 2410 1247 2466 Deus
1298 2421 1352 2466 et
1387 2410 1646 2466 Dominus
1701 2409 1921 2480 angelo-

341 2515 485 2553 rum.
517 2497 714 2554 Missus
738 2499 956 2564 dicitur,
997 2500 1124 2570 quia
1154 2499 1377 2554 Verbum
1424 2517 1545 2554 caro
1589 2499 1783 2568 factum
1825 2508 1919 2552 est.

343 2587 519 2643 Homo
550 2587 770 2654 dicitur,
817 2589 943 2658 quia
983 2590 1294 2645 incarnatus
1329 2597 1432 2646 est.
1469 2589 1747 2652 Mediator,
1797 2589 1918 2658 quia

344 2678 412 2731 de
440 2685 616 2731 morte
642 2676 709 2732 ad
739 2677 903 2733 vitam
929 2693 1028 2734 nos
1053 2680 1320 2750 perduxit.
1352 2679 1638 2749 Propheta,
1664 2679 1806 2748 quod
1836 2678 1922 2731 fu-

345 2776 469 2821 tura
498 2767 774 2822 revelavit.
805 2767 1090 2834 Sacerdos,
1119 2771 1262 2839 quod
1290 2785 1388 2840 pro
1416 2771 1574 2825 nobis
1604 2769 1836 2825 hostiam
1867 2784 1926 2823 se

343 2860 561 2915 obtulit.
589 2860 799 2927 Pastor,
840 2862 967 2931 quia
1014 2872 1196 2918 custos
1221 2871 1323 2917 est.
1356 2861 1626 2934 Magister,
1663 2861 1806 2932 quod
1843 2876 1928 2916 os-

346 2961 554 3005 tensor.
583 2948 888 3006 Nazarenus
917 2966 1045 3008 vero
1083 2968 1113 3006 a
1158 2951 1294 3007 loco.
1326 2950 1615 3017 Nazareus,
1646 2967 1676 3006 a
1712 2951 1924 3018 merito,

347 3040 398 3094 id
427 3048 533 3105 est,
562 3049 774 3094 sanctus
795 3041 908 3095 sive
925 3042 1172 3105 mundus,
1195 3041 1321 3110 quia
1347 3050 1624 3111 peccatum
1645 3057 1752 3096 non
1777 3039 1924 3096 fecit.

349 3130 635 3200 Siquidem
661 3139 717 3184 et
744 3129 864 3184 aliis
903 3130 1246 3186 inferioribus
1291 3131 1450 3186 rebus
1494 3131 1768 3186 nominum
1809 3145 1928 3200 spe-
1957 3115 2002 3176 (ἶ

348 3223 464 3276 cies
513 3219 582 3274 ad
630 3236 690 3276 se
733 3221 901 3276 trahit
937 3219 1204 3286 Christus,
1239 3230 1298 3276 ut
1333 3220 1545 3278 facilius
1583 3221 1930 3293 intelligatur.

350 3310 566 3366 Dicitur
608 3319 784 3366 autem
825 3311 998 3381 panis,
1029 3312 1153 3382 quia
1192 3327 1339 3367 caro.
1373 3312 1532 3375 Vitis,
1561 3312 1686 3380 quia
1714 3325 1778 3366 ex
1810 3327 1936 3368 san-

351 3405 517 3472 guine
546 3403 714 3472 ipsius
733 3403 992 3473 redempti
1017 3419 1222 3458 sumus.
1249 3403 1392 3470 Flos,
1419 3403 1544 3472 quia
1566 3402 1790 3460 electus.
1813 3405 1930 3470 Via,

351 3492 484 3562 quia
531 3507 628 3561 per
669 3492 841 3562 ipsum
871 3494 939 3547 ad
974 3492 1141 3548 Deum
1182 3493 1340 3548 imus.
1389 3492 1618 3557 Ostium,
1662 3494 1786 3564 quia
1838 3509 1938 3563 per

352 3586 534 3654 ipsum
563 3585 630 3638 ad
651 3585 817 3640 Deum
842 3585 1188 3656 ingredimur.
1214 3587 1386 3651 Mons,
1407 3587 1532 3657 quia
1558 3586 1728 3643 fortis.
1751 3586 1934 3653 Petra,

353 3679 483 3747 quia
518 3675 746 3731 firmitas
777 3685 860 3730 est
892 3677 1244 3732 credentium.
1290 3677 1448 3746 Lapis
1487 3677 1780 3748 angularis,
1811 3678 1937 3746 quia

354 3768 495 3821 duos
520 3767 757 3835 parietes
790 3781 820 3820 e
857 3767 1091 3830 diverso,
1127 3766 1183 3820 id
1208 3773 1310 3831 est,
1341 3767 1408 3822 de
1443 3766 1849 3820 circumcisione
1883 3775 1939 3820 et

353 3857 625 3926 praeputio
654 3856 706 3910 in
725 3872 889 3911 unam
911 3857 1170 3913 fabricam
1191 3857 1443 3913 Ecclesiae
1460 3858 1667 3929 jungit;
1692 3858 1774 3913 vel
1797 3858 1941 3927 quod

356 3961 553 4016 pacem
585 3946 788 4018 angelis
815 3955 869 4002 et
902 3949 1212 4004 hominibus
1241 3948 1387 4003 facit.
1419 3947 1580 4018 Lapis
1607 3947 1938 4013 oﬂ‘ensionis,

360 4038 507 4106 quod
539 4039 759 4094 veniens
801 4039 1018 4094 humilis
1046 4038 1382 4094 offenderunt
1417 4039 1470 4094 in
1505 4054 1627 4094 eum
1658 4037 1938 4104 increduli,

360 4137 423 4181 et
453 4129 628 4184 factus
663 4138 746 4185 est
783 4139 937 4199 petra
982 4129 1240 4186 scandali.
1284 4129 1710 4185 Fundamentum
1759 4137 1941 4183 autem

364 4219 488 4274 ideo
527 4229 771 4286 vocatur,
800 4221 926 4290 quia
956 4221 1088 4276 ﬁdes
1118 4222 1170 4275 in
1208 4236 1273 4277 eo
1302 4219 1522 4276 fundata
1563 4227 1669 4284 est,
1707 4219 1791 4275 vel
1817 4218 1943 4289 quia

365 4324 532 4378 supra
570 4325 691 4364 eum
728 4311 993 4367 catholica
1019 4311 1259 4367 Ecclesia
1291 4319 1598 4366 constructa
1634 4317 1734 4365 est.
1762 4310 1945 4381 Agnus

367 4398 588 4463 dicitur,
618 4407 836 4469 propter
862 4401 1245 4456 innocentiam.
1275 4400 1422 4465 Ovis,
1448 4409 1666 4470 prapter
1695 4414 1946 4454 mansue-

373 4488 638 4543 tudinem.
655 4489 827 4554 Aries,
848 4501 1066 4562 propter
1089 4493 1468 4563 principatum.
1492 4492 1704 4556 ﬂauius,
1727 4498 1947 4562 propter

372 4578 786 4635 similitudinem
822 4584 1002 4638 carnis
1049 4585 1275 4654 peccati.
1314 4583 1538 4645 Vitulus,
1569 4597 1667 4652 pro
1705 4596 1772 4638 eo
1811 4580 1955 4652 quod

2005 512 2147 566 dine.
2177 511 2434 582 Serpens,
2461 527 2559 582 pro
2583 519 2755 565 morte
2787 517 2841 565 et
2868 509 3148 579 sapientia.
3178 508 3390 564 Vermis
3413 509 3576 574 idem,

2004 599 2128 669 quia
2162 599 2474 654 resurrexit.
2516 598 2730 669 Aquila,
2758 606 2980 669 propter
3003 598 3142 668 quod
3179 606 3300 666 post
3331 613 3574 652 resurre-

2005 689 2235 744 ctionem
2277 687 2344 742 ad
2381 697 2525 744 astra
2559 689 2836 743 remeavit.
2887 687 2999 743 Nec
3047 687 3241 742 mirum
3292 688 3337 742 si
3383 687 3578 741 vilibus

2006 780 2484 851 significationibus
2513 778 2790 848 ﬁguretur,
2818 779 2910 850 qui
2936 795 3058 834 cum
3083 779 3153 833 sit
3181 777 3324 833 Patri
3356 787 3579 833 coaeter-

2007 886 2114 924 nus
2134 879 2258 924 ante
2286 869 2479 925 saecula
2507 868 2696 934 Filius,
2726 878 2932 922 natura
2959 876 3155 924 nostrae
3184 867 3442 922 vilitatem
3473 881 3578 920 non

2008 976 2283 1031 spernens,
2318 972 2476 1016 natus
2513 970 2595 1016 est
2630 962 2681 1015 in
2725 969 2962 1030 tempore
2988 959 3223 1015 hominis
3253 959 3412 1014 filius.
3451 956 3581 1012 Ver-

2009 1054 2130 1107 bum
2155 1055 2296 1109 enim
2322 1071 2444 1108 caro
2470 1055 2665 1125 factum
2687 1064 2782 1119 est,
2809 1064 2856 1108 et
2886 1053 3132 1107 habitavit
3161 1052 3214 1106 in
3237 1049 3402 1105 nobis.

2081 1144 2219 1200 Sunt
2260 1161 2389 1216 ergo
2435 1161 2622 1200 versus
2669 1146 2922 1214 quinque,
2951 1144 3044 1214 qui
3090 1144 3141 1196 in
3179 1142 3318 1196 linea
3362 1140 3580 1195 humani

2011 1236 2250 1306 corporis
2271 1236 2502 1306 speciem
2532 1237 2828 1291 forinsecus
2864 1234 3260 1290 circumdantes
3290 1229 3582 1298 conscripti

2009 1334 2154 1392 sunt,
2181 1341 2408 1396 quorum
2436 1327 2639 1397 primus
2682 1325 2867 1394 incipit
2904 1340 2932 1377 a
2977 1323 3152 1377 medio
3179 1321 3346 1392 digito
3380 1320 3584 1373 dextrae

2010 1432 2225 1479 manus,
2265 1424 2321 1470 et
2348 1417 2426 1471 sic
2451 1417 2504 1470 in
2537 1417 2762 1470 indicem
2794 1414 3009 1477 transit,
3038 1423 3222 1484 postea
3253 1413 3306 1466 in
3336 1411 3585 1481 pollicem

2012 1523 2071 1563 se
2114 1509 2324 1579 erigens
2369 1517 2421 1562 et
2461 1524 2558 1578 per
2591 1507 2870 1563 brachium
2902 1508 3149 1561 dextrum
3179 1503 3495 1568 ascendens,
3531 1503 3585 1556 in

2012 1601 2214 1654 vertice
2237 1600 2430 1670 capitis
2460 1599 2660 1652 linitur.
2693 1598 2793 1664 Qui
2826 1597 2947 1651 talis
2972 1605 3092 1652 est:

2196 1712 2380 1761 Dextra
2404 1710 2494 1762 Dei
2517 1713 2690 1762 summi
2713 1717 2885 1761 cuncta
2909 1711 3094 1760 creavit
3115 1709 3310 1760 Hiesus.

2019 1816 2298 1872 Secundus
2321 1832 2350 1871 a
2389 1817 2563 1885 capite
2592 1815 2921 1871 descendens
2941 1813 3189 1869 similiter
3217 1813 3270 1867 in
3299 1811 3476 1867 medio
3500 1811 3588 1866 di-

2017 1907 2126 1978 gito
2165 1908 2395 1961 sinistrae
2430 1920 2620 1960 manus
2648 1905 2832 1959 finitur
2858 1904 2998 1957 iste:

2194 2019 2414 2071 Christus
2439 2015 2618 2065 laxabit
2643 2027 2673 2064 e
2694 2015 2934 2076 sanguine
2957 2011 3122 2060 debita
3146 2008 3344 2059 mundo.

2019 2123 2236 2181 Tertius
2262 2137 2290 2175 a
2318 2127 2512 2190 quarto
2545 2116 2712 2187 digito
2751 2115 2950 2169 dextrze
2990 2126 3201 2176 manus,
3253 2110 3343 2180 qui
3383 2108 3594 2164 medius

2020 2222 2264 2274 vocatur,
2293 2209 2578 2279 incipiens,
2603 2215 2657 2261 et
2681 2219 2780 2274 per
2808 2201 3164 2257 auricularem
3201 2201 3446 2254 dextrum
3469 2198 3593 2253 bra-

2021 2303 2201 2359 chium
2225 2300 2412 2355 subtus
2437 2297 2654 2356 ducens,
2681 2293 2736 2349 in
2766 2293 2934 2347 latere
2954 2291 3146 2346 dextro
3173 2304 3340 2358 usque
3367 2288 3434 2342 ad
3460 2303 3592 2342 ven-

2022 2401 2161 2448 trem
2197 2389 2431 2445 medium
2461 2385 2810 2447 descendens,
2851 2394 3143 2451 rursusque
3172 2395 3202 2433 a
3229 2379 3418 2435 dextro
3455 2391 3594 2448 genu

2025 2484 2078 2539 iu
2102 2481 2335 2537 radicem
2361 2479 2512 2549 pedis
2540 2476 2755 2531 desinit.
2783 2475 2861 2528 lta
2885 2491 2898 2526 :

2209 2593 2264 2644 In
2286 2603 2432 2643 cruce
2457 2591 2529 2640 sic
2554 2589 2738 2652 positus
2756 2585 3016 2636 desolveus
3039 2582 3190 2634 vinela
3212 2581 3424 2644 tyranni.

2027 2698 2258 2766 Quartus
2284 2696 2336 2750 in
2366 2694 2544 2749 radice
2574 2691 2724 2761 pedis
2745 2687 2919 2743 dextri
2944 2685 3180 2741 exterius
3206 2681 3486 2750 incipiens,
3513 2679 3593 2732 in—

2027 2798 2109 2843 ter
2132 2784 2306 2841 media
2338 2796 2496 2837 crura
2543 2777 2836 2834 ascendens
2879 2775 2945 2829 ad
2981 2773 3215 2828 radicem
3252 2783 3420 2840 usque
3447 2767 3599 2839 pedis

2029 2875 2232 2933 sinistri
2263 2872 2500 2928 exterius
2521 2868 2783 2940 pervenit.
2810 2865 2888 2920 ita
2917 2883 2930 2917 :

2217 2986 2444 3037 «Eteruus
2479 2982 2708 3032 Dominus
2729 2979 2932 3028 deduxit
2951 2975 3008 3026 ad
3029 2984 3153 3026 astra
3177 2975 3363 3024 beatos.

2034 3094 2264 3162 Quintus
2309 3089 2436 3144 item
2479 3102 2511 3141 a
2551 3084 2730 3140 radice
2767 3079 2916 3152 pedis
2941 3076 3144 3134 sinistri
3169 3073 3406 3130 exterius
3434 3086 3604 3141 usque

2035 3185 2102 3240 ad
2131 3195 2302 3254 genua
2332 3176 2647 3239 ascendens,
2683 3181 2736 3228 et
2776 3187 2807 3226 a
2836 3177 3022 3226 ventre
3057 3167 3230 3220 medio
3260 3179 3355 3234 per
3383 3163 3524 3216 latus
3550 3169 3607 3216 ει

2035 3272 2318 3329 brachium
2355 3267 2633 3323 sinistrum
2660 3275 2829 3332 usque
2873 3258 2938 3313 ad
2968 3256 3200 3312 medium
3231 3254 3453 3325 digitum
3480 3265 3602 3322 per-

2037 3363 2212 3433 tingit.
2237 3360 2315 3414 lta
2341 3376 2355 3411 :

2222 3472 2382 3534 Atque
2405 3465 2702 3520 salutiferam
2722 3462 2928 3514 dederat
2949 3460 3085 3509 Deus
3107 3469 3218 3507 arce
3245 3466 3486 3506 coronam.

2035 3575 2094 3631 In
2117 3580 2265 3628 veste
2290 3569 2505 3640 quidem
2535 3565 2734 3621 femora
2765 3558 3152 3623 circumdante,
3177 3562 3303 3610 sunt
3331 3567 3520 3609 versus
3554 3550 3610 3606 hi

2038 3665 2145 3722 duo
2174 3659 2393 3732 elegiaci
2427 3677 2440 3712 :

2221 3771 2377 3823 Veste
2399 3769 2596 3831 quidem
2618 3778 2760 3831 parva
2785 3765 2867 3831 hic
2881 3763 3074 3831 tegitur
3085 3762 3166 3831 qui
3190 3760 3407 3809 continet
3425 3764 3574 3816 astra,

2283 3824 2444 3894 Atque
2467 3824 2796 3891 solum'palmo
2827 3824 3006 3875 claudit
3029 3824 3211 3895 ubique
3231 3833 3337 3870 suo.

2041 3938 2098 3995 In
2140 3934 2360 3992 caasarie
2401 3947 2530 3988 vero
2566 3929 2756 3999 capitis
2796 3927 2912 3998 ejus
2958 3924 3216 3994 scriptum
3245 3928 3328 3976 est
3352 3937 3366 3974 :
3393 3917 3501 3973 Iste
3535 3925 3611 3972 est

2043 4044 2134 4084 rex
2151 4026 2394 4096 justitiaz.
2436 4023 2494 4078 ln
2529 4021 2679 4076 vultu
2721 4033 2936 4089 quoque
2977 4024 3032 4070 et
3078 4022 3281 4077 mento,
3313 4010 3524 4082 papillis
3559 4016 3616 4064 et

2041 4117 2298 4176 umbilico
2321 4117 2626 4172 continetur
2652 4111 2792 4168 istud
2821 4128 2835 4164 :
2869 4107 3014 4163 Ordo
3033 4106 3214 4176 justus
3242 4104 3371 4158 Deo.
3415 4101 3474 4156 In
3517 4116 3612 4156 co-

2044 4224 2176 4266 rona
2204 4215 2384 4262 autem
2413 4211 2572 4274 caput
2593 4191 2860 4270 cingehte,
2887 4194 3026 4252 istud
3051 4211 3066 4249 :
3093 4194 3206 4248 Rex
3227 4207 3403 4262 regum
3425 4205 3472 4246 et
3508 4189 3613 4243 Do-

2045 4302 2216 4354 minus
2235 4297 2585 4352 dominorum.
2605 4291 2664 4346 in
2692 4305 2855 4346 cruce
2878 4301 3110 4357 namque
3137 4299 3256 4354 qua:
3280 4283 3433 4354 juxta
3453 4285 3618 4350 caput

2047 4389 2162 4460 ejus
2186 4388 2362 4460 posita
2395 4392 2480 4440 est
2522 4390 2647 4438 sunt
2677 4389 2788 4436 tres
2813 4379 3025 4444 litterae,
3071 4377 3175 4432 hoc
3202 4381 3308 4441 est,
3351 4372 3421 4439 Δ,
3462 4371 3536 4437 Μ,
3565 4377 3620 4426 ει

2047 4488 2114 4546 Ω,
2161 4478 2302 4550 quod
2331 4473 2598 4548 significat
2628 4471 2839 4528 initium
2879 4478 2936 4526 et
2971 4467 3206 4526 modium
3244 4474 3300 4522 et
3344 4461 3504 4519 finem
3555 4461 3620 4517 ab

2051 4571 2168 4641 ipso
2193 4568 2374 4625 omnia
2411 4561 2810 4636 comprehendi.
