4012 6202
360 356 455 414 ’δι

1364 342 1454 398 DE
1491 339 1835 397 LAUDIBUS
1874 337 1932 395 S.
1975 335 2248 396 CBUClS.
2287 367 2356 378 —
2393 335 2522 392 UB.
2562 335 2604 391 l.

3519 335 3623 390 Mi

1515 450 2032 515 DECLARATIO
2076 450 2207 512 FIG
2217 451 2420 512 ΗΒΕ.

426 646 617 704 llerito
667 643 868 714 quippe
916 646 1228 694 sanctorum
1269 636 1581 706 angelorum
1628 637 1846 692 ordines
1886 644 1942 692 et
1967 642 2015 700 Α
2043 644 2098 693 et
2141 635 2528 708 archangelos;
2577 637 2630 690 in
2675 637 2899 692 brachio
2945 637 3136 694 dextro
3178 640 3330 707 duos,
3368 641 3471 700 hoc
3515 652 3622 714 est,

352 736 593 796 celestis
621 733 829 790 militiae
849 728 1140 793 exercitus,
1171 726 1390 782 nomine
1412 734 1468 780 et
1491 741 1716 781 numero
1743 733 1942 782 sanctae

351 831 502 888 cruci
513 827 869 891 concordant,
883 822 1138 879 utaeterni
1155 820 1317 890 Regis
1327 819 1604 873 victoriam
1617 818 1939 882 collaudent,

352 933 412 981 et
443 917 880 993 magnitudinem
925 913 1124 968 lmtitia:
1155 925 1266 966 sua:
1296 911 1523 966 honesto
1546 907 1721 964 olIicio
1749 908 1942 979 praedi-

352 1023 479 1070 cent
505 1029 521 1067 :
547 1025 672 1067 cum
692 1023 801 1063 non
825 1004 998 1061 solum
1020 1003 1076 1058 in
1108 1004 1240 1057 hora
1270 1001 1568 1056 nativitatis
1600 1000 1799 1055 Christi
1827 998 1943 1053 lau-

353 1103 535 1167 dasse,
567 1107 624 1156 et
643 1106 768 1168 post
797 1095 852 1150 in
881 1093 1097 1149 deserto
1123 1091 1198 1145 illi
1228 1091 1563 1146 ministrasse
1589 1103 1744 1144 sacer
1766 1089 1944 1142 Evan-

295 1223 305 1246 ι
354 1190 477 1263 gelii
513 1196 694 1244 textus
722 1189 1144 1247 commemoret,
1183 1195 1374 1235 verum
1409 1179 1572 1234 etiam
1608 1178 1662 1232 in
1703 1186 1944 1246 tempore

291 1271 310 1328 ἰ
351 1278 626 1350 passionis
667 1284 723 1332 et
766 1270 1179 1329 resurrectionis
1227 1268 1377 1340 ejus,
1436 1268 1616 1323 debito
1664 1269 1714 1322 ei
1767 1265 1944 1322 ollicio

307 1357 504 1438 iipsos
544 1364 763 1420 affuisse
811 1359 1098 1416 manifeste
1149 1368 1370 1424 narret;
1431 1359 1775 1428 maximeque
1824 1358 1944 1414 illos

353 1455 505 1512 credi
530 1461 740 1524 oportet
772 1450 932 1521 hujus
957 1449 1035 1504 rei
1061 1464 1180 1505 esse
1209 1450 1448 1514 devotos,
1483 1449 1609 1518 quia
1637 1457 1839 1518 quanto
1859 1450 1943 1506 di-

353 1548 515 1617 gnius
549 1546 605 1602 in
647 1542 763 1612 ejus
805 1541 998 1596 militia
1039 1540 1314 1606 militant,
1362 1547 1512 1594 tanto
1553 1539 1801 1594 devotius
1827 1538 1945 1608 ejus

355 1638 690 1707 triumphum
719 1633 960 1688 laudant.
1009 1630 1212 1687 Novem
1237 1645 1366 1701 ergo
1388 1638 1515 1685 sunt
1545 1630 1763 1684 ordines
1785 1642 1947 1698 auge-

352 1729 566 1792 lorum,
595 1735 654 1780 ut
681 1733 870 1780 sancta
919 1722 1198 1791 Scriptura
1243 1721 1398 1776 nobis
1438 1722 1816 1776 commendat:
1842 1721 1945 1776 hoc

351 1828 458 1884 est,
483 1816 694 1888 Angeli,
724 1813 1072 1882 Archangeli,
1100 1813 1359 1878 Virtutes,
1389 1811 1749 1882 Principatus,
1782 1812 1943 1868 Pote-

353 1923 548 1977 states,
597 1909 1022 1974 Dominationes,
1069 1907 1292 1972 Throni,
1337 1905 1650 1973 Cherubim,
1687 1916 1742 1962 et
1785 1907 1947 1965 Sera-

2041 731 2270 786 virtutes
2296 738 2354 785 et
2371 738 2697 799 potestates;
2722 731 2777 785 in
2801 731 3026 787 brachio
3065 732 3286 789 sinistro
3312 734 3438 790 item
3467 737 3622 804 duos,

2042 821 2097 876 id
2125 830 2228 888 est,
2252 821 2587 891 principatus
2613 828 2667 876 et
2686 822 3110 887 dominationes;
3144 823 3199 878 in
3228 827 3406 881 medio
3434 842 3624 896 unum,

2042 911 2098 965 id
2137 920 2240 977 est,
2289 911 2536 977 thronos;
2582 913 2634 965 in
2672 912 2942 980 superiori
2986 923 3138 981 parte
3177 914 3307 970 item
3343 917 3495 983 duos,
3523 918 3625 973 hoc

2043 1009 2167 1069 est,
2214 993 2494 1056 cherubim
2539 1008 2596 1055 et
2649 1001 2940 1070 seraphim.
3011 1001 3143 1070 Qua:
3188 1004 3352 1059 etiam
3407 1007 3624 1063 nomina

2044 1094 2114 1148 ad
2159 1092 2373 1148 Domini
2417 1095 2585 1150 nostri
2631 1094 2760 1150 Jesu
2807 1094 3009 1151 Christi
3053 1095 3281 1166 gloriam
3323 1098 3625 1168 praedican-

2044 1186 2167 1241 dam
2203 1185 2337 1241 satis
2381 1186 2745 1254 conveniunt,
2795 1187 3020 1257 ejusque
3066 1188 3519 1258 magnificentiam
3572 1197 3629 1244 et

2044 1276 2341 1346 potentiam
2387 1276 2713 1330 narrandam
2760 1276 3016 1331 decenter
3058 1285 3386 1347 competunt.
3454 1278 3624 1346 Quem

2045 1367 2190 1421 enim
2242 1365 2418 1436 angeli
2461 1373 2516 1421 et
2564 1365 2872 1437 archangeli
2923 1368 2977 1421 in
3025 1367 3209 1423 infima
3247 1378 3402 1438 parte
3448 1371 3628 1426 crucis

2045 1456 2207 1527 positi
2258 1457 2614 1524 denuntiant,
2657 1458 2760 1512 nisi
2807 1473 2930 1513 eum
2979 1459 3070 1527 qui
3119 1459 3184 1514 de
3233 1459 3372 1515 casio
3418 1461 3472 1514 in
3513 1468 3625 1516 ter-

2047 1561 2165 1601 ram
2209 1546 2524 1612 descendit,
2573 1547 2754 1616 magni
2803 1547 3053 1602 videlicet
3087 1549 3298 1603 consilii
3345 1550 3626 1618 angelum,

2049 1637 2117 1692 ad
2162 1636 2586 1691 annuntiandum
2609 1636 2906 1692 mansuetis
2941 1638 3186 1704 missum,
3218 1646 3276 1692 ut
3305 1637 3495 1694 fortior
3521 1639 3630 1694 for-

2049 1739 2159 1785 tem
2203 1729 2496 1800 alligaret,
2541 1729 2765 1800 ejusque
2813 1744 2944 1784 vasa
3001 1729 3310 1800 diriperet?
3356 1731 3425 1785 Et
3469 1746 3630 1801 quem

2049 1821 2214 1875 alium
2265 1821 2513 1886 virtutes,
2553 1826 2870 1888 potestates,
2911 1819 3246 1889 principatus
3290 1829 3347 1875 et
3388 1821 3632 1876 domina-

2050 1915 2226 1970 tiones
2272 1914 2571 1985 prtedicant
2623 1913 2678 1968 in
2737 1911 2974 1968 brachiis
3038 1913 3215 1968 crucis
3263 1913 3480 1983 positi?
3526 1914 3632 1969 nisi

353 2004 526 2073 phim.
591 2000 697 2056 Sed
741 1999 809 2055 ad
850 2000 964 2054 haec
1000 1997 1316 2068 exponenda
1349 1997 1494 2052 beati
1523 1996 1768 2069 Gregorii
1796 2012 1946 2067 papae
1975 2003 2021 2062 B
2049 2019 2172 2059 eum
2203 2003 2268 2058 de
2313 2016 2419 2072 quo
2453 2001 2716 2071 scriptum
2747 2009 2831 2056 est
2857 2019 2870 2054 :
2895 2001 3123 2056 Dextera
3143 2001 3357 2056 Domini
3379 2003 3499 2072 fecit
3528 2005 3634 2058 vir—

353 2093 523 2147 verba
553 2105 817 2161 ponamus
846 2109 859 2143 :
891 2089 1023 2144 Esse
1051 2101 1283 2156 namque
1309 2087 1526 2156 angelos
1555 2095 1611 2142 et
1646 2087 1944 2158 archange-

354 2181 458 2242 los.
483 2197 622 2250 pene
646 2195 836 2236 omnes
861 2179 1000 2234 sacri
1026 2178 1222 2248 eloquii
1247 2177 1453 2248 paginae
1478 2185 1764 2233 testantur.
1809 2177 1948 2233 Che-

354 2273 535 2326 rubim
576 2285 789 2341 quoque
827 2279 881 2324 et
906 2268 1176 2339 seraphim
1203 2282 1362 2337 stupe,
1397 2277 1454 2320 ut
1477 2275 1662 2322 notum
1688 2274 1792 2333 est,
1824 2267 1947 2322 libri

354 2362 748 2434 prophetarum
792 2359 1100 2427 loquuntur.
1159 2356 1401 2424 Quatuor
1445 2370 1657 2427 quoque
1694 2357 1947 2413 ordinum

355 2452 578 2506 nomina
620 2449 814 2504 Paulus
851 2446 1122 2518 apostolus
1152 2446 1218 2500 ad
1254 2446 1515 2516 Ephesios
1554 2454 1836 2501 enumerat
1862 2445 1946 2501 di-

356 2557 490 2596 cens
521 2559 534 2594 :
567 2539 744 2610 Supra
787 2555 987 2592 omnem
1025 2534 1389 2607 Principatum
1437 2544 1486 2589 et
1538 2533 1855 2589 Potestatem
1899 2543 1946 2588 et

372 2634 625 2688 Virtutem
641 2642 689 2686 et
707 2631 1145 2686 Dominationem.
1170 2628 1270 2696 Qui
1303 2643 1491 2683 rursus
1511 2628 1577 2682 ad
1603 2626 1950 2682 Colossenses

358 2722 607 2779 scribens
652 2722 775 2774 ait:
809 2719 928 2774 Sive
977 2719 1192 2785 Throni,
1247 2719 1352 2772 sive
1399 2717 1816 2781 Dominationes,
1847 2717 1951 2770 sive

361 2815 720 2885 Principatus,
749 2812 854 2866 sive
877 2811 1184 2866 Potestates.
1211 2811 1612 2866 Dominationes
1632 2823 1781 2875 vero,
1803 2808 1952 2880 prin-

361 2909 577 2976 cipatus
605 2920 670 2959 ac
699 2912 992 2975 potestates
1021 2903 1137 2974 jam
1181 2902 1248 2957 ad
1295 2902 1556 2972 Ephesios
1598 2902 1824 2971 loquens
1862 2901 1953 2956 de-

361 2998 686 3066 scripserat,
735 2994 829 3049 sed
881 3010 943 3048 ea
989 3008 1202 3063 quoque
1251 2990 1662 3048 Colossensibus
1709 2991 1954 3047 dicturus

361 3091 629 3163 praemisit
673 3089 932 3153 thronos,
979 3089 1045 3143 de
1093 3088 1287 3158 quibus
1336 3101 1439 3142 nec
1484 3088 1613 3142 dum
1660 3087 1954 3156 quidquam

365 3180 618 3250 Ephesiis
661 3178 836 3233 fuerat
877 3177 1106 3232 loeutus.
1171 3177 1306 3231 Dum
1352 3191 1480 3248 ergo
1530 3176 1636 3232 illis
1679 3184 1952 3245 quatuor,

2045 2105 2225 2150 tutem.
2291 2094 2360 2148 Et
2398 2094 2527 2148 item
2568 2111 2582 2146 :
2626 2092 2767 2146 Data
2807 2102 2881 2148 est
2921 2093 3050 2148 mihi
3094 2092 3262 2147 omnis
3302 2103 3528 2163 potestas
3578 2096 3631 2148 in

2046 2183 2172 2239 coelo
2197 2192 2243 2238 et
2274 2185 2331 2237 in
2361 2195 2520 2237 terra.
2564 2183 2806 2252 Itemque
2837 2201 2850 2237 :
2880 2182 2951 2237 Et
2987 2183 3158 2252 factus
3205 2195 3278 2237 est
3310 2185 3634 2256 principatus

2045 2292 2200 2346 super
2239 2275 2512 2329 humerum
2557 2274 2692 2344 ejus,
2737 2285 2785 2328 et
2827 2274 3094 2328 vocabitur
3135 2291 3320 2329 nomen
3363 2275 3497 2344 ejus,
3532 2277 3634 2328 ad-

2047 2365 2326 2432 mirabilis,
2377 2364 2730 2431 consiliarius,
2763 2365 2904 2419 Deus
2942 2366 3116 2436 fertis,
3153 2375 3303 2436 pater
3330 2367 3496 2437 futuri
3531 2384 3634 2421 sa:-

2047 2456 2176 2521 culi,
2201 2457 2436 2526 princeps
2455 2455 2620 2525 pacis.
2674 2455 2740 2509 Et
2767 2455 2896 2510 item
2929 2473 2941 2508 :
2969 2454 3034 2508 Et
3062 2456 3420 2510 dominabitur
3442 2473 3474 2510 a
3502 2458 3636 2511 mari

2047 2562 2209 2617 usque
2241 2545 2311 2598 ad
2346 2561 2506 2610 mare,
2543 2556 2591 2600 et
2626 2563 2658 2599 a
2699 2547 2916 2616 ﬂumine
2957 2563 3119 2618 usque
3157 2547 3227 2602 ad
3275 2549 3520 2602 terminos
3551 2564 3642 2602 or-

2049 2635 2126 2688 bis
2151 2644 2321 2688 terrae.
2355 2634 2557 2690 Throni
2591 2651 2720 2706 ergo
2770 2638 2823 2690 in
2852 2636 3028 2691 medio
3049 2637 3229 2692 crucis
3254 2639 3450 2707 positi,
3478 2653 3640 2708 quem

2049 2722 2213 2776 alium
2245 2724 2297 2777 in
2326 2738 2384 2778 se
2411 2724 2601 2779 sedere
2630 2725 2856 2779 notant?
2881 2725 2988 2780 nisi
3026 2724 3174 2780 illum
3207 2728 3294 2781 cui
3322 2727 3526 2782 dictum
3553 2739 3638 2784 est

2009 2875 2014 2879 _
2046 2813 2306 2884 Apostolo
2337 2822 2510 2870 teste:
2538 2813 2778 2869 Thronus
2803 2826 2944 2882 tuus,
2975 2814 3130 2884 Deus,
3173 2817 3228 2870 in
3255 2817 3504 2872 saeculum
3537 2833 3638 2871 sw-

2051 2904 2157 2958 culi
2190 2944 2205 2970 ,
2254 2906 2398 2976 uirga
2438 2916 2578 2959 recta
2622 2915 2697 2960 est
2743 2907 2889 2976 virga
2937 2907 3083 2977 regni
3129 2909 3226 2960 tui.
3295 2907 3362 2961 Et
3411 2906 3639 2961 Psalmi-

2051 3003 2136 3049 sta
2164 3012 2176 3046 :
2202 2992 2384 3061 Sedes,
2419 2995 2614 3066 inquit,
2649 3011 2806 3065 super
2832 2997 3072 3061 thronos,
3117 2996 3207 3067 qui
3243 2995 3458 3066 judicas
3485 2997 3647 3066 trqui-

2052 3095 2233 3142 tatem.
2281 3085 2352 3140 Et
2387 3102 2548 3157 quem
2593 3087 2875 3142 cherubim
2923 3088 3304 3159 seraphimque
3342 3087 3648 3159 significant

2055 3179 2109 3233 in
2140 3193 2268 3235 arce
2295 3179 2476 3236 crucis
2500 3180 2708 3249 positi?
2731 3179 2834 3235 nisi
2868 3195 2993 3237 eum
3019 3182 3085 3236 de
3115 3196 3223 3250 quo
3258 3181 3389 3236 dicit
3417 3181 3645 3251 Aposto-

365 3286 488 3340 qum
536 3270 606 3324 ad
653 3269 913 3338 Ephesios
958 3269 1124 3333 dixit,
1174 3268 1224 3322 id
1277 3276 1398 3333 est,
1451 3268 1841 3338 principatibus
1901 3275 1957 3322 et
2057 3267 2141 3322 lus
2180 3286 2194 3322 :
2226 3267 2296 3323 In
2323 3285 2424 3340 quo
2458 3278 2579 3323 sunt
2615 3285 2790 3323 omnes
2825 3270 3057 3324 thesauri
3093 3270 3363 3341 sapientiae
3395 3280 3443 3325 et
3479 3272 3648 3325 scien-

365 3359 746 3428 potestatibus,
795 3358 1083 3413 virtutibus
1123 3367 1286 3427 atque
1316 3358 1788 3424 dominationibus,
1829 3373 1958 3413 con-
1984 3346 2029 3409 C
2061 3357 2149 3411 tite
2188 3356 2499 3412 absconditi.
2561 3358 2629 3412 Et
2661 3358 2790 3412 item
2833 3376 2847 3412 :
2891 3357 3034 3413 Deus
3073 3370 3250 3414 noster
3285 3360 3418 3430 ignis
3457 3377 3649 3415 consu-

365 3451 666 3522 junguntur
711 3448 910 3514 throni,
955 3448 1192 3518 quinque
1249 3458 1374 3503 sunt
1422 3449 1659 3515 ordines,
1705 3449 1796 3519 qui
1838 3463 1960 3518 spe-

372 3543 586 3598 cialiter
636 3541 1058 3612 exprimuntur;
1105 3541 1302 3610 quibus
1357 3541 1484 3596 dum
1536 3541 1711 3613 angeli
1763 3550 1817 3597 et
1864 3558 1957 3596 ar-

370 3630 640 3702 changeli,
693 3630 969 3684 cherubim
1004 3639 1165 3700 atque
1209 3631 1481 3700 seraphim
1526 3629 1774 3700 adjuncta
1809 3640 1958 3697 sunt,

373 3722 566 3794 procul
595 3722 757 3776 dubio
785 3736 978 3776 novem
1024 3736 1143 3777 esse
1185 3722 1497 3792 angelorum
1542 3724 1761 3780 ordines
1806 3725 1959 3778 inve-

374 3814 622 3870 niuntur.
680 3812 831 3868 Unde
873 3821 926 3870 ct
967 3812 1070 3884 ipsi
1109 3813 1322 3884 angelo,
1352 3813 1444 3883 qui
1474 3814 1681 3884 primus
1711 3815 1961 3871 conditus

376 3915 480 3973 est,
530 3921 627 3977 per
674 3907 994 3977 prophetam
1041 3906 1278 3962 dicitur:
1313 3906 1390 3961 Tu
1430 3907 1762 3978 signaculum
1814 3908 1962 3962 simi-

376 3999 656 4063 litudinis,
703 3999 883 4068 plenus
920 3998 1177 4068 sapientia
1228 4008 1276 4053 et
1322 3998 1580 4069 perfectus
1628 3999 1849 4063 decore,
1906 3999 1962 4053 in

379 4088 585 4143 deliciis
621 4087 855 4157 paradisi
898 4087 995 4140 Dei
1043 4087 1212 4157 fuisti.
1267 4087 1384 4155 Quo
1432 4089 1766 4154 notandum,
1819 4091 1964 4158 quod

381 4182 591 4252 primus
636 4181 857 4250 angelus
895 4196 1003 4235 non
1052 4180 1120 4235 ad
1165 4181 1571 4236 similitudinem
1622 4182 1716 4237 Dei
1765 4181 1962 4248 factus,

383 4274 478 4329 sed
521 4271 857 4345 signaculum
901 4271 1266 4328 similitudinis
1308 4273 1528 4340 dicitur,
1577 4282 1636 4328 ut
1681 4289 1788 4343 quo
1839 4275 1966 4329 sub-

385 4367 528 4421 tilior
588 4373 927 4431 est_natura,
977 4381 1042 4421 eo
1091 4367 1146 4419 in
1198 4365 1289 4420 illo
1335 4366 1514 4436 imago
1559 4365 1788 4421 similius
1837 4365 1968 4421 insi-

384 4473 587 4519 nuetur
625 4478 897 4533 expressa.
951 4464 1068 4532 Quo
1110 4465 1165 4519 in
1203 4463 1322 4519 loco
1348 4478 1470 4518 mox
1522 4463 1769 4517 subditur
1800 4479 1813 4515 :
1841 4460 1968 4515 Om-

386 4556 466 4609 nis
503 4553 638 4624 lapis
677 4555 929 4624 pretiosus
977 4555 1348 4624 operimentum
1398 4563 1564 4620 tuum,
1614 4552 1848 4616 sardius,
1891 4559 1969 4603 to-

385 4648 596 4717 pazius,
642 4653 689 4698 et
723 4646 914 4714 jaspis,
953 4644 1496 4714 chrysolithus,ony.c,
1527 4651 1574 4696 et
1605 4639 1850 4712 beryllus,
1889 4656 1971 4694 sa-

387 4741 574 4810 phirus
604 4779 619 4805 ,
664 4738 1010 4793 carbunculus
1041 4777 1057 4802 ,
1099 4747 1145 4790 et
1187 4734 1518 4805 smaragdus.
1586 4733 1728 4788 Ecce
1776 4745 1970 4787 novem

391 4829 530 4883 dixit
574 4827 792 4883 nomina
837 4828 1096 4898 lapidum,
1150 4825 1276 4896 quia
1310 4823 1554 4895 profecto
1595 4837 1788 4877 novem
1844 4828 1972 4877 sunt

391 4918 612 4973 ordines
657 4917 985 4989 angelorum.
1035 4917 1238 4985 Quibus
1283 4915 1538 4969 nimirum
1578 4913 1856 4968 ordinibus
1884 4911 1975 4965 ille

394 5009 605 5079 primus
658 5009 903 5080 angelus,
948 5007 1068 5063 ideo
1115 5017 1337 5062 ornatus
1387 5015 1440 5060 et
1483 5013 1768 5074 c00pertus
1807 5003 1978 5058 exsti-

397 5097 484 5161 tit,
538 5091 666 5166 quia
709 5097 836 5152 dum
887 5097 1097 5151 cunctis
1133 5096 1435 5167 agminibus
1483 5094 1794 5162 angelorum
1840 5108 1979 5164 pra:-

396 5183 542 5242 Iatus
576 5195 680 5251 est,
723 5201 792 5239 ex
837 5201 1024 5241 eorum
1070 5186 1472 5254 comparatione
1521 5185 1716 5239 clarior
1763 5183 1885 5238 fuit.

473 5278 581 5334 Sed
624 5279 740 5334 hinc
782 5277 1064 5348 dispositio
1091 5279 1144 5333 in
1178 5294 1339 5333 cruce
1371 5292 1566 5332 novem
1603 5275 1849 5331 ordinum
1878 5291 1977 5329 an—

399 5365 640 5440 gelorum
684 5369 827 5437 quod
868 5369 1022 5424 nobis
1071 5369 1392 5423 sacramenti
1439 5369 1644 5430 innuat,
1693 5381 1981 5434 prosequa-

403 5474 545 5513 mur.
593 5459 764 5516 Tenet
800 5475 929 5531 ergo
965 5460 1079 5515 haec
1113 5476 1318 5532 speetes
1345 5468 1545 5514 sancta:
1583 5457 1760 5512 crucis
1802 5457 1854 5511 in
1894 5456 1978 5509 in-

402 5547 587 5604 feriori
627 5565 724 5605 sua
765 5559 960 5621 parte,
1005 5549 1139 5605 duos
1183 5552 1440 5616 ordines,
1496 5549 1548 5604 id
1590 5557 1674 5603 est
1699 5587 1714 5614 ,
1764 5546 1982 5618 angelos

1995 4692 2048 4752 D

2059 3464 2202 3502 mens
2235 3457 2332 3502 est.
2375 3447 2664 3502 Cherubim
2709 3449 2906 3518 quippe
2950 3449 3227 3520 plenitudo
3275 3450 3545 3516 scientiae,
3595 3458 3653 3506 et

2059 3539 2334 3609 seraphlm
2376 3541 2629 3595 ardentes
2673 3539 2755 3595 vel
2797 3541 3146 3598 incendentes
3200 3543 3648 3614 interpretantur.

2063 3627 2170 3684 Sed
2211 3629 2327 3684 haec
2370 3645 2476 3684 non
2518 3630 2591 3684 ita
2630 3631 2989 3700 praedicamus
3038 3632 3104 3688 de
3151 3633 3433 3690 ordinibus
3485 3649 3650 3707 ange-

2060 3721 2238 3776 lorum
2263 3759 2280 3786 ,
2317 3722 2471 3790 quasi
2517 3721 2793 3792 unigenito
2835 3722 2955 3777 illos
3001 3739 3381 3792 coaequemus;
3418 3726 3511 3780 sed
3547 3739 3648 3795 per

2063 3811 2316 3881 subjecta:
2356 3821 2619 3869 creatura:
2660 3813 2835 3869 oﬂicia
2872 3822 2928 3869 et
2956 3816 3173 3869 nomina
3211 3815 3646 3885 dispensationis,

2062 3905 2208 3962 illius
2259 3913 2598 3960 sacramenta
2635 3920 2977 3959 veneramur.
3035 3905 3132 3959 Est
3171 3904 3326 3958 enim-
3356 3904 3471 3973 ipse
3510 3903 3655 3960 Deus

2065 4006 2121 4054 et
2155 3997 2415 4053 Dominus
2441 3997 2774 4068 angelorum,
2815 4005 2940 4051 ante
2965 3995 3146 4050 omnia
3177 3994 3427 4049 videlicet
3456 3993 3653 4049 smeula

2066 4105 2134 4145 ex
2163 4089 2274 4144 Deo
2302 4088 2463 4142 Patre
2491 4088 2722 4158 genitus,
2756 4087 2860 4141 hoc
2884 4094 2988 4147 est,
3029 4086 3095 4140 de
3119 4085 3421 4138 substantia
3451 4083 3651 4150 Patris,

2067 4181 2160 4252 qui
2183 4181 2237 4234 in
2266 4179 2560 4233 novissima
2587 4186 2804 4233 aetatum
2837 4175 3018 4230 saeculi
3041 4190 3108 4229 ex
3129 4174 3338 4244 virgine
3360 4183 3531 4230 matre
3556 4190 3655 4228 na-

2069 4283 2177 4339 tus,
2205 4280 2456 4327 naturam
2491 4271 2546 4324 in
2574 4285 2632 4324 se
2666 4268 2904 4338 suscepit
2933 4269 3242 4330 humanam,
3283 4266 3349 4320 ad
3383 4266 3657 4322 debellan-

2070 4366 2197 4421 dum
2223 4363 2429 4420 scilicet
2466 4361 2648 4416 mundi
2671 4360 2970 4432 principem
2996 4360 3213 4422 missus,
3247 4366 3307 4412 ut
3332 4358 3657 4430 exspoliaret

2071 4457 2406 4530 principatus
2433 4465 2488 4511 et
2522 4461 2838 4526 potestates,
2873 4452 3049 4523 palam
3097 4451 3435 4522 triumphans
3468 4467 3561 4507 eos
3604 4452 3657 4508 in

2073 4547 2395 4616 semetipso;
2419 4559 2580 4615 quem
2609 4543 2766 4598 Pater
2785 4543 3054 4596 suscitavit
3077 4560 3109 4595 a
3129 4543 3369 4606 mortuis,
3392 4551 3437 4595 et
3463 4549 3660 4598 consti-

2074 4651 2224 4696 tuens
2247 4642 2315 4694 ad
2343 4641 2610 4694 dexteram
2651 4654 2802 4693 suam
2838 4637 2892 4691 in
2930 4636 3236 4703 coelestibus,
3265 4653 3423 4707 supra
3453 4653 3657 4691 omnem

2074 4731 2422 4801 principatum
2445 4739 2491 4782 et
2511 4737 2812 4797 potestatem
2827 4721 2880 4780 et
2904 4727 3136 4781 virtutem
3163 4737 3208 4780 et
3231 4726 3660 4794 dominationem,

2075 4833 2121 4878 et
2151 4838 2302 4877 omne
2327 4837 2512 4875 nomen
2539 4819 2678 4890 quod
2701 4819 3001 4871 nominatur
3027 4834 3127 4870 non
3154 4817 3322 4870 solum
3351 4817 3406 4870 in
3432 4817 3527 4870 hoc
3563 4833 3659 4871 ste-

2077 4909 2218 4978 culo,
2247 4911 2337 4964 sed
2363 4911 2519 4964 etiam
2547 4911 2600 4962 in
2632 4909 2831 4978 futuro.
2885 4906 3076 4962 Omnia
3120 4908 3338 4977 subjecit
3378 4909 3473 4962 sub
3517 4909 3661 4977 pedi-

2080 5001 2174 5058 bus
2206 5002 2344 5072 ejus,
2373 5011 2419 5053 et
2444 5001 2613 5069 ipsum
2648 4999 2789 5053 dedit
2815 5009 2968 5070 caput
3001 5015 3160 5069 supra
3187 5000 3362 5052 omnia
3390 4997 3660 5065 Ecclesite,

2081 5111 2199 5165 quae
2227 5103 2302 5147 est
2329 5108 2516 5162 corpus
2546 5091 2731 5161 ipsius.
2781 5089 2980 5145 Novem
3018 5105 3147 5161 ergo
3189 5088 3379 5144 litterm
3409 5087 3662 5155 majores,

2084 5199 2205 5254 qua:
2239 5183 2292 5237 in
2323 5181 2426 5236 hac
2456 5181 2648 5251 pagina
2680 5180 2915 5250 speciem
2956 5180 3134 5234 crucis
3166 5177 3390 5243 faciunt,
3437 5179 3539 5232 hoc
3579 5193 3664 5233 so.

2085 5283 2240 5342 nant,
2285 5274 2474 5331 CRVX
2517 5272 2772 5340 SALVS;
2814 5275 3118 5343 habentque
3163 5271 3383 5341 singula:
3429 5272 3667 5344 singulos

2085 5368 2304 5423 ordines
2332 5365 2646 5436 angelorum
2675 5386 2686 5420 :
2711 5364 2853 5435 quod
2889 5363 3044 5418 facile
3081 5361 3301 5417 cuilibet
3332 5362 3538 5434 patebit
3573 5365 3666 5432 qui

2087 5460 2294 5515 litteras
2329 5459 2514 5524 novit,
2547 5466 2603 5514 et
2630 5458 2847 5514 nomina
2877 5470 3069 5511 novem
3095 5453 3344 5510 ordinum
3371 5469 3480 5510 non
3523 5454 3670 5528 igno-

2089 5556 2195 5603 rat.
