4012 6194
1342 340 1431 397 DE
1469 336 1814 396 LAUDIBUS
1854 334 2227 395 8.010018.
2265 366 2333 378 -——
2371 338 2500 395 LIB.
2540 339 2581 395 l.
2852 384 2863 391 α
2932 383 2966 397 ..
3512 338 3610 395 186

1499 470 2017 535 DECLARATIO
2060 469 2405 534 FIGURAE.

331 345 441 413 ’65

398 662 460 722 In
484 663 589 721 hac
618 664 803 733 itaque
829 662 1024 733 pagina
1054 677 1188 717 crux
1210 661 1445 728 Domini,
1469 661 1628 718 simul
1642 677 1763 717 cum
1789 662 1923 733 ﬁgu-
1949 665 2000 725 Α
2026 676 2186 732 quem
2213 676 2273 717 se
2301 661 2561 718 Dominus
2590 662 2644 718 in
2676 673 2877 718 terram
2900 661 3113 718 mittere
3150 669 3203 717 et
3228 668 3287 716 ιιι
3313 660 3529 717 arderet
3552 677 3612 719 se

321 761 409 820 ris
446 758 720 830 seraphim
765 765 819 813 et
859 746 1137 811 cherubim
1177 756 1324 811 circa
1370 771 1427 811 se
1474 756 1687 827 positis,
1716 753 1925 824 depicta
2025 750 2161 807 velle
2201 758 2429 807 testatus
2470 761 2574 809 est.
2607 753 2675 810 Et
2703 754 2896 810 merito
2940 754 3081 809 trina
3109 767 3243 808 voce
3281 753 3350 807 ad
3395 753 3609 808 laudem

322 852 747 923 conscriptaque
789 848 1051 904 cernitur.
1083 847 1214 915 Quae
1246 848 1365 903 ideo
1410 848 1464 903 in
1510 848 1611 903 hoc
1657 862 1792 918 opus
1836 849 1925 903 hic
2024 853 2225 899 sanctae
2259 841 2544 901 Trinitatis
2560 858 2760 901 omnes
2786 845 2990 902 electos
3028 844 3475 909 cohortabantur,
3503 842 3612 899 hoc

325 944 767 1012 introducuntur,
798 950 860 996 ut
884 940 1223 1005 ostendatur,
1270 949 1469 1010 quanta
1513 940 1817 1009 provisione
1858 952 1928 993 ac
2023 944 2128 999 est,
2170 948 2265 990 eos
2294 937 2389 1007 qui
2420 946 2547 993 ante
2582 938 2873 993 adventum
2924 936 3222 993 Salvatoris
3267 935 3511 1004 fuerunt,
3558 943 3615 992 et

322 1037 756 1115 dispensatione,
780 1032 1270 1089 divina‘clementia
1300 1032 1539 1087 humano
1566 1031 1747 1104 generi
1779 1046 1924 1086 sem-
2021 1025 2114 1096 qui
2151 1025 2204 1080 in
2232 1028 2520 1094 praesentia
2553 1028 2943 1085 incarnationis
2960 1027 3079 1099 ejus
3106 1028 3382 1095 vixerunt,
3409 1028 3613 1098 quique

284 1177 294 1199 τ
323 1145 424 1199 per
448 1128 679 1184 salutem
700 1141 855 1181 suam
876 1125 1273 1196 procuraverit,
1296 1139 1420 1179 cum
1441 1132 1497 1179 et
1520 1124 1572 1179 in
1600 1125 1731 1193 ipsis
1759 1123 1920 1193 spiri-
2022 1116 2197 1171 adhuc
2233 1131 2403 1186 usque
2434 1118 2489 1172 in
2516 1118 2679 1174 ﬁnem
2719 1118 2904 1175 mundi
2931 1127 3053 1189 post
3084 1119 3457 1174 ascensionem
3491 1117 3614 1189 ejus

278 1196 473 1302 {tibus
498 1214 772 1287 Angelicis
815 1229 914 1286 per
952 1215 1327 1286 propheticum
1356 1214 1760 1279 revelationem,
1802 1228 1922 1284 spe-
2022 1210 2074 1265 in
2100 1209 2269 1264 cmlos
2299 1210 2365 1264 ad
2394 1210 2557 1265 ﬁdem
2582 1211 2932 1266 convertendi
2954 1221 3101 1275 sunt;
3128 1210 3258 1281 quia
3283 1224 3473 1266 omnes
3501 1224 3611 1267 una

291 1298 469 1381 feiem
515 1305 903 1376 redemptionis
929 1313 1129 1360 nostrae
1156 1311 1282 1359 ante
1306 1303 1475 1359 videri
1501 1304 1689 1369 voluit,
1735 1314 1788 1359 et
1823 1319 1919 1374 per
2020 1300 2204 1370 passio
2251 1298 2454 1355 Christi
2505 1300 2669 1355 simul
2714 1301 2968 1367 redemit,
3015 1303 3081 1358 de
3116 1298 3317 1357 Iudaeis
3359 1301 3613 1358 videlicet

295 1389 496 1467 'opera
525 1394 842 1466 prophetica
860 1392 916 1449 in
941 1395 1273 1450 tabernaculi
1300 1395 1591 1465 templique
1612 1396 1772 1450 aditis
1796 1410 1921 1449 con-
2021 1398 2183 1459 amne
2207 1390 2475 1461 gentibus.
2506 1390 2582 1445 De
2611 1399 2806 1446 caetero
2841 1391 3122 1447 cherubim
3153 1390 3244 1445 illa
3288 1406 3410 1461 qua:
3437 1392 3493 1446 in
3523 1401 3609 1446 ta-

327 1494 564 1548 structa,
603 1485 656 1539 id
677 1493 782 1546 est.
807 1485 864 1537 in
894 1483 1026 1552 ipsis
1063 1480 1345 1539 cherubim
1379 1483 1535 1553 juxta
1567 1499 1748 1539 arcam
1776 1483 1919 1538 ultra

325 1577 511 1631 velum
536 1572 750 1644 positis,
783 1583 1042 1628 mtemam
1086 1572 1522 1644 propitiationem
1572 1574 1771 1628 mundo
1800 1573 1920 1628 inti-

329 1682 487 1722 mare
511 1664 770 1723 decrevit.
801 1663 1054 1729 Proinde,
1081 1664 1207 1719 licet
1249 1664 1417 1719 multa
1444 1664 1597 1717 umlti
1639 1665 1705 1718 de
1730 1662 1916 1737 habitu

328 1768 385 1813 et
409 1758 520 1813 situ
545 1757 739 1810 horum
764 1752 1079 1809 animalium
1103 1753 1441 1823 interpretati
1470 1754 1601 1817 sint,
1629 1763 1684 1810 et
1706 1754 1810 1808 alia
1837 1762 1919 1810 at-

329 1862 439 1908 que
464 1844 569 1898 tilia
596 1843 809 1898 diverso
836 1842 974 1912 stylo
1004 1858 1110 1897 non
1136 1843 1346 1898 diversa
1374 1844 1477 1898 ﬁde
1512 1844 1875 1914 scriptitarint
1898 1859 1913 1908 ;

329 1938 477 1996 mibi
495 1945 677 1991 tamen
710 1951 817 1989 non
858 1935 1153 2005 incongrue
1184 1932 1395 1990 videtur
1437 1934 1605 2005 (salva
1650 1934 1915 2004 majorum

2020 1478 2315 1534 bernaculo
2353 1479 2469 1534 sive
2516 1478 2715 1549 templo
2762 1478 3027 1535 fabricata
3069 1487 3248 1544 erant,
3291 1480 3417 1550 quid
3463 1479 3611 1536 aliud

2019 1572 2336 1626 extensione
2362 1571 2571 1626 alarum
2598 1587 2821 1627 suarum
2849 1588 3015 1642 quam
3040 1572 3221 1628 crucis
3242 1571 3444 1628 Christi
3472 1572 3606 1627 ima-

2019 1660 2198 1732 ginem
2230 1660 2626 1732 praeferebant?
2653 1661 2729 1715 De
2758 1662 2955 1731 quibus
2979 1661 3118 1717 bene
3146 1660 3200 1714 in
3231 1660 3370 1715 libro
3398 1659 3608 1733 Regum

2021 1761 2227 1818 narrat,
2258 1751 2402 1821 quod
2436 1749 2577 1806 facta
2618 1759 2802 1807 essent
2845 1750 3034 1806 decem
3070 1750 3379 1806 cubitorum
3422 1750 3611 1809 altitu-

2020 1844 2135 1908 nis,
2162 1850 2219 1898 et
2247 1844 2434 1898 decem
2461 1842 2672 1897 cubitos
2699 1842 2964 1897 haberent
2987 1856 3019 1897 a
3043 1842 3355 1897 summitate
3397 1842 3496 1897 ala
3521 1855 3611 1899 us—

1966 1964 1971 1971 ι
2019 1948 2125 2004 que
2155 1935 2222 1989 ad
2270 1933 2371 1988 alae
2419 1933 2645 1989 alterius
2689 1934 3078 1989 summitatem.
3115 1933 3200 1989 Ad
3245 1935 3397 2005 cujus
3440 1934 3608 1990 etiam

329 2024 646 2093 traditione)
677 2025 794 2095 ipsa
823 2025 1076 2082 animalia
1106 2025 1295 2080 habitu
1342 2039 1461 2089 suo,
1506 2035 1707 2080 sanctae
1744 2026 1922 2079 crucis
1952 2022 1996 2081 Β
2026 2027 2196 2079 instar
2212 2024 2695 2094 humanicorporis
2719 2023 2893 2079 forma
2914 2025 3217 2095 comparari
3238 2033 3437 2095 potest,
3453 2024 3609 2095 cujus

328 2115 627 2187 exemplari
657 2114 905 2186 ﬁguram,
935 2129 1061 2169 cum
1084 2124 1139 2169 et
1170 2114 1449 2169 intervalla
1478 2115 1646 2185 ipsius
1670 2113 1917 2169 localiter

328 2219 574 2273 servent,
606 2219 663 2264 et
689 2222 904 2263 sursum
939 2215 1100 2277 atque
1124 2207 1397 2271 deorsum,
1444 2206 1497 2261 in
1525 2207 1803 2261 dexteram
1834 2215 1919 2260 at-

327 2316 434 2369 que
473 2299 753 2354 sinistram
783 2300 887 2353 situ
908 2314 1007 2353 suo
1031 2296 1281 2353 similiter
1306 2297 1649 2368 protendant.
1679 2296 1919 2366 Denique

327 2392 605 2461 seraphim
633 2391 896 2459 propheta
937 2387 1100 2445 Isaias
1144 2389 1286 2445 inter
1329 2388 1437 2443 alia
1483 2388 1554 2442 ita
1604 2397 1791 2442 narrat
1832 2387 1917 2441 di-

328 2497 463 2537 cens
486 2500 503 2535 :
545 2480 668 2534 Vidi
714 2480 999 2534 Dominum
1044 2480 1305 2534 sedentem
1352 2478 1720 2550 super'soliurn
1753 2476 1920 2532 excel-

329 2591 444 2627 sam
472 2583 534 2627 -et
588 2571 867 2636 eleuatum,
912 2579 960 2624 et
1003 2586 1064 2624 ea
1088 2586 1205 2640 qua:
1250 2570 1346 2624 sub
1375 2586 1435 2623 eo
1462 2578 1611 2623 erant
1656 2567 1918 2638 replebant

327 2664 597 2734 templum.
632 2661 911 2733 Serapltim
955 2661 1163 2716 stabant
1204 2677 1360 2730 super
1384 2659 1538 2725 illud,
1583 2676 1676 2714 sea:
1701 2660 1802 2714 alat
1827 2658 1917 2715 uni

329 2764 375 2807 et
398 2770 491 2808 sea:
514 2753 617 2807 alte
659 2752 837 2816 alteri,
867 2752 1073 2805 duabus
1119 2750 1355 2806 uelabant
1386 2752 1596 2821 faciem,
1627 2761 1674 2805 et
1713 2750 1917 2804 duabus

329 2844 570 2898 uelabant
604 2842 778 2913 pedes,
819 2851 868 2895 et
909 2841 1113 2895 duabus
1134 2840 1401 2905 volabant,
1424 2850 1472 2894 et
1499 2840 1758 2894 clamabat
1786 2838 1920 2894 alter

330 2934 397 2987 ad
418 2932 668 2997 alterum,
693 2942 742 2985 et
763 2929 967 2984 dicebat
994 2949 1006 2983 :
1037 2928 1289 2995 Sanctus,
1320 2938 1554 2994 sanctus,
1580 2937 1791 2982 sanctus
1818 2927 1918 2982 Do-

330 3025 503 3078 minus
543 3022 683 3076 Deus
710 3022 1053 3087 exercituum,
1080 3021 1234 3093 plena
1276 3031 1351 3077 est
1376 3021 1544 3076 omnis
1571 3030 1711 3075 terra
1746 3019 1916 3091 gloria

330 3114 461 3182 ejus.
510 3111 650 3179 Quid
686 3126 814 3182 ergo
838 3112 975 3166 situs
1000 3111 1100 3167 iste
1127 3127 1379 3167 senarum
1406 3110 1613 3166 alarum
1641 3110 1914 3181 sei-apium

328 3203 659 3273 praeﬁgunt,
680 3202 785 3256 nisi
810 3202 988 3257 erucis
1013 3202 1216 3261 Christi
1236 3202 1562 3272 imaginem?
1590 3201 1699 3257 Illa:
1714 3200 1914 3271 quippe

329 3293 423 3347 ala:
447 3307 571 3362 quia
590 3291 927 3361 superiorem
955 3301 1163 3362 partem
1194 3292 1438 3362 corporis
1462 3292 1567 3357 sui,
1595 3291 1650 3347 id
1686 3301 1791 3357 est,
1827 3291 1912 3346 fa-

325 3383 465 3438 ciem
481 3382 752 3445 velabant,
777 3383 921 3452 quod
942 3398 1155 3439 sursum
1173 3384 1241 3439 ad
1263 3392 1422 3453 caput
1448 3391 1645 3439 erectae
1674 3385 1804 3449 sint,
1829 3399 1915 3439 ne-
1941 3373 1986 3436 C

324 3489 479 3530 cesse
511 3482 596 3529 est
625 3481 682 3528 et
722 3474 792 3529 ob
832 3474 938 3530 hoc
975 3475 1310 3546 superiorem
1355 3483 1571 3545 partem
1615 3475 1794 3531 crucis
1822 3477 1914 3530 de-

324 3575 633 3624 monstrent
658 3566 1005 3623 manifestum
1035 3574 1138 3623 est.
1188 3567 1297 3623 ιιιω
1321 3574 1499 3622 autem
1521 3584 1642 3639 qua:
1667 3567 1913 3623 inﬁmam

323 3672 561 3731 partem,
592 3661 648 3716 id
688 3668 792 3726 est,
820 3660 984 3730 pedes
1012 3661 1283 3727 velabant,
1313 3662 1587 3732 quomodo
1625 3660 1729 3716 nisi
1757 3659 1916 3716 deor-

323 3772 447 3810 sum
475 3755 736 3810 dimissas
764 3768 887 3809 esse
914 3754 1241 3809 credendum
1284 3763 1390 3819 est,
1436 3761 1493 3809 et
1530 3753 1601 3809 ob
1628 3752 1732 3809 hoc
1779 3750 1915 3807 inle-

324 3845 529 3900 riorem
556 3852 766 3912 partem
800 3842 980 3899 crucis
1022 3842 1348 3913 signiﬁcare.
1406 3840 1511 3897 lllze
1566 3850 1769 3913 autem!
1794 3841 1913 3896 (luat

324 3950 447 4003 quze
487 3935 557 3988 ad
586 3933 874 3988 volantium
919 3940 1156 3987 extensae
1197 3940 1342 3999 sunt,
1392 3932 1520 4003 quid
1572 3931 1716 3986 aliud
1750 3940 1913 4001 quam

326 4034 700 4081 transversum
727 4027 908 4081 crucis
950 4025 1177 4098 lignum,
1208 4027 1263 4081 in
1300 4041 1408 4097 quo
1449 4026 1669 4082 brachia
1705 4037 1761 4081 et
1794 4042 1912 4081 ma—
1942 4090 1949 4105 λ

324 4133 431 4171 nus
461 4126 699 4171 extensa:
726 4125 872 4184 sunt,
920 4116 1140 4172 Domini
1186 4118 1529 4189 signiﬁcant?
1577 4118 1645 4173 Et
1692 4118 1915 4188 proinde
1956 4138 1965 4147 η

324 4206 382 4259 in
412 4206 679 4275 positione
714 4222 810 4261 sex
852 4207 1061 4262 alarum
1103 4209 1396 4278 seraphim,
1435 4207 1719 4263 manifeste
1749 4211 1912 4264 totius

324 4293 508 4350 crucis
530 4292 735 4349 Christi
763 4295 1099 4367 signaculum
1123 4312 1438 4368 eXpressum
1473 4313 1593 4353 esse
1634 4314 1793 4353 nemo
1828 4314 1916 4371 sa.-

321 4382 480 4453 piens
503 4383 737 4441 dubitat.
769 4383 917 4441 Bene
955 4401 1169 4458 quoque
1210 4388 1328 4457 ipsa
1359 4389 1671 4444 incedentes
1706 4389 1790 4443 vel
1832 4404 1917 4461 ar-

322 4474 516 4530 dentes
553 4474 1005 4546 interpretantur,
1051 4480 1175 4549 quia
1225 4480 1369 4535 illam
1418 4479 1647 4536 formam
1692 4480 1915 4536 demon—

322 4574 522 4633 strant,
552 4564 743 4637 in‘qua
783 4577 1049 4641 superatae
1083 4581 1207 4628 sunt
1245 4587 1434 4629 omnes
1464 4573 1787 4629 adversariae
1813 4559 1910 4643 po,1

322 4664 574 4724 testates,
609 4665 665 4712 et
691 4659 857 4716 totius
894 4662 1079 4718 mundi
1126 4674 1347 4736 peccata
1392 4674 1710 4737 consumpta
1750 4675 1914 4737 atque

322 4744 503 4802 deleta
518 4754 670 4815 sunt,
684 4747 795 4805 imo
816 4746 995 4822 ignem
1010 4752 1160 4809 illum
1182 4753 1367 4811 electis
1390 4755 1484 4811 Dei
1507 4756 1905 4822 commendant,

1938 4719 1992 4779 D

2020 2130 2159 2185 pene
2194 2124 2345 2169 tanta
2383 2114 2610 2169 latitudo
2632 2125 2721 2169 est
2746 2115 2800 2169 in
2837 2115 3153 2170 extensione
3193 2115 3538 2171 brachiorum
3576 2130 3607 2170 a

2020 2205 2332 2260 summitate
2353 2204 2644 2276 digitorum
2664 2205 2823 2260 unius
2844 2220 3036 2260 manus
3058 2220 3230 2275 usque
3261 2206 3329 2261 ad
3371 2207 3597 2262 summi-

2021 2305 2186 2353 tatem
2210 2297 2501 2370 digitorum
2537 2296 2762 2353 alterius
2786 2314 3000 2363 manus,
3031 2305 3229 2368 quanta
3266 2307 3350 2354 est
3377 2298 3605 2353 altitudo

2020 2389 2135 2444 sive
2157 2388 2438 2460 longitudo
2459 2405 2489 2443 a
2521 2388 2703 2460 planta
2723 2390 2874 2460 pedis
2903 2403 3076 2460 usque
3102 2388 3169 2444 ad
3187 2391 3442 2446 verticem
3465 2390 3609 2459 capi-

2020 2478 2108 2534 tis.
2138 2477 2265 2533 Haec
2284 2494 2414 2551 ergo
2427 2477 2579 2549 juxta
2604 2495 2787 2534 arcam
2809 2488 2864 2536 et
2900 2480 3336 2552 propitiatorium
3359 2481 3596 2545 stabant,

2019 2570 2145 2638 quia
2174 2586 2355 2626 veram
2387 2573 2825 2642 propitiationem
2865 2573 2919 2628 in
2951 2572 3326 2628 incarnatione
3357 2571 3606 2628 Salvato-

2020 2660 2096 2714 ris
2125 2659 2360 2718 humano
2388 2664 2571 2733 generi
2618 2663 3087 2720 demonstrabant.
3136 2662 3261 2719 Huic
3291 2671 3345 2717 et
3392 2663 3447 2718 in
3491 2678 3606 2718 moo

2020 2749 2151 2804 dum
2197 2750 2375 2805 crucis
2428 2750 2545 2807 alas
2588 2760 2842 2807 extensas
2882 2766 3098 2823 semper
3137 2751 3431 2818 habebant,
3481 2753 3613 2820 quia

2017 2848 2331 2910 perpetuam
2361 2850 2601 2897 nostram
2633 2841 3054 2913 redemptionem
3085 2841 3138 2896 in
3168 2842 3417 2912 passione
3449 2838 3609 2896 Chri-

2019 2931 2088 2986 sti
2127 2930 2505 2987 salvandorum
2548 2932 2651 2986 rite
2696 2932 3037 2989 intimabanl.
3082 2930 3140 2987 In
3170 2946 3333 2988 cruce
3385 2946 3604 3001 quoque
3708 2994 3713 2999 ,

2018 3022 2106 3077 hic
2127 3037 2315 3079 versus
2335 3031 2419 3079 est
2455 3024 2509 3078 in
2538 3023 2871 3094 longitudine
2896 3039 2927 3078 a
2967 3038 3180 3079 summo
3222 3021 3476 3080 deorsum
3505 3036 3602 3077 va-

2020 3113 2198 3173 dens:

2148 3225 2219 3275 En
2241 3239 2331 3275 arx
2357 3226 2482 3276 aluta
2504 3226 2672 3278 Crucis
2699 3240 2713 3276 :
2738 3240 2802 3279 en
2826 3226 3004 3280 fabrica
3023 3235 3191 3280 sancta
3211 3227 3399 3281 salutis.

2017 3328 2122 3384 Iste
2146 3328 2364 3399 quidem
2400 3329 2451 3383 in
2478 3330 2761 3386 latitudine
2785 3347 2799 3385 :

2139 3435 2214 3488 En
2240 3439 2444 3489 thronus
2466 3440 2547 3490 hic
2569 3441 2720 3504 regis,
2746 3440 2852 3492 haec
2876 3440 3149 3493 concdiatio
3170 3441 3351 3492 mundi.

2014 3540 2070 3596 In
2093 3541 2366 3611 seraphim
2401 3557 2616 3613 quoque
2634 3551 2689 3598 et
2708 3543 2991 3599 cherubim
3012 3560 3204 3601 versus
3223 3544 3448 3616 elegiaci
3464 3560 3599 3602 con-
3689 3574 3695 3585 ’

2014 3631 2203 3702 scripti
2234 3640 2377 3687 sunt.
2421 3631 2555 3687 Nam
2586 3634 2642 3687 in
2680 3633 2952 3705 seraphim
2980 3633 3074 3691 illo
3101 3635 3247 3705 quod
3280 3650 3441 3705 supra
3470 3637 3601 3692 dex-

2016 3728 2156 3776 trum
2189 3736 2355 3776 cornu
2385 3721 2563 3776 crucis
2587 3728 2715 3786 stat,
2744 3722 2797 3776 hi
2829 3731 2954 3777 sunt
2979 3737 3167 3780 versus
3194 3743 3207 3778 :

2141 3856 2289 3924 Signa
2313 3857 2474 3907 crucis
2495 3856 2671 3907 Christi
2698 3857 3040 3924 _ast_seraphin
3061 3857 3281 3910 cuticula
3303 3866 3600 3924 monstrant,

2232 3930 2469 3968 cunarum
2495 3925 2644 3981 atque
2670 3918 2766 3970 situ
2792 3920 2880 3970 hac
2900 3928 3073 3971 cuneta
3094 3931 3282 3972 sacrata
3307 3924 3529 3984 probant.

2014 4020 2073 4076 In
2100 4035 2167 4075 eo
2199 4036 2330 4076 vero
2358 4020 2502 4089 quod
2523 4035 2685 4090 supra
2708 4036 2877 4077 cornu
2905 4022 3206 4088 sinistrum,
3235 4021 3291 4076 hi
3320 4039 3334 4075 :

2076 4128 2195 4194 Nam
2219 4130 2325 4194 haec
2345 4131 2470 4179 socia
2490 4128 2711 4181 exultant
2731 4132 3027 4182 celebrando
3044 4133 3132 4182 hac
3150 4133 3290 4182 laude
3306 4144 3574 4194 supernum
3588 4170 3604 4193 .

2140 4191 2548 4255 Couclamautque
2573 4194 2735 4245 tribus
2749 4200 2947 4257 sceptra
2973 4194 3183 4244 Sabaoth
3207 4191 3413 4246 vicibus.

2016 4294 2074 4349 In
2108 4294 2389 4350 cherubim
2416 4311 2649 4367 namque
2677 4297 2980 4355 dexteriore
3004 4313 3195 4355 versus
3233 4300 3327 4355 isti
3354 4311 3482 4357 sunt
3508 4320 3523 4357 :

2077 4402 2421 4478 [lineisignant
2444 4405 2688 4478 Cherubin
2713 4406 2818 4478 hac
2840 4407 3035 4478 labbara
3059 4420 3225 4463 sancta
3247 4412 3543 4478 triumphum
3561 4455 3576 4469 .

2135 4464 2478 4530 Distebaisque
2501 4468 2591 4517 alis
2618 4469 2817 4519 brachia
2841 4477 2981 4523 tensa
3004 4480 3186 4525 notant.

2013 4565 2071 4620 ln
2099 4565 2439 4624 sinisteriore
2460 4569 2659 4640 quippe
2690 4570 2781 4625 isti
2806 4587 2820 4625 :

2081 4678 2199 4746 Quae
2224 4678 2382 4730 latere
2409 4684 2639 4746 assistunt
2659 4694 2783 4746 arca:
2806 4690 2858 4732 et
2882 4695 3013 4732 sacra
3040 4684 3269 4746 opercula
3293 4686 3528 4745 condunt,

2146 4739 2390 4805 Factaque
2409 4744 2616 4806 propizia
2637 4744 2797 4793 oﬂicio
2819 4746 2921 4807 ipsa
2938 4739 3161 4807 probam.
