4012 6202
281 311 394 369 £69

1277 308 1369 362 ’ΠΕ
1407 306 1748 362 LAUDIBUS
1791 307 1846 360 S.
1890 305 2156 361 CllUClS.
2193 332 2263 342 --
2294 304 2421 358 LIB.
2461 305 2502 357 ι.

3434 310 3542 360 1Ἰο

1438 447 1948 511 DECLARATIO
1993 445 2331 511 FIGURAE.

1774 576 2174 591 ——————.—-

383 642 442 696 In
494 640 593 693 hac
645 638 810 706 igitur
853 638 1044 706 pagina
1101 651 1230 690 crux
1282 645 1466 690 sancta
1509 651 1606 705 per
1637 636 1869 690 medium
1899 636 1950 692 Α
1978 629 2202 685 aliorum
2231 631 2395 684 vitam
2424 628 2600 683 verbis
2628 637 2786 698 atque
2823 625 3079 696 exemplis
3110 625 3160 679 in
3191 624 3380 706 melius
3409 641 3534 681 con-

277 732 477 794 tendit,
525 737 764 800 quatuor
817 726 1214 800 quadrangulas
1252 727 1452 780 formas
1498 728 1642 781 circa
1700 727 1865 780 latera

280 825 402 895 ejus
459 819 667 891 positas
692 816 944 870 habens:
991 817 1056 868 ad
1097 815 1486 870 ostendendum
1533 817 1718 883 utique
1757 829 1868 867 cce-

273 913 443 968 testis
499 906 715 962 aediﬁcii
768 913 1117 969 structuram,
1167 904 1422 959 Ecclesia:
1470 904 1718 959 videlicet
1771 904 1865 957 Dei

278 1003 416 1065 vivi,
445 1014 564 1070 qua:
593 1008 649 1052 et
674 996 868 1052 domus
896 977 1012 1064 ejus
1043 1004 1148 1060 est,
1177 994 1424 1048 columna
1473 1003 1528 1048 et
1555 993 1863 1048 ﬁrmamen-

279 1101 399 1146 tum
431 1087 695 1144 veritatis.
746 1080 828 1140 Ad
849 1085 987 1140 hanc
1004 1100 1134 1156 ergo
1163 1085 1378 1139 domum
1414 1084 1684 1152 pertinent
1711 1085 1866 1138 electi

279 1181 482 1251 angeli,
526 1193 759 1249 quorum
792 1177 949 1233 nobis
979 1175 1272 1231 similitudo
1314 1176 1365 1230 in
1394 1175 1570 1230 futura
1597 1176 1705 1229 vita
1725 1191 1864 1244 prte-

279 1270 541 1331 mittitur,
583 1266 796 1320 dicente
826 1265 1052 1319 Domino
1085 1264 1204 1318 :llli
1232 1271 1408 1318 autem
1447 1265 1539 1332 qui
1578 1265 1725 1335 digni
1775 1266 1870 1319 ha-

279 1359 483 1412 bentur
503 1354 700 1411 saculo
728 1355 820 1408 illo
840 1363 896 1408 et
917 1355 1313 1409 resurrectione
1333 1369 1397 1408 ex
1425 1356 1674 1421 mortuis,
1696 1369 1869 1425 neque

276 1449 517 1511 nubunt,
569 1461 745 1515 neque
797 1446 999 1500 ducunt
1051 1460 1265 1510 uxores,
1316 1454 1488 1514 neque
1536 1447 1678 1500 enim
1729 1446 1869 1499 ultra

276 1539 421 1592 mori
482 1545 736 1605 potemnt
769 1553 780 1586 :
819 1535 1053 1604 mquales
1081 1535 1222 1589 enim
1258 1534 1462 1604 angelis
1489 1543 1633 1600 sunt,
1689 1543 1743 1589 et
1772 1534 1865 1588 ﬁlii

275 1637 410 1683 sunt
440 1627 558 1690 Dei,
592 1642 715 1681 cum
740 1626 850 1679 sint
887 1623 982 1678 ﬁlii
1011 1623 1444 1679 resurrectionis.
1471 1624 1553 1678 Ad
1581 1625 1720 1680 hanc
1743 1641 1867 1695 per-

276 1718 418 1772 tinet
447 1719 560 1786 ipse
589 1714 854 1770 mediator
881 1714 976 1770 Dei
1001 1726 1054 1769 et
1087 1715 1386 1779 hominum,
1433 1715 1592 1769 homo
1621 1714 1868 1770 Christus

275 1807 463 1872 Iesus,
492 1810 606 1878 ipso
635 1812 944 1870 attestante,
963 1821 1085 1860 cum
1109 1807 1192 1859 ait
1218 1825 1230 1859 :
1260 1805 1454 1860 Soluite
1476 1805 1720 1876 templum
1745 1809 1863 1873 hoc,

275 1911 328 1952 et
379 1901 437 1952 in
479 1899 644 1952 tribas
677 1898 858 1951 diebus
911 1896 1146 1950 excitabo
1188 1896 1342 1949 illud.
1395 1895 1547 1962 Quod
1590 1912 1864 1966 exponens

1954 728 2182 777 vertere
2225 721 2564 790 satagebant,
2606 728 2874 787 quatenus
2918 717 3078 790 digna
3129 717 3540 772 conversatione

1971 815 2140 867 Deum
2165 812 2366 866 habere
2387 819 2726 864 mererentur
2744 809 3120 870 habitatorem,
3140 806 3420 876 ipsumque
3440 807 3545 862 sibi

1971 916 2092 956 esse
2124 901 2389 956 sentirent
2432 901 2599 954 Deum
2630 897 2939 968 pmpitium,
2983 897 3083 953 sub
3108 896 3261 966 cujus
3301 897 3548 952 domina-

1972 997 2116 1052 tione
2153 995 2313 1065 positi
2349 1002 2715 1065 cognoveruut
2739 993 3183 1064 omnipotentem.
3235 991 3380 1047 Bene
3418 1009 3546 1063 ergo

1971 1089 2025 1141 in
2067 1089 2202 1143 libro
2250 1088 2456 1158 Regum
2502 1096 2759 1156 scriptum
2795 1095 2879 1141 est
2922 1085 2990 1140 de
3023 1086 3110 1140 illa
3148 1086 3310 1156 typici
3361 1087 3547 1156 templi

1969 1179 2343 1243 aediﬁcatione,
2370 1178 2513 1247 quod
2533 1177 2848 1250 praeceperit
2866 1191 2962 1230 rex
2988 1185 3048 1230 ut
3070 1176 3318 1233 tollerent
3343 1176 3549 1247 lapides

1970 1270 2221 1340 grandes,
2270 1268 2476 1337 lapides
2504 1268 2773 1338 pretiosos
2817 1266 2870 1319 in
2911 1265 3315 1321 fundamentum
3342 1269 3544 1334 templi,

1970 1369 2026 1415 et
2049 1361 2377 1431 quadrarent
2400 1374 2512 1413 eos.
2549 1355 2779 1428 Lapides
2807 1371 2934 1427 ergo
2952 1357 3175 1427 pretiosi
3203 1367 3326 1412 sunt
3369 1361 3544 1412 sancti

1969 1450 2092 1513 viri,
2149 1450 2240 1519 qui
2273 1449 2480 1503 meritis
2522 1456 2646 1503 sunt
2681 1447 2951 1517 praeclari,
2997 1447 3090 1516 qui
3130 1448 3266 1502 bene
3292 1448 3546 1536 quadrari

1964 1540 2245 1609 jubentur,
2307 1554 2371 1593 ac
2413 1541 2493 1593 sic
2523 1538 2578 1592 in
2613 1537 2962 1592 fundamento
3013 1537 3161 1607 poni.
3214 1537 3548 1609 Quadratum

1969 1644 2199 1697 namque
2228 1643 2388 1682 omne
2425 1641 2746 1696 quocunque
2781 1627 3009 1682 vertitur
3033 1627 3198 1681 ﬁxum
3247 1601 3391 1715 εφῗθ
3416 1605 3546 1682 con-

1966 1721 2162 1775 suevit.
2213 1719 2310 1774 Cui
2338 1720 2593 1774 nimirum
2623 1719 2809 1789 ﬁgurae
2840 1720 3212 1774 assimilantur
3236 1717 3398 1775 co'r'da
3441 1722 3548 1775 ele-

1966 1820 2196 1872 ctorum,
2239 1825 2360 1879 quae
2393 1811 2468 1863 ita
2497 1810 2550 1863 in
2587 1809 2711 1864 ﬁdei
2749 1809 3004 1864 ﬁrmitate
3031 1791 3547 1872 consistere‘didicé}

1968 1907 2116 1962 runt,
2161 1909 2219 1953 ut
2276 1897 2418 1952 nulla
2468 1899 2865 1953 occurrentium
2914 1898 3258 1962 adversitate,
3313 1915 3410 1953 nec
3435 1900 3550 1968 ipsa

275 1989 619 2060 evangelista
648 1987 964 2057 subjunxit:
995 1986 1109 2040 Hoc
1145 1996 1317 2040 autem
1355 1987 1555 2040 dicebat
1586 1987 1648 2040 de
1675 1987 1864 2059 templo
1895 1986 1941 2045 B
1970 1989 2138 2043 etiam
2183 1996 2360 2040 morte
2392 2003 2420 2040 a
2449 1987 2530 2041 sui
2564 1987 2890 2041 rectitudine
2917 1994 3093 2042 status
3138 1987 3350 2056 possint
3398 1987 3551 2041 iucli-

276 2080 520 2148 corporis
544 2079 642 2130 sui.
674 2076 816 2132 Dicit
836 2086 1013 2130 autem
1035 2076 1321 2146 Apostolus
1339 2075 1404 2129 de
1427 2077 1582 2131 nobis
1602 2092 1616 2129 :
1642 2077 1866 2132 Nescitis

278 2170 414 2238 quia
452 2167 696 2236 templum
726 2166 822 2220 Dei
847 2168 988 2230 estis,
1029 2177 1076 2219 et
1098 2168 1313 2234 spiritus
1339 2166 1432 2220 Dei
1464 2167 1664 2220 habitat
1703 2171 1757 2222 in
1780 2186 1867 2224 vo-

275 2259 381 2311 bis.
430 2257 486 2310 Si
513 2271 644 2328 ergo
671 2256 758 2310 ille
782 2257 1037 2325 templum
1069 2257 1162 2312 Dei
1188 2272 1285 2327 per
1311 2268 1641 2328 assumptum
1673 2260 1864 2315 huma-

279 2351 514 2404 nitatem
548 2347 719 2402 factus
747 2358 848 2412 est,
894 2355 948 2402 et
979 2362 1078 2402 nos
1108 2348 1362 2417 templum
1393 2348 1487 2402 Dei
1531 2362 1628 2418 per
1653 2351 1865 2405 inhabi-

281 2447 492 2494 tantem
539 2439 784 2508 spiritum
811 2439 926 2508 ejus
947 2435 1232 2502 efﬁcimur,
1277 2446 1489 2493 constat
1512 2439 1696 2508 utique
1739 2443 1866 2512 quia

281 2531 516 2599 ﬁguram
546 2529 784 2583 omnium
816 2538 1057 2584 nostrum
1081 2537 1133 2583 et
1157 2529 1324 2599 ipsius
1350 2529 1600 2586 videlicet
1629 2531 1865 2598 Domini,

282 2631 337 2675 et
368 2621 736 2676 membrorum
763 2617 880 2689 ejus
929 2635 1046 2690 qua:
1071 2635 1169 2675 nos
1197 2636 1408 2686 sumus,
1446 2621 1702 2692 templum
1735 2623 1866 2678 illud

285 2709 575 2764 materiale
617 2710 810 2774 tenuit,
864 2711 1009 2779 quod
1047 2708 1302 2766 Salomon
1344 2725 1438 2765 rex
1475 2711 1769 2767 'aadiﬁcavit
1812 2713 1868 2768 in

285 2799 676 2865 Hierusalem;
717 2799 809 2856 sed
853 2801 1018 2871 ipsius
1064 2809 1318 2871 tanquam
1369 2801 1562 2871 lapidis
1596 2803 1868 2874 angularia

283 2891 632 2960 singulariter
651 2889 805 2946 electi
843 2899 899 2946 et
923 2891 1141 2961 pretiosi
1168 2892 1224 2946 in
1249 2889 1597 2946 fundamento
1628 2891 1866 2960 fundati;

286 2982 461 3038 nostri
502 2991 681 3037 autem
717 2989 972 3050 tanquam
1000 2980 1236 3050 lapidum
1263 2981 1508 3036 vivorum
1534 2979 1867 3052 supermdiﬁ-

286 3083 536 3128 catomm
593 3087 754 3142 super
806 3071 1213 3126 fundamentum
1248 3071 1613 3140 apostolorum
1650 3081 1707 3126 et
1741 3086 1868 3142 pro-

288 3164 598 3234 phetarum,
636 3163 740 3217 hoc
773 3172 882 3228 est,
933 3178 1098 3233 super
1136 3163 1310 3233 ipsum
1351 3165 1652 3219 Domi-num.
1715 3164 1869 3232 Quod

284 3252 526 3307 ostendit
547 3251 834 3322 Apostolus
861 3253 1042 3308 dicens
1069 3271 1082 3307 :
1110 3251 1534 3310 Fundamentum
1557 3256 1694 3310 enim
1722 3257 1868 3310 aliud

286 3355 438 3394 nemo
484 3349 650 3409 potest
678 3356 867 3409 ponere
898 3350 1087 3412 prteter
1123 3341 1181 3395 id
1217 3343 1357 3412 quod
1383 3343 1606 3412 positum
1632 3354 1725 3410 est,
1777 3345 1867 3416 qui

289 3440 363 3483 est
387 3427 629 3482 Christus
650 3429 825 3483 Iesus.
853 3429 952 3497 Qui
975 3440 1256 3500 propterea
1291 3441 1436 3487 recte
1463 3431 1865 3490 fundamentum

288 3519 480 3574 domus
515 3518 728 3574 Domini
756 3529 933 3588 potest
951 3522 1136 3577 vocari
1170 3523 1354 3592 :quia,
1381 3523 1521 3578 sicut
1549 3525 1624 3578 ait
1653 3526 1861 3593 Petrus,

289 3607 416 3661 Non
451 3618 528 3662 est
554 3609 702 3663 aliud
747 3611 842 3664 sub
883 3611 1009 3665 caelo
1049 3629 1232 3667 nomen
1266 3613 1448 3668 datum
1491 3616 1785 3670 hominibus
1802 3619 1863 3670 in

233 3763 236 3766 _
286 3713 388 3765 quo
432 3708 666 3763 oporteat
711 3717 803 3754 nos
843 3701 1012 3756 salvos
1049 3702 1186 3770 ﬁeri.
1243 3703 1309 3758 Et
1353 3705 1478 3759 item
1515 3723 1528 3758 :
1569 3705 1652 3762 Ad
1691 3724 1861 3774 quem,

291 3787 490 3855 inquit,
529 3788 830 3844 accedentes
859 3789 1083 3860 lapidem
1107 3792 1294 3857 viuum,
1341 3793 1405 3846 ab
1433 3793 1723 3849 hominibus
1749 3797 1868 3866 qui-

292 3879 407 3931 dem
437 3879 793 3948 reprobatum,
824 3896 856 3933 a
884 3879 994 3934 Deo
1015 3889 1189 3934 autem
1221 3881 1440 3936 electum
1468 3893 1515 3937 et
1549 3884 1866 3952 honori/ica-

290 3978 419 4031 tum,
476 3976 526 4022 et
566 3968 666 4038 ipsi
692 3977 940 4039 tanquam
982 3969 1177 4040 lapides
1225 3972 1323 4026 viui
1374 3973 1864 4043 superwdiﬁcamini

287 4055 472 4110 domus
498 4057 785 4127 spiritualis
811 4059 866 4112 in
899 4058 1248 4114 sacerdotium
1277 4072 1536 4128 sanctum,
1593 4063 1864 4130 offerentes

288 4146 587 4216 spirituales
616 4148 811 4202 hostias
857 4137 1195 4218 acceptabiles
1223 4149 1326 4204 Deo
1372 4167 1466 4220 per
1495 4149 1677 4205 Iesum
1719 4149 1868 4205 Chri-

292 4246 448 4290 stum.
496 4234 730 4292 Possunt
754 4253 881 4309 ergo
925 4236 1085 4306 hujus
1113 4231 1441 4294 fundamenti
1474 4239 1632 4308 primi
1663 4239 1865 4310 lapides

289 4327 676 4383 ac-fundationi
707 4329 932 4393 habiles,
973 4331 1295 4400 patriarcha:
1327 4340 1382 4387 et
1411 4332 1706 4402 propheta),
1735 4347 1864 4401 apo-

285 4415 405 4470 stoli
434 4426 492 4471 et
549 4427 822 4488 martyres
872 4435 976 4473 non
1024 4419 1319 4491 incongrue
1373 4421 1563 4492 accipi,
1603 4422 1695 4491 qui
1751 4423 1863 4476 sive

285 4506 650 4574 przedicando,
681 4509 793 4563 sive
821 4511 1109 4578 operando,
1135 4511 1248 4564 sive
1267 4511 1546 4580 patiendo,
1583 4511 1707 4565 ﬁdei
1740 4511 1862 4573 fune

285 4594 536 4650 damenta
566 4597 722 4651 nobis
745 4591 1011 4665 iecerunt,
1037 4608 1091 4653 et
1122 4614 1349 4670 quorum
1379 4600 1758 4654 auctoritatem
1807 4600 1861 4652 in

283 4684 551 4750 doctrina,
591 4687 836 4756 exempla
881 4688 937 4743 in
965 4689 1194 4751 actibus,
1249 4689 1601 4745 imitationem
1633 4691 1687 4744 in
1731 4690 1863 4745 tole-
1890 4685 1945 4744 D

285 4773 460 4826 rantia
516 4783 714 4830 caetera
763 4778 920 4831 turba
957 4777 1193 4832 ﬁdelium
1242 4779 1503 4856 sequitur.
1546 4777 1678 4831 Nam
1728 4778 1867 4832 sicut

284 4862 510 4929 apostoli
555 4871 611 4918 et
636 4874 904 4937 martyres
932 4876 1054 4937 post
1073 4866 1382 4922 ~Salvatoris
1413 4868 1860 4934 incarnationem,

221 4961 256 4972 “
285 4952 590 5019 passionem
633 4949 694 5008 et
717 4957 1169 5025 resurrectionem
1199 4966 1358 5026 atque
1386 4958 1756 5012 ascensionem
1807 4957 1859 5011 in

287 5042 449 5097 caelos
483 5058 584 5113 per
613 5053 782 5100 totum
813 5047 996 5102 orbem
1047 5048 1326 5118 spirituale
1352 5049 1634 5103 aediﬁcium
1670 5049 1860 5104 domus

290 5129 375 5185 Dei
421 5131 700 5190 Christum
736 5137 1094 5208 przedicando,
1153 5138 1266 5194 sive
1307 5141 1467 5194 etiam
1517 5156 1614 5210 pro
1643 5140 1859 5196 Christo

289 5223 562 5280 moriendo
589 5225 839 5280 fabricati
884 5238 1031 5291 sunt,
1091 5230 1163 5283 ita
1193 5236 1314 5283 ante
1339 5231 1626 5283 adventum
1654 5227 1769 5296 ejus
1803 5231 1857 5286 in

290 5327 448 5370 carne
484 5317 812 5386 patriarchae
837 5327 996 5388 atque
1022 5321 1297 5390 prophetae
1339 5321 1392 5374 in
1415 5321 1599 5390 priore
1631 5319 1847 5391 populo,

288 5412 341 5456 et
394 5405 447 5459 in
488 5405 571 5460 his
617 5407 955 5477 regionibus
986 5410 1038 5462 in
1069 5409 1263 5484 quibus
1313 5410 1597 5482 degebant,
1642 5423 1855 5480 semper

644 5747 922 5808 Pas-non.
962 5747 1149 5809 CVII.

1966 2077 2084 2130 nari
2116 2095 2127 2128 :
2159 2076 2348 2145 quales
2374 2076 2622 2130 videlicet
2668 2075 2919 2129 doctores
2958 2075 3197 2131 Ecclesia
3244 2091 3352 2130 non
3376 2076 3549 2132 solum

1967 2167 2034 2221 de
2070 2166 2274 2231 Judaea,
2323 2181 2510 2218 verum
2536 2167 2699 2219 etiam
2731 2165 2797 2218 de
2818 2166 3066 2234 gentibus
3108 2166 3385 2236 perplures
3436 2181 3546 2221 sus-

1967 2257 2126 2327 cepit.
2168 2255 2334 2311 Recte
2361 2255 2576 2325 quidem
2619 2255 2672 2308 iu
2709 2264 2893 2310 sancta
2921 2271 3081 2311 cruce
3129 2258 3243 2312 huic
3263 2256 3550 2312 aediﬁcatio

1969 2346 2388 2409 demonstratur,
2445 2345 2572 2414 quia
2626 2344 2679 2397 in
2725 2345 2861 2413 ipsa,
2930 2346 2984 2400 id
3030 2355 3132 2410 est,
3187 2347 3243 2401 in
3292 2347 3549 2418 passione

1967 2434 2168 2488 Christi
2211 2443 2323 2488 tota
2364 2434 2607 2489 Ecclesia
2660 2435 2924 2490 catholica
2977 2435 3222 2502 fundata,
3282 2424 3547 2493 fabricata

1967 2527 2224 2597 perfecte,
2276 2535 2440 2597 atque
2495 2527 2740 2582 dedicata
2785 2537 2890 2593 est,
2943 2544 3044 2585 nec
3104 2530 3209 2584 hoc
3261 2529 3548 2585 aediﬁcium

1970 2631 2211 2686 unquam
2248 2618 2460 2672 veniret
2488 2617 2557 2671 ad
2583 2617 2856 2684 effectum,
2901 2619 3006 2673 nisi
3029 2632 3128 2687 per
3155 2619 3384 2673 Crucem
3412 2620 3546 2676 libe-

1970 2716 2182 2764 raretur
2202 2723 2373 2777 genus
2403 2709 2716 2777 humanum,
2747 2724 2848 2764 nec
2871 2709 3040 2779 ipsius
3068 2710 3366 2766 sacerdotis
3387 2712 3548 2783 digne

1968 2800 2331 2871 compleretur
2371 2797 2627 2865 oilicium,
2698 2801 2802 2855 nisi
2843 2801 2959 2871 ipse
2994 2802 3246 2857 sacerdos
3291 2802 3344 2856 in
3383 2817 3548 2857 cruce

1971 2888 2126 2945 ﬁeret
2154 2889 2501 2944 sacriﬁcium.

2040 2979 2097 3035 In
2139 2979 2254 3050 ipsa
2292 2986 2472 3035 autem
2503 2994 2664 3034 cruce
2716 2980 3026 3037 continetur
3057 2982 3147 3038 hic
3181 2995 3370 3039 versus
3415 2986 3549 3040 scri-

1968 3082 2094 3144 ptus
2125 3093 2138 3126 :

2093 3186 2277 3250 Inclyta
2297 3199 2418 3236 crux
2442 3185 2634 3236 Domini
2658 3185 2835 3236 Christi
2857 3185 3117 3236 fundamen
3141 3193 3192 3239 et
3209 3188 3356 3238 aulai.

2039 3293 2097 3347 ln
2157 3293 2450 3362 tetragonis
2493 3306 2621 3348 vero
2653 3291 2800 3346 circa
2844 3307 3061 3346 crucem
3111 3293 3301 3362 positis
3361 3308 3549 3350 versus

1969 3383 2282 3452 conscripti,
2335 3399 2442 3438 non
2471 3398 2575 3452 per
2600 3382 2885 3436 circuitum
2917 3383 3137 3451 penitus
3175 3395 3388 3454 gyrant,
3444 3385 3548 3440 hoc

1966 3484 2068 3540 est,
2094 3483 2154 3529 ut
2181 3475 2431 3530 ﬁnalibus
2451 3471 2647 3530 litteris
2677 3475 2744 3529 ad
2773 3474 3072 3545 inceptivas
3120 3491 3217 3546 per
3241 3477 3547 3534 anfractum

1967 3559 2206 3630 redeant,
2262 3565 2354 3619 sed
2389 3577 2578 3619 omnes
2621 3565 2674 3618 in
2709 3563 2900 3619 dextro
2932 3565 3126 3636 angulo
3152 3582 3250 3622 suo
3296 3569 3547 3640 superius

1967 3658 2303 3729 incipientes,
2347 3672 2444 3727 per
2466 3657 2746 3712 sinistrum
2784 3673 2946 3727 supra
2984 3657 3052 3712 ad
3097 3658 3374 3714 sinistrum
3406 3659 3546 3714 infra

1965 3748 2021 3801 in
2066 3747 2254 3802 decem
2284 3755 2338 3801 et
2369 3761 2561 3801 novem
2595 3745 2789 3801 litteris
2831 3747 3182 3811 descendunt,
3237 3756 3422 3817 postea
3453 3749 3545 3802 ite-

1966 3854 2086 3893 rum
2131 3839 2186 3893 in
2217 3839 2408 3893 dextro
2458 3837 2654 3908 angulo
2706 3838 2955 3907 superius
3006 3853 3036 3892 a
3064 3839 3316 3893 vicesima
3367 3837 3557 3893 littera.

1965 3930 2301 4000 incipientes,
2349 3938 2404 3984 et
2459 3929 2833 3985 descendendo
2885 3944 2982 3999 per
3033 3931 3281 3984 dextrum
3322 3927 3548 4006 inferius

1965 4023 2220 4078 vadentes
2256 4009 2328 4076 ad
2351 4023 2631 4077 sinistrum
2661 4036 2832 4091 usque
2857 4019 3000 4075 infra
3025 4022 3208 4076 decem
3251 4028 3307 4074 et
3333 4028 3540 4090 septem

1964 4111 2158 4166 litteris
2206 4111 2516 4181 pertingunt
2541 4129 2552 4165 :
2581 4118 2637 4165 et
2663 4111 2742 4167 sic
2790 4111 3158 4181 unusquisque
3184 4125 3372 4165 versus
3416 4125 3548 4180 qua-

1966 4211 2088 4258 tuor
2115 4208 2516 4272 tetragonorum
2545 4203 2763 4271 triginta
2787 4216 2882 4256 sex
2916 4203 3126 4256 litteras
3155 4201 3411 4266 continet,
3446 4203 3541 4271 qui

1965 4293 2150 4362 utique
2172 4307 2429 4347 numerus
2457 4301 2541 4346 est
2584 4291 2852 4362 tetragoni
2887 4292 3034 4361 plani
3064 4299 3118 4346 et
3141 4292 3336 4347 senarii
3370 4292 3422 4348 in
3451 4308 3539 4347 se-

1964 4384 2194 4452 metipso
2222 4383 2664 4454 multiplicatione
2701 4384 2956 4450 confecti,
3004 4385 3144 4440 sicut
3173 4385 3226 4439 in
3261 4385 3538 4456 sequenti-

1965 4475 2065 4528 bus
2101 4473 2608 4528 demonstrabimus.
2670 4474 2763 4530 Est
2804 4483 2982 4530 autem
3031 4491 3218 4531 versus
3247 4475 3336 4532 hlc
3365 4483 3536 4531 tetra-

1964 4564 2086 4634 goni
2115 4564 2306 4620 subtus
2335 4565 2580 4619 dextrum
2607 4580 2774 4620 cornu
2795 4565 2957 4635 positi
2991 4584 3004 4619 :

2094 4698 2168 4750 Te
2189 4700 2576 4762 patriarcharum
2599 4699 2852 4750 laudabilis
2875 4702 3000 4751 actio
3019 4703 3198 4763 signat.

2043 4805 2244 4862 Subtus
2269 4807 2548 4860 sinistrum
2573 4821 2702 4862 vero
2729 4807 2887 4875 positi
2921 4808 3185 4876 tetragoni
3219 4808 3322 4864 iste
3344 4819 3464 4864 est:

2095 4915 2340 4978 Plebsque
2368 4916 2710 4978 prophetarum
2731 4916 2895 4967 divino
2913 4915 3088 4966 famine
3109 4917 3262 4978 iussa.

2038 5021 2105 5074 At
2146 5020 2262 5090 ejus
2296 5034 2529 5090 quoque,
2583 5020 2672 5089 qui
2703 5034 2861 5088 supra
2889 5020 3136 5074 dextmm
3165 5035 3326 5075 cornu
3363 5022 3540 5075 crucis

1967 5111 2174 5177 positus
2208 5118 2312 5174 est,
2353 5108 2474 5164 talis
2501 5117 2584 5164 est
2613 5123 2798 5165 versus
2825 5127 2837 5162 :

2090 5220 2280 5283 Agmen
2303 5218 2623 5282 apostolicum
2646 5221 2809 5282 pandit
2833 5232 2912 5270 tua
2934 5233 3026 5272 rue
3047 5231 3244 5283 tropea.

2035 5326 2208 5399 Supra
2234 5328 2510 5386 sinistrum
2540 5344 2666 5385 vero
2698 5332 2817 5385 talis
2843 5350 2855 5385 :

2088 5418 2351 5481 Martyrum
2377 5428 2428 5472 et
2453 5423 2558 5485 ipse
2583 5421 2759 5474 chorus
2782 5423 2935 5473 etTuso
2952 5424 3065 5486 jure
3092 5435 3285 5474 cruore.
