4012 6202
295 323 410 380 175

1301 308 1391 376 bs;
1423 299 1768 374 LAUDIB’US
1799 305 1865 371 's.
1904 299 2170 373 Clivus.
2210 309 2443 373 —-~LIB.

3439 321 3552 374 ⁸174

1478 450 1993 527 DECLARATIO
2052 452 2393 513 FIGURAE.

377 638 624 707 Quantos
651 647 780 706 ergo
806 642 863 688 et
879 631 1067 702 Quales
1093 630 1296 686 fruetus
1317 629 1521 702 lignum
1548 642 1747 687 sancite
1767 650 1888 687 «ξι-[ιο
1914 638 1967 698 Α
1989 635 2198 704 potestis
2226 635 2416 703 facere.
2468 634 2783 706 Spirituales
2826 636 2969 691 enim
3015 637 3104 692 hic
3125 637 3417 708 gignuntur
3455 640 3558 695 fru~

295 733 386 786 eis
415 720 660 800 germine
698 738 797 779 suo
840 719 1103 793 proferat.
1143 717 1365 791 dignum
1395 729 1478 775 est
1502 722 1667 778 etiam
1696 723 1748 776 in
1780 724 1883 777 hoc

302 833 467 876 sacro
508 814 756 873 cartnine
790 811 949 867 modo
996 817 1444 879 commemorare,
1475 809 1628 878 cujus
1679 810 1887 866 fructus

301 921 546 968 cternus
583 913 668 960 est
701 911 764 960 et
788 901 942 957 radix
971 910 1262 971 perpetua;
1291 897 1445 968 cujus
1471 901 1606 957 odor
1629 903 1886 957 mundum

304 1001 500 1073 replet,
524 1006 582 1053 et
601 1010 766 1066 sapor
787 994 975 1050 ﬁdeles
994 993 1237 1063 saginat;
1265 993 1420 1063 cujus
1442 993 1692 1062 splendor
1719 994 1886 1049 solem

305 1099 551 1163 superat,
595 1094 652 1144 et
681 1085 886 1142 candor
923 1085 1105 1139 nivem
1135 1083 1414 1150 obfuscat;
1452 1083 1606 1154 cujus
1627 1100 1887 1140 cacumen

304 1185 493 1258 polum
519 1179 760 1243 excedit,
800 1185 856 1234 et
895 1176 1054 1246 Cujus
1093 1173 1336 1230 inﬁmum
1363 1174 1574 1230 inferna
1609 1184 1885 1245 penetrat;

306 1275 465 1345 alius
495 1269 730 1326 ﬁrmitas
764 1266 1031 1331 humiliat,
1071 1263 1380 1333 iucunditas
1401 1265 1621 1332 exultat,
1649 1274 1706 1322 et
1739 1264 1893 1334 cujus

307 1363 558 1436 potentia
603 1361 842 1419 exaltata
870 1358 1141 1414 humiliat.
1179 1357 1435 1414 Omnium
1459 1360 1607 1413 enim
1631 1361 1890 1414 virtutum

307 1458 484 1514 series
526 1469 627 1526 per
656 1453 833 1524 ipsum
877 1459 934 1505 et
955 1451 1012 1504 in
1039 1451 1155 1519 ipso
1195 1449 1393 1504 collata
1413 1458 1496 1504 est
1518 1450 1738 1517 mundo,
1767 1453 1893 1521 quia

308 1549 363 1602 in
396 1547 515 1616 ipso
544 1557 728 1598 rerum
767 1538 1026 1611 perfectio
1061 1538 1329 1608 completa
1352 1546 1456 1594 est.
1506 1538 1563 1592 In
1594 1539 1712 1608 ipso
1739 1540 1895 1596 celsi-

309 1635 554 1691 tudinem
585 1645 739 1687 suam
763 1627 1051 1699 prudentia
1089 1626 1457 1692 demonstrat,
1487 1627 1543 1682 in
1569 1627 1686 1697 ipso
1714 1627 1897 1688 solidi-

307 1733 482 1780 tatem
504 1736 662 1777 suam
686 1718 894 1788 iustitia
937 1716 1160 1782 revelat,
1189 1717 1246 1773 in
1285 1717 1404 1787 ipso
1427 1718 1723 1788 potentiam
1743 1733 1896 1774 suam

308 1813 574 1870 fortitudo
605 1812 904 1881 consignat,
939 1810 992 1864 in
1032 1811 1149 1880 ipso
1176 1809 1545 1864 moderamina
1575 1820 1671 1865 sua
1697 1817 1897 1880 tempe-

308 1907 490 1961 rantia
526 1903 814 1960 collaudat.
841 1902 943 1957 Hic
963 1904 1128 1958 etiam
1167 1902 1454 1972 prudentia
1481 1902 1894 1972 acquisitionem

1986 733 2130 789 ctus,
2156 739 2293 793 quos
2327 737 2611 778 enumerat
2649 723 2935 795 Apostolus
2960 724 3176 801 dicens:
3201 725 3433 783 Fructus
3462 747 3558 784 au-

1987 822 2086 866 tem
2127 811 2354 883 Spiritus
2401 823 2476 867 est
2518 814 2767 881 Charitas,
2815 816 3086 886 gaudium,
3117 832 3240 888 pax,
3281 822 3557 890 patientia,

1987 904 2354 974 longanimitas
2393 905 2618 972 bonitas,
2642 906 2950 976 benignitas,
2970 908 3120 977 ﬁdes,
3141 910 3416 978 modestia,
3443 928 3563 966 con-

1989 995 2230 1060 tinentia,
2252 997 2489 1050 castitas.
2517 995 2663 1051 Bene
2682 1010 2816 1067 ergo
2843 997 2896 1052 in
2921 1007 3106 1054 sancta
3131 1013 3290 1056 cruce
3313 1002 3566 1073 spiritua-

1989 1081 2056 1136 lis
2091 1083 2380 1139 adhibetur
2408 1086 2633 1152 fructus,
2680 1087 2806 1155 quia
2839 1088 3080 1143 omnium
3107 1089 3373 1146 bonorum
3415 1093 3470 1148 in
3501 1102 3563 1148 ea

1989 1175 2286 1232 cruciﬁxus
2315 1187 2400 1233 est
2421 1187 2628 1234 auctor.
2670 1177 2804 1233 Nam
2847 1193 2915 1235 ex
2939 1189 3092 1250 parte
3117 1173 3319 1250 carnis,
3361 1184 3485 1239 dum
3509 1183 3566 1240 in

1991 1281 2054 1322 ea
2087 1271 2223 1326 mori
2246 1271 2413 1326 voluit
2436 1271 2703 1337 Christus,
2728 1271 2954 1328 salutem
2981 1275 3248 1346 integram
3273 1277 3566 1333 humanum

1993 1363 2232 1430 percepit
2269 1377 2458 1430 genus.
2482 1363 2721 1418 Granum
2757 1364 3012 1418 frumenti
3039 1365 3095 1419 in
3127 1375 3326 1420 terram
3351 1368 3565 1433 cecidit,

1995 1461 2048 1505 et
2070 1450 2359 1520 gloriosam
2380 1461 2687 1528 martyrum
2707 1463 2943 1525 segetem
2969 1454 3212 1522 protulit.
3257 1454 3568 1526 Unusstips

1993 1542 2227 1611 portavit
2276 1539 2549 1595 hominem
2588 1556 2926 1611 suspensum,
2959 1552 3017 1596 et
3049 1551 3192 1597 totus
3235 1545 3466 1599 mundus
3501 1543 3571 1601 ad

1994 1625 2214 1685 honeste
2253 1629 2530 1684 dedicatus
2565 1638 2649 1685 est
2674 1643 2921 1700 regnum.
2956 1629 3138 1685 Iudaea
3167 1645 3296 1702 gens
3331 1633 3572 1690 insolens

1995 1733 2103 1773 non
2141 1719 2320 1773 timuit
2347 1717 2613 1789 perimere
2666 1732 2868 1791 regem,
2918 1728 2975 1775 et
3004 1719 3167 1776 totius
3190 1721 3338 1778 orbis
3375 1731 3567 1790 gentes

1997 1813 2173 1882 ipsum
2229 1820 2583 1883 susceperunt
2617 1809 3050 1884 Redemptorem,
3102 1814 3228 1884 quia
3277 1815 3332 1868 in
3366 1816 3572 1871 semine

1997 1901 2228 1958 Abrahze
2254 1901 2639 1958 benedicentur
2655 1913 2846 1959 omnes
2866 1898 3088 1958 familiae
3109 1911 3286 1958 terrae.

311 1995 595 2066 sapientiae
633 2001 688 2047 et
750 1991 1289 2062 comprehensionem
1351 1989 1597 2048 veritatis
1649 1993 1895 2048 devotius
1925 1982 1969 2041 Β
2066 1988 2307 2060 Quatuor
2332 2003 2460 2065 ergo
2487 1994 2570 2048 ha
2599 1992 2784 2064 ﬁgurae
2833 1993 2888 2047 in
2928 2006 3090 2047 unum
3115 1993 3294 2049 crucis
3341 1993 3571 2058 formam

312 2085 584 2150 concedit,
616 2094 779 2154 atque
799 2084 886 2138 hic
907 2083 1283 2154 providentiae,
1318 2079 1685 2155 intelligentiae
1709 2092 1764 2138 et
1782 2100 1894 2141 me-

312 2178 504 2234 morie
529 2177 691 2242 dona,
719 2174 894 2232 omnis
926 2173 1100 2230 ﬁdelis
1125 2173 1373 2244 percipit.
1408 2165 1508 2230 llic
1533 2173 1748 2242 iustitia
1771 2175 1895 2232 ﬁdei

312 2265 730 2322 fundamentum
771 2262 971 2334 posuit,
1013 2271 1176 2333 atque
1201 2263 1329 2318 hinc
1353 2263 1569 2334 pietatis
1592 2271 1648 2319 et
1685 2263 1896 2336 religio-

309 2358 424 2423 nis,
454 2355 646 2425 gratiae
685 2367 902 2424 quoque
940 2360 997 2409 et
1030 2353 1410 2408 vindicationis
1447 2346 1758 2424 aiqultatem
1783 2355 1899 2410 uni-

310 2450 515 2520 cuique
566 2446 860 2505 distribuit.
910 2445 1012 2500 llic
1061 2445 1320 2500 fortitudo
1348 2445 1542 2500 blanda
1581 2453 1638 2500 et
1667 2445 1895 2502 adversa

311 2537 857 2612 magniﬁcentissime
897 2537 1216 2602 contemnit,
1274 2545 1436 2606 atque
1483 2536 1610 2591 hinc
1639 2534 1894 2601 ﬁdentize,

314 2631 595 2703 patienti-.1:
637 2642 695 2688 et
737 2630 1153 2702 perseverantiae
1193 2630 1438 2700 exempla
1477 2631 1750 2702 proponit.
1798 2629 1896 2690 llic

310 2721 676 2793 temperantia
698 2721 752 2775 in
764 2721 1002 2777 libidinis
1017 2735 1082 2775 ac
1092 2721 1404 2791 pertinacite
1419 2720 1711 2776 insolentes
1733 2721 1900 2791 impe-

316 2821 408 2866 tus
435 2811 589 2866 frena
638 2810 935 2881 disciplinas
964 2809 1155 2880 injicit,
1193 2819 1354 2880 atque
1382 2809 1511 2864 hinc
1544 2810 1815 2879 pudicitiae
1843 2822 1897 2867 et

317 2900 688 2966 mntinentize,
737 2900 1036 2956 clementiae
1061 2913 1274 2969 quoque
1299 2905 1353 2955 et
1375 2898 1685 2955 sobrietatis
1717 2900 1898 2956 multi.

317 2989 480 3062 plicia
522 2993 670 3052 dona
713 2987 1146 3048 desiderantibus
1175 2990 1455 3061 impendit.
1506 2991 1620 3046 Hoc
1649 2993 1900 3048 videlicet

313 3082 523 3152 lignum
560 3083 630 3138 ab
652 3081 769 3153 ipso
797 3082 1095 3152 plantatum’
1112 3079 1215 3146 est,
1238 3075 1305 3135 de
1319 3094 1427 3150 quo
1453 3073 1585 3135 dicit
1604 3080 1894 3151 Propheta,

315 3171 448 3243 tigni
470 3171 931 3227 cumnarationem
948 3168 1154 3224 faciens
1180 3185 1192 3221 :
1218 3167 1282 3222 Et
1301 3170 1399 3223 erit
1421 3178 1672 3240 tanquam
1698 3169 1897 3242 lignum

315 3263 457 3333 quod
502 3261 800 3333 plumatum
847 3270 925 3315 est
962 3271 1109 3316 secus
1141 3260 1392 3314 decursus
1431 3277 1709 3332 aquarum,
1757 3263 1896 3334 quod

318 3355 549 3423 {factum
591 3361 742 3407 suum
771 3351 916 3408 dabit
961 3350 1042 3406 ih‘
1070 3354 1301 3422 tempore
1340 3367 1460 3418 suo,
1488 3361 1537 3405 et
1564 3344 1750 3423 folium
1779 3354 1893 3424 ejus

317 3457 421 3497 non
459 3442 683 3508 decidet,
726 3451 776 3496 et
817 3441 994 3495 omnia
1034 3447 1356 3512 quietumque
1401 3439 1581 3510 fecerit
1621 3457 1895 3512 prospera-

318 3534 530 3586 buntur.
557 3531 827 3586 Decursus
854 3536 954 3604 ego
975 3537 1241 3600 aquarum
1261 3535 1388 3584 sunt
1399 3530 1892 3600 quotidianitrans-

312 3625 425 3678 itus
452 3621 820 3678 deﬁcientium
862 3605 1201 3694 populorum.
1227 3625 1294 3678 Et
1322 3625 1388 3681 de
1411 3627 1706 3696 semetipso
1735 3617 1893 3682 Veri-

315 3727 402 3771 tas
429 3716 604 3771 dicit“:
631 3706 691 3770 Si
717 3714 773 3768 in
800 3715 953 3770 viridi
982 3711 1121 3786 ligno
1144 3716 1256 3770 haec
1275 3713 1497 3785 facium,
1525 3716 1580 3769 in
1599 3709 1749 3770 arido
1769 3715 1894 3786 quid

313 3804 446 3875 ﬁet?
470 3804 702 3875 Lignum
727 3812 857 3876 ergo
883 3816 1041 3860 secus
1075 3803 1333 3860 decursus
1357 3819 1622 3874 aquarum
1651 3810 1734 3860 est
1771 3819 1895 3860 cum

316 3893 462 3951 foliis
486 3904 545 3950 et
583 3895 784 3962 fructu,
811 3885 937 3965 quia
961 3893 1312 3964 protectlouis
1341 3905 1453 3950 suae
1480 3895 1638 3949 nobis
1676 3885 1896 3951 umbra-

317 3987 502 4042 culum
526 3986 811 4056 proferens
850 3985 1099 4056 apparuit
1145 3985 1370 4040 Creator
1399 3985 1454 4040 in
1480 3997 1668 4050 carne,
1714 3992 1770 4039 et
1795 3983 1894 4040 hu-

318 4092 542 4133 manum
583 4091 749 4147 genus
771 4091 870 4147 per
902 4075 1356 4131 resurrectionem
1391 4077 1461 4130 ad
1492 4075 1660 4130 vitam
1699 4075 1894 4141 erexit,

319 4168 464 4239 quod
508 4179 609 4236 per
647 4166 917 4223 detectum
936 4166 1176 4236 quotidie
1221 4165 1335 4220 ibat
1360 4166 1427 4221 ad
1463 4173 1717 4220 mortem.
1755 4163 1895 4221 Vere

315 4261 463 4315 enim
513 4258 658 4314 istud
685 4257 888 4329 lignum
937 4257 1085 4312 dedit
1125 4255 1364 4312 fructum
1393 4258 1448 4311 in
1496 4263 1740 4327 tempore
1772 4269 1891 4322 suo,

317 4351 536 4421 quando
584 4347 832 4405 Salvator
880 4355 1065 4405 noster
1109 4348 1359 4418 passione
1405 4355 1462 4403 et
1499 4348 1894 4403 resurrectione

317 4456 415 4496 sua
441 4440 734 4512 completa,
778 4439 1073 4496 Ecclesium
1098 4447 1196 4509 per
1222 4447 1391 4494 totam
1425 4439 1612 4495 mundi
1655 4439 1894 4495 latitudi-

318 4548 444 4590 nem
470 4536 530 4589 in
567 4548 628 4589 se
660 4534 822 4590 vitem
847 4545 1032 4588 veram
1055 4533 1417 4590 eoadunatam
1445 4533 1656 4589 cunctis
1681 4533 1894 4589 virtuti-

318 4627 422 4681 bus
473 4626 604 4682 fecit
636 4625 929 4692 abundare,
983 4627 1101 4696 ipso
1130 4626 1235 4680 hoc
1264 4633 1495 4679 testante
1546 4643 1558 4678 :
1600 4621 1713 4695 Ego
1751 4638 1888 4692 sum,

1997 2084 2289 2153 dispositae,
2320 2090 2550 2154 quatuor
2577 2082 2955 2152 principalium
2984 2083 3244 2137 virtutum
3292 2085 3574 2139 continent

1996 2175 2214 2230 nomine
2241 2192 2254 2228 :
2283 2174 2584 2246 prudentiae
2607 2188 2840 2244 quoque,
2867 2173 3110 2242 iustitiae,
3144 2173 3476 2231 fortitudinis
3517 2186 3571 2230 ct

1997 2266 2383 2335 temperantiae,
2413 2279 2480 2320 ex
2509 2263 2703 2335 quibus
2740 2265 2917 2318 omnis
2946 2264 3204 2318 virtutum
3230 2264 3402 2320 series
3445 2278 3568 2334 pro-

1997 2358 2161 2424 cedit,
2203 2357 2344 2413 etin
2372 2357 2568 2426 quibus
2614 2356 2756 2412 ratio
2792 2356 2947 2412 bonae
2971 2356 3095 2410 vitae
3120 2357 3386 2413 consistit.
3435 2355 3576 2412 Sunt

1994 2463 2124 2519 ergo
2171 2455 2483 2502 memoratae
2529 2445 2719 2516 ﬁgura:
2765 2448 3059 2502 secundum
3104 2448 3303 2519 trigoni
3338 2448 3575 2518 speciem

1995 2538 2316 2608 conjunctae,
2346 2538 2441 2594 sed
2479 2537 2648 2593 variis
2678 2537 2934 2607 gradibus
2956 2538 3239 2594 distincte.
3267 2537 3423 2594 Facti
3446 2548 3574 2594 sunt

1995 2632 2140 2686 enim
2171 2631 2228 2684 in
2256 2629 2466 2685 duobus
2518 2627 2778 2684 lateribus
2824 2629 3248 2699 uniuscujusque
3297 2636 3572 2694 constare,

1995 2732 2051 2779 et
2076 2721 2279 2777 nullum
2303 2721 2407 2775 nisi
2445 2731 2544 2790 per
2571 2720 2744 2775 sancti
2775 2717 3011 2790 Spiritus
3039 2721 3270 2791 gratiam
3295 2733 3390 2774 eas
3415 2728 3578 2790 pOSSe

1995 2817 2304 2884 impetrare.
2337 2811 2506 2867 Tenet
2533 2823 2747 2881 quoque
2773 2810 2891 2865 haec
2911 2810 3112 2880 positio
3138 2818 3338 2890 saan
3374 2810 3573 2875 crucis,

1996 2909 2051 2963 in
2074 2906 2301 2977 trigonis
2315 2905 2427 2960 suis
2442 2911 2675 2974 quatuor
2692 2912 2881 2958 versus
2903 2901 3122 2972 triginta
3139 2917 3236 2960 sex
3247 2901 3571 2968 litterarum,

1997 2998 2051 3053 id
2095 3005 2195 3059 est,
2229 2997 2284 3050 in
2319 2993 2546 3066 singulis
2574 2993 2814 3064 singulos
2837 3011 2856 3046 4:
2887 3007 3116 3064 quorum
3156 2992 3362 3063 primus
3398 2993 3492 3063 qui
3517 2993 3574 3048 in

1997 3101 2250 3158 supremo
2291 3085 2502 3156 positus
2539 3091 2625 3139 est
2651 3083 2918 3152 trigonus,
2964 3089 3114 3137 tenet
3155 3081 3300 3138 hunc
3334 3095 3573 3147 versum,

1998 3175 2343 3247 incipientem
2367 3189 2398 3228 a
2419 3174 2611 3229 dextro
2632 3170 2828 3242 angulo
2854 3171 3120 3241 superius,
3155 3178 3212 3227 et
3234 3171 3574 3226 circumeun-

1998 3274 2108 3321 tem
2137 3278 2234 3335 per
2271 3271 2495 3320 caeteros
2532 3260 2776 3332 angulos,
2818 3273 2988 3330 usque
3029 3259 3098 3314 ad
3137 3259 3288 3316 illum
3315 3257 3458 3315 unde
3493 3259 3575 3314 in-

1997 3355 2250 3425 cipiebat,
2277 3354 2350 3407 ita
2383 3371 2394 3404 :

2119 3446 2246 3496 Arce
2271 3443 2430 3493 crucis
2447 3439 2842 3493 Dominisumma
2865 3441 3123 3504 prudentis
3148 3441 3296 3493 Sisttt.

1992 3543 2054 3605 In
2077 3546 2263 3602 inﬁmo
2292 3553 2486 3602 autem,
2512 3543 2726 3614 trigono
2752 3543 2942 3614 incipit
2963 3556 3154 3598 versus
3185 3543 3295 3608 hic,
3327 3557 3360 3598 a
3385 3544 3573 3602 dextro

1997 3640 2192 3711 angulo
2219 3639 2498 3703 desubtus,
2525 3643 2582 3691 et
2603 3635 2753 3690 vadit
2775 3649 2874 3705 per
2898 3642 3126 3690 caeteros
3149 3635 3380 3702 circum,
3403 3649 3573 3705 usque

1997 3733 2064 3788 ad
2085 3732 2264 3803 ipsum
2286 3744 2318 3784 a
2341 3743 2449 3800 quo
2477 3726 2692 3784 initium
2718 3726 2984 3797 capiebat,
3016 3725 3090 3781 ita
3116 3744 3128 3778 :

2120 3843 2316 3894 Iustitia
2338 3845 2393 3892 et
2416 3846 2565 3903 prona
2586 3838 2784 3890 mandat
2805 3849 2863 3888 se
2874 3847 3019 3900 parte
3044 3815 3326 3890 tenendam.

1996 3946 2242 4002 Dextera
2262 3951 2444 3999 autem
2456 3939 2626 4010 partis
2646 3939 2892 4009 trigonus
2909 3938 3153 3994 continet
3167 3937 3312 3992 hunc
3329 3938 3566 4000 versum,

1997 4035 2066 4091 ab
2109 4033 2295 4089 inﬁmo
2340 4029 2537 4102 angulo
2561 4029 2796 4100 primum
2833 4042 3048 4082 sursum
3082 4026 3441 4092 ascendendo,
3492 4027 3572 4082 sic

1997 4124 2382 4184 circumeundo
2406 4131 2634 4179 caeteros
2662 4135 2834 4190 usque
2888 4118 2959 4174 ad
2988 4117 3202 4172 initium
3237 4129 3417 4182 suum,
3449 4117 3569 4172 ita:

2119 4237 2252 4290 Furti
2273 4234 2364 4286 sed
2380 4233 2640 4287 in‘dextro
2651 4241 2803 4282 cornu
2825 4228 2925 4282 fert
2944 4227 3178 4291 stipulam
3208 4227 3292 4279 do.

1996 4340 2215 4401 Sinistri
2263 4347 2393 4393 vero
2435 4331 2690 4405 trianguli
2737 4333 2947 4398 versus,
2976 4345 3009 4386 a
3038 4331 3217 4388 medio
3240 4331 3438 4401 angulo
3469 4331 3571 4386 ini-

1994 4439 2148 4492 tium'
2180 4430 2365 4496 sumit,
2413 4425 2664 4499 gradiens
2707 4423 2942 4494 primum
3002 4419 3342 4479 ascendendo
3398 4435 3572 4492 usque

1995 4527 2061 4581 ad
2090 4524 2318 4579 alterum
2339 4516 2613 4589 angulum,
2633 4501 2866 4586 indeque
2889 4521 2988 4586 per
3001 4513 3286 4570 circuitum
3314 4511 3382 4568 ad
3406 4522 3569 4583 caput

1997 4631 2152 4672 suum
2192 4608 2506 4672 revertitur,
2535 4607 2611 4661 ita
2635 4621 2651 4661 :
2676 4605 2808 4660 Cum
2831 4605 2887 4659 in
2908 4604 3016 4660 loco
3045 4603 3323 4659 moderans
3343 4603 3570 4675 disponit

321 4717 514 4787 inquit,
543 4715 681 4784 vitis,
704 4726 754 4771 et
774 4732 864 4772 vos
887 4673 1146 4788 palmites.
1175 4715 1278 4781 Qui
1299 4723 1474 4769 manu
1498 4715 1553 4769 in
1589 4673 1691 4780 mg,
1718 4723 1765 4768 et
1800 4729 1892 4784 ego

1994 4705 2119 4776 jura
2143 4701 2396 4758 modesta.
2434 4696 2696 4753 Modestis
2719 4694 2883 4766 igitur
2906 4705 3004 4764 per
3027 4705 3317 4765 syncopam
3343 4673 3567 4764 scripta,

318 4816 375 4869 in
401 4830 480 4882 eo,
508 4812 593 4869 hic
639 4810 740 4881 fert
781 4807 1010 4879 fructum
1039 4805 1279 4872 multum,
1313 4806 1436 4874 quia
1471 4806 1583 4859 sine
1633 4820 1713 4859 me
1761 4803 1893 4858 nihil

1999 4811 2098 4867 pro
2127 4790 2482 4865 temperantia
2507 4791 2744 4859 ponitur,
2776 4787 2983 4859 species
3010 4801 3107 4858 pro
3137 4795 3354 4858 genere.

2061 5018 2304 5035 ...ιη-...σὼ
