4012 6202
337 371 444 431 177

1377 370 1465 428 DE
1487 369 1828 427 LAUDIBUS
1867 371 1924 427 S.
1965 374 2230 432 CRUCIS.
2259 409 2332 416 —
2359 379 2483 433 LIB.
2523 377 2565 432 I.

3489 385 3592 438 {78

1523 501 2042 565 DECLABATIO
2086 507 2428 570 FIGURAE.

1796 628 2099 642 ’h

404 697 571 752 Recte
615 694 780 764 igitur
820 689 1225 761 quaternarium
1261 697 1544 745 numerum
1589 691 1918 760 perfectione
1942 690 2142 751 Acum
2177 695 2338 749 Patre
2390 704 2446 750 et
2491 693 2701 764 Spiritu
2737 703 2926 750 sancto
2953 711 3090 752 unus
3135 695 3314 763 Deus,
3362 701 3448 756 eui
3489 703 3590 760 soli

329 797 602 848 sacratum
638 801 777 855 pene
813 783 989 837 nullus
1019 783 1250 854 ignorat,
1279 789 1333 836 et
1367 782 1488 836 ideo
1524 782 1660 837 bene
1685 782 1831 836 illum
1861 783 1912 836 in

329 884 501 938 forma
545 879 728 935 crucis
755 877 955 932 Christi
997 875 1440 945 transﬁguratum
1482 883 1625 931 totus
1646 876 1794 931 orbis
1823 867 1914 929 ve-

328 982 570 1030 iteratur.
623 969 901 1040 Siquidem
929 967 1186 1021 mundum
1214 973 1445 1035 quatuor
1482 965 1760 1020 elementis
1788 981 1913 1021 con-

323 1074 472 1120 stare
498 1041 848 1117 manifestum
880 1065 984 1122 est,
1013 1056 1065 1110 id
1091 1063 1191 1118 est,
1223 1055 1366 1126 igne,
1391 1070 1537 1121 aere,
1565 1071 1704 1125 aqua
1727 1065 1781 1110 et
1805 1063 1911 1110 ter—

324 1174 404 1211 ra.
440 1156 509 1210 Et
540 1163 709 1208 totum
735 1151 922 1206 orbem
949 1155 1180 1218 quatuor
1204 1147 1483 1202 terminari
1514 1148 1757 1216 partibus
1796 1147 1910 1202 sive

322 1244 537 1316 angulis
558 1250 748 1297 notum
777 1247 879 1302 est,
903 1238 1110 1292 oriente
1136 1235 1339 1291 scilicet
1359 1245 1413 1291 et
1435 1237 1733 1301 occidente,
1756 1236 1909 1304 aqui-

322 1338 448 1391 lone
472 1344 528 1388 et
563 1331 806 1387 meridie.
843 1327 1082 1396 Quatuor
1104 1342 1318 1398 quoque
1349 1335 1472 1381 sunt
1511 1327 1906 1382 vicissitudines

320 1440 651 1496 temporum,
683 1422 734 1476 id
763 1429 880 1486 est,
911 1435 1024 1485 ver,
1049 1427 1228 1483 testas,
1270 1425 1579 1484 autumnus,
1609 1419 1815 1484 hiems;
1851 1425 1907 1472 et

319 1526 558 1587 quatuor
606 1513 936 1583 quadrantes
988 1508 1251 1563 naturalis
1294 1509 1419 1573 diei,
1456 1508 1509 1562 id
1556 1516 1656 1574 est,
1714 1515 1906 1579 quater

317 1619 466 1659 sena
489 1603 664 1664 horae,
700 1615 820 1671 quae
845 1607 1025 1652 tamen
1051 1599 1138 1652 his
1166 1598 1334 1652 initiis
1359 1599 1766 1668 dignoscuntur,
1797 1615 1904 1653 ma-

317 1710 386 1746 ne
422 1691 675 1745 videlicet
702 1695 756 1742 et
787 1685 1031 1754 meridie,
1062 1701 1285 1755 vespere
1329 1694 1383 1740 et
1421 1686 1760 1756 intempesto.
1797 1685 1902 1740 Sed

313 1783 594 1852 quomodo
631 1779 779 1836 cruci
827 1779 1211 1834 convenienter
1249 1779 1419 1848 possit
1463 1779 1579 1833 lucc
1623 1777 1902 1846 dispositio

312 1872 562 1942 coaptari
583 1914 595 1936 ,
631 1870 987 1926 intimandum
1016 1877 1118 1923 est.
1169 1868 1226 1922 Si
1257 1883 1384 1939 ergo
1413 1877 1650 1923 erectam
1685 1883 1913 1923 crucem-

310 1965 652 2019 voluerimus
673 1961 934 2031 aspicere,
962 1960 1162 2027 ignem,
1190 1959 1332 2027 quod
1355 1973 1664 2028 supremum
1683 1967 1767 2013 est
1789 1957 1900 2014 ele—

2017 789 2419 845 benedictiones
2461 787 2562 843 illae
2617 795 2960 859 competunt,
3013 804 3147 858 quas
3190 798 3299 846 tres
3337 795 3493 861 pueri
3535 795 3589 850 in

2013 880 2226 936 camino
2266 880 2405 948 ignis
2452 879 2732 945 ardentis,
2786 893 2976 935 omnes
3025 891 3304 937 creaturas
3360 883 3426 938 ad
3473 883 3588 941 lau-

2015 969 2134 1022 dem
2175 968 2446 1024 Creatoris
2475 970 2826 1036 exhortando,
2859 971 3250 1027 concinnebant
3288 982 3451 1044 atque
3499 977 3584 1034 di-

2012 1059 2202 1113 cebant
2232 1076 2245 1113 :
2275 1058 2593 1125 Benedicite,
2620 1061 2795 1114 omnia
2831 1077 2987 1131 opera
3011 1060 3244 1127 Domini,
3271 1063 3580 1133 Dominum,

2010 1156 2066 1202 et
2107 1157 2320 1203 caetera.
2379 1149 2456 1205 De
2503 1165 2610 1220 quo
2658 1158 2713 1205 et
2764 1150 3048 1207 Psalmista
3104 1153 3235 1208 dicit
3280 1171 3294 1208 :
3343 1153 3586 1212 Laudent

2009 1256 2127 1294 eum
2154 1239 2268 1296 cwli
2297 1251 2344 1295 et
2382 1252 2541 1308 terra,
2574 1259 2717 1296 mare
2758 1252 2806 1297 et
2845 1244 3021 1297 omnia
3057 1262 3174 1316 quae
3208 1247 3260 1300 in
3303 1247 3374 1301 eis
3416 1258 3581 1307 sunt:

2007 1329 2172 1398 quia,
2228 1334 2521 1387 secundum
2559 1331 2892 1402 Apostolum,
2920 1350 2986 1386 ea:
3030 1335 3142 1404 ipso
3192 1345 3239 1388 et
3282 1352 3375 1406 per
3411 1339 3580 1407 ipsum

2005 1430 2055 1476 et
2086 1424 2142 1477 in
2174 1425 2282 1496 ipso
2311 1434 2432 1478 sunt
2462 1426 2657 1489 omnia,
2698 1425 2796 1495 ipsi
2831 1425 2998 1478 honor
3038 1435 3085 1478 et
3118 1424 3285 1495 gloria
3314 1428 3368 1480 in
3388 1429 3583 1481 stecula

2006 1512 2338 1566 scecnlorum.
2390 1512 2498 1568 Cur
2552 1527 2681 1568 vero
2729 1513 2784 1567 in
2840 1515 2976 1568 rotis
3033 1523 3265 1584 quatuor
3317 1514 3580 1571 elementa

2003 1601 2118 1656 sive
2148 1610 2380 1672 quatuor
2419 1612 2658 1673 tempora
2690 1618 2782 1658 seu
2810 1612 3045 1674 quatuor
3067 1604 3252 1674 plagas
3273 1604 3456 1659 mundi
3489 1605 3580 1660 de-

2001 1691 2288 1760 pinxerim,
2317 1693 2430 1748 1]ch
2457 1693 2596 1747 ratio
2625 1700 2728 1758 est,
2756 1693 2882 1762 quia
2907 1693 3084 1748 omnis
3117 1693 3302 1748 mundi
3333 1693 3580 1748 machina

2003 1784 2312 1852 temporalis
2337 1791 2440 1850 est,
2477 1791 2532 1839 et
2561 1784 2791 1854 quadam
2813 1785 3162 1853 permistione
3187 1785 3576 1840 elementorum

2002 1879 2164 1942 atque
2207 1888 2460 1929 successu
2499 1881 2804 1945 temporum
2829 1874 3104 1928 variabilis
3133 1875 3246 1930 sive
3268 1875 3538 1930 mutabilis
3561 1917 3576 1941 ,

2002 1960 2286 2018 Salomone
2311 1971 2620 2030 attestante,
2657 1963 2747 2034 qui
2771 1965 2848 2018 ait
2877 1979 2890 2017 :
2925 1962 3116 2019 Omnia
3149 1974 3350 2036 tempus
3367 1965 3575 2032 habent,

312 2063 648 2116 πιεῐιῑοΐιιων
689 2050 742 2103 in
776 2062 902 2102 arce
946 2047 1088 2102 illius
1126 2047 1488 2114 001100011105;
1536 2063 1716 2102 acrem
1762 2063 1894 2118 (1υο-
1922 2047 1970 2106 Β
1998 2065 2046 2111 et
2090 2059 2200 2111 suis
2241 2060 2421 2129 spatiis
2466 2067 2738 2114 transeunt
2787 2059 3030 2115 universa
3080 2059 3174 2114 sub
3227 2060 3372 2114 caelo.
3423 2059 3574 2115 Nunc

311 2158 422 2211 que
468 2150 525 2196 et
573 2155 796 2209 aquam,
843 2155 962 2209 quae
1011 2139 1190 2194 media
1237 2149 1362 2195 sunt
1409 2140 1462 2193 in
1501 2140 1801 2204 elementis,
1844 2142 1894 2195 in

310 2243 627 2287 transverso
649 2230 826 2286 crucis
875 2231 1043 2301 ligno,
1097 2230 1241 2300 quod
1285 2245 1381 2300 per
1428 2231 1661 2286 medium
1696 2232 1897 2301 stipitis

309 2322 480 2376 erecti
508 2320 744 2385 ducitur,
775 2321 1191 2390 consignemus;
1223 2329 1424 2377 terram
1446 2335 1592 2388 vero,
1621 2337 1740 2391 quae
1767 2338 1894 2392 gra-

307 2413 536 2468 vissima
556 2419 645 2467 est
674 2421 732 2467 et
755 2411 920 2465 imum
951 2412 1003 2464 in
1036 2411 1305 2466 creaturis
1343 2416 1490 2466 tenet
1533 2411 1727 2476 locum,
1762 2414 1896 2468 infe-

309 2505 442 2558 riori
461 2503 605 2573 parti
627 2503 808 2558 crucis
830 2501 1164 2572 deputemus.
1204 2501 1332 2556 Haec
1365 2503 1562 2573 quippe
1580 2504 1762 2558 omnia
1787 2504 1894 2559 ele-

308 2604 493 2650 menta
535 2595 679 2652 sicut
719 2595 949 2664 quadam
989 2603 1195 2648 natura:
1241 2595 1642 2665 pr0pinquitate
1677 2597 1894 2652 sibimet

309 2688 752 2753 commiscentur,
777 2695 837 2741 ut
865 2688 1047 2743 mundi
1069 2687 1429 2758 integritatem
1461 2687 1740 2758 perﬁciant
1767 2707 1779 2742 :
1817 2689 1891 2744 ita

305 2779 473 2832 etiam
497 2786 732 2847 quatuor
756 2778 1000 2848 partibus
1037 2778 1215 2833 crucis
1248 2779 1465 2834 sibimet
1491 2780 1765 2834 sociantur
1787 2822 1801 2847 ,
1830 2788 1892 2836 ut

307 2860 606 2943 perfectam
635 2873 870 2942 speciem
898 2872 1018 2942 ejus
1050 2873 1441 2928 demonstrent.
1473 2871 1530 2928 Si
1557 2881 1735 2928 autem
1757 2890 1892 2945 qua-

309 2974 431 3019 tuor
453 2964 630 3034 plagis
669 2965 819 3020 orbis
858 2981 979 3020 eam
1024 2965 1248 3020 velimus
1293 2965 1592 3036 assignare,
1617 2963 1888 3034 jacentem

306 3057 599 3111 metiamur
627 3071 847 3110 necesse
886 3063 968 3110 est
1007 3056 1080 3109 ita
1129 3073 1141 3107 :
1183 3064 1239 3110 ut
1263 3055 1494 3124 primam
1522 3064 1730 3126 partem
1773 3057 1889 3126 ejus

305 3147 856 3213 orienti,-extremam
879 3145 1168 3212 occidenti,
1198 3146 1441 3201 dextram
1469 3146 1726 3216 aquiloni,
1759 3146 1889 3200 sini-

307 3248 477 3292 stram
507 3246 693 3293 austro
733 3239 1066 3308 deputemus.
1110 3235 1372 3292 Similiter
1412 3253 1627 3308 quoque
1657 3247 1889 3308 quatuor

304 3330 709 3385 vicissitudines
733 3338 1032 3400 temporum
1060 3330 1322 3386 naturalis
1343 3330 1471 3396 diei,
1501 3331 1687 3386 eadem
1710 3331 1888 3401 dispo-

306 3420 504 3475 sitione
537 3421 591 3474 in
617 3435 778 3476 cruce
802 3430 1029 3491 possunt
1055 3421 1302 3488 adunari,
1335 3430 1394 3476 ut
1424 3437 1528 3476 una
1559 3421 1765 3491 species
1790 3437 1887 3476 an-

308 3511 362 3563 ui
407 3511 522 3566 sive
550 3511 656 3566 diei
687 3526 922 3582 congrue
971 3512 1023 3566 in
1060 3512 1144 3567 his
1165 3521 1326 3582 queat
1351 3513 1579 3568 ostendi.
1609 3513 1715 3569 Ver
1743 3512 1885 3568 enim

307 3612 468 3670 atque
512 3617 710 3657 aurora
748 3612 927 3657 ortum
972 3601 1109 3658 lucis
1147 3610 1203 3658 et
1245 3603 1598 3659 coalescentia
1640 3603 1694 3658 in
1741 3611 1886 3658 terra

307 3693 550 3761 germina
576 3691 767 3747 ordine
795 3709 894 3748 suo
911 3693 1214 3764 proferunt,
1243 3702 1298 3750 et
1320 3697 1390 3750 ob
1418 3696 1522 3750 hoc
1553 3696 1688 3750 bene
1710 3694 1888 3749 orien-

312 3786 348 3836 ti
373 3784 721 3854 deputantur.
752 3783 935 3840 zEstas
969 3792 1148 3840 autem
1191 3795 1351 3856 atque
1391 3781 1642 3842 meridies
1666 3793 1887 3856 propter

312 3869 576 3928 fervorem
621 3881 808 3928 austro
854 3883 1192 3943 coaptantur,
1245 3877 1369 3946 quia
1409 3876 1535 3932 dum
1579 3877 1634 3931 in
1683 3877 1885 3932 eisdem

311 3962 428 4016 cazli
457 3963 706 4031 partibus
728 3962 808 4018 sol
834 3964 1092 4035 erigitur,
1125 3963 1470 4036 ﬂagrantiore
1491 3966 1749 4020 mundum
1776 3972 1888 4019 tor-

313 4059 392 4104 ret
418 4051 615 4106 calore.
646 4051 950 4107 Autumnus
987 4068 1220 4123 namque
1255 4061 1310 4109 et
1353 4069 1574 4124 vespera
1594 4054 1716 4125 jure
1744 4053 1888 4108 occi-

311 4141 455 4194 denti
482 4140 879 4209 mancipantur,
913 4155 979 4196 eo
999 4143 1153 4210 quod
1192 4149 1323 4197 tunc
1347 4143 1588 4199 omnium
1613 4142 1885 4197 fructuum

307 4239 468 4284 terrae
495 4229 689 4284 messis
716 4229 920 4297 ﬁnitur,
948 4239 1003 4285 et
1035 4231 1276 4298 totaidiei
1303 4232 1474 4302 spatia
1505 4232 1882 4286 terminantur.

310 4318 493 4374 lliems
518 4335 650 4390 ergo
691 4328 748 4375 et
770 4320 1148 4390 intempestum
1189 4322 1543 4390 septentrioni
1583 4321 1885 4376 assimilan-

308 4419 416 4475 tur,
463 4425 530 4465 eo
574 4410 716 4479 quod
759 4417 885 4465 tunc
931 4419 1075 4465 terra
1115 4411 1315 4482 frigore
1357 4419 1589 4481 torpeat,
1629 4422 1684 4468 et
1716 4413 1886 4482 magis

307 4500 475 4567 quieti
505 4514 669 4568 quam
689 4499 846 4554 alicui
867 4499 1018 4570 operi
1047 4505 1259 4570 tempus
1281 4510 1640 4570 opportunum
1662 4503 1753 4555 sit.
1782 4502 1871 4572 lgi-

309 4598 397 4641 tur
427 4587 558 4642 dum
587 4587 770 4643 omnia
792 4604 894 4659 per
915 4604 1132 4644 crucem
1159 4598 1372 4645 constat
1397 4605 1516 4646 esse
1546 4601 1881 4660 recuperata,

305 4689 361 4732 et
396 4693 493 4746 per
527 4676 728 4734 Christi
763 4680 1068 4749 passionem
1115 4689 1303 4736 renata
1339 4695 1406 4736 ac
1429 4681 1707 4736 mehorata
1734 4721 1748 4746 ,
1782 4681 1883 4734 rite

305 4768 376 4823 ad
422 4768 541 4839 ejus
588 4767 798 4825 laudem
845 4778 1037 4827 cuncta
1080 4771 1420 4838 conveniunt,
1473 4770 1597 4840 quia
1637 4767 1753 4839 ipse
1794 4776 1877 4824 est

1572 4953 1912 4968 μ*

1913 3386 1957 3450 C

1999 2147 2138 2218 ignis
2154 2164 2337 2204 aerem
2360 2151 2548 2214 siccat,
2578 2164 2719 2219 aqua
2745 2149 3104 2205 humidiorem
3125 2149 3274 2214 facit,
3300 2165 3442 2205 nunc
3464 2157 3574 2205 ter-

1997 2253 2057 2291 ra
2089 2253 2353 2308 aquarum
2387 2237 2742 2296 alluvionibus
2773 2238 3028 2304 afﬁcitur,
3060 2255 3205 2295 nunc
3226 2239 3355 2295 solis
3380 2241 3576 2296 ardore

1994 2326 2247 2382 siccatur.
2275 2328 2430 2400 Aqua
2457 2329 2653 2399 quippe
2680 2337 2871 2383 natura
2913 2327 3126 2384 mobilis
3160 2335 3271 2393 est,
3304 2337 3360 2383 et
3386 2344 3573 2398 quem-

1994 2415 2116 2471 dam
2143 2415 2400 2471 circulum
2422 2432 2586 2472 cursu
2623 2415 2858 2472 conﬁcit.
2886 2416 3078 2472 Omnia
3117 2418 3338 2488 flumina
3357 2459 3371 2484 ,
3401 2417 3576 2488 inquit

1993 2506 2428 2574 Ecclesiasticus,
2467 2508 2667 2562 intrant
2700 2509 2754 2562 in
2780 2525 2944 2574 mare,
2978 2518 3026 2563 et
3064 2526 3211 2564 mare
3249 2525 3352 2564 non
3380 2510 3575 2564 redun-

1993 2596 2104 2662 dat,
2132 2596 2203 2650 ad
2229 2596 2400 2651 locum
2424 2597 2562 2652 unde
2576 2607 2764 2652 exeunt
2782 2599 3002 2667 ﬂumina
3031 2607 3376 2665 revertuntur,
3401 2608 3456 2652 ut
3472 2599 3572 2652 ite-

1992 2703 2108 2741 rum
2130 2689 2319 2756 ﬂuant.
2350 2688 2492 2759 ignis
2512 2703 2727 2757 quoque
2753 2687 3002 2743 similiter
3036 2687 3337 2745 naturalem
3363 2697 3570 2744 motum

1989 2777 2154 2831 habet
2203 2777 2341 2833 unde
2371 2777 2437 2831 ad
2466 2777 2659 2834 altiora
2693 2792 2751 2833 se
2785 2792 2998 2849 semper
3024 2779 3185 2849 erigit
3213 2793 3492 2843 accensus,
3516 2786 3574 2834 et

1989 2867 2165 2922 locum
2198 2868 2299 2922 sibi
2327 2883 2487 2939 super
2510 2883 2638 2924 aera
2663 2870 2872 2938 quagrit.
2905 2869 3224 2926 Discurrunt
3251 2869 3484 2940 fulgura,
3514 2877 3570 2925 et

1989 2959 2192 3015 crebris
2233 2959 2396 3014 micat
2426 2960 2638 3031 ignibus
2679 2962 2867 3016 aether.
2907 2960 3172 3032 Tempora
3202 2975 3432 3030 namque
3460 2961 3564 3016 cir-

1989 3052 2127 3108 culis
2169 3060 2450 3108 transeunt
2471 3095 2487 3120 ,
2525 3062 2582 3108 et
2604 3054 3002 3110 vicissitudines
3030 3064 3258 3124 quatuor
3288 3063 3566 3110 ternorum

1989 3146 2255 3201 mensium
2280 3146 2502 3201 orbibus
2551 3155 2698 3201 eunt.
2747 3134 2934 3200 Annus
2976 3161 3190 3216 quoque
3228 3146 3296 3202 ab
3330 3161 3396 3202 eo
3425 3147 3570 3220 quod

1989 3253 2205 3308 semper
2227 3247 2470 3294 vertatur
2493 3281 2508 3306 ,
2540 3249 2595 3294 et
2619 3241 2674 3294 in
2703 3254 2760 3294 se
2788 3239 2974 3295 redeat
3000 3253 3192 3294 nomen
3216 3238 3444 3308 accepit.
3478 3238 3568 3293 Di-

1988 3330 2130 3385 citur
2146 3337 2201 3385 et
2219 3331 2369 3386 orbis
2390 3339 2547 3386 terrae
2572 3340 2627 3386 et
2648 3332 2855 3402 vertigo
2878 3331 2984 3401 poli
3011 3339 3183 3385 terras
3204 3338 3367 3401 atque
3386 3345 3568 3400 aquo-

1992 3435 2052 3473 ra
2080 3421 2520 3476 circumvolvere.
2550 3421 2763 3492 Gyrans
2788 3421 3029 3494 gyrando
3053 3421 3202 3476 vadit
3232 3421 3472 3492 spiritus,
3509 3429 3565 3476 et

1989 3507 2046 3562 in
2076 3507 2305 3564 circulos
2325 3523 2453 3565 suos
2474 3511 2780 3566 revertitur.
2803 3511 3049 3581 Quinque
3071 3519 3254 3566 tenent
3275 3526 3424 3568 zona:
3455 3525 3571 3566 cos-

1989 3599 2122 3665 lum,
2151 3599 2400 3671 obliquus
2425 3617 2532 3672 qua
2575 3617 2635 3657 se
2676 3601 2954 3672 signorum
2993 3602 3218 3657 verterit
3246 3601 3396 3656 ordo.
3427 3599 3567 3656 Sunt

1988 3707 2201 3761 quoque
2225 3702 2280 3747 et
2305 3694 2407 3762 ipsi
2428 3709 2617 3750 versus
2640 3694 2695 3748 in
2712 3696 2838 3750 totis
2859 3695 3148 3765 conscripti
3179 3695 3426 3765 sphaerici
3449 3695 3564 3750 sive

1985 3781 2265 3840 circularis
2292 3783 2502 3837 numeri
2545 3801 2558 3838 :
2591 3783 2647 3839 id
2674 3791 2772 3847 est,
2801 3785 3018 3858 triginta
3049 3800 3143 3840 sex
3172 3785 3262 3854 qui
3288 3797 3384 3855 per
3406 3799 3566 3839 sena-

1985 3874 2125 3927 rium
2183 3864 2397 3928 senario
2449 3874 2800 3945 multiplicato
2842 3875 2898 3930 in
2947 3875 3217 3930 senarium
3269 3873 3524 3928 terminat
3548 3909 3569 3938 ,

1986 3974 2217 4028 quorum
2251 3963 2458 4031 primus
2482 3963 2537 4018 in
2571 3979 2821 4034 supremo
2850 3963 3053 4020 circulo
3076 3964 3164 4018 hic
3187 3972 3269 4019 est
3293 3977 3482 4018 versus
3513 3980 3531 4019 :

2109 4081 2209 4132 Ver
2233 4083 2398 4133 oriens
2420 4087 2552 4148 ignis
2573 4097 2745 4137 aurora
2765 4088 2856 4136 hac
2873 4093 3011 4149 parte
3034 4087 3274 4138 relucent.

1982 4179 2042 4238 In
2072 4181 2254 4237 inﬁmo
2277 4200 2406 4241 vero
2423 4186 2512 4242 hic
2540 4205 2554 4240 :

2106 4296 2398 4357 Autumnus,
2420 4298 2680 4361 zephyrus,
2700 4298 2849 4349 tellus
2871 4307 2924 4350 et
2944 4311 3154 4362 vespera
3177 4300 3258 4350 hic
3275 4298 3346 4350 ﬁt.

1986 4399 2184 4453 Dextro
2213 4414 2445 4468 namque
2473 4399 2563 4454 hic
2600 4417 2614 4452 :

2107 4511 2284 4561 Arcton
2304 4509 2464 4561 hiems
2485 4509 2680 4573 lympha
2701 4510 2861 4562 media
2879 4522 2974 4561 nox
2996 4522 3118 4562 ecce
3144 4511 3331 4564 locatae.

1982 4613 2048 4669 Et
2070 4617 2122 4668 in
2142 4614 2359 4668 sinistro
2379 4613 2468 4669 hic
2488 4629 2678 4670 versus
2707 4631 2719 4666 :

2112 4725 2231 4783 Aer,
2249 4728 2414 4792 aestas,
2431 4732 2619 4782 auster,
2642 4723 2740 4776 arci
2763 4723 2843 4776 hic
2865 4726 2929 4777 sit
2949 4727 3296 4790 meridiesque.
