4012 6202
284 305 390 362 181

1329 299 1417 356 DE
1453 294 1792 356 LAUDIBUS
1829 297 1886 352 S.
1925 291 2191 352 CRUCIS.
2224 323 2294 335 --
2318 291 2445 348 LIB.
2481 291 2524 348 l.

3449 283 3552 359 iss

1491 426 2006 492 DECLABATIO
2049 424 2392 487 FIGURE.

368 647 741 706 Duodeuarius
789 658 920 718 ergo
967 658 1229 700 numerus
1273 657 1436 712 quam
1478 642 1615 698 bene
1647 647 1702 695 et
1747 647 1871 709 apte
1897 641 1949 702 Α
1973 635 2166 692 summi
2190 631 2461 705 pontiﬁcis
2483 629 2763 686 duodecim
2788 627 2994 698 lapides
3021 624 3546 696 pretiosi,quaterno

291 750 498 800 sauctze
518 739 666 795 cruci
690 737 996 802 conveniat,
1025 750 1133 791 non
1147 749 1329 805 parvae
1349 732 1575 788 rationis
1602 739 1686 787 est
1712 729 1873 784 intel-

291 835 497 906 ligere:
529 831 729 901 quippe
747 843 870 885 cum
894 826 1174 883 duodecim
1185 824 1332 880 venti
1353 824 1482 888 sint,
1505 823 1596 892 qui
1618 820 1874 876 mundum

291 921 549 996 perﬂant,
582 929 636 976 et
675 918 960 975 duodecim
979 917 1132 988 signa
1159 915 1386 979 zodiaci,
1423 912 1620 982 quibus
1668 917 1876 980 septem

295 1017 528 1088 planetae
550 1011 784 1068 circulos
809 1024 937 1066 suos
971 1008 1218 1064 ordinate
1262 1013 1316 1060 et
1341 1005 1598 1075 disposite
1627 1008 1875 1073 pergunt,

298 1120 356 1164 et
383 1103 672 1161 duodecim
699 1115 934 1165 menses,
975 1099 1171 1170 quibus
1205 1111 1418 1152 annuus
1454 1110 1645 1151 cursus
1670 1094 1881 1165 peragi.

300 1211 430 1264 tur;
476 1195 882 1266 artiﬁcialisque
919 1194 1024 1249 diei
1070 1193 1218 1249 horae
1249 1191 1553 1256 duodecim,
1582 1189 1778 1260 quibus
1802 1189 1881 1244 sol

301 1299 474 1346 totam
499 1285 845 1357 superﬁciem
873 1291 1035 1339 terra:
1061 1282 1326 1348 illustrat;
1355 1280 1638 1336 duodecim
1671 1292 1883 1348 quoque

302 1378 674 1451 patriarchae,
729 1390 796 1430 ex
845 1373 1040 1444 quibus
1087 1371 1264 1428 omnis
1311 1369 1598 1425 multitudo
1651 1367 1882 1423 ﬁliorum

301 1470 471 1528 Israel
492 1474 787 1540 prepagata
816 1473 919 1530 est,
951 1478 1070 1535 qua:
1112 1471 1311 1518 terram
1338 1460 1776 1532 repromissionis
1803 1473 1886 1514 se-

304 1561 546 1617 cundum
603 1564 783 1612 sortes
812 1553 1096 1611 duodecim
1136 1553 1374 1608 tribuum
1401 1549 1659 1620 possedit,
1708 1563 1739 1602 a
1769 1547 1887 1618 qui-

304 1657 409 1710 bus
449 1653 624 1710 exorti
674 1659 800 1707 sunt
828 1649 1125 1721 prophetae,
1173 1649 1338 1703 divini
1374 1655 1562 1717 partus
1587 1658 1883 1718 praecones.

308 1746 468 1802 Unde
489 1754 544 1799 et
563 1745 678 1813 ipse
702 1742 951 1798 Salvator
981 1755 1198 1796 carnem
1227 1738 1524 1808 suscipere,
1552 1745 1608 1791 et
1625 1737 1770 1791 inter
1791 1735 1888 1790 ho-

309 1837 489 1890 mines
513 1833 665 1888 nasci
694 1833 943 1902 dignatus
970 1839 1098 1885 est:
1136 1830 1227 1898 qui
1259 1829 1348 1883 lux
1373 1829 1425 1882 in
1455 1829 1601 1882 hunc
1630 1825 1886 1881 mundum

308 1927 557 1990 veniens,
583 1924 863 1979 duodecim
882 1921 1173 1992 apostolos,
1199 1935 1336 1990 quos
1359 1934 1427 1975 ex
1458 1919 1572 1989 ipsa
1599 1925 1756 1988 gente
1784 1916 1911 1971 cie--

1977 742 2139 782 versu
2165 724 2429 794 dispositi,
2459 730 2515 778 et
2541 722 2819 778 duodecim
2856 719 3290 790 patriarcharum
3317 719 3553 774 nominis

1979 819 2220 889 inscripti
2247 818 2569 873 videbantur
2613 814 2838 885 imponi,
2869 820 2929 869 ut
2952 810 3320 882 pulcherrimo
3346 809 3551 881 pande-

1981 920 2147 978 retur,
2170 911 2351 966 omnia
2379 907 2678 979 spiritualia
2701 905 3046 970 charismata,
3070 917 3190 973 quae
3213 901 3407 973 singuli
3433 900 3553 971 qui-

1981 1018 2084 1073 que
2109 1009 2417 1058 sanctorum
2442 997 2641 1053 viritim
2681 1011 2748 1053 ex
2771 1002 2926 1066 parte
2948 992 3322 1063 perﬁciebant,
3363 992 3417 1046 in
3443 1005 3555 1044 me-

1983 1095 2193 1150 diatore
2233 1093 2328 1147 Dei
2349 1100 2406 1148 et
2427 1091 2706 1147 hominum
2735 1087 2953 1143 homine
2983 1085 3199 1142 Christo
3227 1082 3376 1148 Jesu,
3408 1084 3554 1154 pari.

1982 1197 2067 1243 ter
2094 1195 2149 1242 et
2193 1184 2436 1256 perfecte
2479 1181 2646 1237 fuisse
2675 1179 2957 1251 completa.
2990 1177 3142 1246 Quod
3181 1177 3236 1232 in
3267 1174 3558 1247 Evangelio

1983 1293 2197 1351 quoque
2231 1276 2466 1333 Joannes
2516 1282 2788 1331 testatur:
2820 1272 2891 1326 Et
2918 1271 3148 1335 uerbum,
3191 1269 3387 1339 inquit,
3434 1283 3557 1322 caro

1984 1372 2180 1442 factum
2225 1378 2324 1433 est,
2368 1376 2415 1421 et
2444 1365 2690 1419 habitavit
2717 1366 2772 1418 in
2803 1363 2970 1428 nobis,
3003 1372 3047 1416 et
3076 1361 3299 1415 vidimus
3335 1357 3555 1429 gloriam

1985 1462 2120 1532 ejus,
2150 1459 2370 1529 gloriam
2405 1453 2557 1527 quasi
2581 1452 2833 1524 unigeniti
2853 1468 2886 1504 a
2921 1447 3102 1515 Patre,
3128 1447 3341 1519 plenum
3386 1445 3558 1516 gratia

1985 1561 2034 1607 et
2059 1551 2287 1607 veritate.
2311 1548 2379 1603 Et
2400 1546 2558 1618 paulo
2588 1552 2710 1616 post
2734 1562 2746 1597 :
2779 1543 2845 1597 Et
2867 1543 2930 1597 de
2953 1541 3273 1613 plenitudine
3301 1539 3416 1610 ejus
3463 1553 3558 1591 nos

1988 1657 2162 1696 omnes
2191 1638 2506 1709 accepimus,
2535 1644 2582 1690 et
2609 1633 2832 1704 gratiam
2858 1647 2952 1701 pro
2983 1630 3176 1702 gratia,
3207 1628 3330 1698 quia
3369 1626 3452 1680 lex
3470 1641 3563 1696 per

1991 1730 2207 1800 Moysen
2227 1729 2352 1781 data
2375 1734 2468 1792 est,
2494 1724 2664 1796 gratia
2685 1730 2733 1778 et
2757 1722 2949 1776 veritas
2970 1735 3062 1774 ver
3084 1715 3116 1772 .1
3124 1732 3266 1772 esum
3295 1711 3564 1771 Christum

1990 1817 2132 1887 facta
2161 1824 2257 1871 est.

2061 1905 2235 1960 Habet
2256 1918 2386 1975 ergo
2417 1902 2535 1958 haec
2564 1901 2775 1971 species
2803 1905 3005 1956 sanctae
3028 1897 3206 1953 crucis
3225 1894 3279 1950 in
3309 1883 3567 1951 cornibus

312 2017 392 2086 git
429 2014 511 2070 sol
543 1983 794 2080 iustitiae,
845 1983 1187 2066 inuhorarum
1214 1983 1564 2065 similitudine
1589 1983 1884 2072 illustrans,
1914 1993 1962 2051 Β
1989 1996 2102 2052 suis
2148 2003 2333 2051 ternas
2381 1993 2570 2059 lineas,
2621 2000 2683 2046 ιιι
2722 1991 3074 2054 demonstret,
3097 1985 3242 2058 quod
3270 1985 3412 2040 sicut
3449 1983 3565 2053 ipsa

314 2121 415 2178 per
439 2112 664 2161 cunctas
689 2104 872 2174 plagas
895 2102 1062 2168 orbis,
1092 2102 1159 2157 ad
1184 2108 1385 2157 sancta:
1420 2099 1702 2155 Trinitatis
1729 2097 1889 2152 ﬁdem

313 2197 718 2270 praedicandam
746 2196 963 2252 direxit.
998 2196 1068 2251 Et
1101 2196 1156 2250 in
1184 2195 1413 2251 aediﬁcio
1437 2194 1673 2250 caelestis
1707 2193 1896 2259 Hieru-

318 2289 488 2346 salem
504 2287 750 2357 ejusdem
774 2287 982 2342 numeri
1003 2292 1400 2347 sacramentum
1423 2282 1792 2358 multipliciter
1812 2283 1895 2337 in-

318 2381 590 2446 sinuatur,
636 2379 780 2448 quod
801 2375 1152 2454 Apocalypsis
1174 2374 1387 2446 quidem
1415 2373 1672 2440 ostendit,
1695 2372 1784 2427 ubi
1814 2372 1892 2426 ita

319 2471 587 2540 scriptum
634 2475 763 2524 est:
806 2467 873 2520 Et
923 2465 1145 2521 ostendit
1189 2464 1317 2519 mihi
1365 2464 1623 2518 civitatem
1659 2472 1896 2517 sanctam

327 2558 685 2623 Hierusalem,
727 2557 1115 2611 descendentem
1161 2555 1226 2609 de
1246 2553 1396 2618 caelo,
1426 2571 1458 2606 a
1487 2552 1598 2607 Deo
1625 2553 1898 2607 habentem

323 2649 617 2705 claritatem
670 2646 768 2700 Dei
799 2659 816 2698 :
847 2645 1021 2699 lumen
1067 2644 1184 2714 ejus
1236 2641 1408 2696 simile
1451 2641 1616 2712 lapidi
1652 2642 1896 2711 pretioso,

325 2749 578 2809 tanquam
605 2736 798 2808 lapidis
821 2735 1070 2806 jaspidis,
1114 2734 1248 2788 sicut
1288 2731 1613 2796 cristallum;
1661 2741 1709 2786 et
1745 2730 1903 2785 habe-

328 2829 416 2883 bat
464 2843 677 2882 murum
707 2842 950 2896 magnum
978 2833 1026 2878 et
1049 2823 1236 2889 altum,
1265 2821 1458 2878 habens
1483 2829 1660 2892 portas
1706 2820 1904 2874 duode—

328 2917 451 2984 cim,
477 2925 523 2969 et
547 2916 602 2968 in
627 2916 788 2985 portis
816 2913 1025 2984 angelos
1056 2911 1350 2977 duodecim,
1383 2919 1431 2964 et
1457 2909 1669 2964 nemina
1689 2909 1901 2980 scripta,

328 3023 446 3077 quia
468 3012 592 3059 sunt
624 3005 834 3058 nomina
862 3001 1135 3056 duodecim
1168 3001 1396 3056 tribuum
1436 2999 1666 3070 ﬁliorum
1713 2997 1902 3056 Israel.

330 3095 408 3148 Ab
439 3096 640 3149 oriente
676 3085 839 3163 porta:
868 3101 991 3157 tres,
1021 3092 1084 3146 ab
1107 3091 1349 3164 aquilone
1375 3101 1537 3160 porta:
1565 3099 1687 3156 tres,
1715 3090 1779 3144 ab
1809 3106 1908 3144 au—

331 3195 441 3240 stro
460 3195 627 3256 porta:
656 3193 781 3250 tres,
810 3193 858 3239 et
883 3184 946 3239 ab
969 3200 1155 3238 occasu
1189 3191 1352 3256 portte
1378 3192 1518 3248 tres;
1547 3191 1594 3236 et
1624 3197 1805 3236 murus
1834 3182 1908 3234 ci-

332 3281 507 3335 uitatis
535 3278 727 3333 habens
755 3278 1097 3348 fundamenta
1127 3275 1418 3341 duodecim,
1451 3283 1500 3330 et
1539 3276 1594 3329 in
1621 3275 1748 3345 ipsis
1775 3273 1909 3328 duo-

334 3370 503 3423 decim
528 3334 1050 3422 nomina'duodecim
1074 3334 1438 3438 Apostolorum
1459 3375 1508 3419 et
1535 3334 1678 3436 agni,
1701 3372 1758 3419 et
1783 3363 1914 3419 reli-
1939 3334 1986 3397 Ο

335 3473 464 3527 qua.
494 3455 696 3512 Sancta
741 3455 886 3512 enim
913 3455 1152 3512 Ecclesia
1182 3457 1236 3510 in
1264 3456 1367 3510 hoc
1395 3454 1622 3509 aediﬁcio
1649 3453 1913 3525 spirituali

339 3547 697 3619 signiﬁcatur,
724 3563 844 3618 quae
868 3554 954 3603 est
983 3547 1220 3602 caelestis
1253 3544 1505 3600 videlicet
1554 3543 1910 3610 Hierusalem,

340 3639 554 3693 eturbs
597 3639 740 3710 regis
779 3638 980 3710 magni,
1011 3638 1164 3708 cujus
1209 3636 1406 3692 artifex
1453 3643 1509 3691 et
1549 3635 1796 3692 conditor
1831 3645 1916 3692 est

343 3731 506 3796 Deus,
537 3732 631 3802 qui
674 3730 1081 3791 fundamentum
1125 3728 1238 3798 ejus
1261 3727 1420 3784 simul
1446 3736 1499 3783 et
1527 3728 1916 3784 consummatio

343 3833 447 3887 est,
476 3823 567 3891 qui
595 3835 695 3892 pro
720 3821 878 3877 nobis
904 3821 1066 3875 etiam
1085 3818 1326 3890 pontifex
1373 3817 1492 3873 ﬁeri
1521 3817 1776 3889 dignatus
1798 3825 1913 3884 est,

346 3921 407 3966 ut
439 3913 642 3982 proprii
665 3911 945 3983 sanguinis
973 3911 1148 3967 hostia
1171 3908 1412 3980 ejusdem
1453 3907 1656 3963 moenia
1684 3906 1918 3962 civitatis

349 4001 588 4056 ablueret
614 4002 817 4072 pariter
841 4010 1004 4070 atque
1043 4000 1331 4056 dedicaret.
1365 3996 1558 4055 Omnia
1586 4010 1918 4066 quaecunque

352 4091 511 4148 habet
543 4095 758 4164 propria
789 4108 921 4164 pace
956 4093 1070 4163 ipse
1088 4093 1348 4165 possidet,
1369 4090 1510 4147 unde
1536 4095 1589 4147 et
1622 4088 1676 4144 in
1699 4095 1917 4160 pectore

1993 2087 2183 2144 dextra
2231 2084 2493 2154 laevaque,
2541 2082 2597 2137 in
2644 2082 2848 2138 directo
2893 2077 3111 2134 tramite
3140 2090 3240 2132 suo
3265 2073 3477 2131 vicinas
3515 2079 3570 2128 et

1993 2175 2397 2232 coadhazrentes
2440 2173 2614 2228 lineas
2665 2171 2847 2235 habet,
2892 2169 2967 2223 ita
3012 2172 3298 2222 ventorum
3336 2170 3570 2235 quatuor

1995 2267 2348 2324 cardinalium
2389 2262 2781 2336 principalitas,
2820 2260 2876 2315 in
2923 2261 3111 2315 dextra
3162 2264 3217 2311 et
3241 2257 3297 2312 in
3341 2254 3566 2311 sinistra

1995 2363 2186 2413 ventos
2217 2355 2350 2410 alios
2373 2354 2642 2425 positione
2670 2367 2766 2407 sua
2812 2349 3104 2414 consociat,
3153 2347 3233 2402 sic
3259 2353 3314 2400 et
3341 2351 3573 2415 quatuor

1997 2455 2260 2516 tempora,
2290 2451 2474 2500 ternos
2497 2457 2710 2497 menses
2731 2438 2935 2510 singula
2954 2437 3232 2502 habentia,
3253 2437 3368 2491 sive
3392 2433 3560 2504 arqui-

1999 2535 2195 2590 noctiis
2214 2534 2327 2589 sive
2355 2532 2602 2588 solstitiis
2629 2531 2827 2594 medla,
2845 2528 2997 2596 juxta
3026 2527 3288 2597 quosdam
3313 2525 3571 2580 dirimun-

2001 2633 2090 2680 tur
2119 2643 2131 2679 :
2161 2625 2303 2694 quod
2332 2622 2407 2678 illi
2432 2621 2651 2691 planum
2673 2619 2797 2684 erit,
2827 2619 2920 2687 qui
2944 2616 3252 2674 Graecorum
3281 2628 3374 2670 seu
3403 2612 3570 2683 Egy-

2001 2715 2236 2785 ptiorum
2266 2713 2332 2768 de
2364 2710 2696 2781 temporibus
2728 2709 2964 2763 rationes
2997 2705 3211 2761 sedulus
3241 2703 3451 2759 discere
3485 2715 3575 2755 ως

2003 2815 2107 2862 rat.
2147 2805 2284 2860 Sunt
2306 2811 2486 2858 autem
2512 2803 2568 2856 in
2602 2802 2718 2870 ipsa
2742 2813 2903 2854 cruce
2950 2798 3054 2852 duo
3082 2809 3269 2851 versus
3315 2794 3572 2849 hexame-

2008 2899 2097 2963 tri,
2134 2909 2362 2966 quorum
2390 2893 2542 2964 prior
2571 2892 2626 2947 in
2656 2889 2988 2962 longitudine
3019 2903 3047 2942 a
3087 2899 3298 2942 summo
3321 2884 3574 2940 deorsum

2007 2989 2226 3052 vadens,
2263 2989 2352 3044 hic
2378 2992 2461 3042 est
2491 3003 2505 3039 :

2132 3101 2186 3151 in
2212 3111 2360 3150 cruce
2383 3110 2512 3150 nunc
2527 3107 2745 3158 menses,
2765 3095 2922 3155 venti,
2945 3091 3265 3154 duodensque
3297 3090 3452 3152 signa.

2010 3207 2114 3275 Qui
2144 3214 2325 3261 autem
2347 3205 2402 3259 in
2426 3201 2706 3258 latitudine
2729 3198 2946 3263 transit,
2978 3198 3078 3252 iste
3098 3201 3181 3250 est
3208 3212 3223 3250 :

2140 3316 2277 3368 Grex
2297 3320 2351 3366 et
2372 3311 2663 3377 apostolicus
2683 3310 2938 3361 decoratur
2961 3305 3072 3358 luce
3093 3313 3304 3356 corusca.

2015 3423 2154 3480 Sunt
2182 3421 2400 3493 quidem
2433 3428 2487 3475 et
2510 3418 2601 3473 alii
2635 3417 2742 3472 duo
2768 3428 2960 3469 versus
2988 3407 3308 3483 pentametri
3339 3405 3390 3460 in
3424 3405 3580 3460 lineis

2016 3512 2384 3585 adjacentibus
2434 3508 2688 3566 cornibus
2719 3505 2918 3569 crucis,
2947 3513 3179 3572 quorum
3199 3511 3338 3553 unus
3362 3510 3458 3566 per
3483 3511 3583 3549 an-

2016 3603 2248 3660 fractum
2288 3598 2606 3672 longitudini
2635 3595 2815 3652 crucis
2843 3607 3008 3666 supra
3037 3591 3282 3658 infraque
3309 3585 3589 3657 copulatur

2017 3696 2132 3751 ita:

2140 3802 2264 3854 Sunt
2288 3811 2483 3865 quoque
2506 3799 2727 3850 consocta
2749 3795 2829 3844 hic
2848 3794 2989 3856 stips,
3015 3789 3178 3854 plaga,
3216 3793 3269 3839 et
3287 3788 3420 3839 orbis
3449 3797 3587 3849 Opus.

2017 3909 2167 3965 Alter
2187 3922 2316 3963 vero
2343 3907 2580 3961 dexterae
2603 3918 2668 3959 ac
2689 3901 2822 3957 levae
2840 3897 2982 3971 parti
3016 3896 3069 3950 in
3100 3893 3384 3949 latitudine
3418 3891 3592 3946 socia-

2017 3999 2183 4065 bitur,
2209 3998 2284 4052 ita
2314 4015 2328 4050 :

2147 4097 2316 4148 Sancta
2333 4094 2462 4148 valet
2478 4091 2665 4144 celebri
2688 4095 2761 4142 ast
2781 4099 2900 4138 crux
2919 4083 3034 4134 dare
3050 4080 3173 4132 calle
3197 4084 3374 4134 bonum
3396 4078 3502 4128 hoc.
