4012 6202
274 347 384 405 185

1299 337 1385 393 DE
1423 335 1762 394 LAUDIBUS
1801 333 1859 391 S.
1900 335 2167 393 CRUCIS.
2205 365 2275 376 -——
2313 333 2439 390 LIB.
2478 333 2518 390 1.

3435 337 3534 392 1Βό

275 462 515 528 Ιιευείιιιε
545 455 710 511 decus
731 451 915 528 mundi
944 458 1045 506 est.
1081 451 1209 528 _Se_m
1241 451 1377 528 regit
1403 459 1545 506 astra
1582 451 1690 520 poli
1732 448 1858 528 h_i_nc
1890 457 1938 514 Α
1966 450 2248 528 Angelicos
2272 449 2517 528 populos,
2546 464 2579 504 ο
2617 451 2808 520 singuli
2839 459 2894 528 et
2923 452 3158 528 undique
3203 452 3457 524 fulgeant.

278 520 455 585 Ituna't
472 539 668 596 magna
697 522 847 596 salus
876 521 1277 596 hocsedebac,
1302 520 1789 596 clautrasguecmli

278 596 425 655 Laus
451 591 729 650 hominum
769 593 884 646 haec
928 592 1044 646 odis
1091 591 1273 661 planat
1305 598 1498 645 cuncta
1524 591 1617 661 Dei
1643 591 1856 661 hausta.

277 671 394 724 Lux
415 666 548 721 abiit
570 680 693 719 cum
711 677 922 732 summa
943 659 1342 732 jugis'primum
1361 668 1508 732 astra
1530 660 1726 732 aditen
1759 659 1858 723 sol,

277 729 1141 809 Atquegsacramﬁmgiem'hostis
1172 731 1419 809 in_ardu_a
1443 729 1585 784 sistit
1613 729 1856 784 Hiesum.

277 801 414 863 Nam
449 805 636 860 Iudaea
679 801 917 857 fremens
947 803 1080 857 satis
1107 801 1298 855 extulit
1323 801 1516 855 arbore
1545 814 1783 868 pomum,
1807 807 1862 852 et

274 884 395 947 Quo
446 877 550 930 hoc
596 883 820 947 possent
866 872 1128 941 tetragoui
1177 887 1422 947 quaerere
1447 869 1690 947 partibus
1713 869 1861 947 orbis

275 938 482 1003 Gentes
503 953 560 999 et
587 938 768 1014 populi
791 959 855 998 ex
883 938 1134 1012 quattuor
1155 938 1588 1014 niarisAundique
1609 938 1854 1014 summis.

278 1019 512 1086 Haecque
557 1009 725 1086 dapes
753 1014 875 1086 vita:
899 1009 1278 1086 monstrantur
1315 1011 1381 1086 de
1421 1025 1582 1064 cruce
1625 1009 1853 1062 cunctis.

274 1081 439 1153 Quod
463 1081 734 1140 satientur
769 1084 861 1145 ibi,
893 1090 948 1137 et
974 1083 1152 1137 decies
1180 1081 1459 1150 decuplata
1489 1086 1785 1153 resumant.

277 1151 427 1212 liena
455 1154 628 1225 patris
651 1153 875 1219 summi,
906 1163 1064 1222 atque
1087 1166 1326 1207 novenos
1364 1162 1474 1204 tum
1510 1151 1710 1290 trthlere
1735 1162 1856 1202 cer-

651 1269 658 1275 .
1633 1226 1783 1273 nanL

1633 1226 1783 1273 nanL

1969 515 2105 595 ljinc
2127 515 2320 574 moneo
2434 527 2623 574 cantus
2647 515 2786 574 totos
2821 523 2907 592 pia
2958 515 3261 593 scriptaque
3279 515 3531 595 agamus.

1968 589 2243 656 Quatenus
2270 591 2492 643 cxi.ium
2542 605 2637 658 spe
2678 605 2798 645 cum
2822 589 2989 646 ’mors
3027 589 3218 662 aspera
3245 595 3300 648 in
3325 589 3534 650 'orbem

1966 728 2083 784 Jam
2110 730 2289 785 fremit
2320 748 2331 783 :
2367 731 2468 784 hac
2509 730 2632 801 pelli
2679 747 2780 784 una
2825 740 2880 786 et
2914 733 2979 788 de
3027 733 3189 788 exilio
3214 663 3538 812 hincwgleat

1964 868 2096 943 Post
2118 885 2330 943 quoque
2348 885 2522 943 regna
2544 871 2657 943 _Dei
2689 879 2741 926 et
2764 887 2957 940 supera
2978 875 3090 943 jam
3128 873 3250 928 lucc
3284 803 3538 930 [ἒιῖἱὲηιεε

1961 937 2315 1003 Prcndamus,
2348 937 2453 995 laeti
2503 941 2628 995 hinc
2665 937 3264 997 rerumetresonemus
3313 954 3538 999 ovantes

1959 1008 2251 1082 ductorem
2275 1009 2548 1082 Christum
2587 1011 2865 1065 Dominum
2897 1014 3296 1082 omnipotentis,
3325 1023 3380 1069 et
3408 1015 3536 1070 almi

1965 1077 2164 1147 Nempe
2193 1077 2369 1133 Patris
2398 1089 2606 1145 natum,
2638 1097 2847 1146 verum,
2873 1077 3072 1136 almum
3097 1092 3256 1152 atque
3282 1099 3407 1139 arce
3449 1100 3540 1139 su-

1964 1218 2048 1272 Sit
2069 1233 2281 1287 quoque
2308 1220 2420 1273 haec
2449 1229 2632 1275 nostra
2664 1221 2820 1286 ratio,
2855 1222 2971 1278 laus
2993 1152 3534 1292 sempeilrglnggdor.

1463 1418 1980 1517 DECLAPuiTlO
2023 1415 2363 1478 FIGURJE.

344 1614 493 1686 Ergo
521 1613 644 1668 haec.
662 1612 831 1682 ﬁgura
856 1618 1058 1664 sanctae
1091 1611 1269 1665 crucis
1299 1626 1395 1680 per
1427 1620 1660 1680 quatuor
1684 1611 1852 1666 hexa-

270 1722 449 1778 gonos
472 1715 530 1760 et
547 1721 644 1777 per
675 1703 957 1758 monadem
988 1703 1128 1757 inter
1157 1703 1363 1758 medios
1389 1703 1637 1773 positam,
1667 1717 1854 1756 omnes

1952 1609 2264 1664 intercalari
2297 1623 2527 1663 excurso
2549 1609 2904 1678 quadriennio
2932 1607 3094 1680 (quod
3118 1609 3413 1664 bissextum
3441 1627 3537 1666 vo-

1962 1700 2108 1769 cant)
2137 1715 2204 1755 ne
2231 1708 2532 1768 temporum
2557 1699 2691 1754 ordo
2722 1699 2983 1753 turbetur.
3015 1698 3189 1752 Etiam
3217 1699 3362 1770 ipsos
3381 1698 3535 1770 quin-

268 1796 392 1849 dies
437 1795 566 1848 anni
611 1792 1004 1863 complectitur.
1045 1791 1318 1862 Siquidem
1346 1807 1518 1847 annus
1542 1791 1735 1847 solaris
1761 1793 1855 1846 ha-
1883 1789 1930 1848 B
1959 1804 2063 1858 que
2092 1790 2206 1844 dies
2231 1797 2286 1843 et
2319 1787 2675 1857 quadrantem
2717 1787 2764 1842 si
2818 1787 3241 1853 consideremus,
3291 1789 3536 1844 senarius

269 1889 366 1939 bet
395 1887 513 1940 dies
540 1899 742 1940 cccuv
772 1894 827 1939 et
852 1885 1228 1954 quadrantem.
1261 1884 1447 1940 Divide
1477 1901 1605 1956 ergo
1633 1886 1731 1940 hos
1759 1901 1857 1956 per

277 1993 330 2028 tv
359 1994 372 2029 :
413 1984 612 2045 quater
640 1990 750 2039 xcr,
789 1990 1012 2030 CCCI.le
1042 1973 1197 2040 ﬁunt,
1226 1982 1281 2030 et
1313 1983 1554 2028 remanet
1580 1990 1718 2030 unus
1745 1975 1858 2030 dies
1903 2004 1905 2006 -

270 2075 330 2119 et
369 2066 666 2136 quadrans.
711 2065 899 2119 Divide
939 2065 1086 2118 illum
1121 2079 1286 2118 unum
1314 2063 1455 2118 diem
1482 2079 1581 2132 per
1604 2080 1695 2119 IV:
1729 2080 1859 2133 qua-

275 2166 361 2208 ter
415 2170 512 2208 sex
555 2153 702 2208 hora:
748 2169 872 2207 xxiv
927 2151 1078 2216 ﬁunt,
1126 2152 1268 2221 quod
1305 2160 1389 2207 est
1435 2153 1642 2223 integra
1687 2153 1857 2207 diesa

275 2245 412 2300 solis
431 2253 555 2299 ortu
577 2258 748 2312 usque
769 2243 834 2297 ad
854 2243 1079 2297 alterum
1103 2241 1232 2296 solis
1254 2249 1451 2296 ortum.
1476 2241 1662 2297 Divide
1681 2242 1860 2312 ipsum

276 2336 662 2405 quadrantem,
714 2342 905 2405 quater
953 2333 1097 2387 enim
1144 2333 1276 2386 hora
1301 2341 1357 2387 ει
1383 2331 1547 2386 semis
1575 2347 1668 2386 sex
1697 2334 1860 2388 horas

277 2425 591 2495 complent,
635 2424 778 2494 quod
816 2433 899 2479 est
924 2423 1148 2479 bissexti
1184 2437 1283 2492 per
1311 2421 1550 2493 singulos
1576 2437 1747 2477 annos
1775 2423 1859 2476 in-

282 2526 642 2580 crementum,
689 2531 754 2570 ac
799 2515 924 2569 inde
953 2514 1014 2567 ﬁt
1041 2513 1088 2568 si
1118 2520 1288 2567 totum
1321 2527 1520 2566 annum
1548 2513 1602 2565 in
1632 2521 1863 2581 quatuor

285 2608 562 2677 partiaris,
613 2603 755 2674 quod
800 2617 1134 2672 unaquaeque
1176 2616 1306 2671 pars
1351 2601 1467 2656 dies
1503 2616 1589 2655 χει
1617 2610 1670 2655 ει
1701 2600 1862 2655 horas

281 2708 492 2769 septem
535 2712 598 2752 ac
637 2695 918 2750 semissem
947 2693 1238 2759 contineat,
1289 2699 1448 2761 atque
1472 2691 1587 2745 hazc
1613 2690 1706 2744 ﬁat
1736 2684 1861 2746 vera

281 2789 502 2858 partitio
538 2795 772 2856 quatuor
812 2782 1262 2846 vicissitudinum,
1299 2780 1352 2836 id
1375 2789 1481 2845 est,
1509 2779 1673 2844 veris,
1705 2788 1864 2834 aasta-

283 2882 374 2944 tis,
409 2877 654 2933 autumni
679 2885 733 2930 et
756 2874 970 2939 hiemis,
1001 2885 1059 2928 ut
1079 2872 1302 2944 singulae
1324 2872 1440 2927 dies
1467 2885 1555 2925 xcr
1581 2877 1635 2925 et
1659 2876 1862 2939 septem

283 2974 449 3025 horas
471 2985 535 3024 ac
562 2967 842 3022 semissem
875 2966 1128 3020 habeant.
1160 2963 1464 3018 Notandum
1504 2969 1684 3016 tamen
1722 2960 1864 3030 quod

283 3062 336 3113 in
365 3062 465 3114 hac
495 3058 666 3130 ﬁgura
696 3055 1012 3126 quadrantis
1042 3053 1429 3112 demonstratio
1455 3053 1612 3108 aliter
1644 3067 1751 3106 non
1782 3049 1864 3116 ﬁt,

1960 1895 2218 1935 numerus
2245 1880 2298 1934 in
2321 1881 2401 1934 eis
2426 1880 2717 1948 plurimum
2750 1879 2910 1933 valet.
2949 1879 3016 1933 Et
3043 1880 3218 1948 primo
3249 1881 3389 1936 sicut
3416 1882 3531 1936 ﬁeri

1959 1972 2097 2028 solet
2126 1981 2236 2027 uta
2279 1980 2436 2042 parte
2483 1982 2653 2026 totum
2703 1980 3066 2043 computetur,
3109 1988 3215 2027 non
3263 1983 3389 2027 sunt
3421 1973 3533 2044 jam

1958 2064 2073 2119 dies
2118 2067 2356 2135 quinque
2399 2065 2492 2119 sed
2537 2065 2716 2134 potius
2757 2080 2871 2130 sex,
2903 2074 2964 2119 ut
2986 2066 3255 2134 quadrans
3281 2065 3367 2119 ille
3395 2065 3534 2120 acci-

1957 2154 2135 2224 piatur
2174 2170 2272 2225 pro
2321 2169 2430 2209 uno
2457 2155 2563 2209 die.
2614 2155 2818 2210 Deinde
2865 2155 2990 2224 quia
3032 2155 3086 2208 in
3129 2154 3259 2224 ipsis
3298 2155 3535 2225 quinque

1958 2245 2145 2300 diebus
2175 2254 2330 2301 sexta
2368 2260 2494 2315 pars
2534 2245 2737 2300 mensis
2772 2253 2875 2310 εει,
2922 2245 3035 2315 ipse
3065 2253 3243 2298 autem
3263 2244 3536 2314 quadrans

1959 2356 2054 2396 sex
2095 2341 2261 2396 horas
2302 2341 2481 2396 habet.
2515 2339 2684 2395 Totus
2721 2340 2867 2394 enim
2901 2339 3037 2404 dies,
3072 2339 3125 2394 id
3153 2347 3256 2404 est,
3284 2355 3407 2394 cum
3438 2355 3532 2394 sua

1961 2440 2137 2499 nocte,
2200 2431 2390 2501 viginti
2436 2441 2669 2502 quatuor
2712 2433 2861 2487 hora:
2903 2441 3029 2487 sunt
3073 2450 3087 2486 :
3130 2448 3360 2502 quarum
3407 2447 3534 2501 pars

1960 2531 2175 2592 quarta,
2216 2537 2336 2592 quae
2377 2530 2461 2576 est
2497 2522 2770 2589 quadrans
2799 2523 2926 2587 diei,
2961 2537 3056 2577 sex
3081 2523 3227 2577 hora:
3253 2523 3534 2576 inveniun-

1961 2622 2069 2667 tur.
2099 2613 2175 2666 lta
2205 2628 2334 2684 ergo
2358 2613 2410 2666 in
2437 2614 2563 2667 anni
2601 2627 2762 2668 cursu
2801 2613 3052 2668 senarius
3084 2628 3338 2667 numerus
3364 2612 3534 2683 pluri-

1964 2719 2112 2758 mum
2161 2703 2322 2758 valet.
2371 2702 2562 2758 Merito
2602 2703 2784 2772 itaque
2832 2710 3035 2757 sancta:
3074 2703 3219 2755 cruci
3248 2710 3429 2770 aptata
3455 2711 3540 2756 est

1963 2791 2131 2847 series
2158 2791 2390 2857 dierum,
2419 2791 2545 2860 quia
2572 2805 2670 2861 per
2697 2791 2866 2860 ipsam
2900 2789 3195 2844 illuminata
3226 2799 3351 2845 sunt
3373 2791 3537 2846 corda

1960 2882 2259 2936 hominum.
2311 2881 2415 2950 Ipsi
2467 2881 2723 2951 competit
2773 2880 3041 2949 copulatio
3090 2881 3491 2950 hexagonorum
3520 2921 3535 2947 ,

1961 2972 2089 3042 quia
2114 2972 2167 3025 in
2198 2972 2312 3042 ipsa
2338 2979 2550 3026 constat
2573 2970 2837 3041 perfectio
2862 2985 3066 3024 rerum.
3098 2970 3176 3024 Ad
3207 2973 3376 3041 ipsam
3407 2973 3540 3027 ordo

1966 3060 2277 3130 temporalis
2325 3060 2459 3115 lucis
2506 3060 2779 3124 convenit,
2837 3060 2960 3129 quia
3008 3075 3104 3128 per
3144 3060 3315 3129 ipsam
3362 3058 3537 3115 lucem

282 3150 385 3204 nisi
417 3149 519 3203 8111)
547 3147 821 3202 intellectu
854 3154 910 3201 et
941 3144 1341 3201 examinatione
1386 3158 1480 3198 sex
1523 3141 1861 3212 angulorum,
1892 3145 1935 3208 C
1965 3161 2225 3208 mmmam
2263 3151 2426 3206 homo
2463 3151 2686 3206 invenit,
2714 3150 2797 3205 Ad
2829 3150 2974 3205 illam
3018 3153 3411 3218 nonagenarius
3439 3168 3542 3206 nn-

285 3253 341 3296 ut
368 3248 518 3296 horae
545 3239 767 3311 singulae
788 3238 1012 3308 singulis
1035 3237 1361 3306 deputentur
1381 3234 1608 3306 angulis.
1637 3231 1694 3288 Si
1723 3231 1865 3287 enim

283 3341 524 3402 quatuor
548 3333 860 3403 hexagonos
885 3331 938 3386 in
970 3328 1181 3400 angulis
1206 3329 1318 3384 suis
1344 3326 1706 3399 perspexeris,
1739 3340 1866 3379 xxiv

289 3426 458 3478 horas
489 3423 544 3476 in
571 3420 658 3475 his
683 3420 932 3474 notabis:
959 3435 1064 3490 qua
1092 3417 1300 3474 scilicet
1335 3416 1662 3488 plenitudine
1705 3416 1865 3471 hora-

287 3530 410 3567 rum
443 3513 560 3568 dies
596 3509 891 3566 bissextilis
936 3509 1238 3572 conﬁcitur,
1269 3514 1321 3562 et
1361 3521 1466 3560 non
1497 3505 1724 3560 absurde
1753 3505 1869 3558 lucc

290 3606 431 3658 ratio
456 3604 583 3658 huic
620 3602 696 3656 rei
740 3600 969 3655 discreta
998 3607 1099 3654 est.
1131 3598 1190 3653 Si
1219 3597 1360 3652 enim
1390 3597 1444 3650 in
1466 3603 1695 3664 quatuor
1713 3593 1871 3648 annis

289 3693 649 3764 quadrantilis
694 3692 869 3761 portio
913 3691 982 3744 ad
1026 3689 1184 3743 unius
1225 3687 1330 3742 diei
1375 3684 1681 3756 pervenerit
1727 3698 1871 3738 sum-

293 3803 457 3851 mam,
492 3785 596 3840 rite
631 3784 683 3838 in
708 3790 938 3853 quatuor
966 3779 1258 3849 hexagonis
1282 3785 1472 3847 quater
1497 3791 1591 3831 sex
1617 3777 1870 3831 horarum

294 3895 426 3932 crux
455 3876 696 3932 ostendit
725 3882 780 3929 et
810 3888 1068 3928 normam.
1099 3871 1266 3925 Recte
1293 3884 1421 3936 ergo
1456 3869 1766 3937 hexagonus
1794 3865 1874 3920 di-

299 3971 503 4024 viuitus
543 3969 670 4021 huic
713 3963 1050 4035 dispositioni
1089 3962 1370 4017 ordinatus
1402 3967 1485 4014 est
1515 3977 1525 4011 :
1559 3957 1684 4026 quia
1717 3971 1874 4010 sena-

299 4063 412 4114 rius
452 4071 713 4112 numerus
735 4055 790 4108 in
823 4061 933 4107 tota
963 4051 1091 4105 anni
1118 4050 1258 4105 serie
1286 4048 1574 4118 plurinmm
1605 4045 1762 4098 valet.
1794 4043 1875 4097 Ad

302 4154 402 4206 hoc
429 4164 647 4222 quoque
682 4143 1155 4202 demonstrandum
1188 4154 1450 4212 ponamus
1480 4147 1686 4208 partem
1718 4136 1878 4191 unius

303 4241 520 4312 capituli
564 4242 632 4294 de
675 4239 813 4293 libro
850 4235 1019 4290 sancti
1061 4232 1342 4304 Augustini
1374 4237 1567 4299 quarto
1594 4227 1660 4282 de
1691 4235 1876 4282 sancta

305 4334 587 4387 Trinitate.
628 4330 817 4384 Annus
853 4327 1016 4382 etiam
1051 4338 1214 4389 unus,
1252 4323 1298 4378 si
1335 4337 1411 4377 xn
1439 4334 1654 4374 menses
1681 4317 1877 4388 integri

307 4425 738 4486 considerentur,
803 4435 938 4490 quos
983 4417 1170 4473 triceni
1219 4416 1336 4471 dies
1381 4413 1647 4482 complent
1692 4410 1877 4480 (talem

1968 3257 2153 3297 merus
2177 3256 2299 3297 cum
2326 3241 2556 3296 monade
2596 3241 2898 3303 concurrit,
2931 3243 3055 3310 quia
3087 3256 3180 3310 per
3211 3241 3356 3295 illam
3385 3256 3546 3312 ange-

1969 3333 2105 3388 licus
2143 3332 2274 3388 ordo
2300 3333 2365 3386 ad
2389 3331 2473 3386 sui
2500 3331 2710 3386 numeri
2755 3329 3140 3400 plenitudinem
3171 3330 3436 3399 pervenit.
3462 3329 3541 3384 Ad

1970 3424 2138 3494 ipsius
2161 3438 2375 3493 quoque
2403 3423 2748 3477 medietatem
2773 3439 2839 3478 ex
2864 3431 3093 3492 quatuor
3119 3420 3362 3492 partibus
3387 3423 3550 3476 hexa-

1971 3514 2094 3584 goni
2123 3512 2313 3568 directi
2361 3512 2570 3566 unitate
2610 3499 2949 3581 copulantur,
2977 3511 3101 3580 quia
3123 3526 3219 3579 per
3245 3511 3414 3580 ipsius
3443 3525 3551 3564 ma-

1965 3602 2217 3672 jestatem
2259 3616 2447 3657 omnes
2469 3608 2655 3672 gentes
2679 3615 2746 3655 ex
2772 3611 3004 3670 quatuor
3047 3599 3219 3669 plagis
3266 3599 3450 3654 mundi
3497 3599 3550 3652 in

1973 3695 2177 3748 unitate
2215 3690 2340 3746 ﬁdei
2391 3691 2704 3754 sociantur,
2759 3690 3032 3758 ipsiusque
3077 3688 3345 3758 completo
3389 3703 3552 3758 opere

1973 3784 2208 3840 ctelestis
2230 3790 2392 3852 atque
2419 3782 2692 3836 terrestris
2726 3775 2976 3835 creatura
3000 3796 3106 3836 una
3132 3780 3395 3835 charitate
3420 3795 3553 3834 con-

1967 3874 2284 3946 junguntur.
2331 3873 2438 3942 Ipsi
2474 3873 2646 3926 honor
2681 3879 2738 3925 et
2779 3871 3064 3939 majeslas,
3112 3884 3211 3939 per
3255 3868 3403 3935 cujus
3441 3868 3551 3921 cle-

1977 3971 2234 4026 mentiam
2263 3970 2380 4024 hate
2409 3976 2605 4023 cuncta
2634 3973 2944 4035 perpetrata
2981 3972 3124 4028 sunt,
3161 3962 3280 4016 laus
3301 3969 3355 4015 et
3382 3961 3549 4031 gloria

1980 4062 2033 4116 in
2084 4059 2279 4115 saecula
2329 4057 2670 4114 saeculorum.
2723 4054 2895 4109 Habet
2944 4055 3139 4122 quippe
3189 4051 3304 4105 lucc
3349 4051 3554 4118 species

1979 4159 2177 4207 sancta:
2219 4150 2397 4205 crucis
2446 4150 2501 4204 in
2545 4147 2879 4217 longitudine
2927 4160 3022 4214 per
3072 4144 3206 4198 duos
3248 4142 3557 4211 hexagonos

1980 4251 2208 4298 metrum
2251 4239 2588 4309 sapphicum,
2638 4236 2780 4304 quod
2817 4243 2902 4288 est
2940 4239 3358 4302 pentametrum,
3394 4230 3555 4284 ende-

1983 4332 2329 4402 casyllabum.
2357 4337 2410 4384 et
2435 4334 2560 4382 sunt
2580 4326 2696 4396 ejus
2719 4332 2830 4378 tres
2855 4336 3042 4377 versus
3063 4333 3240 4390 pares.
3269 4319 3555 4386 Recipiunt

1982 4433 2158 4478 autem
2197 4420 2391 4490 singuli
2434 4420 2532 4473 hos
2563 4424 2792 4486 quatuor
2832 4413 2996 4484 pedes
3032 4411 3280 4466 binarum
3327 4408 3555 4479 syllaba-

309 4516 498 4585 quippe
523 4527 765 4567 mensem
792 4519 1002 4566 veteres
1025 4509 1467 4568 observaverunt,
1497 4518 1654 4571 quem
1684 4499 1868 4555 circui-

1983 4530 2121 4580 rum,
2167 4512 2466 4574 trocbeum,
2515 4507 2832 4576 spondeum,
2886 4503 3187 4567 trocheum,
3230 4501 3464 4554 iambum
3501 4508 3556 4553 et

310 4612 390 4658 tus
435 4603 642 4657 lunaris
692 4597 945 4669 ostendit)
986 4597 1201 4653 senario
1239 4609 1463 4649 numero
1514 4591 1698 4662 pollet.
1743 4590 1884 4658 Quot

310 4696 448 4747 enim
477 4693 662 4746 valent
703 4706 796 4746 sex
839 4691 892 4744 in
927 4689 1102 4758 primo
1139 4689 1328 4742 ordine
1377 4697 1745 4748 numerorum,
1791 4683 1881 4751 qui

311 4793 521 4841 constat
548 4799 616 4838 ex
643 4782 785 4847 unis,
821 4789 880 4835 ut
903 4780 1250 4852 perveniatur
1285 4778 1352 4831 ad
1395 4793 1449 4839 x,
1482 4777 1585 4829 hoc
1613 4774 1793 4828 valent
1817 4788 1883 4826 1.x

314 4876 363 4929 in
403 4872 645 4930 secundo
677 4871 885 4934 ordine,
933 4869 1024 4938 qui
1057 4876 1267 4924 constat
1295 4880 1362 4919 ex
1391 4864 1564 4922 denis.
1610 4871 1669 4916 ut
1695 4876 1886 4931 pervc-

314 4968 492 5020 niatur
533 4965 602 5019 ad
641 4979 692 5018 c.
732 4961 1125 5031 Sexagenarius
1163 4973 1291 5029 ergo
1333 4971 1590 5012 numerus
1639 4954 1883 5016 dierum,

316 5064 464 5109 sexta
510 5069 640 5123 pars
687 5053 809 5107 anni
852 5060 955 5106 est.
1002 5048 1237 5104 Proinde
1282 5063 1379 5116 per
1425 5047 1693 5101 senarium
1729 5041 1888 5110 primi

318 5160 503 5200 versus
555 5143 1011 5213 multiplicantur,
1067 5150 1323 5209 tanquam
1379 5136 1624 5192 senarius
1670 5131 1888 5187 secundi

318 5250 525 5298 versus,
557 5242 612 5288 et
643 5234 779 5286 ﬁunt
805 5233 983 5286 sexies
1007 5229 1306 5299 sexaginta,
1338 5223 1626 5281 trecenteni
1652 5229 1707 5277 et
1731 5235 1889 5276 sexa-

319 5325 461 5391 ginta
490 5323 632 5387 dies,
655 5322 747 5390 qui
767 5329 894 5375 sunt
920 5319 1114 5390 integri
1143 5334 1219 5372 xu
1247 5328 1478 5371 menses.
1509 5313 1614 5368 Sed
1637 5309 1890 5386 quoniam

320 5415 454 5467 sicut
483 5428 722 5467 mensem
747 5411 1006 5467 circuitus
1033 5411 1172 5464 luna:
1192 5407 1428 5464 ostendit
1456 5405 1784 5468 hominibus,
1812 5402 1892 5458 sic

323 5520 493 5558 anims
530 5503 765 5558 circuitu
807 5502 938 5557 solis
979 5499 1384 5555 animadversus
1404 5505 1508 5552 est.
1547 5495 1772 5550 Restant
1799 5509 1893 5547 au-

326 5605 427 5649 tem
471 5598 712 5668 quinque
750 5597 866 5652 dies
890 5605 944 5651 ει
972 5593 1245 5664 quadrans
1291 5590 1425 5653 diei,
1471 5597 1530 5643 ut
1565 5587 1642 5643 sol
1678 5586 1894 5656 impleat

328 5702 537 5741 cursum
568 5702 751 5750 suum,
794 5699 1098 5754 annumque
1142 5679 1444 5737 concludat.
1486 5678 1724 5744 Quatuor
1753 5676 1892 5728 enim

329 5776 650 5843 quadrantes
701 5776 900 5832 faciunt
952 5793 1114 5831 unum
1167 5777 1326 5836 diem,
1371 5787 1528 5842 quem
1569 5782 1787 5824 necesse
1818 5775 1896 5820 est

1984 4605 2229 4659 ultimum
2283 4600 2647 4672 trissyllabum
2704 4596 2975 4652 bachium.
3028 4592 3157 4647 Post
3216 4599 3324 4646 tres
3372 4599 3550 4645 autem

1984 4712 2174 4751 versus
2199 4694 2412 4749 additur
2439 4690 2641 4746 dicolos
2665 4687 2980 4758 dactylicus,
3024 4683 3126 4737 hoc
3166 4690 3266 4745 est,
3312 4677 3558 4752 dactylus

1984 4796 2040 4842 et
2086 4785 2371 4854 spondeus.
2440 4775 2684 4849 Suntque
2745 4778 2799 4831 in
2862 4789 3115 4845 supremo
3167 4773 3448 4842 hexagono
3505 4769 3559 4822 hi

1986 4891 2174 4932 VCI'SUS
2199 4893 2212 4928 ἒ

2170 4983 2367 5043 Terque
2390 4987 2629 5043 centenos
2646 4979 2913 5043 deciesque
2933 4988 3092 5032 senos,

2172 5043 2232 5093 Et
2255 5041 2411 5090 semel
2429 5043 2600 5102 quinos
2620 5041 2770 5089 habet
2793 5041 3076 5102 universum

2173 5105 2405 5164 Tempus,
2426 5101 2609 5164 annalis
2633 5113 2776 5150 cruce
2797 5101 3025 5150 circuitus

2317 5161 2426 5214 Ecce
2449 5164 2555 5212 dies
2579 5161 2674 5214 hic.

1989 5275 2046 5328 1n
2071 5269 2306 5328 secundo
2335 5279 2547 5337 quoque
2575 5264 2663 5318 hi:

2175 5381 2273 5432 Sed
2301 5381 2454 5443 plagis
2477 5379 2595 5440 posti
2622 5376 2737 5443 satis
2755 5375 2963 5443 exagoni

2177 5439 2402 5501 Quatuor
2417 5439 2681 5490 menstrant
2702 5439 2868 5484 decies
2891 5443 3121 5501 novenos,

2179 5493 2364 5566 Singuli
2393 5511 2517 5552 totos
2540 5501 2618 5561 ple
2640 5511 2746 5549 cum
2764 5493 2988 5553 monade,

2303 5566 2361 5614 Et
2379 5577 2525 5625 super
2544 5572 2710 5609 unum.

1999 5673 2301 5727 Notandum
2362 5677 2538 5720 autem
2603 5660 2742 5732 quod
2802 5659 3106 5726 superiores
3157 5671 3385 5716 versus,
3436 5651 3558 5722 quia

1999 5782 2027 5819 c
2052 5764 2305 5820 litteram,
2337 5774 2454 5826 qua:
2493 5756 2547 5809 in
2579 5751 2751 5806 medio
2782 5751 3180 5819 hexagonorum
3227 5755 3328 5811 est,
3357 5743 3456 5800 sibi
3483 5749 3565 5796 at-
