4002 6204
249 318 360 373 I93

1271 315 1358 371 DE
1397 316 1735 373 LAUDIBUS
1775 315 1831 370 S.
1872 315 2142 371 CRUCIS.
2177 346 2246 355 —
2283 303 2411 369 LI'B.
2447 316 2488 369 I.

3383 302 3510 369 'mt

1429 447 1942 508 DECLARATIO
1985 447 2324 508 FIGURAE.

329 638 588 708 Quisquis
630 636 766 710 legis
815 639 1005 707 prima:
1054 640 1266 708 plenam
1314 640 1584 695 desiderat
1632 642 1832 695 habere
1857 644 1908 704 Α
1933 649 2193 694 aeternum
2212 640 2309 694 sibi
2331 641 2470 694 Deus
2502 641 2680 705 Pater,
2718 642 2769 697 id
2797 651 2903 706 est,
2934 658 3029 711 per
3065 645 3290 698 Verbum
3313 659 3502 710 suum;

246 732 529 795 notitiam,
584 742 812 785 necesse
856 737 940 783 est
989 738 1048 783 ut
1084 728 1245 797 hujus
1286 728 1468 800 ﬁgura:
1510 745 1607 799 per
1655 731 1834 785 omnia

246 833 462 876 memor
497 819 571 872 sit
605 826 661 872 et
700 815 818 885 ejus
858 818 1059 873 factum
1103 828 1285 873 mente
1330 820 1524 889 sazpius
1573 821 1831 887 revolvat,

249 922 311 967 et
335 925 662 981 comparans
684 912 864 979 priora
895 910 1283 979 posterioribus
1308 911 1507 965 recolat
1539 912 1827 982 scriptum:

1939 729 2005 782 de
2033 743 2139 797 quo
2169 729 2291 783 dicit
2317 727 2599 783 Psalmista
2628 747 2640 781 :
2680 728 2840 784 Verbo
2875 731 2968 784 Dei
2992 732 3104 785 ειειὶ
3129 733 3326 801 ﬁrmati
3362 751 3506 798 sum,

1933 827 1980 869 et
2017 819 2202 886 spiritu
2238 819 2344 871 oris
2384 819 2496 882 eius
2535 821 2700 872 omnis
2739 820 2899 872 virtus
2944 821 3078 888 ejus.
3129 821 3263 874 Ilinc
3291 822 3420 877 dicit
3453 836 3508 877 et

1931 910 2257 978 evangelista
2287 908 2520 964 Joannes
2564 928 2575 962 :
2615 911 2802 964 Omnia
2839 928 2931 979 per
2966 911 3135 980 ipsum
3177 912 3316 980 facta
3363 928 3504 978 sunt,

249 1000 445 1056 Omnia
468 1001 526 1053 in
546 999 721 1070 ﬁgura
745 1001 1107 1070 contingebant
1130 1000 1272 1066 illis;
1305 1003 1494 1071 scripta
1515 1012 1634 1056 sunt
1659 1013 1833 1056 autem
1931 1010 1978 1054 et
2005 1001 2114 1053 sine
2149 1002 2261 1068 ipso
2292 1001 2488 1070 factum
2524 1011 2596 1053 est
2625 1001 2772 1054 nihil.

244 1092 320 1144 ad
348 1092 735 1160 correptionem
778 1103 1042 1156 nostram,
1084 1092 1140 1145 in
1175 1109 1303 1163 quos
1345 1093 1476 1161 ﬁnes
1521 1093 1830 1148 saeculorum

1999 1093 2058 1147 In
2111 1093 2217 1146 ima
2266 1108 2394 1147 vero
2441 1101 2595 1161 parte
2639 1093 2836 1154 crucis,
2883 1093 2984 1146 hoc
3021 1102 3125 1156 est,
3172 1094 3223 1147 in
3250 1095 3404 1162 pede,
3436 1096 3508 1148 sit

243 1182 588 1247 devenerunt,
627 1190 684 1236 et
716 1181 858 1252 quod
884 1182 1176 1250 exemplari
1207 1191 1262 1237 et
1295 1183 1497 1236 umbrae
1521 1183 1831 1238 deserviunt
1928 1185 2135 1254 positus
2173 1184 2495 1238 novissimus
2530 1185 2767 1252 quinque
2807 1184 3067 1237 librorum
3109 1184 3264 1254 legis,
3306 1185 3357 1239 id
3399 1197 3502 1251 est,

243 1269 590 1336 caelestium;
622 1279 678 1325 et
706 1269 833 1324 item
863 1289 876 1324 :
904 1267 1152 1324 Umbram
1183 1272 1318 1326 enim
1351 1273 1542 1326 habens
1573 1273 1658 1326 lea:
1680 1273 1827 1342 [utu-

245 1374 428 1411 rorum
459 1359 739 1423 bonorum,
767 1377 870 1414 non
900 1361 1068 1430 ipsam
1103 1361 1379 1430 imaginem
1408 1378 1598 1415 rerum.
1629 1362 1828 1417 Umbra

243 1449 391 1502 enim
434 1463 543 1502 non
581 1449 699 1504 sine
737 1464 864 1504 vero
898 1465 1124 1520 corpore
1162 1451 1245 1516 ﬁt,
1288 1454 1381 1507 sed
1412 1462 1588 1507 tamen
1627 1453 1742 1523 ipsa
1774 1454 1828 1506 in

242 1551 302 1591 se
327 1552 520 1592 veram
545 1545 600 1591 et
636 1539 899 1608 integram
944 1541 1178 1608 speciem
1211 1543 1457 1610 corporis
1497 1557 1602 1596 non
1647 1543 1828 1610 expri-

242 1629 362 1681 mit.
398 1627 742 1698 Quapropter
772 1638 986 1698 oportet
1025 1639 1084 1684 ut
1122 1631 1365 1700 quisquis
1391 1633 1635 1686 veritatis
1681 1648 1828 1686 ama-

245 1727 330 1772 tor
365 1727 472 1783 est,
521 1719 568 1773 si
600 1720 844 1773 umbram
873 1720 1022 1790 prius
1053 1721 1252 1785 videat,
1287 1722 1354 1775 ad
1385 1737 1568 1776 verum
1609 1737 1823 1791 corpus,

243 1807 404 1876 cujus
425 1810 542 1878 ipsa
563 1809 753 1863 umbra
776 1818 880 1874 est,
897 1811 1048 1865 ocius
1069 1812 1253 1867 oculos
1284 1824 1581 1878 convertat,
1609 1829 1674 1869 ne
1700 1815 1826 1868 dum

243 1899 464 1968 penitus
494 1899 549 1952 in
585 1899 773 1953 umbra
805 1899 998 1953 intuitu
1045 1900 1264 1966 haereat,
1299 1903 1544 1956 veritatis
1593 1902 1824 1958 fructum

1929 1274 2421 1338 Deuteronomiuin,
2453 1274 2593 1343 quod
2621 1274 3008 1343 interpretatur
3039 1276 3316 1328 renovatio
3347 1275 3502 1345 legis,

1921 1365 2113 1432 utique
2154 1363 2464 1434 signiﬁcans
2492 1362 2862 1432 Evangelium,
2907 1363 2958 1415 in
2994 1377 3100 1430 quo
3129 1372 3346 1427 cuncta,
3376 1379 3496 1432 qua:

1926 1454 2011 1508 lex
2059 1455 2353 1524 ﬁguraliter
2397 1463 2559 1524 atque
2605 1454 2779 1524 typiee
2826 1453 3074 1522 protulit,
3125 1455 3391 1509 veraciter
3439 1470 3503 1506 ac

1926 1545 2276 1615 spiritualiter
2311 1553 2436 1599 sunt
2481 1545 2729 1607 enodata,
2773 1558 2837 1598 ac
2871 1543 3038 1597 nostri
3074 1543 3369 1597 Salvator-is
3407 1557 3504 1597 ore

1926 1646 2186 1690 reserata.
2231 1634 2360 1689 Jure
2389 1649 2519 1704 ergo
2557 1635 2609 1687 in
2644 1635 2820 1703 capite
2847 1634 3024 1688 crucis
3058 1648 3334 1702 geneseos,
3365 1643 3418 1686 et
3448 1633 3500 1686 in

1926 1722 2033 1776 ﬁne
2061 1723 2534 1776 Deuteronomium
2561 1724 2882 1787 consistunt,
2906 1723 3031 1792 quia
3051 1737 3175 1776 eum
3218 1738 3378 1791 quem
3417 1723 3500 1775 lex

1925 1820 2111 1866 narrat
2152 1813 2203 1866 in
2232 1811 2498 1881 principio
2527 1813 2786 1879 temporis
2817 1828 2938 1865 cum
2965 1812 3125 1866 Patre
3159 1813 3340 1866 omnia
3372 1827 3502 1866 con-

1924 1902 2145 1966 didisse,
2196 1903 2250 1956 in
2298 1902 2403 1955 ﬁne
2453 1903 2709 1970 temporis
2763 1903 2906 1956 hunc
2942 1903 3287 1973 Evangelium
3337 1904 3504 1958 refert

244 1989 529 2059 negligens
584 1992 794 2061 perdat.
857 1990 966 2044 Lex
1031 2007 1160 2063 ergo
1212 1994 1463 2048 haustum
1519 1995 1824 2050 sitientibus
1851 1979 1897 2038 Β
1925 2001 2116 2046 cuncta
2147 2007 2244 2061 per
2268 2007 2482 2045 crucem
2511 2005 2818 2046 renovasse.
2867 1991 3083 2045 Exodus
3111 2007 3239 2046 vero
3266 1993 3403 2047 bene
3448 1994 3500 2046 in

242 2081 500 2148 praebuit,
530 2081 624 2136 sed
662 2081 780 2136 sine
820 2081 963 2151 ligno
994 2083 1244 2152 potabilis
1275 2100 1380 2153 non
1413 2084 1530 2138 fuit.
1577 2085 1822 2141 Ostendit

244 2172 444 2241 quippe
499 2171 761 2227 Dominus
811 2172 975 2244 Moysi
1029 2174 1249 2244 lignum,
1301 2175 1443 2245 quod
1494 2176 1711 2230 mittens
1765 2176 1820 2232 iu

246 2276 466 2331 aquam,
498 2277 713 2317 omnem
756 2263 1165 2318 amaritudinem
1208 2263 1262 2316 in
1303 2278 1366 2317 ea
1401 2264 1730 2333 absumpsit;
1767 2271 1822 2318 et

244 2368 364 2422 qua:
386 2353 543 2423 prius
583 2354 828 2409 sitientes
854 2354 1078 2425 populos
1106 2369 1243 2408 vano
1283 2353 1553 2408 alliciebat
1579 2362 1818 2424 aspectu,

245 2445 390 2514 ligno
415 2445 683 2510 immisso,
727 2461 916 2500 omnes
942 2445 1252 2501 dulcissimo
1289 2444 1642 2516 refrigerabat
1666 2455 1816 2517 potu.

247 2533 448 2603 Itaque,
479 2534 774 2588 secundum
802 2534 1140 2604 Apostolum,
1170 2533 1254 2590 lea:
1280 2536 1490 2607 quidem
1519 2545 1593 2590 est
1616 2547 1817 2601 sancta,

245 2636 292 2678 et
322 2625 637 2678 mandatum
661 2633 925 2689 sanctum,
953 2635 1000 2678 et
1018 2624 1242 2694 justum,
1270 2635 1317 2678 et
1364 2627 1574 2691 bonum,
1605 2627 1699 2681 sed
1737 2626 1822 2680 lea:

245 2715 540 2783 spiritualis
573 2724 666 2778 est,
698 2724 756 2768 ut
787 2715 928 2770 idem
960 2715 1089 2770 dicit
1127 2715 1421 2786 apostolus,
1453 2725 1506 2771 et
1534 2717 1714 2770 nonin
1735 2733 1821 2770 ve-

247 2815 440 2859 tustate
466 2806 676 2871 litterae,
699 2805 793 2860 sed
822 2807 875 2859 in
898 2807 1121 2861 novitate
1141 2807 1370 2876 Spiritus
1391 2807 1550 2862 debet
1573 2807 1817 2878 intelligi.

251 2895 450 2949 Littera
493 2896 630 2949 enim
671 2897 881 2959 occidit,
927 2894 1152 2967 Spiritus
1201 2905 1375 2950 autem
1417 2896 1660 2964 vivi/icat.
1712 2896 1822 2951 Lex

245 3003 373 3058 ergo
389 2986 628 3057 Spiritus
653 2986 776 3040 vitae
793 2987 845 3040 iu
861 2986 1078 3042 Christo
1097 2985 1220 3040 Jesu
1251 2985 1500 3040 liberavit
1525 3002 1624 3040 nos
1650 3001 1680 3040 a
1706 2985 1822 3057 lege

245 3081 456 3150 peccati
495 3089 552 3134 et
581 3079 789 3135 mortis.
838 3078 972 3133 Nam
999 3079 1142 3148 quod
1176 3077 1508 3148 impossibile
1545 3087 1663 3133 erat
1693 3077 1817 3148 legi,

245 3171 297 3226 in
324 3188 435 3241 quo
464 3170 842 3226 inﬁrmabatur
865 3187 963 3240 per
992 3185 1227 3234 carnem,
1262 3171 1404 3225 Deus
1444 3170 1636 3225 Filium
1667 3186 1822 3225 suum

245 3263 485 3315 mittens.
517 3261 573 3314 in
602 3260 1005 3314 similitudinem
1045 3261 1224 3316 carnis
1255 3261 1481 3330 peccati,
1520 3271 1574 3317 et
1599 3262 1664 3316 de
1696 3277 1821 3331 pec-

243 3362 367 3406 cato
417 3359 700 3422 peceatum
747 3350 1026 3406 damnavit
1071 3353 1126 3406 in
1171 3367 1354 3417 carne,
1399 3361 1458 3406 ut
1504 3352 1819 3422 justiﬁcatio

243 3443 378 3514 legis
421 3443 737 3514 impleretur
783 3444 1054 3510 ininobis,
1080 3459 1186 3513 quo
1218 3459 1323 3499 non
1355 3445 1649 3499 secundum
1695 3459 1819 3498 car-

246 3550 370 3588 nem
408 3534 771 3600 ambulamus,
800 3537 894 3590 sed
924 3537 1216 3590 secundum
1249 3535 1515 3605 spiritum.
1549 3534 1820 3604 Scriptum

243 3624 442 3693 quippe
483 3631 566 3677 est
602 3623 655 3677 in
685 3622 801 3693 lege
837 3642 848 3677 :
895 3623 1208 3677 Maledictus
1244 3625 1408 3678 omnis
1441 3625 1531 3692 qui
1561 3640 1661 3677 non
1699 3639 1819 3692 per-

244 3716 495 3768 manserit
534 3716 591 3768 in
631 3715 867 3769 omnibus
907 3732 1025 3786 qua:
1063 3717 1256 3785 scripta
1294 3725 1414 3769 sunt
1452 3717 1504 3769 in
1535 3713 1666 3770 libro
1694 3715 1820 3786 legis

244 3815 299 3856 ut
329 3804 498 3872 faciat
527 3821 610 3858 ea.
643 3804 750 3860 Sed
780 3806 1035 3875 quoniam
1075 3806 1128 3860 in
1163 3804 1278 3875 lege
1310 3820 1469 3860 nemo
1492 3805 1821 3875 justiﬁcatur

245 3895 383 3962 apud
421 3893 616 3960 Deum,
655 3903 710 3949 et
739 3897 1041 3965 quicunque
1081 3911 1147 3950 ex
1195 3895 1448 3966 Operibus
1491 3895 1625 3964 legis
1672 3903 1816 3958 sunt,

245 3983 347 4037 sub
382 3982 672 4039 maledicto
717 3993 865 4051 sunt,
893 3985 1140 4041 Christus
1173 4001 1272 4040 nos
1301 3985 1526 4040 redemit
1559 3985 1624 4040 de
1655 3985 1819 4038 male-

247 4074 390 4128 dicto
418 4073 578 4143 legis,
609 4073 782 4131 factus
811 4091 908 4146 pro
935 4077 1091 4131 nobis
1129 4077 1493 4140 maledictum,
1535 4076 1660 4146 quia
1691 4076 1822 4129 scri-

244 4177 394 4235 ptum
427 4175 551 4222 est:
588 4166 899 4222 Maledictus
941 4169 1104 4222 omnis
1140 4167 1230 4239 qui
1265 4169 1448 4238 pendet
1486 4158 1552 4220 in.
1580 4166 1738 4236 ligno,
1764 4174 1822 4220 ut

246 4258 500 4328 gentibus
543 4258 848 4314 benedictio
886 4259 1116 4314 Abrahte
1152 4259 1305 4314 ﬁeret
1348 4260 1402 4312 in
1433 4259 1650 4314 Christo
1670 4256 1818 4323 Jesu,

245 4358 304 4402 ut
345 4349 789 4420 pollicitationem
832 4348 1067 4419 Spiritus
1115 4350 1444 4420 accipiamus
1497 4363 1592 4418 per
1639 4347 1816 4402 ﬁdem.

244 4440 414 4512 Igitur
433 4456 562 4495 cum
587 4441 855 4494 destructa
881 4441 950 4496 sit
974 4441 1279 4496 maledictio
1305 4441 1438 4510 legis
1462 4455 1558 4509 per
1583 4455 1816 4503 crucem,

244 4542 299 4588 et
335 4532 453 4603 ejus
491 4531 796 4587 amaritudo
833 4546 930 4601 per
971 4533 1142 4602 ipsam
1181 4547 1442 4586 conversa
1493 4531 1544 4584 in
1587 4530 1822 4584 dulcedi-

244 4636 392 4684 nem,
423 4620 646 4689 diguum
672 4628 756 4675 est
781 4621 945 4675 etiam
973 4629 1034 4674 ut
1063 4621 1115 4675 in
1143 4618 1259 4688 ejus
1282 4618 1505 4688 elﬁgiem
1532 4618 1821 4687 disponan-
1848 4656 1899 4716 Β

248 4720 338 4765 tur
363 4711 488 4765 libri
519 4711 675 4781 legis,
713 4720 773 4766 ut
799 4711 1148 4783 congruentia
1182 4711 1362 4782 operis
1399 4709 1453 4762 in
1485 4709 1586 4763 hoc
1616 4709 1822 4762 innote-

245 4812 388 4867 seat,
428 4811 485 4856 et
519 4803 765 4872 mysterii
806 4811 1204 4858 sacramentum
1260 4808 1533 4871 appareat.
1584 4798 1722 4867 Ergo
1769 4799 1824 4853 in

245 4894 446 4963 capite,
487 4894 592 4948 hoc
626 4902 730 4959 est,
780 4893 835 4948 in
881 4893 1114 4949 culmine
1155 4901 1354 4950 sancta:
1396 4891 1592 4954 crucis,
1633 4891 1701 4944 sit
1726 4905 1822 4960 po-

246 4985 384 5038 situs
421 4984 562 5039 liber
581 4983 876 5049 Gencseos,
914 4985 1038 5054 quia
1075 4983 1188 5056 ipse
1227 4990 1386 5053 caput
1421 4989 1502 5036 est
1541 4989 1594 5035 et
1619 4981 1824 5050 primus

247 5077 484 5130 ninnium
528 5075 816 5143 librorum,
853 5091 1082 5132 narrans
1118 5076 1261 5147 quod
1306 5075 1360 5130 in
1397 5073 1661 5145 principio
1699 5072 1827 5128 fecit

249 5167 388 5223 Deus
410 5168 612 5226 celum
640 5175 695 5224 et
723 5176 939 5234 terram,
987 5169 1171 5240 utique
1199 5183 1294 5239 per
1327 5167 1519 5222 Filium
1552 5179 1704 5219 suum
1729 5179 1821 5217 co-

1924 2084 2110 2138 dextra
2167 2083 2404 2153 ponitur,
2458 2084 2509 2136 in
2562 2099 2669 2152 quo
2717 2085 2894 2137 exitus
2937 2082 3168 2136 ﬁliorum
3220 2082 3384 2138 Israel
3435 2084 3502 2136 de

1923 2169 2158 2242 Egypto
2177 2171 2554 2235 conscribitur,
2573 2181 2628 2225 et
2654 2173 2848 2226 ibidem
2878 2171 3028 2240 plura
3060 2188 3088 2225 a
3111 2172 3338 2226 Domino
3362 2171 3500 2226 facta

1921 2261 2183 2314 miracula
2210 2270 2523 2326 narrantur,
2561 2261 2715 2330 juxta
2764 2260 2890 2314 illud
2915 2259 3246 2314 Psalmistze:
3273 2260 3501 2314 Dextera

1920 2351 2137 2406 Domini
2165 2353 2286 2422 fecit
2316 2354 2574 2406 virtutem.
2611 2352 2676 2406 Et
2706 2351 2832 2406 item
2863 2368 2876 2406 :
2918 2350 3021 2416 Qui
3057 2352 3307 2420 percussit
3333 2351 3406 2405 1E
3411 2369 3502 2421 gy-

1920 2451 2064 2512 ptum
2089 2461 2206 2498 cum
2231 2444 2590 2515 primogenitis
2613 2461 2813 2508 eorum,
2838 2454 2884 2498 et
2915 2444 3094 2497 eduxit
3116 2442 3284 2497 Israel
3307 2444 3368 2497 a'e
3391 2460 3500 2497 me-

1920 2534 2008 2588 dio
2037 2536 2174 2604 ejus,
2202 2538 2257 2589 in
2286 2553 2443 2590 manu
2483 2537 2610 2606 forti
2635 2547 2681 2591 et
2710 2536 2920 2590 brachio
2954 2535 3172 2590 excelso.
3196 2537 3251 2589 In
3283 2536 3502 2590 sinistra

1921 2639 2135 2693 quoque
2174 2625 2310 2678 liber
2337 2625 2602 2681 Numerus
2647 2635 2730 2680 est
2773 2626 2999 2694 positus,
3038 2625 3161 2694 quia
3215 2625 3329 2693 ipse
3371 2625 3502 2678 sini-

1921 2723 2063 2770 stras
2091 2715 2535 2785 congregationes
2565 2715 2756 2776 Chore,
2794 2715 3002 2768 Dathan
3033 2722 3088 2768 et
3115 2713 3341 2778 Abiron,
3373 2728 3502 2767 con-

1923 2804 2192 2858 tentiones
2221 2812 2408 2857 contra
2438 2803 2654 2873 Moysen
2692 2812 2750 2859 et
2777 2804 2957 2858 Aaron
2987 2803 3194 2858 levasse
3223 2803 3496 2866 describit,

1921 2900 1978 2947 et
2012 2906 2108 2961 per
2128 2891 2340 2946 Domini
2376 2892 2670 2960 potentiam
2719 2892 2878 2946 citius
2917 2905 3272 2960 eompressas.
3303 2890 3372 2942 At
3398 2889 3502 2944 Le-

1921 2981 2140 3045 viticus,
2171 2981 2224 3034 in
2249 2980 2426 3034 medio
2460 2979 2699 3034 omnium
2739 2989 2909 3044 stans,
2944 2979 3119 3034 crucis
3158 2979 3501 3050 medietatem

1925 3080 2092 3136 tenet,
2115 3073 2241 3142 quia
2265 3071 2412 3125 illum
2439 3071 2748 3141 pontiﬁcem
2781 3071 3024 3142 designat
3051 3071 3104 3125 in
3132 3071 3363 3140 plurimo
3394 3071 3501 3125 ritu

1924 3162 2335 3226 sacriﬁciorum,
2367 3162 2456 3230 qui
2507 3162 2560 3215 in
2593 3177 2685 3215 ara
2714 3163 2892 3216 crucis
2927 3163 3273 3232 semetipsum
3305 3161 3502 3217 obtulit

1925 3251 2154 3306 hostiam
2195 3251 2590 3306 immaculatam
2622 3253 2754 3316 Deo,
2791 3252 2856 3306 ad
2888 3252 3252 3306 exhaurieuda
3299 3252 3501 3306 multo-

1847 3320 1892 3381 C
1923 3363 2043 3400 rum
2069 3356 2309 3416 peccata,
2341 3355 2396 3401 et
2445 3361 2544 3416 pro
2587 3346 3082 3416 transgressoribus
3115 3360 3365 3408 exorans,
3399 3360 3496 3398 ex-

1919 3437 2136 3490 auditus
2163 3445 2247 3490 est
2275 3452 2372 3507 pro
2405 3453 2500 3492 sua
2545 3437 2867 3492 reverentia.
2902 3436 3043 3506 Ergo
3074 3436 3126 3488 in
3156 3436 3390 3505 quinque
3423 3444 3508 3490 te.-

1922 3525 2161 3594 tragonis
2187 3526 2422 3595 quinque
2462 3525 2584 3579 libri
2630 3525 2765 3594 legis
2797 3541 2894 3595 per
2920 3525 3158 3594 quinque
3189 3538 3378 3578 versus
3415 3525 3500 3581 hic

1919 3626 2194 3680 notantur,
2223 3617 2312 3684 qui
2341 3625 2466 3670 sunt
2483 3615 2632 3684 juxta
2666 3615 2910 3669 ordinem
2947 3623 3349 3684 tetragonorum
3383 3612 3500 3666 loco

1919 3714 2090 3768 sexto,
2119 3714 2171 3758 et
2205 3721 2300 3774 per
2327 3704 2596 3759 senariqu
2628 3705 2680 3758 in
2710 3712 2879 3758 semet
2906 3703 3278 3770 multiplicato.
3309 3701 3501 3757 Sexies

1921 3795 2063 3848 enim
2103 3795 2216 3848 seni
2253 3793 2454 3848 faciunt
2496 3794 2548 3847 in
2587 3793 2742 3864 plana
2783 3793 2950 3864 ﬁgura
2999 3801 3210 3848 sextum
3267 3800 3500 3860 tetrago-

1922 3900 2070 3949 num,
2101 3886 2242 3954 quod
2271 3884 2400 3938 facit
2438 3885 2656 3955 triginta
2687 3899 2801 3939 sex.
2833 3884 2927 3937 Est
2954 3897 3168 3954 quoque
3196 3898 3390 3937 versus
3421 3891 3496 3934 le-

1923 3976 2129 4045 tragoni
2161 3977 2212 4028 in
2240 3991 2366 4028 arce
2391 3976 2569 4030 crucis
2600 3975 2806 4044 positus
2836 3974 2964 4028 iste:

2043 4103 2115 4155 Te
2135 4103 2344 4154 Genesis
2365 4117 2486 4154 crux
2507 4105 2629 4154 alma
2649 4106 2762 4154 beat
2784 4113 2864 4152 tua
2887 4115 3087 4152 munera
3111 4103 3286 4150 laudat.

1925 4205 2206 4261 Secundus
2235 4222 2361 4261 vero
2393 4216 2497 4272 est,
2543 4207 2632 4276 qui
2685 4208 2739 4260 in
2791 4207 3056 4276 tetragoni
3105 4205 3283 4259 dextri
3330 4219 3499 4260 cornu

1920 4297 2128 4365 positus
2156 4296 2244 4350 hic
2273 4313 2286 4348 :

2048 4406 2244 4456 Exodus
2259 4413 2408 4470 atque
2431 4410 2562 4458 canit
2587 4408 2816 4457 transitus
2838 4419 3038 4461 carmen
3058 4420 3241 4458 amore.

1923 4510 2137 4566 Tertius
2163 4525 2395 4582 namque
2419 4511 2474 4565 in
2503 4512 2680 4567 medio
2705 4512 2881 4566 crucis
2911 4519 2995 4566 est
3020 4512 3170 4571 situs
3185 4511 3301 4566 hic:

2049 4619 2165 4669 Jura
2182 4621 2450 4670 sacerdotis
2472 4619 2716 4671 Leviticus
2735 4622 2914 4683 optime
2936 4620 3109 4682 psallit.

1923 4724 2159 4791 Quartus
2187 4726 2404 4796 quidem
2436 4725 2492 4778 in
2512 4726 2734 4780 sinistro
2765 4741 2932 4779 cornu
2957 4725 3191 4796 scriptus
3213 4733 3295 4780 est
3322 4731 3426 4784 ita:

2048 4838 2137 4888 Ast
2157 4837 2402 4889 Numerus
2418 4846 2580 4889 cantat
2601 4837 2837 4900 magnaiia
2861 4839 2980 4888 mira
3005 4838 3257 4904 triumphi.

1931 4948 2157 5004 Ultimus
2200 4939 2376 5003 etiam
2407 4949 2500 5017 qui
2548 4949 2602 5002 in
2649 4949 2837 5003 ultimo
2885 4957 3180 5019 tetragono,
3224 4949 3277 5003 id
3312 4957 3414 5010 est,
3447 4949 3497 5002 ir.

1927 5039 2053 5092 base
2081 5038 2259 5093 crucis
2288 5037 2590 5105 descriptus
2617 5047 2722 5098 est,
2751 5038 2824 5091 ita
2855 5046 3041 5092 sonat:

2050 5149 2167 5199 Nam
2194 5150 2624 5200 Deuteronomium
2645 5152 2923 5200 renovantis
2948 5150 3118 5211 gaudia
3136 5150 3266 5197 dicit.
