4002 6204
251 350 347 407 197

1256 343 1341 398 DE
1379 334 1719 397 LAUDIBUS
1757 337 1812 394 S.
1853 338 2122 399 CRUCIS.
2161 371 2224 381 -ο
2262 333 2386 393 LIB.
2430 337 2471 392 Ι.

3381 332 3478 388 {98

1419 453 1934 516 DECLARATIO
1976 453 2312 516 FIGURAE.

1631 569 2121 595 —————-—-

319 642 459 711 Quid
483 653 613 710 ergo
645 636 748 692 sibi
773 635 901 689 velit
925 636 1037 690 haec
1067 633 1235 704 ﬁgura
1260 643 1315 688 et
1339 635 1453 690 haec
1476 637 1821 705 conscriptio,
1851 643 1903 704 Α
1926 635 2309 692 incarnationis
2331 631 2551 695 Christi,
2580 632 2625 684 si
2663 644 2920 688 numerus
2945 631 2998 687 in
3027 630 3225 688 litteris
3250 633 3492 704 ejusdem

250 738 466 805 oportet
499 725 750 798 intelligi.
778 723 983 780 Nomen
1011 723 1154 778 enim
1190 722 1346 791 primi
1375 723 1628 789 hominis,
1665 724 1716 778 id
1743 734 1828 779 est

249 823 443 884 Adam,
490 820 543 873 in
576 816 750 888 ﬁgura
781 822 836 868 et
874 813 1047 886 forma
1074 821 1273 868 sancta:
1305 814 1484 868 crucis
1510 814 1828 884 dispositum

253 920 371 977 est;
401 908 471 963 de
499 921 610 978 quo
635 911 840 959 exorta:
868 910 993 956 sunt
1017 915 1208 956 omnes
1229 909 1439 972 gentes,
1469 911 1524 956 et
1548 917 1710 957 omne
1737 917 1829 972 ge-

252 1019 356 1058 nus
385 1002 685 1056 humanum
716 995 978 1076 originem
1014 993 1209 1059 traxit;
1243 994 1334 1064 qui
1365 993 1661 1048 secundum
1689 993 1831 1065 Apo-

251 1092 452 1150 stolum
505 1099 589 1144 est
637 1086 811 1141 forma
849 1084 1014 1139 futuri
1051 1083 1302 1139 videlicet
1335 1083 1569 1149 Christi,
1625 1085 1690 1139 de
1723 1100 1830 1154 quo

252 1183 396 1238 idem
426 1176 719 1248 Apostolus
764 1174 841 1228 ita
880 1172 1011 1227 dicit
1037 1190 1051 1224 :
1075 1171 1278 1226 Factus
1321 1181 1396 1226 est
1441 1173 1639 1241 primus
1661 1171 1831 1224 Adam

250 1272 306 1327 in
341 1271 578 1324 animum
623 1266 907 1326 viventem,
960 1263 1270 1316 novissimus
1306 1260 1474 1315 Adam
1509 1262 1563 1315 in
1592 1261 1830 1331 spiritum

251 1361 623 1429 viviﬁcantem.
665 1357 732 1410 Et
776 1353 938 1424 paulo
963 1361 1086 1423 post
1122 1370 1135 1405 :
1185 1347 1420 1415 Primus,
1447 1350 1640 1419 inquit,
1681 1351 1832 1403 homo

252 1453 318 1505 de
359 1462 503 1504 terra
547 1457 805 1511 terrenus,
840 1443 1100 1498 secundus
1141 1441 1294 1496 homo
1321 1439 1385 1493 de
1425 1437 1552 1494 calo
1580 1438 1832 1492 caelestis:

251 1539 426 1612 qualis
472 1545 740 1599 terrenus,
779 1533 910 1588 tales
955 1542 1003 1586 et
1041 1531 1264 1595 terreni;
1309 1538 1359 1584 et
1389 1513 1560 1599 qualis
1599 1528 1833 1592 caelestis,

254 1631 386 1686 tales
436 1637 487 1684 et
533 1626 778 1681 cmlestes.
831 1624 1001 1696 lgitur
1047 1623 1190 1678 sicut
1230 1630 1509 1692 portamus
1547 1621 1836 1692 imaginem

255 1717 486 1783 terreni,
513 1724 788 1787 portemus
825 1722 880 1768 et
905 1712 1192 1784 imaginem
1238 1714 1493 1769 caelestis.
1521 1713 1588 1768 Et
1615 1729 1712 1769 cur
1738 1713 1840 1768 hoc

257 1808 480 1873 dixerit,
510 1805 692 1861 statim
731 1818 954 1859 causam
995 1801 1273 1872 subiunxit
1299 1817 1314 1856 :
1343 1801 1460 1857 Hoc
1489 1813 1663 1858 autem
1695 1804 1833 1869 dico,

258 1900 489 1969 fratres,
528 1896 776 1967 quoniam
827 1909 949 1948 caro
997 1902 1047 1948 et
1090 1895 1304 1964 sanguis
1353 1909 1566 1964 regnum
1611 1893 1705 1947 Dei
1736 1909 1841 1946 non

1926 727 2160 784 nominis
2192 724 2483 781 secundum
2507 720 2814 777 Graecorum
2843 721 3107 793 regulam,
3143 725 3269 792 quia
3317 728 3383 780 ad
3412 726 3499 782 lit-

1926 827 2074 873 teras
2099 832 2226 872 suos
2263 827 2515 870 numeros
2539 820 2875 882 computant,
2907 812 3238 868 intendatur.
3271 815 3313 868 A
3351 821 3490 874 enim

1927 909 1981 963 in
2015 908 2252 964 numeris
2291 906 2433 977 apud
2461 904 2677 961 Graseos
2722 903 2990 974 signiﬁcat
3040 921 3236 974 unum;
3286 919 3320 962 Δ
3367 924 3504 980 qna-

1928 1009 2076 1066 tuor;
2118 999 2164 1053 A
2206 998 2432 1054 alterum
2480 1011 2681 1061 unum;
2716 995 2766 1049 M
2794 996 3167 1067 quadraginta.
3221 997 3498 1070 Coniunge

1929 1091 2030 1145 hos
2051 1103 2306 1144 numeros
2333 1095 2588 1156 quatuor,
2633 1084 2769 1139 ﬁunt
2813 1101 2956 1150 vai,
3007 1094 3062 1140 et
3091 1087 3193 1141 hoc
3221 1095 3327 1152 est,
3355 1090 3498 1156 quod

1926 1178 2096 1234 Judzni
2121 1179 2176 1232 in
2192 1176 2477 1247 Evangelio
2498 1174 2841 1246 respondisse
2863 1175 3116 1246 leguntur
3144 1195 3158 1230 :
3181 1177 3502 1248 quadragin-

1929 1279 1984 1323 ta
2010 1285 2101 1322 sea:
2129 1267 2279 1321 annis
2319 1265 2636 1335 aediﬁcatum
2663 1274 2736 1319 est
2766 1264 3012 1334 templum
3033 1267 3148 1331 hoc,
3172 1278 3218 1320 et
3239 1279 3294 1320 tu
3317 1268 3372 1321 in
3402 1269 3500 1320 tri—

1931 1359 2024 1414 bus
2038 1357 2216 1412 diebus
2235 1357 2480 1411 excitabis
2496 1356 2666 1409 illud?
2687 1355 2838 1422 Quod
2860 1357 3182 1426 evangelista
3206 1357 3508 1428 intelligens

1931 1447 2098 1502 dixit:
2130 1445 2244 1499 Hoc
2264 1455 2436 1500 autem
2457 1443 2659 1498 dicebat
2682 1445 2745 1498 de
2772 1447 2960 1515 templo
2997 1447 3226 1515 corporis
3247 1449 3353 1512 sui,
3379 1449 3505 1516 quia

1933 1535 2193 1592 Dominus
2221 1544 2402 1590 noster
2428 1532 2584 1589 Jesus
2601 1533 2848 1589 Christus
2869 1534 2934 1588 de
2954 1533 3125 1589 Adam
3139 1550 3335 1604 corpus
3347 1553 3504 1593 acce-

1933 1627 2036 1697 pit,
2064 1641 2172 1681 non
2197 1625 2264 1680 de
2283 1625 2454 1680 Adam
2482 1634 2764 1695 peccatum
2796 1625 2991 1691 traxit;
3025 1625 3279 1696 templum
3319 1644 3512 1699 corpo-

1938 1733 2093 1773 reum
2124 1717 2249 1772 inde
2279 1716 2529 1786 sumpsit,
2565 1731 2672 1770 non
2703 1716 3043 1786 iniquitatem
3078 1733 3197 1786 qua:
3223 1719 3287 1774 de
3313 1722 3514 1792 templo

1936 1809 2182 1878 pellenda
2224 1816 2325 1863 est.
2373 1808 2545 1877 Ipsam
2585 1814 2762 1862 autem
2793 1823 3010 1863 carnem
3050 1823 3211 1878 quam
3256 1811 3420 1865 traxit
3449 1813 3516 1868 de

1940 1899 2112 1953 Adam
2160 1898 2349 1970 (Maria
2398 1898 2542 1952 enim
2594 1899 2662 1954 de
2689 1899 2884 1966 Adam,
2932 1907 2989 1956 et
3031 1901 3244 1957 Domini
3294 1918 3421 1959 caro
3449 1906 3516 1961 de

256 1989 620 2062 possidebunt,
644 2003 808 2058 neque
829 1986 1092 2057 corruptio
1114 1984 1518 2055 incorruptelam
1535 1982 1834 2054 possidebit.
1867 2008 1912 2067 Β
1941 1988 2142 2059 Maria)
2165 1987 2334 2042 ειυᾱωί
2379 1987 2765 2043 cruciﬁxerunt
2791 2029 2806 2053 ,
2856 1996 2911 2044 et
2961 1990 3050 2044 ille
3099 1993 3519 2049 resuscitaturus

260 2086 432 2140 Recte
472 2081 618 2136 enim
651 2093 848 2135 nomen
882 2078 1054 2133 Adam
1098 2078 1154 2132 in
1197 2091 1417 2131 crucem
1447 2073 1836 2147 conﬁguratum

261 2174 505 2244 ponitur,
535 2173 593 2227 in
613 2187 719 2242 qua
746 2186 905 2226 omne
928 2173 1096 2239 genus
1124 2169 1418 2223 humanum
1443 2181 1540 2236 per
1565 2165 1838 2220 Christum

262 2262 556 2318 liberatum
578 2276 697 2317 esse
722 2261 1085 2331 cognoscitur,
1106 2272 1206 2313 nec
1229 2257 1284 2311 in
1312 2257 1413 2311 alia
1438 2256 1608 2312 forma
1635 2249 1841 2324 species

264 2354 653 2426 redemptionis
680 2362 876 2408 nostra:
899 2351 1074 2422 magis
1102 2350 1354 2405 convenit
1381 2348 1568 2404 haberi
1598 2362 1759 2417 quam
1785 2347 1841 2400 in

265 2445 380 2512 illa,
413 2446 506 2500 ubi
542 2445 713 2515 plaga:
739 2442 905 2497 totius
942 2440 1128 2495 mundi
1165 2447 1392 2509 potuere
1433 2434 1838 2506 comprehendi.

266 2536 398 2604 Quae
427 2535 639 2590 scilicet
667 2541 852 2590 sancta
878 2543 1010 2586 crux
1039 2537 1142 2596 est,
1177 2544 1296 2600 qua:
1316 2528 1504 2597 jacens
1543 2535 1711 2582 totum
1748 2539 1842 2577 or-

267 2632 388 2688 bem
419 2631 666 2695 metitur,
692 2629 760 2684 de
787 2641 892 2696 qua
918 2634 1076 2695 poeta
1102 2624 1214 2678 ait:

391 2743 634 2801 Quattuor
658 2739 770 2788 inde
791 2736 958 2801 plagas
970 2735 1188 2801 quadrati
1211 2733 1396 2801 colligit
1415 2733 1565 2801 orbis.

390 2795 689 2864 Splendidns
707 2795 916 2864 auctoris
932 2795 997 2846 de
1015 2798 1200 2864 vertice
1226 2795 1382 2864 fulget
1413 2795 1563 2864 Eous.
1643 2801 1648 2805 '

393 2858 614 2914 O'cciduo
637 2872 786 2910 sacra
813 2860 1086 2908 lambuntur
1107 2858 1268 2906 sidere
1295 2859 1492 2919 plantas.

393 2925 578 2974 Arcton
601 2923 777 2971 dextra
801 2926 958 2979 tenet,
994 2919 1338 2967 mediumiasva
1360 2919 1503 2977 erigit
1530 2927 1693 2965 axem.

399 2987 686 3045 Cunctaque
706 2982 772 3045 de
786 2981 1026 3045 membris
1039 2981 1153 3028 vivit
1173 2987 1343 3045 natura
1369 2980 1596 3045 creantis,

397 3048 462 3098 Et
486 3037 633 3098 cruce
655 3041 870 3094 conﬁxus
889 3039 1126 3091 Dominus
1150 3040 1277 3102 regit
1305 3039 1519 3100 undique
1542 3037 1786 3088 mundum.

273 3157 386 3211 lloc
415 3155 562 3210 idem
591 3161 646 3207 et
685 3151 740 3206 in
767 3149 984 3206 nomine
1010 3147 1329 3220 protoplasti
1359 3147 1486 3202 olim
1512 3145 1848 3216 designatum

277 3245 402 3308 mn,
431 3242 643 3299 scilicet
667 3241 858 3296 Adam.
900 3237 958 3294 ln
985 3237 1136 3306 cujus
1162 3236 1423 3292 vocabulo
1448 3243 1679 3305 quatuor
1708 3236 1852 3291 litte-

1936 2089 2058 2136 erat
2091 2080 2261 2149 ipsam
2292 2094 2510 2134 carnem
2557 2079 2752 2145 triduo,
2784 2095 2946 2149 quam
2985 2080 3061 2136 illi
3102 2082 3158 2137 in
3188 2085 3337 2139 cruci
3365 2097 3520 2142 erant

1937 2169 2189 2234 occisuri,
2227 2178 2282 2223 et
2305 2166 2391 2222 'ita
2431 2168 2506 2222 illi
2547 2169 2824 2225 solverunt
2865 2171 3124 2240 templum
3163 2175 3520 2245 quadraginta

1937 2273 2035 2312 sex
2072 2258 2228 2312 annis
2263 2259 2603 2321 aediﬁcatum,
2639 2269 2693 2313 et
2729 2259 2842 2329 ipse
2882 2257 2936 2313 in
2967 2259 3144 2315 triduo
3177 2262 3522 2316 resuscitavit

1939 2349 2091 2404 illud.
2129 2347 2520 2405 Benedicamus
2548 2348 2711 2419 igitur
2747 2364 2844 2404 nos
2872 2348 3040 2405 Deum
3085 2349 3301 2406 Patrem
3339 2352 3517 2406 omni-

1939 2444 2236 2506 potentem,
2281 2437 2374 2507 qui
2418 2452 2518 2507 per
2563 2437 2797 2492 Verbum
2840 2453 2996 2492 suum
3040 2438 3143 2493 sibi
3193 2447 3522 2495 coaeternuni

1943 2525 2199 2583 formavit
2244 2544 2360 2584 nos.
2415 2527 2804 2584 Benedicamus
2849 2537 2906 2583 et
2941 2528 3230 2584 Dominum
3277 2539 3522 2586 nostrum

1944 2619 2126 2676 Iesum
2174 2621 2446 2677 Christum
2497 2620 2690 2676 Filium
2737 2621 2833 2674 Dei
2882 2621 3240 2692 unigenitum,
3286 2621 3379 2690 qui
3428 2636 3527 2690 per

1944 2711 2262 2784 mysterium
2311 2710 2700 2764 incarnationis
2753 2724 2864 2764 sua:
2905 2710 2959 2764 in
3010 2725 3172 2765 cruce
3213 2707 3528 2766 reformavit

1944 2819 2066 2859 nos.
2110 2801 2499 2858 Benedicamus
2544 2808 2600 2854 et
2649 2799 2912 2869 Spiritum
2963 2808 3229 2866 sanctum,
3287 2801 3381 2870 qui
3430 2814 3530 2870 per

1947 2893 2178 2966 gratiam
2217 2905 2370 2945 suam
2410 2889 2738 2945 illuminatos
2769 2889 2893 2943 vita:
2929 2897 3144 2944 aeternae
3187 2889 3528 2958 consignavit

1948 2997 2077 3039 nos:
2099 2997 2264 3036 unum
2293 2987 2346 3036 et
2375 2979 2548 3035 solum
2573 2979 2739 3034 Deum
2766 2979 3210 3049 omnipotentem,
3241 2987 3530 3042 :eternutn,

1950 3070 2270 3128 immensum
2288 3111 2303 3136 ,
2378 3069 2804 3125 inaestimabilem
2821 3109 2836 3135 ,
2901 3069 3498 3139 incomprehensibilem
3516 3110 3529 3133 ,

1951 3161 2334 3226 immortalem,
2363 3159 2719 3225 invisibilem;
2761 3157 2911 3214 illum
2949 3173 3114 3214 unum
3146 3159 3534 3224 desideremus,

1953 3267 1984 3307 a
2012 3267 2121 3323 quo
2149 3261 2203 3307 et
2224 3251 2535 3316 beabimur;
2575 3249 2725 3304 illum
2754 3249 2928 3305 solum
2957 3264 3026 3305 ex
3057 3257 3171 3304 toto
3201 3248 3385 3316 corde,
3419 3259 3532 3304 tota

277 3337 376 3400 ris,
413 3342 652 3403 quatuor
688 3331 835 3387 orbis
870 3337 1135 3386 terrarum
1178 3336 1360 3399 partes
1389 3342 1485 3398 per
1511 3327 1726 3382 Graecas
1759 3341 1844 3396 ap-

1957 3354 2156 3411 mente,
2203 3352 2316 3400 tota
2362 3345 2561 3398 virtute
2595 3342 2900 3417 diligamus,
2950 3343 3006 3398 in
3054 3342 3206 3412 cujus
3251 3357 3438 3398 amore
3484 3343 3546 3397 in.

278 3423 600 3494 pellationes
644 3421 1099 3475 demonstrantur.
1134 3417 1191 3472 Si
1220 3418 1364 3472 enim
1395 3416 1582 3473 Griece
1607 3417 1853 3473 dicantur

281 3515 486 3578 oriens,
524 3511 799 3575 occidens,
838 3509 1042 3580 aquilo,
1076 3508 1349 3574 meridies,
1400 3507 1539 3562 sicut
1583 3507 1856 3578 plerisque

284 3606 414 3660 locis
443 3612 629 3660 sancta
657 3618 752 3658 eos
771 3601 1048 3672 Scriptura
1069 3608 1477 3664 commemorat,
1507 3599 1561 3654 in
1591 3599 1856 3670 capitibus

284 3698 572 3751 verborum
632 3695 871 3750 invenies
923 3693 1117 3748 Adam.
1169 3693 1430 3748 Dicuntur
1481 3693 1624 3748 enim
1669 3691 1858 3747 Graece

287 3794 600 3841 memorata:
645 3793 880 3854 quatuor
920 3784 1106 3839 mundi
1139 3792 1324 3853 partes
1357 3800 1370 3834 :
1412 3782 1664 3848 Anatole,
1705 3783 1857 3849 disis,

288 3887 477 3941 arctos,
506 3876 840 3930 meaembria.
868 3875 974 3929 lsta
1007 3883 1240 3946 quatuor
1267 3875 1501 3939 nomina,
1536 3875 1581 3929 si
1607 3883 1862 3944 tanquam

291 3979 475 4020 versus
499 3972 735 4035 quatuor
774 3959 872 4019 sub
901 3964 1132 4019 invicem
1163 3964 1377 4030 scribis,
1405 3965 1458 4018 in
1487 3980 1672 4020 eorum
1721 3964 1866 4034 capi-

292 4052 433 4108 tibus
459 4052 635 4106 Adam
679 4051 900 4122 legitur;
953 4061 1010 4106 et
1055 4052 1179 4108 inde
1225 4051 1449 4123 intelligi
1488 4052 1647 4106 datur
1685 4053 1866 4108 Domi-

295 4157 417 4195 num
465 4141 617 4196 orbis
666 4155 788 4196 eum
832 4155 951 4197 esse
995 4150 1258 4208 creatum,
1305 4149 1360 4198 et
1399 4141 1703 4213 signiﬁcare
1740 4157 1865 4198 eum

295 4231 384 4300 qui
418 4232 472 4285 in
503 4247 665 4288 cruce
696 4233 956 4303 quadrata
989 4232 1154 4288 totius
1181 4232 1329 4292 orbis
1365 4232 1580 4287 futurus
1624 4239 1742 4287 erat
1782 4247 1868 4287 re-

297 4319 540 4392 demptor
567 4331 623 4376 et
651 4331 932 4393 reparator
958 4340 970 4374 :
1024 4321 1161 4378 unde
1200 4331 1256 4378 et
1291 4324 1556 4380 secundus
1579 4323 1752 4378 Adam
1782 4321 1866 4376 di-

301 4409 454 4464 citur.
506 4410 683 4468 liabet
715 4426 926 4484 quoque
967 4412 1106 4469 idem
1143 4428 1338 4468 nomen
1379 4414 1432 4468 in
1464 4428 1522 4468 se
1548 4412 1866 4486 mysterium

1957 3449 2218 3496 aeternum
2240 3434 2687 3510 jucundabimur;
2721 3438 2788 3492 ad
2815 3437 2964 3493 illum
2989 3446 3201 3493 tantum
3231 3451 3538 3499 curramus.

1960 3530 2146 3601 illique
2184 3530 2360 3586 solum
2395 3531 2451 3584 in
2488 3529 2591 3584 hac
2624 3527 3058 3599 peregrinatione
3097 3525 3539 3596 ingemiscamus,

1961 3623 2052 3695 qui
2081 3637 2180 3678 nos
2210 3622 2264 3676 in
2291 3619 2603 3678 cmlestibus
2637 3619 2692 3673 in
2721 3626 3012 3688 conspectu
3040 3618 3223 3689 glori:e
3246 3616 3543 3687 maiestatis

1962 3730 2073 3771 sua:
2099 3714 2483 3779 remunerabit,
2508 3721 2562 3768 et
2589 3712 2708 3767 sine
2734 3711 2840 3766 ﬁne
2865 3710 3180 3766 luatilicabit.
3211 3709 3314 3778 ipsi
3345 3709 3541 3780 gloria,

1962 3816 2019 3862 et
2048 3807 2243 3873 honor,
2271 3814 2326 3860 et
2354 3813 2617 3874 potestas,
2649 3813 2704 3860 et
2730 3803 3016 3876 imperium
3058 3803 3113 3858 in
3144 3802 3338 3859 szecula
3367 3817 3540 3858 saaeu-

1965 3899 2159 3955 lornm.
2188 3898 2384 3954 Amen.

2032 3991 2130 4046 Ast
2163 3992 2252 4045 hic
2289 3991 2344 4044 in
2371 3997 2602 4059 quatuor
2647 3987 2840 4042 litteris
2885 3985 3261 4057 grandioribus
3309 3983 3542 4038 nominis

1963 4084 2157 4148 Adam,
2187 4097 2286 4153 per
2307 4083 2584 4153 perviores
2621 4080 2830 4135 litteras
2859 4079 3245 4148 quinquaginta
3275 4084 3332 4130 et
3359 4091 3542 4140 unam,

1966 4175 2093 4230 talis
2121 4174 2460 4243 conscriptus
2484 4180 2570 4228 est
2595 4185 2805 4232 versus,
2834 4170 3128 4224 secundum
3173 4167 3418 4223 ordinem
3453 4165 3544 4220 lit-

1969 4273 2206 4320 terarum
2237 4263 2471 4317 nominis
2495 4262 2666 4316 Adam
2696 4259 2971 4331 legendus,
3003 4258 3080 4312 ita
3105 4275 3120 4311 :

2095 4379 2267 4428 Sancta
2301 4380 2456 4427 metro
2489 4379 2637 4438 atque
2674 4379 2779 4423 arte
2823 4383 2887 4422 en
2926 4367 3074 4421 decet
3107 4369 3296 4438 utmsint
3333 4369 3547 4438 carmina

3107 4429 3120 4493 l
3145 4430 3334 4482 Christo
3355 4430 3482 4480 hinc.

1621 4659 2273 4680 *ψ*
