4002 6204
310 331 408 384 2M

1321 320 1406 378 DE
1446 317 1788 376 LAUDIBL'S
1828 316 1886 372 S.
1925 313 2193 372 CliUClS.
2234 345 2305 356 -
2341 315 2468 370 LIB.
2513 316 2551 372 1.

3461 314 3568 371 20?.

1493 433 2007 499 DECLARATIO
2050 433 2398 498 FIGURAE.

377 619 472 675 Ila
504 618 671 690 igitur
705 629 892 672 cruces
913 626 1145 686 quatuor
1179 615 1375 686 triplici
1409 619 1622 673 tramite
1658 619 1895 675 conscri—
1921 624 1970 682 Α
1999 634 2215 675 menses
2241 627 2296 673 et
2325 633 2374 671 vr
2416 616 2532 671 dies
2557 613 2845 684 complere.
2880 612 3031 668 Sicut
3055 613 3199 668 enim
3245 618 3570 675 novenarius

306 724 433 785 piat,
465 711 762 768 ostendunt
795 710 849 764 in
875 707 1184 777 semetipsis
1223 723 1318 777 per
1343 706 1640 762 litterarum
1669 709 1888 774 seriem,

310 817 594 858 nmmrnm
645 799 877 863 dierum,
936 813 1043 867 quo
1070 796 1283 850 Domini
1333 811 1532 865 corpus
1597 797 1889 851 secundum

308 893 566 948 Ecclesiae
593 892 751 946 ﬁdem
781 891 835 945 in
864 899 1021 945 utero
1046 889 1292 960 virginali
1322 899 1692 946 constructum
1724 899 1889 959 atque

305 992 651 1053 cmnpactum
702 993 828 1038 est:
863 982 1120 1052 templum
1170 981 1419 1036 videlicet
1472 981 1600 1036 illud
1625 1023 1640 1047 ,
1687 982 1829 1051 quod
1857 997 1888 1036 a

303 1075 507 1132 Judaeis
529 1073 937 1140 destruendum,
965 1082 1019 1129 et
1037 1088 1066 1126 a
1091 1089 1150 1128 se
1176 1072 1230 1126 in
1260 1072 1439 1126 triduo
1458 1073 1888 1128 resuscitandum

304 1164 560 1234 prredixit
586 1163 702 1234 ipse
725 1162 976 1218 Salvator
1003 1180 1017 1216 :
1047 1163 1188 1233 quod
1209 1170 1267 1216 ut
1293 1159 1634 1216 manifestius
1656 1161 1769 1226 ﬁat,
1796 1176 1892 1232 po-

303 1271 504 1308 namus
527 1269 697 1307 unum
731 1252 1029 1323 capitulum
1054 1267 1122 1307 ex
1148 1250 1286 1307 libro
1305 1249 1478 1304 sancti
1507 1249 1793 1320 Augustini
1823 1250 1889 1304 de

302 1355 492 1401 sancta
534 1343 802 1399 Trinitate
851 1351 1064 1412 quarto,
1119 1355 1226 1412 quo
1272 1339 1415 1394 istud
1461 1339 1721 1408 scriptum
1764 1346 1885 1394 est:

307 1458 326 1489 ι
358 1435 468 1492 Nec
526 1436 830 1500 immerito,
863 1434 1036 1505 inquit
1067 1475 1082 1500 ,
1117 1433 1169 1488 in
1223 1431 1577 1486 aediﬁcatione
1626 1430 1890 1485 Dominici

300 1527 573 1598 corporis,
609 1525 661 1579 in
689 1523 842 1595 cujus
885 1523 1055 1593 ﬁgura
1090 1521 1344 1592 templum
1371 1536 1402 1575 a
1453 1519 1652 1575 Iudaeis
1679 1521 1891 1575 destru-

298 1628 474 1683 ctum,
499 1613 676 1670 triduo
700 1629 758 1670 se
776 1613 1222 1669 resnscitaturum
1243 1626 1362 1666 esse
1384 1611 1616 1674 dicebat,
1633 1626 1891 1666 numerus

301 1709 419 1778 ipse
441 1709 692 1763 senarius
723 1721 820 1780 pro
849 1721 991 1761 anno
1021 1705 1228 1776 positus
1263 1703 1598 1773 intelligitur.
1629 1703 1890 1758 Dixerunt

299 1798 450 1852 enim
481 1814 606 1852 vai
631 1797 790 1852 annis
817 1796 1143 1852 zediﬁcatum
1175 1793 1460 1864 templum;
1487 1801 1541 1850 et
1568 1793 1890 1864 quadragies

299 1887 485 1942 sexies
508 1886 626 1942 seni
653 1886 786 1941 ﬁunt
811 1899 1055 1948 ccuxvr,
1095 1883 1186 1953 qui
1218 1898 1474 1938 numerus
1496 1882 1703 1937 dierum
1743 1897 1891 1937 com-

1990 718 2046 766 et
2075 707 2323 764 senarius
2348 719 2604 760 numerus
2636 706 2688 758 in
2722 712 2834 757 toto
2851 701 3168 766 excellebat,
3196 711 3252 758 et
3273 707 3566 760 secundum

1990 814 2178 855 eorum
2222 795 2716 852 denominationem
2743 835 2758 858 ,
2783 794 2959 848 omnis
2984 809 3193 848 summa
3222 796 3573 866 computaba-

1991 899 2099 956 tur,
2130 891 2202 944 ita
2230 899 2284 944 et
2316 889 2368 944 in
2392 888 2639 959 partibus
2664 901 2770 941 non
2800 887 2977 941 minus
3001 886 3186 940 eadem
3207 885 3572 943 denominatio

1990 981 2149 1036 simul
2187 996 2309 1035 cum
2358 978 2613 1050 mysterio
2664 979 2944 1033 illucescit.
2978 977 3116 1044 Quid
3147 978 3292 1033 enim
3325 979 3378 1033 in
3409 995 3574 1035 nove-

1990 1072 2164 1136 nario,
2190 1070 2292 1124 nisi
2322 1085 2512 1124 novem
2546 1069 2762 1124 ordines
2790 1069 3135 1139 angelorum;
3168 1079 3223 1124 et
3251 1069 3378 1139 quid
3403 1071 3454 1125 in
3487 1086 3573 1126 se-

1992 1164 2164 1226 nario,
2205 1162 2307 1216 nisi
2348 1162 2508 1216 homo
2545 1161 2635 1232 qui
2662 1161 2712 1215 in
2744 1169 2897 1215 sexta
2927 1159 3014 1213 die
3063 1169 3280 1214 creatus
3311 1169 3396 1216 est
3436 1161 3568 1215 insi-

1990 1253 2221 1308 nuatur?
2258 1252 2497 1322 Utraque
2519 1253 2664 1306 enim
2706 1259 2954 1306 creatura
2986 1252 3039 1305 in
3067 1252 3247 1306 crucis
3277 1251 3451 1322 eﬁigie
3478 1253 3571 1307 de-

1991 1353 2223 1407 notatur,
2251 1343 2376 1413 quia
2405 1354 2634 1412 utraqne
2664 1357 2761 1412 per
2788 1340 3123 1396 Salvatorem
3151 1341 3204 1394 in
3233 1356 3394 1396 cruce
3419 1356 3573 1412 repa-

1993 1444 2164 1500 ratur,
2187 1434 2328 1489 etab
2352 1441 2578 1503 utraque
2600 1433 2915 1502 mysterium
2943 1430 3332 1485 incarnationis
3359 1429 3571 1483 Domini

1991 1526 2378 1590 honorabatur,
2406 1524 2531 1594 quia
2565 1524 2619 1578 in
2651 1523 2736 1578 die
2767 1522 3067 1577 nativitatis
3093 1519 3210 1588 ejus
3244 1520 3312 1574 ad
3355 1517 3570 1574 laudem

1991 1624 2048 1670 et
2089 1616 2329 1670 laetitiam
2371 1622 2600 1682 utraque
2628 1612 2974 1666 incitabatur.
3009 1611 3160 1666 Unde
3185 1609 3361 1663 Lucas
3392 1610 3522 1664 dicit
3549 1626 3562 1662 :

1993 1707 2062 1762 Et
2091 1707 2260 1760 subito
2279 1706 2420 1776 facta
2448 1713 2523 1758 est
2559 1720 2679 1757 cum
2707 1702 2890 1773 angelo
2914 1701 3196 1755 multitudo
3221 1699 3438 1754 ctelestis
3465 1700 3567 1753 mi-

1963 1803 1970 1808 '
1992 1796 2138 1862 litim,
2163 1794 2493 1849 laudantium
2511 1794 2675 1848 Deum
2701 1805 2748 1847 et
2776 1792 3057 1846 dicentium
3075 1788 3298 1846 :Gloria
3327 1793 3383 1844 in
3405 1792 3574 1846 excel-

1993 1889 2063 1940 sis
2093 1885 2223 1950 Deo,
2246 1894 2296 1939 et
2324 1884 2376 1938 in
2421 1895 2560 1938 terra
2611 1899 2717 1955 pax
2755 1882 3048 1936 hominibus
3077 1881 3226 1936 bona
3267 1880 3566 1936 voluntatis.

301 1975 414 2046 plet
437 1991 633 2033 novem
659 1991 876 2032 menses
895 1982 948 2030 et
973 1988 1066 2029 sex
1099 1973 1236 2037 dies,
1277 1972 1370 2042 qui
1403 1979 1656 2042 tanquam
1704 1971 1890 2026 decem
1921 1966 1968 2026 B
1995 1977 2064 2032 Et
2091 1975 2251 2047 paulo
2279 1983 2430 2045 post:
2468 1974 2532 2029 Et
2561 1975 2752 2029 reversi
2772 1984 2912 2040 sunt,
2945 1973 3144 2044 inquit,
3171 1983 3426 2044 pastores,
3455 1973 3576 2027 lau-

299 2082 523 2123 menses
571 2067 907 2138 parientibus
937 2063 1154 2120 feminis
1199 2062 1710 2134 imputantur:non
1763 2062 1888 2132 quia

298 2171 495 2211 nantes
521 2155 590 2210 ad
629 2163 841 2212 sextum
885 2154 1027 2210 diem
1058 2160 1179 2224 post
1205 2166 1396 2207 novem
1448 2166 1660 2207 menses
1697 2164 1889 2222 perve-

303 2246 484 2310 niunt,
529 2245 626 2301 sed
654 2245 781 2315 quia
814 2244 930 2315 ipsa
973 2242 1238 2313 perfectio
1262 2239 1506 2311 corporis
1551 2239 1785 2305 Domini,
1815 2247 1894 2294 tot

300 2335 496 2391 diebus
524 2337 594 2391 ad
614 2342 826 2405 partum
856 2333 1113 2405 perducta
1147 2331 1516 2400 comperitur:
1544 2330 1685 2385 sicut
1713 2345 1743 2384 a
1771 2345 1886 2385 ma-

295 2428 513 2498 joribus
533 2425 791 2482 traditum
829 2424 1129 2495 suscipiens
1157 2422 1412 2478 Ecclesiae
1438 2421 1673 2476 custodit
1699 2431 1888 2478 aucto-

304 2521 460 2575 ritas.
491 2518 699 2576 Octavo
721 2518 865 2574 enim
889 2517 1156 2573 Kalendas
1173 2515 1374 2586 Aprilis
1396 2522 1690 2584 conceptus
1716 2517 1893 2571 credi-

305 2619 414 2673 tur,
446 2625 558 2680 quo
587 2618 640 2666 et
668 2624 881 2679 passus.
913 2608 991 2662 lta
1033 2615 1380 2662 monumento
1413 2621 1552 2660 novo
1579 2619 1686 2674 quo
1709 2605 1890 2674 sepul-

304 2708 393 2753 tus
413 2706 517 2763 est,
544 2698 636 2753 ubi
663 2697 840 2752 nullus
853 2704 970 2752 erat
981 2696 1190 2767 positus
1218 2705 1576 2761 mortuorum,
1604 2709 1705 2750 nec
1725 2703 1886 2750 antea

309 2805 412 2844 nec
442 2799 652 2860 postea,
684 2789 934 2859 congruit
971 2797 1160 2843 uterus
1199 2786 1425 2858 virginis
1448 2801 1555 2858 quo
1600 2795 1893 2858 conceptus

307 2888 412 2946 est,
451 2881 544 2936 ubi
571 2879 748 2936 nullus
771 2880 1066 2936 seminatus
1101 2887 1185 2934 est
1214 2878 1548 2935 mortalium.
1579 2877 1750 2934 Natus
1773 2888 1891 2935 tra-

307 2971 454 3026 ditur
467 2980 659 3026 octavo
681 2969 945 3026 Kalendas
979 2967 1283 3026 Ianuarias.
1316 2969 1397 3026 Ab
1420 2969 1510 3024 illo
1538 2983 1669 3042 ergo
1695 2970 1781 3027 die
1801 2988 1889 3028 us-

309 3077 414 3132 que
435 3062 502 3116 ad
520 3063 685 3118 istum
705 3062 1019 3134 computati,
1036 3077 1099 3118 cc
1124 3078 1225 3117 Lxx
1238 3070 1290 3118 et
1311 3077 1364 3118 γι
1391 3061 1737 3131 reperiuntur
1751 3061 1887 3130 dies,

307 3156 401 3225 qui
433 3155 709 3210 senarium
765 3169 1048 3209 numerum
1080 3153 1400 3224 quadragies
1444 3152 1622 3209 sexies
1651 3153 1890 3210 habent:

310 3261 419 3316 quo
446 3259 676 3300 numero
697 3259 963 3300 annorum
995 3244 1249 3315 templum
1286 3244 1606 3300 aediﬁcatum
1633 3253 1736 3312 est,
1767 3243 1894 3316 quia

313 3351 381 3393 eo
406 3349 637 3392 numero
677 3333 950 3390 senarium
987 3348 1183 3404 corpus
1213 3332 1426 3388 Domini
1463 3331 1763 3404 perfectum
1789 3341 1892 3398 est,
1922 3329 1968 3393 C

314 3430 459 3500 quod
503 3429 698 3485 mortis
738 3427 992 3500 passione
1016 3427 1368 3491 destructum,
1397 3427 1575 3482 triduo
1601 3425 1894 3481 resuscita-

311 3518 411 3574 vit.
440 3518 669 3575 Dicebat
705 3517 854 3573 enim
879 3517 984 3573 hoc
1011 3516 1078 3573 de
1122 3514 1320 3586 templo
1347 3516 1590 3584 corporis
1619 3515 1724 3580 sui,
1755 3515 1899 3570 sicut

321 3609 733 3666 cvidentissimo
767 3616 822 3664 et
858 3587 1250 3664 robustissimo'
1280 3605 1693 3677 Evangeliorum
1747 3605 1898 3660 testi-

320 3699 502 3754 monio
553 3695 881 3752 declaratur.
935 3713 954 3748 ι
1007 3693 1133 3750 Haec
1177 3693 1527 3764 Augustinus.
1583 3693 1658 3749 De
1701 3703 1900 3749 caetero

318 3799 495 3844 autem
521 3787 656 3842 illud
684 3785 1001 3842 intuendum
1035 3793 1137 3849 est,
1164 3800 1327 3855 quam
1364 3799 1600 3855 congrue
1633 3785 1774 3840 idem
1802 3799 1900 3840 nu-

320 3898 499 3938 merus
531 3882 720 3937 forma:
768 3887 969 3935 sancta:
995 3879 1174 3934 crucis
1195 3877 1501 3942 conveniat,
1531 3877 1585 3932 in
1632 3893 1736 3948 qua
1764 3886 1902 3932 tem-

319 3971 461 4041 plum
506 3968 776 4024 Dominici
822 3967 1115 4038 corporisa
1144 3966 1341 4022 Judaeis
1388 3967 1716 4031 solvebatur,
1752 3975 1806 4021 et
1830 3967 1900 4023 ab

323 4063 436 4130 ipso
463 4060 693 4115 Domino
718 4057 1147 4114 resuscitandum
1174 4057 1486 4128 parabatur.
1517 4056 1599 4111 Ad
1627 4057 1728 4112 hoc
1753 4059 1900 4113 enim

323 4151 467 4205 venit
493 4149 766 4214 Christus,
796 4157 858 4204 ut
885 4148 938 4203 in
961 4159 1126 4204 carne
1147 4162 1306 4217 quam
1332 4162 1433 4217 pro
1476 4147 1660 4201 mundi
1691 4147 1902 4202 redem-

321 4242 501 4310 ptione
526 4245 843 4309 susceperat
867 4245 1204 4302 moreretur;
1231 4235 1298 4291 ad
1328 4236 1429 4291 hoc
1456 4243 1704 4290 mortuus
1718 4242 1824 4301 est,
1843 4241 1903 4290 ut

324 4335 375 4387 in
411 4335 526 4404 ipsa
560 4338 888 4402 resurgeret.
943 4328 1280 4400 Quapropter
1330 4326 1528 4382 intueri
1566 4325 1717 4392 libet,
1761 4340 1899 4396 quo-

327 4423 481 4477 modo
509 4430 841 4476 memoratus
878 4433 1157 4483 numerus,
1187 4417 1242 4472 id
1270 4425 1376 4482 est,
1411 4431 1472 4471 cc
1509 4431 1636 4480 ιιι,
1667 4423 1724 4470 et
1748 4430 1822 4481 vr,
1846 4415 1901 4470 in

325 4522 556 4581 quatuor
574 4519 758 4583 partes
783 4510 1012 4575 divisus,
1039 4523 1241 4565 cornua
1269 4516 1469 4564 sanctae
1493 4507 1672 4564 crucis
1690 4507 1903 4562 univer-

326 4601 507 4655 saliter
556 4600 849 4670 exprimat,
885 4607 943 4654 et
985 4614 1083 4669 per
1128 4597 1338 4670 singula
1385 4597 1566 4653 crucis
1611 4597 1900 4668 imaginem

328 4689 581 4760 proferat.
617 4707 684 4746 ιι
714 4691 857 4746 enim
890 4699 948 4747 et
988 4707 1042 4746 ix
1074 4691 1127 4745 in
1163 4705 1486 4762 unoquoque
1525 4705 1694 4746 cornu
1727 4691 1904 4745 consi-
1931 4681 1982 4740 D

327 4790 494 4847 stunt,
516 4782 661 4852 quod
687 4783 851 4838 etiam
881 4798 988 4839 non
1009 4782 1288 4854 ‘discrepat
1310 4799 1340 4838 a
1359 4783 1654 4855 superioris
1679 4783 1901 4839 rationis

330 4870 679 4930 similitudine
701 4915 714 4940 ,
748 4890 856 4947 qua
885 4875 1088 4932 dictum
1114 4885 1199 4932 est
1238 4891 1300 4932 cc
1328 4891 1487 4932 uxvr
1515 4892 1818 4940 numerum,
1846 4891 1895 4930 ix

783 5788 1054 5847 PATBOL.
1109 5780 1294 5844 CVll.

1989 2071 2172 2124 dantes
2205 2079 2252 2123 et
2287 2067 2639 2139 gloriﬁcantes
2668 2065 2836 2120 Deum
2883 2067 2940 2118 in
2969 2066 3210 2118 omnibus
3239 2079 3359 2136 quin
3388 2063 3575 2118 audie-

1991 2167 2109 2212 rant
2131 2168 2178 2212 et
2201 2157 2460 2222 viderant,
2491 2155 2624 2210 sicut
2651 2156 2846 2210 dictum
2868 2165 2944 2210 est
2969 2155 3040 2209 ad
3076 2153 3216 2209 illos.

2063 2250 2307 2317 Quatuor
2334 2263 2464 2318 ergo
2494 2262 2685 2302 cruces
2713 2246 2766 2302 in
2812 2247 2916 2302 hac
2942 2246 3164 2317 pagina,
3202 2259 3301 2316 per
3343 2254 3577 2317 quatuor

1991 2339 2109 2395 loca
2131 2340 2288 2410 picta:
2318 2346 2482 2408 atque
2526 2337 2850 2407 conscripta:
2878 2346 3026 2402 sunt,
3069 2337 3173 2392 hoc
3207 2336 3368 2392 modo
3411 2355 3423 2391 :
3460 2335 3576 2392 lon-

1993 2427 2178 2500 gitudo
2193 2428 2336 2484 enim
2362 2427 2541 2482 crucis
2564 2424 2984 2496 uniuscujusque
3007 2442 3037 2480 a
3064 2440 3277 2480 summo
3297 2426 3572 2489 deorsum,

1993 2520 2169 2576 tribus
2190 2519 2347 2575 lineis
2386 2518 2701 2589 singillatim
2727 2518 2968 2589 legendis
3014 2517 3368 2582 descendens,
3407 2532 3578 2572 unum

1995 2628 2209 2668 versum
2239 2612 2484 2667 continet
2524 2627 2690 2666 xxxrx
2733 2610 3068 2676 litterarum;
3099 2609 3349 2666 similiter
3371 2609 3423 2664 in
3454 2608 3578 2664 lati-

1996 2701 2179 2755 tudine
2205 2715 2303 2771 per
2326 2709 2716 2765 transversum,
2749 2707 2861 2754 tres
2881 2699 3036 2755 linea:
3055 2713 3086 2753 a
3110 2699 3329 2754 sinistra
3358 2698 3414 2753 in
3441 2698 3575 2753 dex-

1997 2799 2166 2845 teram
2214 2790 2499 2845 tendentes
2523 2828 2539 2856 ,
2578 2804 2745 2844 unum
2773 2803 2990 2844 versum
3025 2788 3251 2854 faciunt,
3283 2797 3339 2844 et
3369 2787 3443 2842 ita
3494 2786 3577 2852 ﬁt,

1995 2889 2054 2936 ut
2079 2880 2276 2937 littera:
2312 2895 2432 2950 qua:
2462 2879 2514 2934 in
2543 2879 2722 2934 medio
2759 2878 2942 2936 crucis
2972 2887 3118 2944 sunt,
3157 2879 3376 2949 utrique
3396 2879 3579 2934 versui

1996 2988 2314 3029 communes
2356 2979 2499 3037 sunt,
2531 2971 2882 3035 novenarium
2909 2969 3216 3039 exprimant
3257 2983 3575 3036 numerum;

1997 3067 2101 3123 illa;
2126 3081 2256 3122 vero
2285 3080 2406 3135 qua:
2431 3063 2487 3118 in
2523 3063 2780 3118 cornibus
2815 3059 3212 3131 circumposita:
3249 3067 3395 3125 sunt,
3423 3074 3584 3116 sexa-

1996 3157 2298 3230 genarium.
2325 3155 2422 3210 Est
2440 3161 2622 3210 autem
2636 3167 2827 3208 versus
2856 3152 2945 3207 hic
2965 3149 3020 3206 in
3042 3150 3378 3222 longitudine
3403 3150 3585 3207 crucis

1998 3263 2264 3322 supremae
2286 3261 2448 3300 xxxix
2479 3244 2786 3300 litterarum
2819 3259 2833 3298 :

2123 3359 2296 3412 Forma
2319 3365 2506 3410 sacrata
2531 3357 2691 3408 crucis
2712 3355 2993 3407 venerando
3016 3353 3176 3418 fulget
3189 3355 3390 3406 amictu.

1999 3463 2060 3520 lu
2085 3462 2370 3519 latitudine
2396 3474 2530 3516 vero
2552 3459 2656 3515 iste
2685 3458 2908 3514 totidem
2937 3457 3242 3513 litterarum
3269 3475 3282 3512 :

2124 3577 2333 3640 Magnus
2354 3575 2503 3626 vestit
2527 3573 2679 3622 honor
2705 3569 2849 3622 laetus
2867 3569 3040 3633 loquor
3065 3569 3159 3620 hoc
3176 3569 3378 3620 nationi.

1997 3681 2059 3736 In
2091 3680 2198 3735 ﬁne
2234 3678 2432 3750 quippe
2452 3675 2651 3742 crucis,
2683 3675 2739 3730 in
2762 3674 3096 3746 longitudine
3126 3672 3216 3729 hic
3245 3687 3435 3728 versus
3464 3680 3579 3727 est:

2125 3793 2354 3857 Corporis
2377 3804 2474 3854 ego
2495 3790 2622 3841 sacri
2643 3787 2939 3838 constructio
2961 3787 3012 3837 in
3044 3787 3152 3835 arte
3173 3783 3339 3835 beata.

2001 3897 2060 3954 In
2088 3897 2369 3954 latitudine
2402 3910 2616 3968 quoque
2638 3893 2740 3950 iste
2764 3907 2779 3948 :

2124 4008 2371 4060 Enumero
2394 4008 2584 4057 radians
2605 4018 2700 4070 qua
2722 4006 2852 4055 intus
2875 4003 3045 4066 probat
3081 4003 3196 4054 lisse
3228 4001 3394 4052 beate.

2002 4112 2074 4166 At
2128 4111 2182 4165 in
2210 4111 2413 4165 dextra:
2444 4109 2627 4165 crucis
2671 4107 3006 4179 longitudine
3051 4105 3142 4160 hic
3188 4102 3446 4176 legendus
3496 4109 3586 4159 est

2001 4218 2193 4258 versus
2218 4220 2230 4255 ε

2128 4293 2264 4343 Nunc
2286 4303 2451 4341 mnam
2476 4300 2525 4342 at
2549 4303 2758 4342 exorans
2780 4289 2942 4340 iesum
2963 4287 3148 4338 abdere
3170 4293 3221 4338 et
3243 4285 3334 4336 uda
3357 4287 3512 4351 piare.

2001 4378 2070 4433 Et
2098 4377 2153 4433 in
2181 4376 2462 4431 latitudine
2486 4376 2588 4431 iste
2611 4391 2627 4428 :

2125 4467 2251 4519 Vera
2276 4467 2406 4517 salus
2429 4469 2516 4518 ista
2541 4473 2620 4517 est
2639 4464 2917 4516 benedictio
2939 4472 3104 4514 sancta
3127 4462 3322 4513 salutis.

2000 4553 2134 4609 Nam
2163 4552 2214 4607 in
2245 4551 2480 4608 sinistra:
2503 4551 2680 4607 crucis
2714 4549 3046 4620 longitudine
3072 4549 3196 4604 talis
3231 4555 3316 4602 est
3343 4561 3534 4603 versus
3559 4563 3576 4602 :

2135 4666 2188 4716 ln
2215 4673 2316 4716 toto
2334 4668 2440 4728 ipse
2465 4677 2667 4714 manens
2689 4667 2830 4712 tenet
2856 4663 3060 4724 ipseque
3086 4659 3267 4710 vivitin
3286 4658 3434 4708 omni.

2007 4775 2184 4843 Atque
2211 4774 2264 4828 in
2290 4771 2573 4827 latitudine
2595 4769 2717 4823 talis
2743 4785 2756 4821 :

2135 4881 2263 4931 l-‘ons
2286 4881 2516 4933 bonitatis
2537 4891 2667 4929 amor
2689 4879 2940 4942 pietasque
2964 4875 3239 4938 redemptio
3263 4883 3398 4926 vera.
