4002 6204
226 277 329 334 εξι

1277 278 1365 333 DE
1401 274 1744 336 LAUDIBUS
1783 279 1842 337 S.
1881 280 2155 339 CRUCIS.
2193 310 2271 326 --
2304 282 2433 339 LIB.
2473 283 2519 339 Ι.

1426 388 1945 453 DECLARATIO
1988 392 2333 459 FIGURAE.

301 561 784 632 Quadragenarius
828 561 1009 629 itaque
1049 572 1310 614 numerus
1352 560 1646 615 secundum
1676 560 1822 617 hunc
1849 573 1902 632 Α
1928 582 2049 622 rum
2076 568 2486 638 quatlripartitis
2513 568 2722 625 vicibus
2747 578 3011 638 currunt;
3042 580 3097 627 et
3136 572 3369 630 mundus
3403 575 3521 647 ipse

230 656 453 711 modum
485 652 720 724 speciem
763 652 941 706 amcis
989 649 1213 715 l'ormat,
1255 656 1308 706 et
1353 651 1596 723 mysterii
1645 666 1833 709 sacra-

231 756 480 803 mentum
522 758 763 815 congrua
791 742 1144 813 dispositione
1173 741 1453 798 declarat:
1482 744 1574 813 qui
1603 744 1656 799 in
1691 740 1829 813 qua;

234 851 360 895 tuor
397 852 643 893 summas
668 836 898 899 divisus,
925 834 1206 890 denarium
1236 849 1335 906 per
1363 834 1606 905 singulas
1626 834 1835 893 ordine

232 929 527 986 manifesto
550 927 914 982 demonstrat.
953 925 1066 981 lloc
1094 925 1240 981 enim
1268 925 1336 979 ad
1367 927 1682 997 mysterium
1713 942 1837 998 per-

234 1027 393 1092 tinet,
435 1025 567 1097 quia
595 1023 737 1079 sicut
765 1023 819 1076 in
868 1028 1102 1089 quatuor
1142 1020 1394 1090 partibus
1430 1019 1639 1075 denarii
1667 1019 1838 1091 pleni-

235 1116 367 1170 tudo
393 1114 692 1177 invenitur,
716 1112 794 1166 ita
826 1111 991 1165 etiam
1023 1110 1078 1163 in
1104 1107 1331 1180 singulis
1357 1110 1530 1164 sancti
1558 1110 1833 1182 Evangelii

232 1204 391 1259 libris
425 1200 670 1273 decalogi
718 1198 981 1272 perfectio
1016 1199 1269 1254 omnibus
1304 1198 1552 1254 ﬁdelibus
1597 1199 1838 1254 insinua-

232 1307 344 1352 tur.
372 1295 505 1364 Qua:
535 1302 719 1349 tamen
751 1292 955 1362 junctae
985 1290 1216 1345 decades
1259 1306 1423 1346 unam
1451 1291 1687 1361 speciem
1714 1302 1838 1346 cru-

233 1388 319 1444 cis
344 1387 585 1452 faciant,
611 1387 739 1456 quia
775 1385 1040 1439 unitatem
1079 1382 1203 1438 ﬁdei
1247 1391 1303 1439 et
1336 1383 1638 1440 dilectionis
1666 1384 1839 1440 socie-

234 1490 434 1546 tatem,
471 1478 759 1548 decalogus
783 1476 919 1547 legis
943 1485 997 1531 et
1028 1474 1301 1547 Evangelii
1334 1475 1590 1544 majestas
1613 1491 1839 1532 concor-

233 1570 381 1626 diter
422 1576 695 1625 astruunt.
736 1565 906 1621 Porro
948 1566 1062 1636 ipse
1100 1564 1377 1631 denarius,
1427 1565 1493 1621 ab
1532 1581 1641 1622 uno
1668 1580 1838 1635 usque

233 1662 302 1717 ad
362 1668 602 1733 quatuor
630 1652 1041 1729 progrediente
1109 1670 1338 1711 numero
1404 1666 1832 1720 consummatur,

235 1750 494 1819 idemque
525 1757 586 1803 ut
617 1748 672 1802 in
715 1746 1206 1818 quadragenarium
1253 1753 1440 1815 surgat
1472 1757 1570 1815 per
1600 1752 1836 1814 quatuor

234 1841 651 1911 multiplicatur,
695 1840 800 1895 hoc
858 1837 1114 1892 nimirum
1161 1835 1463 1908 signiﬁcat,
1510 1836 1655 1906 quod
1702 1835 1836 1907 legis

1936 666 2168 728 quatuor
2196 656 2441 727 partibus
2479 658 2819 725 terminatur,
2848 676 2985 731 quas
3013 660 3304 732 aliquando
3333 674 3523 723 vento-

1937 762 2059 801 rum
2105 747 2325 802 nomine
2371 745 2653 817 Scriptura
2685 758 3098 816 commemorat,
3127 750 3195 806 ab
3225 753 3435 808 oriente
3468 762 3526 810 et

1936 836 2238 901 occidente,
2280 838 2348 891 ab
2377 838 2631 908 aquilone
2675 846 2730 892 et
2778 838 3024 895 meridie.
3058 838 3139 894 Ad
3180 842 3326 897 hunc
3358 843 3525 915 igitur

1935 928 2228 993 mundum,
2272 928 2340 982 ad
2382 929 2540 984 istam
2588 936 2859 984 terrenam
2917 931 3309 1001 mortalemque
3353 934 3523 989 vitam

1937 1018 2239 1084 hominum,
2269 1020 2336 1074 ad
2365 1035 2466 1075 nos
2489 1021 2752 1090 regendos
2783 1020 2836 1075 in
2866 1023 3162 1077 tentatione
3192 1022 3524 1091 laborantes,

1937 1114 2243 1169 venientem
2290 1128 2473 1187 regem
2535 1112 2811 1169 Christum
2873 1114 3157 1171 Mattbzeus
3224 1115 3526 1186 suscipiens

1938 1218 2164 1258 exorsus
2186 1210 2271 1258 est
2299 1204 2366 1258 ab
2394 1203 2692 1269 Abraham,
2721 1213 2777 1258 et
2800 1206 3137 1260 enumeravit
3170 1205 3527 1277 quadraginta

1938 1293 2205 1349 homines.
2240 1293 2324 1349 Ab
2353 1293 2468 1363 ipsa
2499 1294 2644 1348 enim
2685 1302 2843 1365 gente
2878 1294 3252 1360 Hebraeorum,
3278 1312 3397 1365 qua:
3426 1310 3531 1350 cie-

1941 1386 2073 1440 teris
2102 1385 2351 1456 gentibus
2395 1392 2453 1439 ut
2488 1384 2930 1455 distingueretur,
2962 1384 3105 1440 Deus
3131 1385 3196 1441 de
3227 1393 3368 1440 terra
3402 1400 3522 1449 sua,

1938 1484 1995 1530 et
2033 1476 2100 1530 de
2148 1475 2473 1546 cognatione
2515 1490 2610 1529 sua
2647 1475 2920 1545 separavit
2947 1474 3241 1530 Abraham.
3278 1474 3529 1530 Christus

1939 1567 2088 1622 venit
2131 1568 2186 1621 in
2213 1581 2398 1630 carne,
2425 1575 2481 1621 et
2506 1567 2574 1622 ab
2617 1566 2732 1635 ipsa
2763 1574 2957 1621 cuncto
2984 1566 3186 1622 mundo
3229 1566 3523 1621 salutarem

1940 1659 2159 1729 pertulit
2188 1673 2427 1712 crucem.
2457 1657 2512 1710 In
2544 1657 2648 1711 hoc
2690 1671 2953 1709 annorum
2984 1656 3216 1710 termino
3254 1654 3407 1710 Isaac
3440 1670 3528 1710 so-

1940 1752 2081 1806 ciata
2107 1755 2189 1805 est
2221 1750 2466 1804 Rebecca
2498 1756 2553 1802 et
2592 1762 2691 1817 per
2733 1747 2901 1817 ipsius
2929 1747 3139 1801 numeri
3186 1747 3525 1818 mysterium.

1940 1841 2157 1897 Christo
2185 1840 2499 1909 accopulata
2530 1847 2613 1894 est
2637 1838 2900 1893 Ecclesia.
2928 1838 3040 1893 lloc
3063 1852 3291 1893 numero
3320 1839 3528 1895 dierum

233 1932 635 1989 consummatio
659 1944 766 1985 non
793 1929 910 1984 sine
935 1927 1226 1999 Evangelio
1254 1926 1368 1993 ﬁat,
1400 1941 1499 1983 nec
1522 1926 1833 1997 evangelica
1870 1953 1913 2012 Β
1942 1931 2093 1985 missi
2121 1930 2401 1985 duodecim
2424 1929 2526 1983 viri
2555 1928 2975 2000 exploraverunt
3000 1937 3201 1983 terram
3241 1931 3533 2000 repromis-

233 2023 485 2079 doctrina
513 2020 860 2077 attestatione
889 2019 1026 2091 legis
1053 2027 1259 2074 careat.
1284 2016 1438 2073 Finis
1474 2017 1613 2073 enim
1643 2028 1690 2073 et
1719 2034 1839 2089 per-

236 2111 393 2181 fectio
435 2109 566 2181 legis
593 2108 835 2164 Christus
868 2107 938 2161 ad
960 2107 1228 2177 justitiam
1256 2109 1399 2161 omni
1428 2107 1683 2161 credenti.
1718 2107 1839 2177 Ipse

234 2211 309 2255 est
333 2200 476 2255 enim
506 2217 611 2270 pax
649 2208 849 2264 nostra,
885 2198 976 2269 qui
1011 2197 1132 2267 fecit
1174 2207 1399 2267 utraque
1444 2214 1628 2263 unum,
1657 2205 1706 2251 et
1735 2213 1841 2251 me-

235 2290 383 2344 dium
420 2291 675 2360 parietem
709 2289 951 2343 maceria:
976 2288 1199 2353 solvens,
1231 2287 1562 2342 inimicitiam
1592 2289 1646 2343 in
1681 2305 1839 2342 carne

235 2397 336 2435 sua
367 2393 386 2432 :
412 2379 577 2450 legem
622 2380 993 2433 mandatorum
1035 2378 1257 2433 decretis
1287 2395 1568 2445 evacuans,
1610 2388 1665 2432 ut
1706 2378 1840 2432 duos

236 2469 434 2524 condat
472 2470 529 2522 in
576 2469 868 2539 semetipso,
909 2469 965 2522 in
996 2484 1159 2522 unum
1204 2483 1392 2523 novum
1432 2467 1731 2532 hominem,
1757 2466 1830 2537 fa-

237 2561 380 2615 ciens
407 2576 613 2630 pacem,
636 2568 691 2612 ut
720 2560 1014 2614 reconciliet
1038 2560 1217 2614 ambos
1238 2559 1294 2613 in
1316 2576 1420 2613 uno
1442 2575 1679 2629 corpore,
1706 2557 1837 2625 Deo,

236 2672 334 2728 per
360 2670 571 2711 crucem
599 2654 917 2710 interﬁciens
947 2653 1250 2707 inimicitias
1291 2654 1346 2707 in
1374 2653 1669 2723 semetipso.
1699 2651 1837 2721 Quia

234 2764 372 2821 ergo
401 2762 659 2803 numerus
706 2748 813 2803 iste
840 2745 1097 2802 laboriosi
1139 2743 1301 2813 hujus
1345 2745 1605 2815 temporis
1649 2758 1835 2799 sacra-

237 2847 489 2894 mentum
534 2845 651 2903 est,
683 2852 790 2908 quo
833 2836 934 2891 sub
969 2835 1257 2907 disciplina
1297 2835 1441 2905 regis
1485 2833 1687 2889 Christi
1737 2833 1834 2888 ad-

237 2942 435 2984 versus
479 2927 747 2983 diabolum
809 2925 1165 2991 dimicamus,
1208 2925 1373 2980 etiam
1411 2924 1651 2980 declarat
1703 2923 1834 2979 illud

235 3018 388 3088 quod
407 3012 764 3089 quadraginta
789 3016 999 3071 dierum
1015 3015 1221 3084 jejunio
1246 3013 1621 3070 bumiliatione
1642 3013 1835 3068 anitum

236 3112 613 3174 consecravit;
637 3121 691 3165 et
714 3109 800 3164 lex
823 3118 880 3164 et
900 3108 1177 3179 propheta:
1197 3121 1294 3178 per
1318 3104 1541 3179 Moysen
1561 3113 1618 3161 ct
1637 3104 1831 3179 Eliam,

236 3203 338 3273 qui
368 3201 727 3272 quadragenis
757 3178 948 3254 diebus
969 3178 1371 3267 jejunaverunt,
1398 3178 1454 3251 et
1481 3178 1835 3266 Evangelium

1942 2025 2131 2089 sionis,
2171 2032 2228 2078 et
2260 2023 2451 2078 eodem
2499 2035 2763 2076 annorum
2825 2034 3053 2075 numero
3111 2006 3359 2090 castigati
3407 2029 3537 2076 sunt

1943 2112 2200 2169 increduli
2224 2124 2280 2169 et
2304 2113 2643 2168 detractores
2665 2111 2717 2165 in
2745 2110 3029 2166 sterilitate
3056 2110 3380 2174 solitudinis,
3404 2111 3533 2181 quia

1941 2204 2084 2276 stupe
2126 2220 2223 2276 per
2265 2204 2548 2274 przesentis
2594 2203 2718 2257 vita:
2765 2202 3004 2257 laborem
3030 2241 3045 2267 ,
3076 2215 3184 2271 quo
3232 2188 3536 2271 probantur

1941 2297 2138 2361 electi,
2185 2296 2502 2351 cruciantur
2559 2292 2795 2364 reprobi.
2846 2292 2976 2347 Item
3022 2293 3320 2347 secundum
3370 2292 3533 2361 hujus

1944 2389 2152 2443 numeri
2181 2388 2545 2450 medietatem,
2571 2385 2625 2441 id
2652 2393 2755 2449 est,
2786 2402 2816 2439 a
2849 2384 3040 2455 viginti
3069 2383 3226 2438 annis
3260 2384 3534 2453 eligeban~

1944 2489 2032 2534 tur
2061 2480 2155 2535 ﬁlii
2200 2479 2365 2534 Israel
2407 2480 2460 2532 in
2498 2477 2746 2531 militiam
2792 2474 3005 2530 Domini
3057 2475 3138 2547 (ut
3178 2474 3531 2530 Pentateuchi

1943 2578 2129 2626 narrat
2155 2568 2407 2639 historia)
2444 2577 2505 2622 ut
2548 2566 2931 2621 ostenderetur
2958 2566 3085 2635 quia
3134 2579 3261 2619 mox
3305 2572 3366 2619 ut
3402 2565 3534 2620 oriri

1941 2669 2228 2732 cmperunt
2257 2660 2459 2715 sanctis
2485 2657 2624 2713 bella
2656 2657 2937 2719 vitiorum,
2970 2670 3078 2710 non
3124 2670 3322 2727 parvus
3347 2656 3532 2710 statim

1941 2757 2095 2811 adest
2118 2754 2271 2809 labor
2297 2752 2655 2809 certaminum
2684 2769 2698 2805 :
2725 2750 2828 2817 Qui
2858 2759 3034 2804 autem
3060 2757 3183 2803 sunt
3211 2746 3430 2815 Christi,
3460 2749 3535 2804 ait

1938 2844 2260 2916 Apostolus,
2291 2858 2499 2897 carnem
2538 2857 2691 2896 suam
2732 2840 3107 2910 cruciﬁxerunt
3147 2854 3265 2892 cum
3301 2838 3439 2893 vitiis
3484 2847 3535 2893 et

1939 2922 2391 3005 concupiscentiis.
2424 2930 2642 2986 Metitur
2663 2944 2796 3002 ergo
2820 2930 2909 2985 hic
2937 2943 3202 2983 numerus
3232 2927 3530 2983 secundum

1940 3025 2258 3097 positionem
2289 3031 2491 3078 sancta:
2514 3021 2694 3077 crucis
2723 3020 2777 3074 in
2805 3020 3006 3088 templo
3035 3017 3381 3098 Salomonico
3409 3033 3537 3073 san-

1940 3122 2026 3172 cta
2054 3122 2389 3178 sanctorum,
2419 3112 2473 3166 id
2502 3119 2606 3175 est,
2633 3110 2824 3182 viginti
2852 3110 3066 3165 cubitos
3090 3109 3142 3163 in
3176 3107 3532 3179 longitudine,

1933 3204 1994 3263 ‘et
2024 3206 2211 3280 viginti
2259 3205 2471 3261 cubitos
2517 3204 2570 3258 in
2620 3200 2922 3266 latitudine,
2960 3208 3020 3255 ut
3057 3198 3375 3255 ostendatur
3418 3199 3540 3271 ipse

233 3313 342 3368 per
366 3296 537 3368 ipsius
570 3296 777 3350 Domini
797 3294 1083 3366 jejunium,
1110 3292 1307 3363 quibus
1332 3292 1692 3363 quadraginta
1720 3291 1836 3347 die-
1862 3309 1908 3373 ρ
1939 3312 2061 3354 esse
2105 3304 2325 3352 sanctus
2368 3301 2703 3358 sanctorum,
2755 3291 2846 3361 qui
2897 3291 2951 3346 in
2997 3290 3177 3346 crucis
3218 3288 3536 3360 quadriﬁdas

235 3389 351 3441 bus
395 3384 558 3439 etiam
596 3385 905 3439 tentabatur
945 3398 976 3436 a
1022 3379 1256 3445 diabolo,
1305 3380 1434 3450 quid
1482 3378 1628 3435 aliud
1672 3395 1835 3450 quam

234 3492 412 3533 omne
457 3476 611 3547 hujus
656 3473 838 3530 seculi
871 3482 1084 3544 tempus
1118 3472 1474 3527 tentationem
1506 3478 1748 3525 nostram
1780 3469 1834 3523 in

233 3582 417 3624 carne
449 3581 577 3631 sua,
617 3581 779 3635 quam
830 3564 899 3618 de
946 3571 1131 3617 nostra
1188 3559 1521 3616 mortalitate
1559 3571 1837 3614 assumere

232 3660 502 3731 dignatus
522 3668 621 3722 est,
646 3655 985 3728 prreligurat?
1006 3653 1090 3707 Ab
1112 3654 1242 3708 hora
1267 3666 1481 3721 quoque
1506 3651 1696 3706 mortis
1717 3651 1836 3719 ejus

234 3765 424 3822 usque
467 3750 533 3805 ad
583 3748 875 3805 diluculum
922 3746 1339 3801 resurrectionis
1388 3750 1640 3799 constant
1689 3743 1837 3799 hora:

233 3843 636 3915 quadraginta,
665 3841 710 3896 si
754 3842 868 3910 ipsa
911 3854 1054 3894 nona
1095 3846 1550 3901 connumeretur;
1578 3844 1701 3906 post
1743 3850 1837 3891 re—

232 3932 641 3990 surrectionem
666 3944 881 3999 quoque
924 3941 1032 3982 non
1075 3925 1305 3995 amplius
1344 3940 1506 3996 quam
1551 3925 1669 3980 dies
1696 3938 1835 3994 qua-

234 4021 500 4093 draginta
540 4036 662 4076 cum
703 4017 983 4087 discipulis
1032 4016 1087 4071 in
1136 4017 1241 4071 hac
1289 4021 1437 4070 terra
1480 4028 1603 4070 esse
1645 4012 1831 4067 voluit.

235 4115 391 4171 Hinc
419 4129 601 4169 eorum
627 4113 749 4181 vita:
776 4111 954 4165 adhuc
978 4110 1216 4165 humana
1243 4106 1659 4164 conversatione
1685 4121 1837 4161 com-

234 4206 470 4268 mistus,
519 4211 573 4257 et
616 4218 737 4258 cum
769 4200 875 4256 illis
919 4199 1176 4254 alimenta
1226 4197 1536 4253 mortalium
1569 4194 1684 4265 jam
1727 4211 1836 4252 non

233 4297 548 4353 moriturus
574 4294 868 4366 accipiens,
914 4301 975 4347 ut
1016 4308 1112 4363 per
1140 4291 1285 4362 ipsos
1319 4289 1677 4362 quadraginta
1722 4290 1840 4347 dies

231 4384 582 4458 signiﬁcaret
623 4398 685 4439 se
729 4381 945 4438 occulta
985 4380 1273 4452 praesentia
1319 4378 1464 4450 quod
1508 4378 1839 4449 promiserat

234 4480 633 4551 impleturum,
668 4476 884 4547 quando
933 4473 1050 4528 ait:
1088 4470 1225 4526 Ecce
1271 4487 1363 4541 ego
1412 4469 1680 4524 vobiscum
1719 4484 1838 4523 sum

234 4589 408 4644 usque
454 4571 523 4625 ad
568 4570 1069 4627 consummationem
1116 4565 1317 4622 swculi.
1358 4564 1469 4621 Cur
1503 4570 1687 4619 autem
1737 4563 1838 4619 iste

1938 3387 2184 3443 conﬁxus
2211 3393 2294 3441 est
2325 3384 2527 3455 stipite,
2560 3390 2621 3437 ut
2651 3397 2709 3438 re
2750 3381 3070 3453 propitiaret
3096 3380 3290 3436 delicta
3326 3379 3531 3450 populi,

1937 3487 1994 3535 ct
2034 3474 2399 3534 sanctiﬁcaret
2440 3474 2609 3532 totius
2653 3474 2801 3530 orbis
2839 3482 3050 3545 gentes,
3088 3472 3343 3529 habitans
3386 3474 3535 3527 inter

1936 3588 2031 3627 eos
2060 3579 2114 3625 et
2158 3570 2375 3625 salvans
2418 3578 2608 3623 Omnes
2651 3566 2933 3622 credentes
2974 3566 3027 3621 in
3071 3580 3151 3621 se.
3181 3565 3371 3620 Merito
3400 3578 3533 3636 ergo

1938 3679 2073 3719 crux
2097 3662 2213 3733 ipsa
2243 3669 2430 3716 sancta
2459 3667 2771 3714 sanctorum
2802 3656 2907 3713 dici
2941 3664 3143 3727 potest,
3172 3672 3293 3727 quae
3323 3656 3391 3711 ab
3413 3671 3535 3712 om-

1938 3757 2098 3812 nibus
2132 3756 2336 3811 sanctis
2377 3753 2431 3808 in
2464 3762 2610 3808 terra
2637 3762 2931 3807 veneratur
2964 3760 3016 3806 et
3048 3751 3265 3816 colitur,
3293 3763 3395 3805 nec
3421 3763 3531 3803 non

1937 3856 1993 3902 et
2029 3848 2098 3903 ab
2142 3844 2275 3914 ipsis
2311 3844 2514 3899 sanctis
2552 3842 2835 3914 spiritibus
2876 3842 3161 3913 angelicis,
3201 3842 3293 3913 qui
3329 3839 3397 3895 de
3439 3854 3531 3894 re-

1938 3936 2246 4005 demptione
2275 3945 2461 3990 nostra
2496 3932 2852 4002 gratulantur,
2880 3933 3027 3987 omni
3063 3933 3269 3988 honore
3305 3930 3388 4002 (ut
3415 3943 3535 3985 cre-

1938 4029 2136 4101 dimus)
2165 4027 2326 4099 digna
2375 4026 2686 4096 deputatur,
2711 4025 2805 4095 qui
2849 4025 3205 4080 recordamur
3249 4022 3533 4079 Christum

1938 4130 2158 4193 propter
2201 4123 2564 4179 obedientiam
2607 4122 2786 4177 crucis
2824 4120 3140 4183 exaltatum,
3172 4129 3228 4176 et
3270 4117 3531 4179 traditum

1940 4213 2014 4267 illi
2046 4228 2268 4279 nomen,
2303 4213 2448 4282 quod
2490 4219 2576 4267 est
2603 4226 2766 4281 super
2790 4225 2957 4265 omne
2979 4224 3202 4275 nomen,
3230 4220 3287 4264 ut
3330 4209 3388 4265 in
3428 4225 3529 4264 τιον

1939 4306 2077 4359 mine
2104 4302 2269 4358 Hiesu
2290 4319 2441 4358 mune
2460 4319 2594 4374 genu
2613 4303 2853 4373 ﬂectatur
2872 4299 3178 4365 cwiestium,
3198 4300 3533 4356 terrestrium

1939 4406 1988 4449 et
2033 4394 2378 4464 infernarum.
2424 4393 2523 4448 Est
2565 4400 2745 4446 autem
2795 4390 3258 4461 quadragenarius
3304 4390 3420 4460 ipse
3469 4388 3527 4444 in

1938 4494 2174 4557 quatuor
2200 4484 2483 4556 triangulis
2506 4482 2597 4539 hic
2615 4481 3063 4552 comprehensus,
3087 4479 3534 4550 secundumgeo-

1941 4576 2182 4633 metricae
2213 4575 2400 4647 ﬁgura:
2438 4581 2783 4645 potestatem,
2820 4573 3107 4628 continens
3147 4586 3366 4633 versum
3393 4585 3529 4641 qua-

234 4677 509 4720 numerus
534 4663 674 4717 hanc
695 4658 1047 4731 temporalem
1076 4657 1239 4712 vitam
1272 4664 1652 4723 terrenamque
1677 4653 1839 4724 signi-
1863 4667 1915 4726 D
1942 4668 2187 4739 (ιι-θείαις,
2218 4667 2525 4723 [imm-mn
2552 4665 2607 4721 in
2638 4666 2784 4720 hunc
2805 4664 3022 4721 modum
3048 4681 3061 4718 ε

234 4754 394 4819 licet,
427 4752 516 4807 illa
544 4753 762 4808 interim
793 4766 957 4807 causa
988 4750 1054 4805 de
1086 4748 1332 4820 proximo
1363 4745 1623 4811 occurrit,
1650 4760 1841 4815 quam-

236 4847 329 4902 vis
355 4845 432 4902 sit
477 4844 583 4901 alia
616 4842 852 4900 fortasse
888 4842 1171 4907 secretior,
1199 4838 1343 4911 quod
1379 4846 1622 4911 tempora
1670 4853 1841 4893 anno-

2065 4779 2191 4833 Crus
2219 4791 2377 4839 sacra,
2413 4785 2463 4829 tu
2486 4780 2661 4829 sterni
2682 4790 2739 4828 es
2759 4777 2897 4841 regis
2920 4776 3119 4827 victoria
3134 4773 3336 4829 Christi.
