3994 6196
259 369 365 427 125

1310 361 1398 416 DE
1437 359 1780 418 LAUDIBUS
1819 360 1876 416 Β.
1917 359 2186 418 CRUClS.
2227 391 2296 402 —-
2330 360 2459 416 LlB.’
2498 360 2539 414 l.

3442 367 3546 424 226

1473 473 1990 538 DECLARATIO
2036 475 2384 538 FIGURAE.

331 665 460 721 Ηωο
509 661 673 735 igitur
735 657 932 731 pagina
981 657 1505 728 quinquagenarium
1570 672 1856 712 numerum
1883 659 1933 719 Α
1963 673 2042 721 ra,
2086 655 2211 726 quia
2243 663 2356 710 tota
2397 656 2536 710 ratio
2571 655 2713 711 illius
2741 657 3094 725 spiritualiter
3137 662 3286 717 cruci
3313 673 3548 734 aptatur.

262 756 524 819 continet,
557 754 613 808 in
653 750 896 822 quinque
937 747 981 802 Χ
1013 748 1210 804 litteris
1238 762 1555 817 expressum
1602 765 1615 801 :
1647 762 1770 817 quae
1802 755 1857 802 et

264 847 472 904 denarii
520 854 674 901 notat
717 855 1008 904 summam,
1033 848 1089 895 et
1112 838 1291 895 crucis
1321 838 1578 908 exprimit
1607 838 1856 910 ﬁguram,

264 942 316 996 in
359 937 518 1007 cujus
563 936 826 990 honorem
855 941 1024 988 totum
1065 946 1201 1000 opus
1231 929 1503 985 conditur.
1532 928 1631 983 llic
1651 927 1858 997 jubilzei

263 1039 416 1087 tenet
449 1026 880 1088 observantiam,
909 1032 963 1078 et
1006 1037 1152 1076 verae
1202 1019 1561 1086 remissionis,
1604 1035 1724 1089 quae
1764 1034 1860 1089 per

265 1135 487 1178 crucem
521 1127 636 1172 toto
671 1115 791 1171 orbi
831 1112 1167 1177 conceditur,
1229 1111 1388 1165 index
1423 1119 1506 1164 est
1548 1127 1561 1164 :
1615 1109 1703 1164 hic
1737 1117 1862 1178 post

271 1213 432 1286 typici
459 1210 684 1266 Pascha:
712 1205 1132 1262 celebrationem
1160 1210 1215 1258 et
1235 1203 1400 1257 occisi
1425 1201 1550 1273 agni
1576 1201 1857 1268 solemnia,

269 1303 642 1371 transitusque
660 1296 874 1352 Domini
898 1297 952 1350 in
980 1295 1233 1366 Egypto,
1263 1293 1673 1350 celeberrimam
1697 1292 1855 1350 festi-

267 1395 496 1449 vitatem
530 1390 666 1462 legis
689 1390 830 1443 data:
857 1387 910 1440 in
937 1394 1122 1440 monte
1152 1384 1300 1440 Sinai
1343 1385 1496 1440 testis
1529 1393 1642 1452 est;
1665 1393 1721 1440 et
1740 1395 1865 1457 post

267 1501 462 1540 verum
483 1481 691 1538 Pascha
721 1479 955 1552 agnique
988 1477 1190 1533 Christi
1222 1477 1664 1543 immolationem,
1697 1478 1864 1535 Para-

270 1578 399 1633 cleti
439 1590 607 1646 super
644 1572 918 1645 apostolos
973 1571 1126 1626 missi
1180 1570 1582 1627 demonstrator
1612 1581 1726 1640 est;
1772 1573 1862 1628 hic

270 1671 562 1726 sabbatum
614 1665 964 1723 sabbatorum
1021 1673 1145 1734 post
1189 1665 1603 1735 completionem
1657 1675 1860 1737 septem

228 1760 235 1766 “
269 1759 732 1815 hebdomadarum
786 1754 1018 1811 monade
1047 1753 1230 1809 addita
1261 1754 1532 1826 designat,
1565 1764 1621 1810 et
1645 1764 1863 1811 aeternae

274 1849 505 1920 requiei,
535 1863 657 1919 qua:
697 1861 824 1901 vere
866 1860 971 1899 una
1027 1852 1128 1908 est,
1163 1844 1356 1916 gaudia
1385 1846 1738 1910 demonstrat,
1770 1845 1862 1899 ubi

272 1951 420 1994 terra
470 1952 761 2010 corporum
816 1944 1129 1991 nostrorum
1175 1949 1303 1990 vere
1359 1950 1514 1990 suum
1568 1934 1864 1991 celebrabit

1959 744 2096 800 Nam
2121 744 2360 801 servitus
2382 744 2616 801 indebita
2638 745 3003 802 lsraelitarum
3032 749 3083 803 in
3118 750 3207 805 illo
3238 753 3544 825 relaxatur,

1959 844 2014 890 et
2038 850 2134 906 per
2155 851 2375 892 crucem
2405 836 2618 907 generis
2648 837 2867 890 humani
2896 840 3184 908 captivitas
3213 852 3269 898 et
3289 849 3544 917 servitus,

1960 943 2066 998 qua
2090 937 2312 998 peccato
2335 929 2584 998 nequiter
2610 937 2770 998 atque
2801 929 2958 985 idolis
2997 935 3284 1002 serviebat,
3313 938 3550 998 destrui-

1962 1027 2068 1084 tur,
2101 1028 2154 1074 et
2178 1035 2318 1074 vera:
2366 1019 2627 1086 libertati,
2666 1036 2770 1090 qua
2803 1022 2914 1078 Deo
2951 1025 3048 1080 soli
3077 1031 3332 1097 servitur,
3362 1033 3548 1101 homo,

1963 1109 2052 1179 qui
2081 1110 2146 1163 ad
2173 1109 2463 1179 imaginem
2487 1111 2578 1164 Dei
2604 1123 2820 1167 creatus
2841 1123 2946 1180 est,
2980 1118 3242 1174 redditur.
3269 1123 3323 1177 In
3348 1124 3553 1196 jubileo

1963 1215 2178 1270 quoque
2209 1201 2274 1256 ad
2307 1202 2588 1271 antiquum
2619 1218 2985 1272 possessorem
3034 1210 3247 1266 vendita
3281 1218 3551 1282 possessio

1964 1294 2276 1384 revertitur,
2309 1305 2363 1350 ct
2409 1297 2462 1351 in
2493 1298 2744 1367 passione
2773 1299 2987 1356 Domini
3017 1304 3222 1362 homini
3248 1313 3400 1380 prior
3428 1331 3552 1384 pos-

1964 1383 2154 1449 sessio,
2191 1383 2244 1438 id
2275 1393 2381 1450 est,
2409 1387 2692 1456 paradisus
2719 1388 2980 1457 redditur,
3013 1409 3174 1462 quam
3206 1412 3304 1466 per
3332 1383 3551 1469 pomum

1963 1473 2190 1528 vetitum
2236 1474 2349 1545 ipse
2380 1475 2520 1530 male
2562 1487 3016 1545 commutaverat,
3059 1499 3241 1541 escam
3283 1492 3556 1561 accipiens

1965 1573 2022 1618 et
2065 1564 2230 1621 vitam
2279 1567 2530 1638 perdens.
2580 1569 2656 1625 lbi
2710 1571 2908 1642 quippe
2957 1587 3286 1648 przeceptum
3309 1590 3394 1636 est
3429 1584 3556 1642 ﬁliis

1964 1655 2151 1724 Israel,
2179 1668 2240 1713 ut
2263 1674 2324 1715 se
2364 1660 2700 1715 abstinerent
2739 1677 2770 1716 a
2799 1664 2967 1718 rurali
2991 1681 3178 1736 Opere,
3220 1680 3274 1724 et
3304 1672 3393 1728 hic
3425 1692 3556 1731 con-

1965 1764 2178 1804 cessum
2222 1752 2424 1806 sanctis
2467 1752 2583 1818 Dei,
2631 1761 2690 1807 ut
2717 1763 2914 1810 vacent
2940 1772 2968 1808 a
2995 1766 3207 1814 terrena
3238 1763 3554 1833 cupiditate.

1963 1838 2405 1912 Clangebantque
2459 1841 2688 1898 buccina
2744 1844 2838 1899 ﬁlii
2869 1845 3032 1901 lsrael
3079 1848 3132 1904 in
3168 1851 3282 1920 ipso
3312 1853 3555 1923 jubil:eo,

1963 1932 2195 2000 septimo
2235 1947 2444 2000 mense,
2503 1933 2714 1989 decima
2751 1936 2839 1992 die
2886 1940 3112 2007 mensis,
3161 1946 3558 2015 prOpitiationis

271 2032 560 2086 sabbatum
593 2047 606 2082 :
634 2028 763 2098 quia
801 2025 947 2082 nulla
973 2025 1257 2096 prtesentis
1283 2026 1406 2081 vita:
1444 2027 1639 2081 damna
1668 2025 1863 2080 sentiet
1892 2035 1940 2094 Β
1970 2030 2210 2092 tempore
2259 2023 2313 2078 in
2364 2025 2618 2080 universa
2651 2035 2794 2082 terra
2823 2044 2946 2096 sua,
2987 2040 3042 2086 et
3080 2037 3558 2095 sanctiﬁcavernnt

271 2124 414 2178 ultra
463 2121 729 2184 laborum,
778 2118 870 2174 sed
923 2117 978 2172 in
1027 2116 1274 2172 laudibus
1317 2126 1536 2172 aeternae
1583 2115 1864 2170 Trinitatis

269 2227 430 2268 suum
484 2209 761 2265 exercebit
801 2207 1034 2263 ollicinm
1082 2225 1096 2262 :
1148 2207 1273 2276 quia
1297 2222 1408 2262 sua:
1445 2206 1866 2277 incorruptionis

267 2303 529 2376 gaudebit
576 2318 633 2358 se
685 2301 888 2357 nullum
926 2301 1126 2356 habere
1177 2302 1486 2356 terminum.
1525 2301 1866 2373 Quapropter

267 2396 466 2450 merito
484 2394 748 2463 quaeritur
784 2393 1053 2462 quomodo
1090 2392 1585 2463 quinquagenarius
1606 2408 1866 2449 numerus

266 2499 333 2539 ex
371 2498 606 2538 numero
651 2482 1080 2553 quadragenario
1130 2489 1338 2551 surgat.
1389 2483 1865 2556 Quadragenarius

267 2576 455 2645 itaque
501 2582 589 2630 est
621 2589 882 2628 numerus
910 2588 978 2628 ex
1021 2572 1129 2638 his,
1164 2574 1254 2642 qui
1296 2582 1564 2628 vocantur
1588 2573 1866 2644 impariter

266 2679 450 2735 pares,
481 2662 575 2734 qui
602 2662 862 2718 dividitur
891 2661 946 2717 in
992 2677 1176 2732 aequas
1201 2670 1403 2733 partes,
1429 2663 1694 2732 cujusque
1738 2679 1867 2732 pars

267 2756 320 2810 in
351 2755 490 2810 alias
530 2769 713 2824 aequas
742 2753 905 2810 dividi
931 2761 1130 2824 potest,
1163 2767 1265 2808 nec
1306 2768 1412 2807 non
1457 2763 1511 2807 et
1541 2762 1722 2823 partes
1743 2768 1868 2824 par-

273 2844 406 2899 tium
429 2843 767 2909 dividuntur,
796 2842 890 2899 sed
923 2858 1029 2898 non
1059 2858 1228 2913 usque
1255 2844 1322 2898 ad
1349 2843 1611 2897 unitatem
1642 2859 1867 2914 progre-

269 2934 436 2990 ditur.
460 2933 708 3004 Equalis
733 2933 825 2990 illa
850 2933 1044 2990 divisio
1065 2942 1172 2989 est.
1191 2933 1330 3005 Ergo
1343 2934 1459 3004 ejus
1482 2935 1744 2990 medietas
1771 2951 1863 3008 xx,

270 3035 464 3097 quarta
496 3041 626 3097 pars
648 3041 703 3092 χ,
727 3026 917 3096 quinta
943 3040 1073 3096 pars
1097 3041 1220 3093 vnt,
1251 3035 1444 3080 octava
1473 3040 1601 3096 pars
1622 3041 1672 3091 v,
1702 3027 1866 3083 -deci-

270 3133 355 3173 ma
400 3133 534 3189 pars
575 3134 650 3183 tv,
715 3118 972 3174 vicesima
1020 3133 1083 3184 ιι,
1131 3118 1551 3190 quadragesima
1594 3135 1633 3173 ι.
1688 3118 1866 3175 Unum

272 3211 415 3264 enim
453 3217 513 3264 et
538 3224 600 3276 ιι,
625 3217 679 3266 et
706 3225 779 3276 tv,
823 3217 878 3266 et
903 3225 956 3276 ν,
997 3217 1053 3265 et
1080 3224 1205 3275 vnt,
1228 3217 1286 3266 et
1311 3225 1366 3276 x,
1398 3219 1454 3265 et
1477 3225 1572 3275 xx,
1598 3209 1867 3280 quinqua-

273 3301 418 3370 ginta
448 3299 677 3355 faciunt.
707 3298 815 3355 Sed
841 3301 945 3355 hoc
971 3299 1366 3355 incrementum
1398 3300 1622 3355 minoris
1652 3301 1864 3357 numeri

277 3397 328 3449 in
362 3392 626 3462 majorem
680 3394 810 3464 quid
853 3391 998 3448 aliud
1042 3392 1332 3465 signiﬁcat,
1360 3407 1520 3463 quam
1556 3391 1859 3463 profectum
1887 3409 1932 3471 ρ

277 3483 555 3538 nostrum?
600 3481 957 3537 Praediximus
1017 3498 1170 3553 ergo,
1221 3483 1364 3552 quod
1400 3483 1864 3554 quadragenarius

277 3589 534 3629 numerus
569 3575 711 3628 hanc
754 3573 1105 3642 temporalem
1141 3574 1309 3628 vitam
1339 3582 1393 3628 et
1413 3583 1736 3644 praesentem
1767 3575 1866 3630 de-

277 3667 482 3737 signet;
508 3663 1007 3735 quinquagenarius
1036 3678 1165 3718 vero
1191 3664 1429 3733 quietem
1451 3664 1648 3719 futura:
1674 3665 1867 3735 patria:

277 3765 329 3810 et
349 3764 552 3812 acterna
566 3753 767 3827 gaudia
784 3753 1138 3809 demonstret.
1157 3752 1295 3820 Quid
1313 3752 1457 3808 aliud
1473 3753 1629 3809 nobis
1640 3769 1740 3824 per
1766 3755 1866 3810 hos

277 3845 408 3901 duos
453 3859 714 3902 numeros
754 3844 1074 3908 insinuatur,
1114 3845 1216 3899 nisi
1239 3853 1297 3898 ut
1319 3843 1459 3900 hanc
1483 3845 1647 3900 vitam
1678 3854 1866 3901 sancta

277 3936 633 3992 conversione
675 3935 956 3999 ducentes,
1004 3933 1338 3989 orationibus
1361 3943 1416 3989 et
1461 3933 1662 4005 vigiliis
1703 3943 1865 4004 atque

275 4029 491 4102 jejuniis
517 4029 808 4095 instantes,
848 4026 1235 4082 misericordiae
1271 4041 1488 4096 quoque
1527 4025 1784 4095 operibus
1811 4033 1866 4080 et

281 4118 990 4191 eleemosyuisinsudantes,
1021 4117 1179 4188 plena
1209 4115 1338 4181 ﬁde,
1365 4130 1459 4186 spe
1481 4115 1714 4187 integra,
1742 4130 1866 4186 per-

282 4212 414 4268 lecta
454 4213 722 4268 charitate
767 4211 836 4267 ad
858 4211 1006 4266 illam
1052 4225 1174 4282 qua:
1197 4211 1252 4266 in
1281 4210 1437 4266 ccelis
1462 4217 1742 4280 exspectat
1765 4224 1865 4264 nos

281 4305 508 4373 patriam
538 4317 931 4375 properemus:
962 4301 1054 4357 ubi
1092 4303 1249 4372 quies
1271 4310 1475 4357 aeterna
1515 4300 1720 4370 absque
1757 4299 1865 4355 ullo

280 4394 463 4452 labore
491 4396 832 4466 possidetur;
863 4393 953 4450 ubi
988 4407 1176 4449 verum
1200 4393 1456 4463 gaudium
1485 4393 1604 4447 sine
1632 4391 1738 4446 ulla
1767 4393 1864 4446 tri—

280 4486 426 4541 stitia
449 4487 791 4550 continetur;
834 4483 926 4540 ubi
955 4483 1216 4555 quidquid
1237 4482 1364 4538 boni
1385 4483 1474 4538 hic
1495 4497 1560 4538 ex
1587 4491 1738 4552 parte
1764 4482 1864 4536 ali-

281 4593 382 4648 qua
431 4577 798 4648 percepimus,
843 4584 1014 4632 totum
1063 4585 1227 4646 atque
1288 4575 1557 4647 integrum
1609 4575 1725 4630 sine
1757 4575 1863 4633 ﬁue

279 4669 608 4739 perﬁcietur.
656 4667 827 4724 Porro
865 4667 1326 4724 autem-denarius
1350 4681 1611 4722 numerus
1649 4674 1864 4722 creato-

1966 2114 2475 2186 quinquagesimum
2499 2134 2720 2185 annum,
2742 2128 2797 2174 et
2825 2136 3154 2180 vocaverunt
3181 2129 3556 2188 remissionem

1965 2207 2179 2262 cunctis
2224 2209 2620 2264 habitatoribus
2681 2219 2842 2267 terrm
2891 2229 3020 2269 suae.
3092 2217 3559 2292 lnsonueruntque

1967 2299 2096 2354 tuba
2142 2300 2546 2370 praedicationis
2596 2303 2829 2372 apostoli
2871 2313 2926 2360 et
2961 2307 3140 2362 caeteri
3175 2311 3557 2379 praedicatores

1967 2389 2270 2462 Evangelii,
2303 2391 2541 2462 Spiritus
2568 2393 2742 2448 sancti
2776 2395 2948 2465 gratia
2988 2399 3200 2467 repleti,
3231 2399 3401 2473 legem
3442 2406 3557 2474 spi-

1968 2480 2702 2553 ritualiterinterpretantes,
2725 2493 2780 2539 et
2806 2485 3060 2542 docentes
3079 2488 3133 2543 in
3159 2499 3270 2546 toto
3290 2493 3420 2548 orbe
3441 2510 3556 2566 pce-

1967 2573 2252 2627 nitentiam
2279 2583 2336 2628 et
2363 2574 2736 2630 remissionem
2780 2586 3126 2647 peccatorum
3163 2583 3411 2654 accipere
3460 2603 3558 2656 per

1969 2678 2166 2718 nomen
2191 2663 2391 2718 Christi
2423 2680 2634 2730 omnes,
2666 2667 2756 2736 qui
2783 2669 3010 2723 credunt
3039 2671 3093 2723 in
3125 2687 3270 2726 eum.
3309 2673 3557 2732 Ostendit

1969 2769 2187 2824 quoque
2234 2755 2350 2824 ipse
2377 2754 2624 2810 Salvator
2654 2757 2755 2811 hoc
2783 2773 2925 2812 vera:
2958 2760 3292 2817 remissionis
3320 2771 3554 2835 tempus,

1969 2845 2186 2916 quando
2215 2843 2480 2900 Nazarcth
2520 2847 2743 2900 veniens
2772 2847 2825 2900 in
2871 2863 3139 2921 synagoga
3166 2851 3376 2920 legebat
3406 2855 3557 2924 capi-

1969 2933 2142 2988 tulum
2171 2933 2237 2988 de
2257 2933 2393 2988 lsaia
2425 2935 2686 3005 propheta
2712 2936 2780 2989 ad
2819 2950 2876 2991 se
2902 2938 3180 3006 pertinens
3227 2941 3301 2996 ita
3325 2941 3509 2998 dicens
3540 2959 3556 2998 :

1970 3020 2202 3092 Spiritus
2241 3023 2451 3078 Domini
2480 3041 2636 3095 super
2677 3041 2777 3090 me,
2807 3041 2867 3078 eo
2907 3027 3046 3097 quod
3072 3030 3223 3082 unxit
3267 3048 3367 3096 me,
3402 3049 3560 3088 evan-

1966 3111 2195 3184 gelizare
2243 3113 2560 3184 pauperibus
2601 3114 2740 3168 misit
2785 3131 2866 3168 me
2901 3117 3191 3183 praedicare
3236 3121 3448 3190 captivis
3479 3139 3559 3176 re-

1966 3204 2288 3271 missionem,
2335 3214 2384 3259 et
2426 3205 2577 3259 cwcis
2621 3207 2808 3273 visum,
2855 3206 3120 3263 dimittere
3159 3212 3453 3281 confractos
3501 3215 3559 3268 in

1967 3295 2343 3360 remissionem,
2375 3294 2664 3365 pra'dicare
2712 3312 2910 3350 annum
2951 3297 3162 3353 Domini
3207 3311 3474 3373 acceptum
3507 3315 3558 3360 et

1965 3383 2104 3439 diem
2150 3386 2528 3441 retributionis.
2565 3386 2782 3441 Annum
2814 3396 2994 3444 autem
3025 3400 3309 3462 acceptum
3330 3404 3386 3449 et
3410 3394 3555 3452 diem

1967 3478 2358 3542 retributionis,
2391 3495 2553 3535 omne
2578 3481 2982 3550 praedicationis
3010 3482 3148 3553 ejus,
3177 3501 3283 3555 quo
3307 3487 3360 3541 in
3391 3504 3554 3545 carne

1965 3575 2213 3623 versatus
2243 3577 2346 3634 est,
2381 3577 2594 3649 tempus
2625 3570 2882 3642 intellige,
2910 3575 3126 3642 quando
3153 3579 3313 3633 caecis
3343 3578 3430 3634 lux
3460 3596 3552 3637 vc-

1966 3677 2051 3727 ra,
2072 3678 2190 3732 qua:
2215 3660 2477 3716 illuminat
2501 3679 2702 3717 omnem
2729 3664 2991 3718 hominem
3017 3669 3302 3722 venientem
3333 3671 3386 3724 in
3416 3672 3554 3726 hunc

1964 3754 2241 3820 mundum,
2273 3755 2338 3810 ad
2384 3755 2816 3826 cognoscendum
2847 3759 3132 3813 veritatem
3163 3760 3329 3817 verbo
3356 3771 3411 3818 et
3455 3764 3556 3818 mi-

1965 3845 2168 3900 raculis
2203 3845 2415 3915 aperuit
2461 3846 2658 3912 visum,
2707 3855 2764 3901 et
2790 3847 2844 3901 in
2875 3862 3037 3903 cruce
3068 3850 3304 3904 moriens
3351 3852 3558 3907 dimisit

1965 3937 2206 4006 captivos
2232 3935 2645 4007 confractosque
2675 3938 2728 3992 in
2760 3938 3156 4006 remissionem,
3197 3943 3322 4011 quia
3349 3943 3557 3998 destru-

1965 4031 2061 4083 ctis
2115 4029 2336 4084 vinculis
2379 4031 2586 4096 mortis,
2616 4047 2890 4102 resurgens
2941 4032 2994 4087 in
3033 4032 3226 4103 gloria,
3270 4036 3555 4090 ascendens

1965 4119 2223 4188 captivam
2275 4119 2428 4173 duxit
2473 4120 2844 4189 captivitatem,
2879 4120 3021 4174 dedit
3066 4120 3200 4174 bona
3235 4121 3550 4178 hominibus.

1964 4209 2120 4278 Quod
2157 4217 2339 4264 autem
2387 4211 2504 4265 haec
2537 4211 2845 4265 testimonia
2894 4211 2961 4265 ad
3001 4211 3175 4281 ipsum
3220 4213 3552 4281 pertineant,

1966 4296 2198 4357 testatul'
2241 4301 2572 4372 evangelista
2615 4301 2810 4366 Lucas,
2843 4317 2967 4356 cum
3001 4301 3274 4376 subjungit
3307 4303 3554 4362 Salvato-

1965 4407 2080 4449 rem
2109 4392 2216 4449 hoc
2243 4392 2386 4449 idem
2409 4391 2747 4448 auditoribus
2769 4393 2884 4448 suis
2908 4392 3206 4450 afﬁrmasse
3230 4395 3304 4450 ita
3329 4397 3550 4452 dicens:

1965 4488 2128 4561 Cmpit
2156 4497 2332 4543 autem
2382 4487 2554 4543 dicere
2593 4487 2662 4542 ad
2703 4487 2845 4552 illos,
2893 4489 3016 4559 quia
3041 4489 3196 4543 hodie
3225 4490 3437 4561 impleta
3473 4503 3552 4546 est

1965 4581 2077 4636 haec
2106 4578 2383 4651 Scriptura
2409 4581 2466 4634 in
2513 4579 2730 4634 auribus
2760 4583 2960 4634 vestris.
3002 4581 3068 4634 Et
3101 4599 3278 4636 omnes
3316 4584 3550 4639 testimo-

1964 4676 2111 4729 nium
2141 4673 2222 4729 illi
2248 4672 2470 4740 dabant,
2500 4681 2548 4727 et
2574 4672 2904 4726 mirabantur
2932 4674 2986 4727 in
3027 4674 3190 4728 verbis
3223 4675 3410 4744 gratiae
3433 4693 3552 4748 quas

281 4761 354 4816 ris
375 4769 542 4830 atque
563 4767 831 4815 creaturae
842 4759 1112 4828 signiﬁcat
1135 4759 1442 4815 scientiam.
1466 4757 1604 4814 Nam
1625 4757 1863 4814 Trinitas
1887 4766 1941 4826 D
1966 4765 2312 4838 procedebant
2342 4764 2406 4820 de
2427 4781 2518 4819 ore
2541 4763 2679 4834 ejus.

280 4851 542 4907 creatoris
569 4859 672 4906 est.
721 4850 1075 4921 Septenarius
1121 4859 1303 4906 autem
1353 4862 1612 4905 numerus
1639 4857 1858 4905 creatu-

283 4958 394 4997 ram
433 4944 637 5000 indicat
679 4951 903 5016 propter
948 4943 1113 4998 vitam
1161 4951 1217 4997 et
1258 4958 1473 5013 corpus.
1519 4941 1653 4996 Nam
1679 4943 1733 4997 in
1772 4940 1858 4997 illa

281 5033 380 5086 tria
409 5042 558 5099 sunt,
597 5035 741 5090 unde
766 5035 932 5088 etiam
979 5041 1094 5090 toto
1136 5035 1319 5099 corde,
1353 5041 1464 5089 tota
1505 5033 1704 5099 anima,
1746 5043 1860 5088 tota

282 5136 460 5182 mente
489 5126 794 5198 diligendus
820 5135 906 5182 est
927 5127 1090 5192 Deus,
1125 5127 1179 5180 in
1209 5141 1438 5196 corpore
1463 5133 1642 5180 autem
1682 5125 1855 5180 mani-

281 5216 567 5272 festissima
587 5225 821 5286 quatuor
845 5223 1128 5288 apparent,
1149 5217 1344 5286 quibus
1359 5224 1595 5280 constat,
1619 5216 1858 5272 elemen-

284 5316 358 5361 ta.
406 5305 555 5362 Bene
601 5321 732 5377 ergo
771 5322 1031 5362 numerus
1085 5307 1187 5363 ista
1236 5307 1547 5378 signiﬁcans
1591 5307 1646 5360 in
1683 5308 1862 5363 crucis

282 5399 602 5467 exprimitur
628 5407 780 5464 nota,
828 5399 954 5468 quia
977 5398 1030 5452 in
1060 5397 1150 5453 illa
1190 5413 1287 5468 per
1305 5397 1657 5452 mediatorem
1686 5396 1780 5452 Dei
1805 5407 1863 5453 et

284 5488 559 5544 hominum
605 5489 944 5546 reconciliati
990 5497 1045 5545 et
1074 5490 1360 5545 coadunati
1405 5504 1592 5544 sumus
1628 5489 1860 5544 creatori

283 5589 488 5646 nostro,
515 5587 571 5638 et
590 5583 646 5636 in
686 5581 826 5638 ﬁlios
848 5581 1155 5652 adoptionis
1182 5591 1384 5638 aeterno
1412 5583 1563 5637 Patri
1589 5583 1855 5637 translati.

281 5666 770 5743 Rectequejubilei
799 5687 1057 5732 numerus
1084 5673 1404 5744 exprimitur
1433 5673 1488 5730 in
1508 5672 1687 5730 crucis
1718 5672 1854 5743 ligu-

2038 4858 2361 4916 Continetur
2382 4865 2564 4912 autem
2595 4857 2648 4910 in
2679 4855 2916 4926 quinque
2940 4854 2988 4908 Χ
3019 4857 3160 4913 notis
3191 4873 3332 4914 unus
3356 4874 3550 4916 versus

1967 4949 2363 5023 quinquaginta
2404 4947 2710 5002 litterarum
2738 4947 2827 5002 hic
2866 4965 2879 5001 :

2091 5041 2320 5103 Quinque
2339 5039 2478 5102 juvat
2500 5040 2640 5102 apice
2663 5045 2738 5090 ast
2754 5050 2892 5089 sacra
2911 5037 3100 5102 dtcere,
3123 5040 3188 5089 de
3204 5052 3353 5163 clruce
3377 5048 3430 5092 et
3448 5042 3555 5153 tunc

3259 5115 3366 5152 nam
3391 5116 3448 5152 es
3470 5141 3487 5163 ,

3259 5115 3366 5152 nam
3391 5115 3487 5166 est,

1966 5225 2063 5281 per
2091 5209 2330 5282 singulas
2362 5218 2520 5264 notas
2559 5209 2712 5264 denis
2736 5208 2932 5264 litteris
2960 5208 3293 5278 supputatis,
3322 5209 3418 5264 sed
3445 5209 3551 5267 hoc

1963 5304 2020 5359 in
2054 5301 2519 5373 pronuntiatione.
2561 5299 2832 5357 Caeterum
2881 5309 3062 5355 autem
3106 5299 3160 5354 in
3209 5299 3412 5370 scripto
3467 5317 3547 5368 Ix,

1962 5405 2264 5470 grammata
2305 5396 2597 5466 unicuique
2636 5404 2779 5451 nota:
2805 5393 3154 5464 deputantur.
3186 5391 3322 5447 Nam
3369 5392 3549 5450 media

1961 5487 2514 5558 littera-singularum
2553 5494 2801 5541 notarum
2845 5483 3146 5540 communis
3202 5493 3288 5538 est
3333 5482 3551 5552 utrique

1961 5578 2188 5647 tramiti,
2215 5586 2271 5634 et
2299 5577 2350 5634 ei
2375 5577 2468 5648 qui
2497 5577 2857 5644 dextrorsum,
2885 5581 2938 5631 et
2971 5575 3023 5631 ei
3044 5574 3137 5646 qui
3169 5573 3548 5631 sinistrorsum
