4002 6204
259 308 365 371 219

1312 320 1403 379 DE
1441 316 1789 383 LAUDIBUS
1827 321 1886 378 S.
1922 323 2190 383 CRUCIS.
2229 355 2301 373 -ι
2338 326 2447 385 LIB
2509 327 2554 387 l.

3434 335 3542 397 230

1468 435 1989 502 DECLARATIO
2035 442 2379 507 FIGURAE.

598 604 801 697 sancta
821 600 1004 697 crucis
1021 597 1251 657 formam
1269 601 1459 697 Graeca
1480 604 1659 662 littera
1693 608 1850 664 lauda
1882 615 1932 674 Α
1957 613 2103 682 quod
2131 614 2446 686 mysterium
2495 631 2648 687 teque
2698 620 2952 690 pertinet,
3002 627 3063 676 ut
3114 622 3368 691 diximus,
3396 627 3541 697 quod

256 688 527 765 [lambda]
558 689 614 743 in
647 689 752 743 hac
778 688 973 759 pagina
1004 704 1102 760 per
1122 699 1357 760 quatuor
1386 694 1502 751 loca
1538 699 1715 768 posita
1755 714 1853 755 ex-

1956 717 2247 775 resurgens
2276 720 2306 758 a
2332 704 2561 761 mortuis
2590 716 2754 777 atque
2783 710 2850 764 ad
2877 710 3044 767 cmlos
3069 715 3391 782 ascendens,
3417 717 3541 773 huic

254 779 447 878 primit
474 794 651 878 :qute
803 778 1151 878 tricenarium
1193 796 1484 878 numerum;
1515 789 1657 878 apud
1707 787 1858 845 Grae-
1956 809 2187 851 numero
2215 795 2455 851 virorum
2486 796 2750 867 Spiritum
2782 809 3031 856 sanctum
3064 803 3117 857 in
3144 803 3341 877 linguis
3370 778 3540 878 igneis

256 884 352 925 eos
382 868 678 939 signiﬁcat.
710 866 835 923 Haec
876 883 1008 939 ergo
1058 869 1185 940 quia
1233 882 1427 941 quater
1472 876 1562 932 hic
1611 879 1851 949 ponitur,

253 975 365 1016 cxx
406 973 697 1014 numerum
739 957 926 1024 efﬁcit,
958 957 1113 1028 cujus
1151 974 1558 1021 sacramentum
1595 984 1853 1041 magnum

254 1058 362 1106 est.
394 1048 531 1104 Nam
557 1047 814 1119 leguntur
832 1056 959 1104 ante
982 1050 1243 1105 diluvium
1269 1068 1374 1107 cxx
1400 1055 1527 1109 anni
1567 1057 1635 1112 ad
1679 1060 1856 1130 poeni-

258 1139 486 1195 tentiam
531 1135 842 1191 hominibus
889 1135 1130 1204 decreti;
1185 1148 1241 1194 et
1288 1139 1617 1200 Salomonici
1669 1148 1852 1219 templi

257 1233 493 1290 altitudo
526 1245 639 1286 cxx
668 1229 979 1286 cubitorum
1009 1237 1159 1295 erat;
1198 1239 1254 1285 et
1280 1246 1443 1303 super
1473 1248 1580 1289 cxx
1609 1236 1757 1292 viros
1797 1238 1851 1292 in

255 1327 343 1382 die
372 1325 732 1380 Pentecostes
760 1320 998 1392 Spiritus
1042 1329 1263 1377 sanctus
1305 1326 1472 1380 venit.
1521 1326 1577 1381 In
1619 1339 1854 1399 quatuor

254 1417 403 1471 enim
438 1414 588 1471 notis
615 1412 852 1483 idipsum
894 1409 1270 1478 efﬁcientibus,
1298 1423 1535 1483 quatuor
1559 1417 1852 1491 Evangelia

254 1509 667 1582 significantur,
697 1506 750 1559 in
778 1503 973 1582 quibus
998 1504 1225 1576 singulis
1247 1505 1571 1563 tricenarius
1594 1526 1855 1565 numerus

256 1579 571 1665 invenitur;
604 1598 731 1669 quia
771 1596 905 1652 ﬁdes
924 1579 1141 1652 ’saneta:
1172 1595 1455 1653 Trinitatis
1488 1605 1543 1653 et
1591 1598 1854 1670 perfectio

256 1692 642 1747 mandatorum
664 1688 718 1742 in
747 1683 978 1757 singulis
1000 1685 1179 1740 sancti
1222 1685 1499 1757 Evangelii
1545 1686 1699 1743 libris
1742 1689 1856 1759 ple-

253 1782 486 1839 nissirne
530 1780 880 1851 praedicatur.
924 1770 1161 1833 Proinde
1199 1777 1330 1833 illud
1369 1778 1515 1848 quod
1561 1794 1687 1835 arca
1741 1780 1854 1837 Noe

252 1890 379 1930 cum
409 1888 481 1928 ex
509 1872 607 1927 Dei
636 1876 909 1941 praecepto
934 1869 1376 1937 construebatur,
1407 1874 1463 1924 et
1501 1870 1569 1924 ad
1599 1870 1855 1926 salvatio-

1957 887 2136 954 misit;
2186 901 2387 958 eosque
2412 889 2503 958 qui
2528 889 2842 947 diversitate
2866 891 3173 964 linguarum
3206 897 3275 950 ab
3308 898 3537 953 invicem

1956 979 2419 1049 discrepaverant,
2450 990 2672 1051 repente
2706 984 2948 1038 omnium
2988 986 3315 1057 cogitatione
3355 989 3542 1058 loque—

1955 1069 2131 1126 larum
2161 1087 2499 1128 communem
2533 1074 2587 1128 in
2615 1073 2775 1131 laude
2802 1092 2897 1132 sua
2935 1077 3063 1133 fecit
3101 1080 3303 1135 habere
3332 1096 3537 1135 sermo-

1952 1179 2098 1220 nem.
2156 1163 2294 1220 Nam
2346 1175 2401 1222 et
2453 1167 2693 1223 Ecclesia
2742 1186 2841 1225 suo
2883 1177 3124 1242 tempore
3175 1188 3462 1246 resurgens
3511 1191 3540 1228 a

1955 1264 2151 1325 morte,
2177 1263 2340 1329 atque
2368 1258 2435 1312 ad
2459 1260 2628 1315 eteius
2655 1262 2952 1316 ascendens
2999 1263 3050 1316 in
3094 1277 3260 1319 carne
3295 1265 3540 1319 incorru—

1952 1346 2150 1415 ptibili,
2176 1347 2334 1418 plene
2359 1362 2425 1402 ac
2455 1348 2692 1418 perfecte
2724 1350 2864 1404 dono
2913 1349 3149 1420 Spiritus
3196 1354 3369 1409 sancti
3419 1355 3542 1409 illu-

1956 1439 2246 1505 strahitur,
2286 1441 2528 1509 quando,
2555 1441 2710 1511 juxta
2758 1445 3083 1511 promissum
3123 1444 3397 1515 Apostoli,
3441 1449 3539 1502 erit

1956 1530 2096 1586 Deus
2128 1532 2388 1587 omniain
2417 1533 2675 1587 omnibus.
2730 1532 2882 1590 Tunc
2928 1535 3086 1605 plena
3131 1537 3236 1591 erit
3281 1540 3542 1594 adunatio

1920 1624 2262 1694 -linguarum
2314 1626 2369 1680 in
2417 1627 2705 1692 omnibus,
2753 1629 2821 1682 ad
2877 1630 3221 1699 praadicanda
3276 1634 3542 1704 magnalia

1953 1717 2074 1780 Dei,
2129 1718 2255 1787 quia
2316 1732 2551 1772 consona
2599 1722 2782 1773 mente
2830 1734 2895 1773 ac
2941 1732 3073 1775 voce
3109 1736 3302 1777 omnes
3348 1723 3543 1779 divina:

1954 1807 2180 1879 gloriam
2217 1806 2536 1876 majestatis,
2565 1822 2725 1877 quam
2756 1817 3077 1880 praesentem
3109 1813 3313 1877 vident,
3338 1814 3542 1870 collau-

1954 1900 2115 1965 dant;
2155 1908 2389 1970 tuncque
2424 1915 2524 1955 vox
2556 1900 2643 1954 illa
2669 1901 2863 1972 psalmi
2893 1901 3134 1972 perfecte
3157 1904 3541 1975 complebitur,

250 1959 1251 2067 ηξιηξξθοξθτυωξάξίῐξδίίξφξίίῖξέξιξ
1279 1971 1482 2063 θθῖξθίκ
1526 1964 1707 2019 “meis
1751 1965 1852 2018 im'
1880 1969 1927 2028 Β
1955 2008 2061 2065 qua
2092 1959 2326 2062 Spiritus
2348 2001 2566 2047 sanctus
2614 1959 2713 2062 per
2759 1959 3079 2063 prophetam
3124 1959 3314 2050 omnes
3355 1959 3545 2067 gentes

250 2056 362 2127 piis
383 2054 592 2109 diluvio
621 2050 879 2122 perituris
903 2050 1332 2120 praeparabatur,
1357 2051 1411 2106 in
1449 2066 1554 2107 cxx
1583 2066 1850 2108 annorum

248 2147 465 2203 calculo
489 2145 828 2216 pmnitentiae
850 2151 1063 2214 tempus
1086 2140 1399 2200 hominibus
1424 2154 1548 2202 ante
1571 2146 1851 2203 decretum

251 2247 360 2303 est,
392 2237 527 2304 quid
555 2234 702 2291 aliud
727 2234 1018 2306 signiﬁcat,
1046 2232 1213 2303 quam
1249 2235 1394 2305 quod
1441 2235 1515 2290 ita
1563 2243 1771 2291 tantum
1817 2252 1848 2293 a

253 2327 515 2384 fluctibus
542 2324 706 2395 hujus
734 2325 916 2380 saeculi
943 2339 1230 2394 possumus
1252 2338 1575 2394 permanere
1601 2324 1780 2391 illaesi,
1806 2329 1851 2382 si

255 2419 592 2490 evangeliea:
630 2416 891 2473 doctrinae
912 2417 968 2471 in
995 2414 1102 2470 ﬁde
1128 2424 1330 2471 sanctae
1374 2415 1657 2472 Trinitatis
1692 2417 1854 2487 digne

254 2522 555 2583 operantes
596 2509 806 2565 devotis
856 2508 1129 2563 mentibus
1165 2507 1500 2563 obediamus.
1526 2506 1639 2561 Hoc
1668 2516 1851 2562 autem

256 2606 406 2677 quod
434 2604 620 2660 omnis
643 2600 830 2671 templi
861 2600 1090 2655 altitudo
1119 2615 1225 2655 cxx
1261 2598 1567 2655 cubiturum
1619 2598 1752 2665 fuit,
1784 2600 1852 2655 ad

262 2696 406 2750 idem
450 2701 857 2749 sacramentum
905 2691 1171 2761 respicit:
1202 2690 1343 2760 quod
1387 2698 1442 2745 et
1481 2690 1753 2760 primitiva
1795 2691 1852 2746 in

258 2783 658 2856 Hierosolymis
682 2782 923 2839 Ecclesia
974 2790 1098 2854 post
1133 2783 1461 2852 passionem,
1497 2782 1855 2837 resurrectio-

259 2890 388 2929 nem
410 2882 470 2929 et
488 2873 860 2929 ascensionem
880 2870 1096 2926 Domini
1124 2871 1177 2925 in
1204 2871 1393 2936 caelos,
1424 2871 1479 2925 in
1504 2871 1608 2926 hoc
1628 2887 1854 2928 numero

256 2966 507 3020 virorum
534 2964 767 3036 gratiam
792 2963 967 3019 sancti
999 2960 1235 3032 Spiritus
1258 2962 1487 3032 accepit.
1514 2961 1702 3034 itaque
1726 2978 1853 3033 pro-

257 3055 494 3112 cedente
518 3055 786 3110 naturalis
814 3055 1025 3109 numeri
1052 3054 1428 3125 progressione
1456 3055 1524 3109 ab
1547 3071 1653 3111 uno
1679 3071 1852 3127 usque

258 3148 333 3202 ad
368 3163 460 3213 xv,
488 3153 544 3202 et
568 3147 810 3203 collectis
837 3147 890 3201 in
919 3160 1084 3201 unum
1103 3147 1343 3201 omnium
1367 3145 1607 3203 locorum
1632 3148 1853 3203 summi-

259 3237 488 3301 tatibus,
508 3252 613 3293 cxx
636 3238 773 3292 ﬁunt
787 3252 889 3303 xv;
917 3251 1149 3308 namque
1175 3252 1295 3307 qua:
1318 3252 1385 3292 ex
1409 3252 1485 3292 vn
1512 3247 1569 3293 et
1593 3254 1687 3294 vnt
1712 3254 1846 3294 con-

261 3338 435 3394 stant,
464 3328 639 3385 soleut
669 3343 1051 3399 nonnunquam
1079 3329 1146 3385 ad
1172 3328 1623 3400 signiﬁcationem
1654 3330 1844 3386 referri
1875 3330 1920 3391 C

262 3422 394 3476 vita:
424 3420 639 3485 futurae,
670 3434 789 3490 quae
823 3436 967 3477 nunc
1005 3422 1058 3476 in
1112 3422 1442 3476 sabbatismo
1486 3422 1693 3493 geritur
1734 3425 1851 3479 ani-

258 3526 485 3567 marum
542 3510 798 3576 ﬁdelium,
833 3509 1146 3581 perﬁcietur
1189 3519 1369 3565 autem
1406 3510 1463 3565 in
1513 3511 1620 3567 ﬁne
1670 3513 1851 3569 saeculi

264 3605 671 3660 resurrectione
721 3618 1008 3674 corporum
1055 3598 1463 3659 immortalium.
1513 3603 1852 3676 Quapropter

262 3705 394 3767 apte
423 3708 651 3751 numero
680 3694 992 3750 centenario
1017 3704 1073 3751 et
1105 3694 1398 3761 vicenario,
1430 3709 1621 3766 magna
1653 3695 1853 3751 electo-

262 3803 388 3842 rum
410 3787 690 3843 beatitudo
714 3787 768 3842 in
800 3786 981 3842 futura
1009 3788 1120 3842 vita
1150 3786 1481 3858 designatur,
1508 3794 1633 3857 apte
1668 3788 1721 3842 in
1746 3789 1853 3847 hoc

265 3880 490 3935 tertium
527 3879 718 3936 domus
759 3879 971 3937 Domini
1017 3880 1354 3937 cenaculum
1392 3890 1799 3937 consummatur
1832 3897 1850 3938 :

262 3972 395 4043 quia
423 3979 548 4041 post
569 3979 866 4042 praesentes
899 3970 1135 4027 ﬁdelium
1163 3968 1393 4036 labores,
1422 3979 1546 4040 post
1573 3979 1850 4042 acceptam

265 4062 323 4116 in
354 4060 543 4116 futuro
566 4062 806 4131 requiem
830 4062 1156 4127 animarum,
1183 4061 1340 4133 plena
1383 4063 1549 4117 totius
1595 4061 1848 4120 Ecclesia:

264 4149 505 4209 [elicitas
552 4151 609 4208 in
671 4152 1081 4209 resurrectionis
1123 4151 1294 4226 gloria
1339 4152 1717 4224 complebitur.
1764 4150 1847 4207 Ad

1954 2086 2023 2141 ad
2079 2085 2292 2140 laudem
2344 2084 2557 2139 Domini
2607 2084 2947 2155 provocando
2990 2087 3329 2153 exhortatur,
3358 2089 3429 2143 ita
3462 2089 3544 2143 di-

1954 2193 2084 2235 cens
2103 2196 2116 2231 :
2134 2174 2374 2232 Laudate
2405 2175 2704 2238 Dominum,
2733 2193 2909 2230 omnes
2937 2188 3131 2247 gentes,
3172 2187 3221 2232 et
3246 2178 3545 2234 collaudata

1954 2286 2071 2326 eum
2099 2286 2274 2324 omnes
2303 2269 2503 2339 populi,
2523 2269 2773 2340 quoniam
2805 2268 3120 2339 conﬁmtata
3157 2279 3234 2324 est
3259 2285 3417 2341 super
3446 2285 3543 2324 nos

1954 2360 2311 2416 misericordia
2355 2358 2502 2430 ejus,
2535 2368 2584 2414 et
2615 2362 2803 2415 veritas
2829 2350 3046 2415 Domini
3073 2369 3249 2415 manet
3285 2360 3341 2414 in
3386 2371 3540 2414 ωεστ-

1956 2470 2115 2520 mtm;
2146 2453 2364 2524 quando
2397 2459 2664 2523 quotquot
2692 2452 2758 2506 de
2783 2452 3036 2507 omnibus
3064 2450 3315 2522 gtntibus
3342 2450 3411 2505 ad
3455 2450 3542 2505 vi-

1958 2555 2065 2603 tam
2094 2544 2461 2616 prmdestinati
2502 2552 2629 2598 sunt
2663 2553 2941 2606 aeternam,
2974 2541 3226 2597 omnibus
3269 2540 3542 2597 seandalis

1955 2639 2021 2695 de
2045 2637 2286 2692 Ecclesia
2312 2635 2515 2691 Christi
2542 2649 2639 2704 per
2659 2632 2970 2703 angelorum
2989 2632 3161 2687 oﬁicia
3183 2630 3388 2700 ejectis,
3407 2632 3543 2687 uniti

1954 2731 2116 2802 capiti
2142 2746 2241 2785 suo
2275 2744 2436 2784 unam
2464 2726 2679 2782 laudem
2708 2724 2891 2805 omnia
2928 2725 3173 2779 membra
3198 2724 3544 2779 concorditer

1954 2832 2011 2881 et
2032 2828 2298 2893 perpetuo
2332 2816 2650 2874 cantabunt.
2685 2815 2990 2870 Notandum
3022 2827 3241 2884 quoque
3267 2822 3375 2879 est,
3397 2814 3542 2883 quod

1954 2929 2063 2971 non
2102 2913 2274 2968 solum
2299 2910 2460 2966 lauda
2485 2907 2667 2965 littera
2695 2908 2786 2963 hic
2811 2922 2910 2978 per
2934 2914 3167 2976 quatuor
3193 2904 3311 2960 loca
3341 2904 3541 2975 posita,

1954 3023 2055 3063 cxx
2091 3018 2375 3061 numerum
2412 2998 2472 3057 in
2498 3010 2598 3056 suo
2623 2998 2740 3055 solo
2783 2999 3098 3053 charactere
3141 2996 3401 3060 ostendit,
3429 3010 3541 3050 xxx

1952 3113 2052 3169 per
2086 3095 2349 3167 singulos,
2379 3093 2474 3149 sed
2494 3091 2659 3146 etiam
2689 3103 2880 3144 versus
2904 3088 3026 3158 ipsi,
3056 3087 3147 3157 qui
3191 3085 3245 3140 in
3290 3085 3381 3139 illa
3407 3099 3538 3139 eon-

1953 3184 2143 3256 scripti
2172 3172 2317 3249 sunt,
2356 3179 2700 3251 unusquiqu‘e
2745 3178 2970 3247 triginta
3012 3174 3233 3231 iitteras
3274 3174 3546 3230 continet.

1950 3274 2051 3333 Est
2084 3276 2285 3348 quippe
2331 3286 2520 3328 versus
2556 3271 2646 3326 hic
2682 3271 2737 3325 in
2788 3282 3040 3339 suprema
3091 3267 3376 3323 laudaram
3415 3280 3431 3319 :

2204 3386 2288 3437 Est
2304 3386 2409 3437 orbi
2445 3389 2548 3434 toto
2567 3379 2759 3432 Domini
2786 3391 2892 3430 nam
2916 3381 3073 3443 passio
3099 3379 3213 3428 vita.

1949 3488 2061 3546 Iste
2080 3500 2299 3559 quoque
2319 3486 2372 3540 in
2400 3483 2584 3539 inﬁma
2610 3500 2623 3537 :

2201 3600 2336 3652 Areo
2356 3611 2479 3650 crux
2499 3611 2593 3647 una
2611 3609 2728 3658 spes
2749 3595 2994 3645 libertatis
3017 3593 3080 3642 ab
3103 3594 3197 3648 ira.

1954 3707 2056 3766 Hic
2083 3718 2320 3777 namque
2355 3704 2409 3759 in
2441 3700 2751 3759 dexteriore
2791 3717 2804 3753 :

2202 3814 2308 3867 Lux
2334 3817 2447 3867 laeta
2481 3814 2611 3865 lucet
2637 3812 2799 3863 divino
2821 3821 3028 3861 munere
3053 3808 3198 3872 plena

1951 3925 2129 3994 Atque
2153 3921 2245 3977 hic
2272 3919 2325 3974 in
2356 3915 2690 3974 sinisteriore
2716 3931 2729 3968 :

2204 4030 2375 4080 Veraci
2399 4033 2516 4078 nutu
2536 4014 2698 4090 signat
2723 4030 2775 4075 et
2800 4022 2996 4086 pramia
3027 4021 3194 4084 regal.

1672 4347 2144 4372 ﬂ“
