4002 6204
190 305 298 362 235

1231 289 1321 347 DE
1359 287 1700 348 LAUDIBUS
1741 289 1797 344 S.
1839 287 2107 344 CRUCIS.
2148 319 2215 328 —
2255 286 2379 342 LIB.
2421 286 2462 340 l.

3342 284 3449 346 234

1402 425 1912 488 DECLARATIO
1966 423 2303 485 FIGURAE.

265 659 416 713 nam
445 656 615 728 igitur
643 655 868 724 ﬁguram
899 650 1113 720 plenam
1160 663 1282 702 esse
1332 646 1592 716 mysterio
1629 659 1789 714 epor—
1817 627 1864 682 Α
1890 641 2062 710 piunt.
2091 639 2352 696 Omnibus
2399 653 2551 709 aequa
2595 657 2674 706 es,
2719 645 2968 699 omnibus
3007 645 3170 712 bona,
3209 647 3460 709 omnibus

197 759 273 804 ιρι
303 745 556 816 intelligi,
589 744 645 798 in
691 757 797 813 qua
847 755 942 809 per
983 745 1215 808 quatuor
1259 738 1594 805 heptagonos
1641 749 1784 787 LXXII
1882 731 2058 799 justa,
2084 730 2354 799 praeterita
2402 745 2645 794 renovas,
2685 735 2969 802 praesentia
2996 735 3251 804 illustres,
3277 737 3458 796 futura

199 853 462 895 numerus
483 837 911 894 demonstratur,
937 829 1229 885 secundum
1253 829 1406 898 cujus
1425 826 1784 895 pluralitatem

196 930 442 999 gentium
467 927 684 998 linguas
705 923 904 979 divisas
929 935 1050 976 esse
1071 934 1200 974 vera
1227 918 1409 987 opinio
1429 925 1530 981 est,
1547 924 1602 970 et
1622 916 1786 970 libros

197 1019 493 1074 canonicos
516 1015 732 1071 Veteris
752 1028 815 1068 ac
835 1011 968 1066 Novi
991 1008 1322 1063 Testamenti
1346 1007 1486 1061 intra
1501 1006 1617 1075 ejus
1643 1019 1787 1059 sum-

199 1124 342 1162 mam
373 1103 802 1174 comprehensos
830 1115 950 1154 esse
988 1113 1094 1152 non
1123 1098 1344 1151 dubium
1389 1105 1490 1150 est.
1523 1095 1789 1171 Designa-

195 1200 272 1252 vit
307 1203 496 1251 autem
523 1205 580 1250 et
623 1193 738 1261 ipse
776 1190 1072 1251 Dominus,
1101 1187 1342 1255 exceptis
1388 1201 1463 1239 xu
1507 1183 1784 1253 apostolis,

198 1288 334 1343 alios
356 1299 511 1340 Lnu
533 1279 849 1351 discipulos,
872 1285 928 1332 et
953 1276 1102 1332 misit
1127 1275 1244 1329 illos
1264 1275 1419 1329 binos
1440 1283 1564 1328 ante
1591 1270 1786 1328 faciem

197 1390 353 1430 suam
393 1372 452 1426 in
481 1383 698 1426 omnem
730 1367 907 1422 locum
949 1374 1004 1420 et
1042 1365 1336 1428 civitatem,
1369 1378 1476 1434 quo
1517 1370 1638 1417 erat
1673 1363 1787 1432 ipse

197 1472 491 1524 venturus,
539 1468 600 1513 ut
660 1470 919 1512 numerus
961 1455 1365 1524 designatorum
1404 1452 1788 1522 discipulorum

198 1552 566 1610 concordaret
591 1546 920 1602 multitudini
947 1545 1208 1614 gentium,
1235 1550 1292 1599 et
1309 1543 1558 1599 divisioni
1581 1543 1791 1613 lingua-

199 1661 339 1707 rum,
359 1650 635 1713 quatenus
652 1654 842 1695 omnes
865 1646 1056 1709 gentes
1076 1635 1200 1691 ﬁdei
1227 1637 1408 1690 lumen
1429 1635 1788 1706 perciperent,

197 1746 250 1790 et
276 1735 477 1804 gratia:
519 1729 720 1786 Christi
752 1736 1091 1784 mererentur
1117 1741 1238 1782 esse
1275 1727 1584 1798 participes.
1634 1726 1788 1782 Sicut

198 1841 329 1897 ergo
357 1838 490 1878 nm'
517 1821 670 1876 horis
694 1829 839 1874 totus
858 1819 1007 1874 orbis
1036 1818 1314 1889 peragitur
1343 1826 1504 1887 atque
1548 1816 1788 1872 illustra-

199 1925 306 1978 tur,
339 1915 418 1968 ita
446 1911 764 1984 mysterium
803 1909 1106 1964 illustrandi
1135 1909 1280 1963 orbis
1304 1923 1403 1977 per
1439 1907 1788 1978 Evangelium

1887 829 2297 888 praemonstras,
2322 820 2532 888 perdita
2571 823 2820 890 requiris,
2843 827 3067 893 qumsita
3115 827 3342 895 invenis,
3380 832 3461 886 in-

1885 915 2050 965 venta
2071 910 2313 966 custodis
2333 951 2347 971 ,
2370 910 2520 979 lapsa
2565 914 2826 978 restituis,
2857 917 3098 972 restituta
3148 921 3314 991 gradu
3343 938 3462 977 ωηο

1887 1001 1996 1066 nis,
2019 1003 2222 1055 munita
2245 1001 2300 1056 in
2332 1001 2472 1055 viam
2503 1004 2654 1072 pacis
2679 1005 2886 1075 dirigis.
2929 1006 3006 1061 Tu
3033 1010 3247 1076 quidem
3274 1013 3461 1066 aeterni

1888 1092 2032 1162 regis
2077 1106 2136 1146 es
2192 1091 2440 1157 victoria,
2468 1100 2522 1147 et
2551 1093 2787 1149 coalestis
2820 1096 3026 1153 militia:
3061 1098 3267 1165 laetitia,
3300 1103 3462 1157 terri-

1888 1195 2256 1252 genarumque
2283 1185 2542 1252 potentia,
2592 1194 2645 1239 tu
2690 1197 3037 1256 peccatorum
3082 1204 3141 1246 es
3190 1194 3458 1258 remissio,

1887 1271 2107 1340 pietatis
2133 1273 2412 1339 exhibitio,
2437 1285 2491 1330 et
2534 1277 2850 1333 meritorum
2895 1283 3292 1349 augmentatio,
3319 1284 3489 1343 inﬁr-.

1889 1375 2100 1416 morum
2130 1363 2424 1419 remedium
2445 1407 2458 1428 ,
2491 1365 2850 1424 laborantium
2883 1372 3162 1437 auxilium,
3207 1383 3261 1428 et
3305 1374 3468 1429 lasso-

1889 1463 2010 1504 rum
2058 1451 2428 1523 refrigerium,
2466 1472 2719 1512 sanorum
2767 1460 3129 1528 incolumitas,
3160 1466 3462 1535 quietorum

1889 1542 2175 1609 serenitas,
2205 1553 2258 1597 et
2285 1543 2675 1602 fortunatorum
2718 1548 2962 1606 felicitas.
3001 1552 3080 1606 Tu
3119 1569 3252 1609 crux
3293 1571 3466 1626 aegro—

1890 1641 1976 1688 tos
2027 1633 2342 1701 medicans,
2388 1644 2443 1690 tu
2487 1639 2742 1706 gaudium
2786 1651 3004 1698 mcestos
3053 1645 3374 1711 consolans,
3409 1659 3466 1704 tu

1889 1726 2096 1782 sanitas
2149 1727 2394 1783 dolentes
2438 1729 2754 1795 latificans,
2806 1744 2861 1788 tu
2911 1743 3082 1790 status
3135 1739 3468 1794 credentium

1890 1822 2057 1880 recte,
2087 1824 2144 1870 tu
2172 1815 2398 1872 firmitas
2419 1822 2757 1888 operantium
2781 1823 2936 1886 bene,
2967 1832 3024 1878 tu
3049 1826 3322 1882 beatitudo
3343 1842 3471 1897 per-

1892 1905 2253 1962 severantium
2283 1908 2404 1962 rite.
2433 1909 2628 1965 Sancta
2649 1952 2662 1977 ,
2689 1913 2810 1981 pia,
2834 1915 2997 1979 bona,
3021 1915 3189 1986 justa,
3215 1917 3465 1986 benigna,

199 2003 493 2060 Trinitatis
524 2003 581 2056 in
612 2016 759 2056 Lxxu
789 1998 1068 2069 discipulis
1117 1997 1414 2052 intimatur.
1446 1997 1605 2052 Vices
1647 1996 1794 2051 enim
1821 1995 1869 2056 B
1899 1996 2254 2062 rationabilis,
2287 1997 2591 2067 laudabilis,
2615 2005 2969 2071 venerabilis,
2999 2007 3260 2072 amabilis,
3292 2009 3469 2069 fortis.

200 2105 399 2165 quater
435 2093 580 2148 terni
624 2091 930 2163 septuagies
963 2089 1268 2159 dipondius.
1301 2087 1409 2143 Sed
1446 2089 1562 2144 haec
1603 2087 1791 2144 distri-

200 2186 356 2239 butio
384 2191 511 2252 apte
556 2182 741 2252 ﬁgurae
790 2189 990 2236 sanctae
1034 2177 1211 2233 crucis
1258 2177 1630 2248 mancipatur,
1662 2177 1790 2246 quia

201 2292 301 2347 per
365 2273 540 2344 ipsam
581 2280 1042 2329 sacramentorum
1097 2269 1300 2325 Christi
1333 2269 1790 2338 dispensationem

203 2377 356 2424 totus
381 2365 534 2422 orbis
558 2361 913 2435 gloriﬁcatur,
949 2361 1064 2432 ipsa
1094 2360 1148 2414 in
1196 2367 1432 2429 quatuor
1477 2359 1794 2432 heptagonis

206 2458 350 2512 hanc
375 2454 625 2526 mysterii
652 2453 916 2508 rationem
939 2457 1090 2506 notat
1117 2467 1130 2504 :
1159 2449 1287 2520 quia
1311 2449 1427 2518 ipsa
1454 2447 1509 2501 in
1538 2464 1589 2503 ιν
1619 2448 1794 2504 sancti

207 2544 488 2613 Evangelii
535 2543 689 2598 libris
740 2541 919 2596 divina
976 2539 1304 2596 charismata
1363 2553 1461 2609 per
1513 2554 1568 2593 tv
1611 2539 1796 2610 plagas

209 2643 359 2697 orbis
413 2641 707 2711 dispensat,
760 2639 874 2709 ipsa
919 2639 973 2693 in
1017 2646 1248 2709 utroque
1296 2636 1533 2702 tramite,
1584 2637 1638 2692 id
1684 2645 1790 2702 est,

209 2733 263 2786 in
327 2745 394 2785 eo
451 2730 544 2799 qui
601 2745 814 2784 sursum
865 2737 922 2784 et
972 2729 1026 2783 in
1065 2742 1130 2783 eo
1165 2726 1257 2798 qui
1296 2733 1666 2781 transversum
1701 2741 1798 2780 va-

208 2823 308 2887 dit,
346 2835 444 2892 per
494 2821 627 2876 duos
676 2821 1006 2891 heptagonos
1060 2819 1235 2874 sexies
1291 2819 1566 2873 senarium
1615 2823 1798 2873 osten-

210 2913 322 2975 dit,
364 2910 491 2982 quia
540 2924 755 2964 omnem
801 2907 1185 2979 perfectionem
1232 2923 1330 2979 per
1376 2924 1435 2964 se
1479 2908 1636 2966 nobis
1670 2923 1797 2979 pro-

209 3001 401 3055 venire
446 2999 563 3055 sive
622 3000 675 3054 in
719 2998 1126 3069 longanimitate
1161 2999 1306 3069 spei,
1338 2998 1452 3054 sive
1503 2999 1560 3054 in
1602 2998 1796 3068 ampli-

212 3090 404 3144 tudine
420 3089 730 3154 charitatis,
752 3103 848 3143 seu
873 3088 928 3142 in
950 3088 1354 3157 perseverantia
1376 3087 1530 3144 bone
1545 3088 1796 3153 actionis,

213 3193 310 3232 seu
335 3178 390 3231 in
412 3177 730 3232 celsitudine
745 3175 1236 3246 contemplationis,
1251 3177 1384 3231 satis
1404 3176 1563 3231 nobis
1583 3178 1795 3232 annuit.

215 3269 337 3340 ipsa
369 3271 421 3324 in
455 3277 570 3324 toto
608 3269 778 3324 octies
813 3268 1162 3323 novenarium
1202 3268 1258 3322 in
1291 3282 1352 3324 se
1384 3267 1797 3338 multiplicatum

1895 2086 2098 2152 suavis,
2152 2089 2316 2172 mitis,
2368 2093 2603 2161 sapiens,
2646 2097 2891 2165 patiens,
2937 2107 3148 2166 potens.
3200 2101 3470 2172 Quidquid

1895 2189 2026 2246 ergo
2056 2177 2214 2248 digne
2239 2170 2404 2234 cerde
2429 2181 2494 2235 de
2516 2184 2882 2254 redemptione
2905 2198 3088 2241 nostra
3118 2198 3297 2257 potest
3319 2170 3470 2262 cogi-

1899 2265 2025 2329 tari,
2046 2266 2132 2320 vel
2158 2268 2417 2338 quidquid
2446 2270 2625 2342 lingua
2656 2274 2757 2329 rite
2782 2274 3140 2345 loqui,omnia
3167 2280 3232 2334 ad
3259 2280 3470 2336 laudem

1897 2363 2043 2410 tuam
2091 2355 2470 2415 decentissime
2514 2371 2739 2430 possunt
2784 2367 2957 2433 aptari
2992 2385 3004 2421 :
3037 2368 3161 2437 quia
3214 2370 3473 2441 quidquid

1873 2450 1952 2505 in
1983 2458 2034 2506 te
2060 2450 2326 2519 laudatur,
2341 2453 2600 2513 cruciﬁxo
2621 2457 2676 2512 in
2699 2465 2751 2513 te
2775 2456 2990 2516 Christo
3019 2463 3132 2531 regi
3162 2463 3466 2533 deputatur,

1897 2546 1952 2594 et
1977 2540 2238 2609 quidquid
2267 2541 2483 2599 Christo
2511 2546 2731 2602 honoris
2776 2549 2955 2612 datur,
3003 2551 3071 2604 ad
3116 2554 3472 2610 reverentiam

1898 2629 2094 2683 summi
2118 2629 2294 2686 Patris
2323 2632 2575 2700 refertur,
2607 2633 2760 2704 cujus
2799 2637 2911 2706 ipse
2949 2639 3256 2710 unigenitus
3301 2642 3472 2698 Filius

1899 2725 2000 2782 est,
2031 2718 2098 2772 de
2125 2720 2372 2792 quoipsa
2403 2721 2615 2778 Veritas
2644 2725 2698 2779 in
2737 2725 3022 2796 Evangelio
3062 2736 3294 2784 testatur
3320 2747 3335 2783 :
3368 2730 3471 2797 Qui

1898 2825 1979 2863 me
2008 2810 2210 2879 recipit,
2233 2810 2426 2880 inquit,
2452 2814 2630 2884 recipit
2649 2830 2769 2868 eum
2794 2817 2884 2885 qui
2915 2833 2994 2869 me
3018 2818 3178 2871 misit.
3202 2817 3271 2873 Et
3298 2820 3427 2874 item
3455 2845 3472 2875 :

1903 2898 2008 2965 Qui
2037 2917 2118 2954 me
2145 2904 2366 2972 spernit,
2392 2905 2585 2973 spernit
2608 2921 2726 2959 eum
2747 2906 2836 2977 qui
2864 2923 2945 2960 me
2969 2909 3142 2973 misit,
3171 2919 3220 2964 et
3245 2912 3334 2980 qui
3371 2927 3476 2968 non

1900 2992 2210 3062 Itonori/ieat
2246 2992 2480 3062 Filium,
2508 3012 2612 3049 non
2641 2997 2952 3067 honoriﬁcat
2979 3009 3026 3052 et
3073 2999 3306 3055 Patrem.
3349 3002 3448 3056 0m

1902 3083 1987 3138 nis
2008 3084 2207 3153 quippe
2235 3085 2326 3154 qui
2352 3094 2512 3156 negat
2532 3087 2749 3152 Filium,
2774 3103 2873 3144 nec
2898 3089 3110 3145 Patrem
3143 3092 3305 3148 habet
3334 3110 3349 3149 :
3385 3094 3478 3164 qui

1901 3181 2082 3228 autem
2109 3173 2396 3231 conﬁtetur
2419 3176 2634 3244 Filium,
2663 3185 2719 3232 et
2761 3178 2976 3234 Patrem
3007 3181 3169 3236 habet
3201 3199 3214 3236 :
3249 3197 3479 3254 quorum

1907 3263 2075 3317 simul
2111 3279 2234 3318 cum
2270 3274 2458 3322 sancto
2509 3267 2713 3337 Spiritu
2761 3284 2863 3322 una
2906 3277 2989 3324 est
3035 3271 3321 3340 majestas,
3367 3285 3480 3327 una

216 3361 624 3430 continet,quia
645 3375 710 3415 ex
740 3360 990 3416 omnibus
1016 3360 1265 3430 gentibus
1309 3359 1362 3414 in
1397 3359 1802 3419 oetenarionu-
1830 3348 1873 3414 C
1906 3361 2163 3428 potestas,
2194 3355 2364 3414 honor
2383 3365 2438 3414 et
2461 3357 2682 3416 claritas
2711 3359 2766 3414 in
2791 3360 3118 3432 sempiterna
3147 3361 3359 3418 saecula.
3385 3362 3482 3419 Est

219 3467 391 3518 mero,
418 3453 526 3508 hoc
554 3459 658 3518 est,
680 3464 974 3524 corporum
1015 3451 1412 3509 resurrectione
1451 3456 1520 3510 ad
1544 3471 1804 3527 augmen-

219 3551 337 3596 tum
369 3558 560 3598 novem
600 3544 853 3599 ordinum
891 3545 1224 3616 angelorum,
1253 3545 1454 3601 electos
1486 3545 1584 3601 Dei
1613 3561 1804 3617 perve-

221 3633 342 3686 nire
371 3633 583 3688 edocet.
611 3633 657 3690 0
681 3649 807 3688 vere
834 3635 973 3690 bona
995 3643 1050 3690 et
1079 3651 1208 3692 vere
1249 3645 1438 3692 sancta
1477 3653 1611 3692 crux
1649 3635 1805 3693 Chri-

220 3726 313 3789 sti,
349 3727 473 3794 quis
519 3735 575 3780 te
630 3727 734 3781 rite
783 3736 950 3782 totam
992 3744 1251 3784 enarrare
1293 3729 1509 3799 potest?
1563 3737 1656 3783 aut
1683 3730 1804 3798 quis

219 3816 489 3886 condigne
528 3817 783 3872 laudare?
839 3833 958 3888 quae
1004 3820 1302 3876 ccelestium
1349 3835 1669 3877 arcanorum
1715 3821 1804 3890 pia

220 3923 279 3960 es
310 3907 618 3972 revelatrix,
645 3924 766 3979 quae
792 3911 1170 3980 mysteriorum
1192 3911 1291 3967 Dei
1320 3927 1472 3967 sacra
1501 3927 1560 3967 es
1586 3927 1806 3968 conser-

219 3998 422 4062 vatrix,
445 4013 678 4070 quaeque
691 4012 1151 4058 sacramentorum
1172 4003 1375 4058 Christi
1401 4003 1592 4060 idonea
1617 4018 1676 4060 es
1698 4005 1808 4059 dis-

223 4089 521 4154 pensatrix.
554 4090 612 4144 ln
658 4099 710 4145 te
740 4092 912 4162 angeli
949 4093 1144 4163 gaudia
1175 4109 1271 4148 sua
1309 4095 1648 4152 accumulata
1677 4110 1798 4151 con-

222 4176 479 4245 Spiciunt,
511 4179 564 4232 in
592 4187 644 4234 te
667 4179 1054 4249 hominesjura
1084 4182 1274 4238 salutis
1303 4198 1415 4239 sua:
1448 4194 1802 4256 cognoscunt,

225 4264 278 4319 in
305 4274 358 4318 te
389 4264 550 4322 inferi
577 4267 786 4336 justam
816 4271 1224 4327 retributionem
1252 4271 1459 4329 fraudis
1493 4289 1604 4330 sua:
1633 4271 1807 4343 perci-

641 5805 912 5862 ΡΑτιιοι.
949 5801 1132 5868 CVII.

1905 3463 2140 3518 namque
2165 3464 2355 3506 versus
2377 3451 2431 3505 in
2460 3460 2639 3506 erecta
2661 3452 2839 3508 crucis
2868 3462 3040 3522 parte,
3072 3453 3125 3508 id
3151 3461 3256 3520 est,
3277 3455 3332 3509 in
3353 3455 3485 3510 duo-

1905 3537 2006 3594 bus
2036 3539 2352 3610 heptagonis
2397 3556 2425 3594 a
2473 3556 2685 3597 summo
2731 3543 2983 3598 deorsum
3025 3543 3380 3611 descendens,
3427 3558 3482 3603 et

1906 3641 2005 3697 per
2031 3637 2398 3685 transversum
2427 3630 2851 3702 heptagonorum
2881 3633 3140 3705 legendus
3165 3636 3254 3690 hic
3289 3655 3300 3688 :

2091 3759 2146 3810 ln
2169 3773 2317 3811 cruce
2340 3761 2422 3812 lex
2444 3761 2634 3812 Domini
2659 3763 2914 3814 decoratur
2943 3764 3056 3815 luce
3079 3777 3295 3816 corusca.

1909 3880 2062 3937 Alter
2085 3883 2138 3936 in
2163 3891 2475 3940 transversa
2510 3885 2626 3954 ejus
2644 3895 2798 3957 parte
2829 3887 2885 3942 in
2915 3887 3123 3944 duobus
3165 3889 3482 3958 heptagonis

1910 3977 2366 4047 comprehensus,
2404 3988 2459 4034 et
2491 3980 2740 4036 similiter
2761 3995 2860 4051 per
2899 3989 3266 4036 transversum
3295 3994 3482 4037 eorum

1913 4065 2168 4139 legendus
2206 4068 2308 4124 iste
2344 4088 2357 4122 :

2100 4176 2286 4230 Gentes
2309 4184 2360 4232 et
2382 4178 2562 4245 lingua
2583 4182 2828 4234 sociantur
2852 4183 2997 4232 laude
3029 4187 3231 4234 sacrata.
