4002 6204
162 317 273 369 2'37

167 429 404 485 Alleluia
436 431 614 486 sonat,
644 415 770 490 quis
792 419 863 490 oh
905 426 1083 490 tamen
1107 414 1225 468 aula
1253 415 1356 468 erit
1390 415 1532 490 haud
1561 414 1661 467 hac

168 501 234 554 Et
263 500 413 552 Deus
443 504 498 550 et
523 486 782 546 Dominus
816 487 1112 559 placandus
1144 489 1326 559 noster
1361 486 1557 559 ubique
1595 493 1695 547 est,

165 571 326 636 Quod
351 575 504 635 juvet
529 563 595 637 iis
620 576 718 616 nos
743 556 963 628 scriptio
984 597 998 620 ,
1026 566 1085 610 ut
1118 557 1255 637 aluta
1282 563 1364 609 est
1392 556 1532 637 aeris
1557 569 1691 637 arce
1757 627 1768 637 .

165 624 306 693 Cum
333 624 622 706 apparebit
648 647 817 685 ovans
847 624 1128 706 servorum
1169 626 1316 706 hinc,
1359 633 1413 679 et
1459 625 1598 706 rapit
1643 624 1770 679 ahni

168 696 790 774 Turba-nihilperdens
817 715 879 754 ac
912 697 1165 774 scandala
1204 696 1512 774 inahmpvet
1547 696 1627 748 ira

169 779 414 833 Devotos
445 765 676 830 famulos
706 772 974 825 frumenta
1007 777 1067 820 ut
1095 767 1274 820 mittat
1305 766 1358 818 in
1383 765 1637 820 horreum

169 847 328 904 Felix
359 847 453 917 qui
487 844 628 898 valet
664 851 824 910 atque
852 841 976 893 licet
1003 837 1088 891 cui
1119 835 1380 889 scandere
1409 837 1625 897 cadum,

1205 294 1292 356 DE
1329 300 1670 356 LAUDIDUS
1711 300 1767 354 S.
1811 289 2078 356 CRUCIS.
2123 330 2189 337 —
2228 299 2355 352 LIB.
2397 297 2434 351 Ι.

3345 294 3447 348 238

1799 415 1844 473 Α
1877 413 1940 467 Et
1973 413 2149 466 laetum
2179 412 2390 466 Domini
2430 411 2564 466 bene
2587 409 2783 465 Clll‘lSll
2817 411 3091 466 intendere
3119 409 3322 464 vultum
3363 426 3378 462 :

1879 482 1975 536 Cui
2004 493 2184 536 manet
2213 484 2352 535 altus
2391 498 2543 535 amor
2565 481 2822 550 perfectio
2849 482 3090 535 redditur
3123 481 3317 534 omnis.

1879 553 2255 623 Angelicisque
2283 553 2467 606 choris
2487 551 2786 621 permixtus
2815 551 3008 623 gaudet
3042 551 3242 623 ubique

1881 621 2175 685 Laudibus,
2201 632 2255 676 et
2283 632 2459 676 certat
2480 623 2745 676 cantando
2771 621 2999 691 psallere
3029 621 3273 683 Christo.

1877 693 2103 747 Cantica
2134 695 2232 748 rite
2253 708 2388 745 nova
2419 693 2518 746 hoc
2541 692 2776 746 studium
2809 693 3074 761 deponere
3105 692 3277 746 nescit
3307 711 3317 742 :

1879 763 2081 835 Regina
2110 765 2232 832 quia
2261 772 2460 817 arterna
2489 765 2565 820 sic
2599 773 2706 815 tum
2739 772 2791 816 et
2817 763 2950 816 bene
2975 763 3169 831 gaudia
3197 763 3364 815 novit.

1354 1003 1873 1069 DECLARATIO
1939 997 2278 1060 FIGURAE.

1707 1151 1912 1164 ν*-

246 1270 390 1339 Quid
429 1270 614 1336 itaque
649 1265 764 1318 hate
803 1261 972 1333 ﬁgura
1020 1260 1110 1323 sit,
1149 1266 1204 1312 et
1238 1257 1365 1326 quid
1402 1254 1682 1326 signiﬁcet,
1717 1261 1776 1306 ut

173 1369 488 1431 exponatur
523 1368 745 1410 necesse
779 1361 884 1406 est.
928 1349 1045 1405 Una
1080 1349 1297 1418 quidem
1330 1346 1430 1401 ista
1468 1354 1551 1400 est
1581 1345 1775 1415 ﬁgura-

177 1467 321 1514 rum,
357 1463 484 1518 quae
521 1443 859 1516 appellantur
899 1449 1038 1494 nota:
1080 1437 1491 1499 sententiarum,
1529 1433 1774 1504 speciali-

1883 1249 2148 1304 Salutaris
2167 1289 2180 1312 ,
2220 1247 2487 1310 Salvator,
2514 1247 2741 1301 Veritas.
2767 1248 2871 1302 Sed
2896 1249 3000 1302 duo
3026 1251 3244 1303 nomina
3271 1249 3456 1305 Grzeca

1881 1343 2178 1414 posteriora
2222 1342 2426 1410 integra
2468 1341 2607 1394 serie
2635 1340 2935 1393 litterarum
2983 1342 3285 1410 conscripta
3314 1353 3458 1405 sunt,

1882 1435 1935 1488 id
1964 1442 2047 1488 est
2099 1451 2111 1486 :
2157 1440 2328 1490 IHCIC
2371 1440 2423 1484 et
2449 1440 2689 1486 ΛΛΗΘΙΛ.
2725 1431 2964 1485 Tertium
2995 1440 3200 1498 autem,
3243 1433 3296 1487 id
3348 1444 3458 1496 est,

177 1505 730 1614 quefvdcabnlbbaec
767 1550 796 1588 a
825 1533 1028 1588 GTIECiS
1063 1540 1328 1585 νοοῑιῐιιιιτ
1358 1528 1640 1581 εΙιτίδὶτηοη
1659 1567 1671 1589 .
1711 1541 1776 1579 ex
1805 1505 1852 1562 Β
1879 1533 2084 1588 COTHP,
2121 1525 2413 1579 secundum
2449 1537 2655 1577 morem
2685 1521 2884 1577 Graecae
2909 1523 3321 1593 conscriptionis
3361 1526 3462 1578 tri-

179 1633 464 1687 voluntate
507 1623 928 1693 uniuscujusque
973 1623 1041 1678 ad
1087 1619 1291 1689 aliquid
1349 1617 1644 1673 notandum
1698 1617 1778 1670 in-

178 1733 364 1780 venta.
412 1721 526 1776 Sed
565 1719 770 1788 majore
804 1715 1064 1785 dignitate
1096 1727 1127 1765 a
1161 1709 1484 1766 Christianis
1508 1707 1577 1762 ad
1602 1707 1777 1777 expri-

183 1815 440 1870 mendum
467 1826 664 1868 nomen
691 1807 895 1864 Christi
923 1804 1233 1868 assumitur,
1257 1799 1412 1872 quasi
1443 1800 1562 1854 dum
1588 1798 1778 1852 littera:

183 1909 372 1978 prima:
416 1903 636 1959 nomine
675 1900 791 1968 ejus
822 1913 929 1952 uno
957 1900 1418 1965 monogrammate
1467 1889 1624 1945 simul
1673 1889 1780 1943 sint

185 1995 620 2065 comprehensae,
645 1990 697 2044 id
722 1998 829 2052 est,
860 1997 903 2042 Χ
938 1994 992 2041 et
1022 1997 1076 2038 Ρ.
1117 1983 1227 2039 Cur
1246 1993 1424 2036 autem
1455 1979 1613 2034 modo
1636 1995 1664 2032 a
1687 1993 1781 2031 no-

184 2089 263 2143 bis
296 2087 355 2139 in
379 2086 487 2138 hoc
505 2097 639 2150 opus
669 2081 740 2134 sit
767 2085 1061 2146 assumpta,
1099 2075 1214 2128 haac
1239 2073 1376 2127 ratio
1399 2079 1484 2126 est
1516 2088 1529 2122 :
1563 2078 1782 2124 notatur

183 2177 329 2230 enim
366 2175 424 2228 in
466 2173 584 2242 ipsa
628 2170 718 2224 ille
748 2182 1006 2222 numerus
1047 2164 1279 2226 dierum,
1321 2176 1428 2230 quo
1460 2159 1784 2230 praedicasse

186 2266 388 2322 mundo
416 2263 669 2319 Christus
695 2258 954 2322 creditur,
991 2265 1047 2312 et
1087 2255 1174 2310 ille
1215 2253 1307 2323 qui
1340 2262 1465 2307 ante
1495 2252 1783 2305 adventum

185 2354 302 2423 ejus
321 2352 664 2416 secundum,
711 2351 779 2404 ab
806 2346 1127 2402 Antichristi
1171 2343 1502 2413 temporibus
1529 2356 1699 2410 usque
1727 2343 1780 2395 in

190 2447 352 2500 ﬁnem
394 2443 584 2498 mundi
637 2441 887 2504 futurus,
933 2437 1228 2493 secundum
1269 2433 1506 2488 Danielis
1549 2433 1780 2504 prophe~

191 2537 322 2589 tiam
347 2537 414 2588 ab
440 2531 762 2588 orthodoxis
790 2529 1046 2584 Ecclesia:
1069 2525 1340 2596 magistris
1368 2523 1644 2594 expositus
1666 2530 1782 2585 est,

193 2635 249 2679 ut
276 2626 333 2679 in
359 2636 394 2679 Ρ
427 2623 609 2678 littera
640 2622 792 2691 prior
817 2631 1094 2673 ‘numerus
1117 2657 1130 2681 ,
1169 2617 1223 2669 id
1267 2623 1370 2680 est,
1412 2629 1606 2678 uccu,
1643 2612 1785 2682 quod

194 2726 320 2771 sunt
344 2732 403 2770 ιιι
435 2714 567 2769 anni
587 2722 643 2768 et
661 2713 846 2777 semis,
879 2711 1205 2772 inveniatur,
1230 2723 1336 2778 quo
1375 2707 1632 2777 temporis
1665 2720 1785 2775 spa-

193 2809 270 2862 tio
291 2807 550 2862 Christus
589 2805 788 2860 mundo
819 2803 1141 2873 praedicasse
1177 2799 1542 2872 cognoscitur.
1575 2797 1786 2853 Menses

1879 1619 1978 1672 bus
2009 1620 2256 1689 (excepto
2280 1627 2321 1672 ο
2350 1617 2598 1687 articulo)
2631 1617 2825 1672 litteris
2867 1627 3115 1684 notatur,
3163 1629 3197 1680 C
3233 1620 3460 1683 scilicet,

1881 1717 1915 1761 11
1941 1717 1994 1760 et
2016 1720 2049 1760 P
2076 1727 2088 1759 :
2121 1716 2174 1761 et
2199 1707 2272 1760 ita
2301 1707 2435 1760 ﬁunt
2461 1721 2650 1760 omnes
2674 1706 2889 1771 littera},
2936 1722 3056 1776 qua:
3090 1709 3142 1762 in
3166 1721 3201 1763 P
3225 1713 3466 1766 conscri-

1881 1806 1984 1865 ptae
2013 1806 2175 1862 sunt,
2212 1812 2438 1852 numero
2464 1813 2529 1850 κγ
2549 1839 2560 1860 ,
2602 1813 2829 1866 quarum
2863 1799 3036 1868 pl‘llﬂﬂ
3066 1811 3210 1856 esto
3233 1842 3247 1864 ,
3280 1818 3465 1857 nume-

1881 1906 2002 1944 rum
2030 1899 2224 1944 notans
2249 1907 2350 1945 Lxx
2373 1909 2386 1957 ;
2411 1891 2642 1946 secunda
2663 1899 2718 1957 C,
2743 1907 2805 1947 cc
2835 1892 3178 1962 signiﬁcans;
3222 1896 3379 1949 tertia
3406 1909 3463 1959 H,

1883 1997 2003 2036 cum
2055 1997 2146 2035 vm
2200 1997 2465 2048 numero,
2518 1994 2709 2051 quarta
2757 1994 2806 2047 P,
2853 1993 3070 2038 centum
3116 1987 3464 2058 exprimens;

1883 2075 2069 2143 quinta
2100 2087 2114 2128 1
2151 2074 2368 2139 decem;
2401 2082 2551 2128 sexta
2589 2083 2645 2137 Η,
2676 2083 2828 2139 octo;
2858 2076 3084 2144 septima
3109 2084 3162 2140 C,
3193 2091 3283 2142 cc;
3313 2085 3466 2132 octa-

1884 2182 1949 2220 va
1977 2177 2037 2231 Υ,
2065 2181 2219 2230 cccc;
2246 2182 2386 2220 nona
2411 2174 2464 2228 C,
2501 2182 2594 2230 cc;
2624 2165 2830 2219 decima
2857 2175 2916 2229 Δ,
2946 2181 3142 2231 unum;
3183 2168 3465 2222 undecima

1884 2267 1948 2319 Δ,
1994 2271 2141 2318 xxx;
2201 2253 2517 2309 duodecima
2564 2265 2620 2319 Β,
2665 2269 2797 2320 vnt;
2847 2254 3215 2310 tertiadecima
3260 2265 3324 2321 Θ,
3379 2271 3460 2319 rx;

1885 2346 2286 2416 quartadecima
2330 2357 2382 2409 t,
2414 2362 2482 2410 x;
2513 2344 2910 2415 quintadecima
2947 2355 3004 2412 Α,
3040 2362 3206 2403 unum
3240 2348 3465 2402 demon-

1885 2449 2082 2496 strans.
2107 2436 2236 2506 Quae
2249 2438 2511 2508 comitatae
2522 2452 2731 2503 omnes,
2750 2437 3252 2494 faciuntnunterum
3272 2453 3460 2498 uccu.

1885 2540 1942 2586 et
1963 2530 2140 2585 adhuc
2168 2537 2451 2584 remanent
2474 2529 2541 2582 ad
2575 2529 2940 2598 supradictam
2965 2529 3350 2599 plenitudinem
3377 2545 3470 2584 nu-

1886 2622 2022 2676 meri
2051 2637 2104 2686 v,
2137 2635 2256 2690 qua:
2286 2620 2340 2674 in
2370 2620 2487 2689 ipso
2509 2620 2684 2674 adhuc
2711 2629 2987 2675 caractere
3022 2633 3055 2675 P
3087 2622 3312 2676 inveniri
3342 2637 3466 2691 pos-

1887 2718 2033 2775 sunt,
2075 2711 2170 2774 ita,
2195 2710 2240 2764 si
2280 2709 2552 2763 dividatur
2591 2710 2765 2779 ipsum
2797 2723 2846 2772 P,
2889 2711 2940 2765 id
2979 2722 3082 2776 est,
3122 2722 3182 2765 ut
3217 2727 3468 2781 suprema

1889 2815 2037 2872 pars,
2062 2815 2183 2870 quae
2206 2800 2258 2854 in
2282 2816 2341 2856 se
2368 2801 2656 2870 imaginem
2681 2815 2715 2858 Α
2738 2802 2931 2858 littene
2971 2804 3150 2868 habet,
3177 2813 3468 2874 quaterna-

193 2901 340 2954 enim
370 2899 536 2952 trium
567 2897 732 2952 semis
769 2910 1032 2949 annorum
1059 2935 1072 2952 .
1114 2893 1168 2947 id
1206 2901 1309 2955 est,
1348 2891 1530 2946 tricies
1557 2891 1787 2961 quadra-
1813 2868 1858 2930 (ἶ
1891 2893 2029 2948 rium
2051 2908 2335 2948 numerum
2363 2893 2561 2964 signet,
2588 2902 2642 2948 et
2667 2878 2874 2959 inﬁma,
2896 2904 3056 2964 quae!
3083 2895 3333 2951 Latinam
3357 2896 3466 2951 for-

195 2988 316 3059 geni
346 2996 400 3040 et
428 2987 566 3047 bini,
607 3000 777 3040 μεριξ
808 2985 924 3039 dies
967 2983 1239 3059 efﬁciunt,
1284 2983 1384 3037 sub
1421 2997 1530 3052 quo
1564 2995 1790 3036 numero

197 3057 394 3134 civitas
425 3088 617 3133 sancta
665 3077 862 3133 calcari
897 3092 927 3130 a
968 3057 1231 3148 gentibus.
1259 3075 1313 3129 in
1339 3073 1662 3146 Apocalypsi
1691 3073 1787 3127 de~

198 3170 478 3234 scribitur,
507 3178 563 3222 et
587 3168 779 3222 mulier
804 3183 833 3220 a
861 3167 996 3222 facie
1024 3165 1278 3221 draconis
1302 3163 1486 3236 fugere
1513 3165 1567 3219 in
1604 3164 1790 3221 solitu-

200 3258 405 3321 dinem,
428 3259 518 3312 ubi
550 3258 710 3311 habet
738 3256 912 3311 locum
940 3265 1184 3327 paratum
1207 3269 1237 3308 a
1265 3253 1397 3319 Deo,
1423 3261 1480 3307 ut
1498 3255 1571 3309 ibi
1595 3268 1789 3323 pasca-

201 3359 289 3402 tur
330 3349 522 3402 eodem
572 3362 796 3402 numero
840 3347 1069 3411 dierum,
1118 3346 1210 3416 qui
1255 3360 1512 3400 numerus
1564 3346 1789 3415 mystice

203 3440 384 3492 omnia
432 3438 858 3493 Christianitatis
893 3445 1133 3507 tempora
1165 3435 1540 3507 complectitur
1562 3477 1577 3501 ,
1609 3445 1668 3489 ut
1689 3435 1789 3489 Pa-

205 3541 348 3583 trum
383 3529 539 3584 habe:
569 3529 722 3583 ﬁrma
765 3529 1003 3583 traditio.
1049 3528 1186 3595 Quia
1221 3526 1470 3582 Christus
1506 3525 1661 3595 cujus
1688 3527 1792 3581 hoc

205 3636 402 3690 corpus
426 3628 745 3674 est'tantum
795 3619 848 3672 in
897 3634 1059 3673 carne
1104 3618 1361 3688 temporis
1385 3617 1788 3688 praedicaverit,

206 3729 312 3783 quo
342 3713 457 3765 sive
487 3711 586 3765 sub
631 3725 724 3779 spe
745 3719 1067 3764 aztemorum
1094 3708 1524 3778 peregrinatione
1553 3724 1790 3777 praesen-

207 3806 277 3857 tis
304 3802 474 3856 eremi
500 3800 716 3870 gaudet,
746 3815 839 3854 seu
868 3799 1260 3870 persecutionis
1287 3798 1584 3852 molestiam
1615 3797 1681 3852 ab
1709 3799 1790 3850 in—

209 3892 458 3948 ﬁdelibus
481 3891 567 3946 vel
592 3907 622 3945 a
653 3890 802 3945 falsis
826 3891 1083 3946 fratribus
1113 3891 1336 3958 patitur.
1369 3901 1409 3944 x
1440 3891 1620 3959 itaque
1653 3889 1793 3944 litte-

210 4003 269 4039 ra
305 3985 458 4038 illum
486 3998 771 4038 numerum
807 3983 1069 4048 continet,
1111 3999 1268 4051 quem
1300 3983 1536 4037 Danielis
1560 3985 1796 4054 prophe-

212 4079 284 4132 tia
319 4077 569 4147 przedixit
603 4076 656 4130 in
686 4075 1004 4130 Antichristi
1036 4086 1277 4145 tempore
1300 4075 1563 4142 futurum,
1598 4075 1652 4130 id
1688 4083 1793 4138 est,

211 4183 493 4224 Icccxxxv
536 4167 669 4222 dies.
705 4166 783 4220 lta
811 4167 952 4220 enim
983 4167 1054 4221 ibi
1083 4167 1341 4236 scriptum
1373 4174 1490 4221 est:
1520 4163 1586 4218 Et
1617 4164 1795 4218 beatus

210 4262 300 4332 qui
343 4269 602 4329 exspectat
654 4270 701 4312 et
746 4260 970 4330 pervenit
1013 4275 1174 4329 usque
1223 4259 1293 4311 ad
1340 4259 1449 4312 dies
1497 4273 1794 4312 lcccxxxv.

212 4351 367 4418 Quod
389 4353 582 4405 beatus
610 4350 965 4420 Hieronymus
981 4351 1052 4404 ita
1076 4351 1324 4420 exponit:
1356 4349 1575 4414 Beatus,
1607 4351 1796 4418 inquit,

214 4445 330 4513 qui,
354 4443 642 4498 interfecto
663 4441 1012 4506 Antichristo,
1044 4458 1203 4511 supra
1236 4457 1406 4497 uccxc
1436 4442 1572 4506 dies,
1607 4429 1658 4495 id
1697 4449 1797 4503 est,

216 4547 328 4590 tres
347 4536 513 4590 semis
532 4550 726 4599 annos,
753 4535 867 4589 dies
883 4551 983 4588 xnv
1009 4535 1370 4605 priestolatur,
1391 4533 1584 4604 quibus
1599 4543 1678 4587 est
1702 4533 1802 4585 Do-

217 4628 397 4680 minus
411 4636 574 4696 atque
607 4625 856 4679 Salvator
877 4626 928 4679 in
950 4641 1047 4679 sua
1069 4625 1347 4695 majestate
1362 4634 1638 4678 venturus.
1662 4623 1802 4690 Qua-

219 4733 278 4770 re
306 4725 487 4770 autem
511 4725 632 4785 post
656 4714 1086 4770 interfectionem
1109 4714 1424 4769 Antichristi
1467 4729 1570 4767 XLV
1597 4714 1801 4769 dierum

219 4806 496 4860 silentium
539 4807 609 4859 sit
635 4846 649 4869 ,
691 4807 885 4863 divinze
917 4808 1158 4862 scientiae
1181 4817 1265 4862 est
1289 4847 1304 4873 ,
1352 4806 1455 4861 nisi
1488 4804 1626 4860 forte
1657 4806 1803 4859 dica-

223 4912 377 4949 mus:
407 4897 606 4952 Dilatio
636 4901 785 4972 regni
803 4910 1114 4955 sanctorum
1141 4901 1384 4969 probatio
1405 4907 1487 4955 est
1512 4899 1800 4968 patientiie.

225 4987 331 5040 Sed
350 4988 474 5056 quia
510 4988 844 5045 manifestior
877 4991 1016 5047 ratio
1042 5000 1122 5045 est
1165 5005 1326 5060 supra
1365 4990 1506 5044 dicta
1537 5030 1551 5054 ,
1591 4989 1633 5042 si
1663 4988 1803 5056 ipsas

224 5078 455 5140 litteras,
481 5094 601 5146 quae
650 5079 702 5132 in
734 5079 836 5133 hac
867 5080 1034 5151 ﬁgura
1069 5080 1386 5149 conscriptae
1424 5087 1551 5134 sunt
1584 5087 1638 5132 et
1664 5079 1804 5148 posi-

225 5166 368 5218 tione
393 5182 488 5219 sua
512 5182 916 5238 monogramma
948 5171 1262 5235 coniiciunt,
1293 5168 1450 5223 simul
1475 5184 1595 5223 cum
1619 5182 1804 5222 earum

225 5269 453 5307 innuero
496 5258 791 5312 secundum
830 5261 1072 5314 ordinem
1111 5259 1537 5323 conscribamus,
1574 5259 1806 5328 spatium

223 5341 434 5394 calamo
460 5344 525 5396 ad
555 5344 658 5398 hoc
689 5333 1035 5402 concedathr.
1065 5348 1284 5403 Litterae
1311 5355 1491 5404 autem
1515 5350 1567 5401 in
1602 5361 1633 5402 P
1660 5349 1806 5417 posi-

223 5439 291 5483 tx
338 5433 443 5486 ικκ
486 5445 702 5502 sonant,
744 5449 805 5498 Ο.
853 5447 1059 5498 COTHP.
1101 5447 1289 5502 IHCTC.
1338 5448 1562 5497 AAHGIA
1595 5442 1695 5495 tria
1727 5441 1808 5494 vi-

220 5520 423 5578 delicet
465 5526 681 5580 nomina
715 5525 938 5594 Christi,
987 5545 1104 5598 qua:
1151 5530 1313 5584 latine
1363 5532 1802 5601 interpretantur,

1825 4229 1876 4287 D

1889 2996 2022 3051 mat,
2050 3002 2214 3041 unum
2244 3000 2526 3041 numerum
2556 2995 2822 3058 potestate
2856 2986 3168 3042 Latinorum
3201 2989 3470 3052 ostendat,

1888 3085 1943 3132 et
1966 3077 2058 3132 ille
2093 3075 2425 3139 millenarius
2457 3085 2511 3132 et
2548 3077 2962 3132 ducentenarius
2997 3087 3050 3131 et
3087 3081 3473 3150 sexagenarius

1889 3181 2144 3222 numerus
2171 3167 2225 3220 in
2258 3180 2292 3220 P
2317 3167 2607 3221 invenitur.
2649 3178 2690 3222 X
2721 3175 2923 3231 autem,
2961 3183 3081 3236 quae
3127 3167 3294 3222 altera
3346 3183 3472 3238 pars

1889 3267 1971 3312 est
1997 3259 2507 3328 monogrammatis,
2556 3259 2658 3312 tria
2701 3260 2914 3314 nomina
2957 3260 3210 3315 similiter
3235 3262 3475 3316 continet

1892 3346 2124 3410 Domini,
2173 3348 2226 3402 in
2268 3357 2392 3402 octo
2432 3348 2628 3402 litteris
2674 3350 2998 3418 conscripta,
3052 3351 3103 3403 id
3151 3361 3253 3414 est,
3293 3360 3471 3410 820C.

1890 3444 2178 3497 XPHCTI'C.
2226 3445 2409 3498 tuCrC.
2473 3437 2692 3492 Littera:
2750 3448 2929 3492 autem
2988 3440 3069 3493 hac
3120 3447 3246 3493 sunt
3286 3447 3359 3506 Θ,
3418 3456 3473 3494 ut

1891 3529 2232 3596 exprimens,
2261 3535 2313 3586 (ζ.
2343 3543 2423 3582 cc.
2452 3539 2513 3582 Χ.
2556 3545 2587 3580 n
2611 3542 2660 3582 c.
2697 3539 2748 3582 P.
2781 3544 2830 3583 c.
2866 3537 2919 3588 (ἶ.
2955 3543 3036 3584 cc.
3076 3540 3113 3584 1.
3166 3545 3215 3582 x.
3259 3541 3312 3584 tt.
3354 3545 3474 3584 \‘llt.

1892 3626 1944 3677 Ο.
1974 3634 2055 3673 cc.
2083 3619 2342 3673 denotans
2366 3658 2380 3682 ,
2409 3618 2498 3688 qui
2529 3617 2690 3672 simul
2717 3617 2851 3671 ﬁunt
2879 3633 3184 3681 ucccxxvn,
3220 3629 3276 3675 et
3300 3621 3474 3675 adhuc

1894 3719 2176 3765 remanent
2196 3727 2313 3775 vin,
2339 3711 2428 3780 qui
2460 3719 2745 3781 augentur,
2777 3711 2822 3765 si
2855 3723 2890 3766 11
2917 3711 3092 3767 littera
3125 3728 3244 3782 qua:
3273 3713 3326 3767 in
3357 3729 3472 3768 me-

1896 3802 1984 3855 dio
2029 3801 2330 3856 litterarum
2383 3809 2504 3856 octo
2545 3802 2647 3855 sita
2694 3810 2775 3856 est
2813 3802 2981 3857 vicem
3020 3803 3160 3857 clavi
3200 3803 3476 3868 obtinens,

1895 3909 2014 3946 cum
2061 3908 2285 3946 numero
2323 3893 2600 3948 octonario
2636 3893 2701 3948 de
2731 3904 2764 3948 P
2798 3893 3042 3948 addatur.
3079 3892 3217 3947 Sunt
3260 3909 3475 3962 quoque

1898 3994 2008 4038 tres
2037 3999 2224 4038 versus
2248 3985 2303 4037 in
2333 3995 2794 4054 monogrammate
2822 4027 2834 4048 ,
2868 3985 2920 4038 in
2951 3985 3244 4053 majoribus
3280 3984 3478 4040 litteris

1897 4092 2018 4132 cum
2055 4075 2354 4130 minoribus
2381 4076 2526 4152 intus
2561 4077 2885 4147 conscripti,
2919 4091 3147 4146 quorum
3177 4077 3384 4146 primus
3408 4079 3476 4132 ab

1900 4167 1945 4223 Ο
1982 4169 2244 4238 incipiens
2281 4185 2376 4237 per
2406 4183 2596 4223 omnes
2633 4166 2865 4234 majores
2903 4168 3109 4221 litteras
3156 4167 3208 4219 in
3251 4167 3479 4220 circuittt

1901 4260 2078 4324 vadit,
2113 4274 2234 4328 quae
2273 4272 2307 4313 Δ
2337 4258 2558 4327 ﬁguram
2601 4274 2763 4326 supra
2795 4259 2849 4312 in
2876 4271 2911 4313 Ρ
2937 4257 3258 4321 ostendunt,
3290 4267 3345 4312 et
3373 4259 3478 4312 dun

1903 4351 2118 4404 nomina
2157 4365 2327 4421 graeca
2363 4359 2566 4414 tenent,
2599 4349 2698 4403 hoc
2735 4360 2838 4414 est,
2879 4361 2936 4404 ο.
2962 4359 3166 4409 corur.
3203 4358 3387 4412 lHCTC.
3427 4353 3478 4405 in

1905 4454 2094 4493 novem
2126 4441 2322 4493 litteris
2342 4439 2728 4509 con'tprehensa
2755 4459 2767 4492 :
3065 4448 3070 4452 ’

1903 4575 2019 4624 Nam
2047 4577 2168 4623 alma
2193 4577 2340 4626 decet
2375 4577 2560 4626 radiant
2583 4579 2758 4638 scripta
2785 4579 2894 4626 hinc
2916 4579 3040 4638 quod
3066 4583 3262 4628 nomine
3282 4580 3479 4630 Christi.

1907 4697 2183 4754 Secundus
2211 4715 2425 4770 quoque
2454 4701 2506 4754 in
2540 4700 2743 4771 reliqua
2774 4712 2924 4770 parte
2952 4714 3001 4766 Ρ,
3029 4703 3080 4757 id
3105 4713 3210 4768 est,
3236 4705 3290 4759 in
3319 4705 3480 4769 linea,

1906 4805 2024 4858 quae
2065 4801 2207 4844 recta
2242 4793 2491 4846 deorsum
2526 4793 2693 4858 vadit,
2733 4802 2789 4845 et
2814 4808 3006 4848 nomen
3051 4803 3276 4849 ΛΛΠΘΙΔ
3317 4804 3481 4860 tenet,

1908 4880 1959 4933 in
1990 4896 2081 4934 sex
2119 4881 2313 4935 litteris
2341 4882 2544 4937 Graecis
2566 4883 2797 4952 scriptus
2828 4892 2930 4948 est,
2968 4885 3066 4938 iste
3092 4900 3106 4936 :

2031 5014 2204 5063 Sancta
2223 5015 2449 5064 salutaris
2469 5015 2631 5066 laudat
2653 5018 2758 5067 hac
2789 5021 2985 5081 scriptio
3008 5019 3266 5070 Christum.

1910 5136 2124 5191 Tertius
2145 5152 2381 5207 quoque,
2417 5140 2507 5208 qui
2541 5140 2592 5192 in
2627 5152 2666 5194 χ
2697 5141 2875 5195 littera
2908 5157 3000 5194 vui
3030 5141 3244 5204 litteris,
3286 5141 3336 5193 in
3366 5140 3484 5209 qui-

1911 5229 2009 5282 bus
2037 5238 2160 5282 sunt
2192 5231 2293 5283 tria
2324 5231 2540 5285 nomina
2568 5242 2772 5298 notata,
2817 5235 2917 5288 hoc
2961 5243 3062 5298 est,
3103 5241 3316 5292 Tusce.
3347 5229 3481 5302 1pc.

1912 5330 2025 5379 ms.
2051 5324 2291 5378 continet
2309 5324 2388 5377 ita
2413 5343 2424 5376 :
2549 5317 2570 5330 ’

2033 5433 2249 5483 Christus
2273 5435 2415 5484 homo
2440 5445 2516 5486 est
2542 5437 2754 5499 placidus
2778 5449 2955 5499 nempe
2980 5437 3162 5556 arbitrr
3187 5435 3488 5545 htcdquopue

3148 5509 3260 5544 mun
3331 5509 3384 5545 es
3409 5533 3424 5545 .

3148 5509 3310 5544 munut
3331 5509 3424 5545 est.
