4002 6204
125 449 205 504 2H
1001 483 1004 493 .
1135 443 1223 499 DE
1261 443 1605 502 LAUDIBUS
1646 445 1702 500 S.
1743 445 2012 502 CRUCIS.
2054 477 2123 486 ——
2161 445 2286 501 LIB.
2329 445 2365 503 1.

3291 453 3324 508 2

3339 455 3406 512 te

1314 575 1830 636 DECLARATIO
1889 577 2229 639 FIGURAE.

181 802 332 858 Ecce
359 799 548 856 crucis
575 797 792 854 Domini
830 805 1059 868 quatuor
1094 814 1296 854 cornua
1339 803 1582 855 senarius
1619 817 1721 856 nu—
1748 814 1795 870 Α
1825 803 1900 858 De
1917 819 2020 873 qua
2037 804 2324 873 Apostolus
2347 813 2575 858 testatus
2599 814 2682 858 est
2705 803 2994 868 :Cltristus,
3022 805 3212 876 inquit.
3238 808 3410 877 {actus

127 908 298 948 uterus
351 892 617 946 decenter
668 890 962 955 concludit,
1012 899 1068 945 et
1124 899 1290 945 totam
1333 893 1720 961 perfectionem

125 983 418 1055 perpetrati
459 983 645 1051 operis
673 981 912 1037 ostendit
946 999 958 1034 :
993 981 1120 1051 quia
1153 981 1208 1036 in
1247 982 1358 1052 ipsa
1386 998 1565 1037 rerum
1593 999 1721 1038 con—

124 1078 256 1130 ditor
282 1072 778 1128 consummationis
799 1085 910 1125 sua:
935 1070 1061 1126 fecit
1078 1070 1366 1141 judicium,
1391 1087 1534 1137 eum,
1560 1087 1718 1127 acce-

123 1176 204 1237 pto
219 1164 445 1235 poculo,
472 1162 904 1217 Consummaturn
935 1171 1029 1228 est,
1055 1161 1210 1216 dixit.
1241 1161 1405 1217 Recte
1427 1163 1569 1217 enim
1589 1177 1721 1216 con-

122 1267 454 1314 summatum
493 1271 616 1311 esse
654 1255 912 1324 scriptum
940 1263 1023 1308 est
1044 1294 1060 1319 ,
1095 1253 1182 1308 ubi
1223 1255 1516 1309 humanum
1549 1269 1717 1324 genus

122 1351 412 1404 liberatum
441 1356 554 1413 est;
597 1346 725 1416 quia
766 1362 872 1400 non
912 1345 1082 1400 solum
1122 1345 1432 1400 hominibus
1452 1346 1718 1416 passionis

121 1441 318 1496 Christi
358 1439 566 1492 factum
601 1436 842 1508 profuit,
873 1453 995 1491 cum
1039 1437 1138 1506 ipsi
1169 1437 1557 1507 redemptionis
1595 1453 1717 1508 gra-

122 1535 246 1587 tiam
272 1532 560 1587 consecuti
581 1537 728 1595 sunt,
768 1530 862 1585 sed
887 1530 1048 1584 etiam
1070 1530 1381 1585 coelestibus
1404 1529 1715 1600 angelorum

126 1625 309 1689 turbis,
357 1640 485 1678 cum
522 1623 576 1677 in
620 1638 686 1678 eo
712 1624 921 1677 numeri
967 1623 1049 1677 sui
1097 1622 1484 1692 plenitudinem
1537 1623 1714 1691 adepti

127 1727 258 1770 sunt.
299 1716 514 1783 Quater
549 1716 690 1769 enim
731 1715 845 1770 seni
887 1731 1014 1768 xxiv
1048 1715 1308 1782 reddunt;
1352 1732 1459 1786 quo
1486 1731 1714 1772 numero

127 1807 378 1861 horarum
430 1805 670 1861 ctelestis
709 1807 918 1875 spherae
946 1805 1180 1861 ambitus
1207 1806 1608 1873 circumfertur,
1659 1816 1713 1862 et

128 1897 387 1953 naturalis
417 1896 526 1951 diei
556 1912 746 1952 cursus
762 1895 965 1966 judicio
989 1897 1229 1952 siderum
1254 1897 1709 1952 circumeuntium

126 1989 578 2061 deprehenditur;
615 2004 722 2058 quo
747 2003 971 2044 numero
993 1989 1116 2043 libri
1142 1989 1352 2045 Veteris
1377 1989 1710 2044 Testamenti

129 2086 173 2137 in
209 2083 539 2138 canonicam
580 2082 954 2136 auctoritatem
983 2081 1122 2152 apud
1158 2080 1412 2138 Hebraeos
1441 2082 1710 2152 recipiun-

1821 901 1894 946 est
1920 910 2014 962 pro
2037 893 2183 947 nobis
2211 894 2451 948 obedicns
2481 894 2632 948 Patri
2653 911 2811 966 usque
2839 896 2906 952 ad
2932 907 3170 962 mortem,
3192 908 3410 952 mortem

1821 993 1993 1037 autem
2017 987 2205 1051 crucis,
2233 998 2442 1057 propter
2461 988 2600 1057 quod
2633 997 2680 1041 et
2711 988 2851 1042 Deus
2882 989 3127 1044 exultavit
3161 990 3331 1056 illum,
3359 1002 3409 1046 et

1819 1071 1959 1125 dedit
1984 1072 2063 1126 illi
2090 1091 2274 1128 nomen
2307 1076 2446 1145 quod
2495 1087 2568 1130 est
2617 1094 2773 1147 super
2810 1095 2962 1134 omne
3003 1097 3211 1146 nomen,
3250 1091 3304 1134 ut
3353 1081 3410 1134 in

1821 1160 2027 1214 nomine
2065 1162 2192 1216 Jesu
2232 1180 2381 1217 omne
2417 1181 2548 1234 genu
2595 1167 2859 1235 ﬂectatur,
2902 1167 3203 1234 caelestium,
3243 1181 3411 1224 terre-

1818 1253 2004 1307 strium
2045 1263 2093 1309 et
2139 1256 2499 1324 infernarum,
2553 1269 2602 1312 et
2657 1260 2822 1314 omnis
2879 1259 3058 1331 lingua
3097 1263 3410 1331 conﬁteatur

1817 1346 1940 1413 quia
1963 1345 2220 1401 Dominus
2244 1347 2397 1402 Iesus
2426 1349 2478 1402 in
2500 1348 2669 1419 gloria
2698 1361 2770 1404 est
2798 1351 2895 1405 Dei
2924 1351 3121 1406 Patris.
3154 1353 3228 1406 De
3257 1354 3403 1408 thro-

1818 1452 1888 1492 no
1915 1453 2044 1508 ergo
2091 1439 2194 1512 isto
2233 1441 2526 1508 procedunt
2574 1440 2807 1512 fulgura,
2852 1456 3011 1496 voces
3042 1441 3096 1496 et
3143 1443 3404 1509 tonitrua,

1815 1527 1942 1596 quia
1987 1536 2106 1597 post
2146 1528 2449 1597 passionem
2490 1527 2786 1586 Salvatoris
2811 1571 2825 1594 ,
2861 1533 3311 1587 resurrectionem
3353 1543 3408 1588 et

1816 1615 2185 1670 ascensionem
2218 1617 2285 1670 ad
2310 1617 2478 1672 caelos
2502 1659 2514 1682 ,
2561 1617 2806 1687 discipuli
2844 1620 2958 1689 ejus
2981 1660 2994 1683 ,
3027 1621 3168 1675 sicut
3195 1621 3405 1674 Marcus

1815 1708 2040 1771 scribit,
2090 1708 2312 1788 profecti
2356 1710 2769 1779 praedicaverunt
2814 1712 3024 1783 ubique,
3054 1711 3161 1768 Deo
3215 1730 3404 1783 reope-

1816 1809 1964 1853 rante
2016 1809 2065 1853 et
2103 1816 2395 1854 sermonem
2439 1802 2802 1870 conﬁrmante,
2837 1805 3168 1874 sequentibus
3218 1805 3401 1876 signis.

1814 1889 2054 1956 Quorum
2075 1906 2214 1945 unus
2237 1891 2576 1962 congregatis
2597 1891 2882 1948 adversum
2903 1909 2961 1948 se
2983 1893 3182 1950 Judaeis
3207 1910 3401 1966 magna

1814 1981 2136 2036 auctoritate
2161 1982 2437 2051 respondit
2464 1999 2474 2034 :
2509 1981 2706 2036 Notum
2730 1984 2817 2049 sit,
2842 1984 3032 2055 inquit,
3058 1987 3295 2041 omnibus
3317 2004 3402 2041 vo-

1813 2068 1890 2122 bis
1910 2080 1956 2121 et
1985 2070 2237 2124 universa:
2255 2068 2390 2140 plebi
2412 2069 2607 2135 Israel,
2635 2071 2758 2140 quia
2789 2072 2841 2125 in
2867 2073 3074 2126 nomine
3094 2073 3222 2126 Jesu
3247 2072 3402 2127 Chri-

129 2185 224 2238 ιιηι,
260 2174 413 2228 Ruth
459 2182 515 2228 ει
557 2171 766 2244 ογηοιιι
816 2172 1077 2228 librorum
1121 2172 1240 2228 vice
1276 2173 1706 2238 connumemlis;
1741 2175 1786 2235 Β
1815 2160 1882 2214 sti
1904 2159 2204 2225 Nazareni,
2232 2176 2384 2232 quem
2416 2161 2779 2230 cruci/histis,
2814 2179 2966 2232 quem
3000 2163 3140 2217 Deus
3177 2167 3399 2219 suscita-

126 2284 224 2336 quo
250 2281 484 2321 numero
518 2266 571 2320 in
601 2274 777 2320 sortes
808 2265 1047 2320 Levitica
1080 2265 1252 2320 tribus
1279 2280 1374 2336 per
1404 2264 1573 2320 David
1600 2266 1711 2320 dis-

124 2360 320 2412 tributa
361 2366 488 2421 est,
532 2363 587 2408 et
623 2364 844 2410 cunctos
877 2354 1018 2410 filios
1065 2355 1249 2412 Aaron
1292 2371 1390 2426 per
1425 2356 1572 2412 vices
1598 2355 1710 2412 Deo

129 2451 437 2505 ministrare
463 2449 742 2503 decretum
769 2457 872 2513 est,
901 2457 956 2503 et
978 2447 1172 2503 merito
1190 2489 1205 2513 ,
1231 2456 1289 2504 ut
1317 2462 1574 2502 numerus
1600 2447 1710 2502 ele-

127 2549 334 2594 ctorum
377 2537 696 2608 pontificum
741 2545 1182 2608 prmonstraret
1221 2548 1482 2594 aeternum
1509 2537 1710 2596 Christi

129 2631 526 2695 sacerdotium,
564 2630 659 2700 qui
702 2629 945 2700 pontifex
990 2627 1164 2686 factus
1217 2631 1513 2685 secundum
1564 2631 1711 2686 ordi-

128 2739 242 2778 nem
287 2723 716 2786 Melchisedech,
757 2722 809 2776 in
851 2737 946 2776 ara
981 2722 1158 2777 crucis
1203 2721 1602 2778 immaculatam
1653 2737 1712 2777 se

127 2815 317 2869 obtulit
359 2813 599 2869 hostiam
651 2813 761 2868 Deo
791 2855 805 2878 ,
860 2829 1058 2884 agnum
1114 2813 1360 2869 videlicet
1414 2813 1564 2869 illum
1619 2814 1710 2884 qui

127 2904 346 2960 abstulit
372 2911 596 2975 peccata
641 2904 844 2968 mundi,
887 2902 1042 2973 cujus
1088 2904 1365 2974 sanguinis
1403 2903 1714 2974 aspersione

129 3005 311 3051 sancta
350 3003 404 3050 et
440 3003 628 3051 sancta
670 3003 982 3050 sanctorum
1020 2995 1276 3050 mundata
1311 3004 1459 3062 sunt,
1505 3003 1560 3050 ει
1585 3010 1713 3050 vera

131 3087 432 3156 expiatione
457 3093 803 3156 peccatorum
834 3087 1075 3142 omnium
1111 3086 1299 3143 sordes
1336 3086 1533 3142 ablatae
1564 3093 1708 3143 sunt.

134 3178 300 3249 Hujus
329 3175 681 3247 ejusdemque
715 3178 924 3233 numeri
959 3179 1201 3233 seniores
1231 3179 1284 3232 in
1315 3178 1543 3234 circuitu
1572 3179 1714 3236 sedis

131 3268 267 3322 illius
295 3267 702 3338 potentissimas,
734 3268 800 3322 de
823 3283 929 3338 qua
953 3267 1304 3339 Apocalypsis
1332 3276 1545 3335 narrat,
1574 3269 1714 3325 unde

128 3360 425 3430 procedunt
451 3359 661 3428 fulgura
687 3398 702 3424 ,
734 3373 893 3414 voces
916 3368 972 3414 et
1003 3359 1259 3425 tonitrua,
1287 3360 1491 3414 sedisse
1511 3358 1714 3414 descri-

129 3450 347 3514 batur,
389 3448 687 3504 Ecclesiam
727 3449 978 3505 videlicet
1026 3449 1369 3520 designan’tes
1412 3464 1510 3520 per
1545 3450 1714 3520 gemi-

130 3557 253 3596 num
287 3547 671 3596 testamentum
696 3540 763 3596 de
784 3541 1110 3610 patriarehis
1131 3550 1187 3596 et
1206 3541 1461 3611 apostolis
1489 3555 1713 3612 genera-

132 3644 256 3698 tam,
288 3648 410 3703 quae
432 3632 502 3688 ob
521 3633 860 3701 judiciariam
896 3635 1012 3704 ejus
1053 3634 1108 3687 in
1142 3632 1357 3689 Christo
1396 3634 1709 3705 dignitatem

129 3725 186 3780 in
211 3725 438 3779 circuitu
470 3723 614 3778 illius
656 3724 857 3781 sedisse
887 3727 1146 3781 cernitur.
1188 3727 1264 3782 De
1293 3741 1398 3797 qua
1429 3727 1558 3783 dicit
1587 3726 1708 3782 Sal-

131 3825 280 3871 vator
299 3815 452 3887 regni
480 3815 565 3872 sui
608 3816 901 3886 potentiam
943 3818 1320 3874 demonstrans
1348 3837 1359 3870 :
1389 3819 1460 3874 Et
1487 3837 1599 3891 ego,
1628 3821 1710 3875 in-

130 3908 265 3975 quit,
288 3909 336 3962 si
361 3908 786 3978 exaltatufuero
821 3927 850 3963 a
880 3919 1042 3974 terra,
1066 3911 1242 3964 omnia
1270 3911 1477 3965 traham
1507 3912 1576 3966 ad
1602 3928 1704 3967 me-

130 4001 316 4067 ipsum.
349 3999 540 4054 Traxit
558 3999 756 4070 quippe
787 4000 855 4055 ad
881 4015 942 4057 se
981 4008 1172 4056 cuncta
1205 3999 1474 4069 Salvator,
1505 4017 1626 4058 cum
1653 4002 1707 4056 in

131 4104 288 4144 cruce
309 4089 539 4159 positus,
565 4105 780 4146 omnem
803 4090 884 4148 sib
901 4091 1130 4163 subjecit
1149 4099 1494 4162 potestatem,
1521 4091 1588 4146 de
1603 4107 1708 4162 qua

133 4195 414 4253 resurgens
433 4183 592 4237 tertia
611 4182 718 4249 die,
747 4182 1022 4254 discipulis
1049 4183 1163 4239 suis
1181 4182 1390 4239 locutus
1418 4190 1502 4239 est
1532 4201 1544 4235 :
1570 4182 1706 4236 Data

132 4280 223 4337 at,
263 4272 462 4344 inquit,
499 4272 630 4326 mihi
672 4275 840 4330 omnis
867 4283 1090 4344 potestas
1116 4276 1175 4331 in
1218 4275 1344 4331 coelo
1377 4283 1424 4330 et
1451 4277 1506 4329 in
1543 4282 1702 4330 terra.

1808 2256 1880 2306 vit
1911 2270 1942 2306 a
1971 2253 2326 2320 mortuis,'in
2363 2253 2459 2307 hoc
2500 2253 2595 2306 iste
2627 2262 2765 2307 astat
2802 2254 2940 2308 vobis
2977 2271 3159 2308 sanus.
3184 2254 3286 2309 Hic
3323 2268 3394 2310 est

1810 2347 1964 2420 lapis,
1990 2349 2078 2418 qui
2101 2350 2402 2419 reprobatus
2429 2357 2501 2402 est
2528 2365 2561 2400 a
2599 2347 2737 2402 vobis
2759 2347 3163 2417 aediﬁcantibus,
3192 2351 3283 2419 qui
3311 2349 3396 2416 [ας

1811 2450 1922 2493 ctus
1950 2448 2023 2493 est
2062 2440 2118 2492 in
2145 2447 2300 2508 caput
2329 2437 2508 2508 anguli
2534 2479 2549 2504 ,
2579 2447 2627 2492 et
2659 2453 2759 2491 non
2787 2445 2864 2492 est
2891 2437 2946 2490 in
2984 2438 3088 2491 alio
3112 2437 3288 2509 aliqua
3313 2455 3399 2493 sa-

1811 2529 1916 2594 lus,
1946 2546 2036 2583 nec
2058 2530 2194 2583 enim
2228 2527 2373 2582 aliud
2403 2545 2589 2582 nomen
2629 2537 2702 2582 est
2727 2528 2822 2581 sub
2857 2525 2984 2581 coelo
3010 2527 3194 2582 datum
3230 2528 3398 2581 homi-

1812 2624 1985 2690 nibus,
2015 2625 2070 2678 in
2093 2641 2195 2694 quo
2224 2634 2454 2694 oporteat
2482 2640 2574 2678 nos
2603 2622 2771 2678 salvos
2800 2623 2936 2692 ﬁeri.
2964 2622 3031 2676 Et
3057 2622 3245 2678 doctor
3270 2637 3400 2692 gen-

1813 2717 1946 2772 tium
1973 2716 2269 2773 Corinthiis
2311 2718 2387 2772 ait
2434 2732 2449 2770 :
2503 2715 2626 2781 Non
2675 2717 2810 2771 enim
2849 2716 3032 2787 judico
3077 2713 3277 2786 aliquid
3318 2732 3399 2772 me

1811 2810 1948 2862 inter
1965 2825 2055 2863 vos
2091 2808 2225 2862 scire
2252 2810 2352 2864 nisi
2387 2808 2680 2874 Christum,
2725 2819 2772 2864 et
2809 2809 2946 2863 hunc
2975 2808 3311 2878 cruciﬁxum,
3345 2817 3400 2864 et

1814 2900 2037 2970 reliqua.
2073 2901 2140 2955 Et
2174 2900 2304 2956 item
2350 2902 2417 2957 ad
2447 2901 2669 2957 Galatas
2713 2901 2789 2955 ait
2827 2918 2840 2954 :
2881 2901 3014 2955 Mihi
3048 2911 3221 2954 autem
3263 2901 3397 2954 absit

1813 2990 2030 3061 gloriari
2069 2991 2170 3044 nisi
2198 2992 2254 3044 in
2280 3008 2431 3046 cruce
2455 2991 2669 3046 Domini
2700 2991 2864 3045 nostri
2898 2991 3026 3045 Jesu
3054 2989 3274 3055 Christi,
3309 3007 3399 3058 per
3445 3023 3457 3033 ε

1812 3097 1963 3152 quem
1984 3081 2111 3135 mihi
2131 3081 2359 3137 mundus
2385 3083 2667 3154 cruciﬁxus
2688 3093 2785 3148 est,
2814 3092 2864 3138 et
2885 3099 2976 3154 ego
3001 3083 3216 3139 mundo.

1886 3173 2024 3229 Sunt
2073 3190 2284 3245 quoque
2319 3176 2374 3230 in
2413 3185 2645 3246 quatuor
2689 3176 2917 3248 trigonis
2960 3177 3106 3231 circa
3154 3192 3394 3242 crucem,

1813 3274 2047 3338 quatuor
2075 3268 2295 3323 nomina
2337 3269 2745 3339 triumphatoris
2779 3268 3018 3324 caelestis
3053 3269 3355 3339 conscripta
3381 3310 3394 3333 ,

1815 3374 1934 3430 quae
1961 3371 2144 3416 sancta
2174 3375 2308 3416 crux
2336 3360 2390 3415 in
2419 3362 2637 3416 modum
2668 3361 2915 3417 foliorum
2936 3361 3158 3431 repandi
3184 3360 3279 3416 lilii
3302 3376 3398 3430 per

1817 3467 2020 3508 cornua
2045 3451 2257 3519 dilatat,
2280 3459 2336 3508 et
2366 3467 2396 3507 a
2426 3454 2604 3508 medio
2635 3454 2842 3508 scilicet
2871 3453 2954 3508 sui
2981 3453 3261 3522 incipiens,
3294 3453 3394 3507 hoc.

1738 3527 1782 3590 (ἶ
1813 3552 1917 3608 est,
1944 3559 1974 3597 a
1995 3543 2204 3599 duobus
2230 3543 2553 3608 nominibus,
2581 3543 2828 3599 Christus
2852 3542 3027 3607 Jesus,
3057 3543 3132 3598 ita
3153 3543 3392 3613 quidem,

1812 3644 1872 3690 ut
1909 3634 1964 3689 in
2003 3649 2129 3691 arce
2155 3635 2332 3690 crucis
2379 3635 2488 3689 sint
2530 3643 2587 3690 et
2624 3636 2675 3689 in
2721 3635 2830 3691 imo
2882 3635 2986 3690 duo
3025 3635 3241 3689 nomina
3279 3635 3397 3689 vice

1812 3727 2064 3793 filiorum,
2094 3727 2147 3782 id
2173 3737 2277 3793 est,
2307 3726 2486 3793 fortis,
2513 3727 2707 3791 virtus,
2733 3733 2894 3796 atque
2919 3725 2972 3779 in
2995 3724 3214 3780 dextera
3242 3733 3296 3778 et
3325 3724 3395 3778 si-

1812 3819 1978 3873 nistra
2002 3818 2106 3872 alia
2127 3818 2255 3883 duo,
2289 3817 2351 3872 id.
2362 3825 2465 3882 est,
2495 3816 2689 3880 victor,
2712 3815 2910 3882 clarus,
2939 3815 3123 3883 sicque
3149 3814 3254 3868 duo
3277 3829 3394 3866 ver-

1811 3925 1904 3966 sus
1950 3911 2136 3979 scripti
2168 3909 2515 3964 inveniuntur
2543 3907 2596 3962 in
2643 3921 2806 3962 cruce
2842 3906 2910 3960 ab
2948 3921 3056 3959 uno
3102 3904 3310 3974 trigono
3339 3902 3389 3954 in

1814 4001 2000 4067 alium,
2030 4015 2257 4072 quorum
2289 4000 2389 4054 iste
2409 4006 2492 4054 est
2525 4004 2704 4054 textus
2728 3997 2780 4051 in
2799 3995 3132 4067 longitudine
3161 4012 3171 4045 :

1941 4113 2098 4164 Fortis
2121 4112 2386 4176 complevit
2406 4112 2625 4164 Christus
2654 4123 2741 4162 sua
2777 4110 2954 4160 famina
2979 4111 3158 4158 virtus.

1815 4217 1869 4271 ln
1899 4214 2178 4270 latitudine
2207 4227 2421 4283 quoque
2456 4255 2468 4267 .

1939 4305 2102 4358 Victor
2127 4307 2419 4367 consignatus
2433 4303 2582 4354 Jesus
2601 4305 2676 4366 pia
2701 4301 2898 4366 prwmla
2921 4299 3102 4348 clarus.
