4002 6204
203 369 316 427 ω

1242 362 1329 417 DE
1367 361 1710 416 LAUDlBUS
1750 360 1805 412 S.
1849 356 2117 414 CRUClS.
2156 390 2222 398 —
2262 359 2387 415 LIB.
2428 360 2469 417 ῐ.

3377 363 3483 418 246

1423 472 1933 538 DECLARATIO
1987 474 2326 535 FIGUIUE.

283 671 545 730 Continet
569 684 699 739 ergo
725 667 841 722 hmo
870 664 1037 736 ﬁgura
1063 671 1262 716 sanctae
1289 658 1467 713 crucis
1498 658 1550 713 in
1580 662 1809 726 quatuor
1837 659 1883 717 Α
1910 665 2007 709 sua
2029 662 2250 708 cantant
2274 654 2402 718 Deo,
2429 653 2520 724 qui
2549 653 2804 724 angelica:
2822 652 3099 725 privilegio
3123 656 3388 710 castitatis
3406 666 3485 711 to-

209 764 543 838 pentagonis
592 760 841 823 formata,
878 769 1162 811 numerum
1205 766 1363 806 cxuv
1394 749 1715 812 litterarum,
1754 748 1807 801 in

214 837 454 927 quatuor
485 851 733 907 versibus
758 846 1121 915 conscriptum
1151 884 1161 895 .
1196 842 1490 897 secundum
1519 838 1673 908 cujus
1694 837 1810 907 plu-

217 948 497 1003 ralitatem
524 940 823 998 millenario
844 935 1193 1004 multiplicato
1221 932 1273 986 in
1293 930 1611 1001 Apocalypsi
1628 928 1809 983 multi-

219 1039 354 1095 tudo
382 1036 480 1092 illa
527 1034 882 1104 signatorum,
918 1043 984 1082 ex
1021 1024 1166 1080 cunni
1214 1023 1356 1077 tribu
1388 1021 1619 1076 ﬁliorum
1647 1018 1811 1074 Israel

220 1136 597 1200 computatur,
641 1131 1008 1187 numerusque
1051 1115 1138 1169 ille
1177 1114 1498 1177 albatorum,
1548 1110 1641 1180 qui
1687 1124 1810 1165 cum

221 1235 367 1292 agno
387 1232 558 1289 super
585 1222 821 1269 montem
842 1210 973 1265 Sion
1004 1208 1253 1269 stabant,
1286 1206 1572 1259 denotatur
1597 1220 1612 1256 :
1636 1201 1810 1271 primo

221 1311 482 1365 videlicet
506 1308 560 1361 in
588 1306 921 1375 signatorum
942 1298 1174 1353 millibus
1200 1293 1610 1350 innumerabilis
1640 1293 1811 1363 signi-

223 1402 422 1455 ﬁcatur
439 1397 608 1451 totius
628 1391 880 1448 Ecclesiae
902 1386 1209 1450 multitudo,
1231 1400 1350 1455 quae
1373 1387 1439 1439 de
1464 1383 1809 1453 patriarchis,

224 1490 307 1544 vel
323 1487 578 1558 prosapia
603 1482 802 1548 carni-,
820 1481 906 1535 vel
936 1478 1056 1533 ﬁdei
1073 1485 1158 1532 est
1188 1475 1488 1531 imitatione
1508 1475 1807 1545 progenita.

223 1579 283 1634 Si
307 1578 479 1642 enim,
507 1574 703 1645 inquit,
726 1589 810 1626 vos
836 1569 1048 1633 Christi,
1074 1583 1195 1637 ergo
1228 1565 1450 1619 Abrahae
1471 1580 1644 1618 semen
1666 1564 1806 1616 estis.

224 1672 307 1725 Ad
354 1676 709 1741 augmentum
739 1673 918 1718 autem
948 1658 1299 1732 perfectionis
1337 1657 1572 1727 pertinet
1604 1663 1658 1708 et
1697 1655 1809 1724 ipsa

227 1778 301 1815 sn
358 1758 651 1815 duodecies
684 1752 1050 1823 multiplicari,
1077 1758 1134 1806 et
1175 1749 1242 1803 ad
1273 1761 1541 1803 summam
1569 1744 1814 1800 millena-

228 1855 310 1908 rio
340 1850 559 1922 perﬁci,
596 1848 685 1918 qui
710 1854 795 1901 est
820 1843 1071 1899 denarius
1115 1855 1374 1896 numerus
1397 1838 1692 1908 quadratus
1719 1851 1808 1891 so-
1833 1833 1843 1845 ’

227 1946 397 2008 lidus,
434 1941 746 2012 signiﬁcans
776 1935 1024 1992 stabilem
1057 1930 1309 1988 Ecclesia:
1355 1929 1542 1984 vitam.
1582 1926 1661 1980 Ex
1703 1940 1811 1997 quo

1909 754 1995 800 tos
2021 760 2079 801 se
2106 745 2334 800 Domino
2361 744 2564 800 faciunt
2590 744 2983 810 holocaustum.
3010 754 3067 801 et
3097 747 3343 803 tollentes
3361 763 3486 803 cru—

1909 849 2025 889 cem
2070 849 2223 890 suam
2265 845 2561 904 sequuntur
2590 851 2785 906 agnum
2821 851 3141 906 quocunque
3171 837 3323 903 ierit,
3353 853 3484 893 can-

1913 926 2204 995 tabuntque
2236 926 2388 995 quasi
2418 926 2689 981 canticum
2724 940 2943 992 novum,
2972 928 3115 996 quod
3147 943 3306 982 nemo
3346 928 3483 983 alius

1910 1023 2087 1084 potest
2111 1030 2337 1081 canere;
2372 1014 2495 1084 quia
2520 1014 2869 1086 singulariter
2893 1016 3163 1071 canticum
3195 1031 3334 1085 agno
3355 1032 3485 1071 can-

1912 1115 2046 1167 tare,
2079 1112 2162 1160 est
2184 1121 2305 1160 cum
2334 1119 2398 1160 eo
2429 1106 2485 1159 in
2510 1115 2828 1176 perpetuum
2862 1120 2975 1175 prae
2999 1107 3207 1163 cunctis
3241 1108 3487 1164 ﬁdelibus

1912 1199 2074 1253 etiam
2102 1199 2166 1252 de
2198 1197 2377 1252 carnis
2401 1196 2804 1267 incorruptione
2830 1198 3085 1267 gaudere.
3116 1198 3267 1266 Quod
3305 1207 3486 1255 tamen

1912 1287 2068 1341 electi
2099 1287 2277 1351 caeteri
2306 1286 2574 1341 canticum
2615 1287 2803 1341 audire
2844 1297 3093 1356 possunt,
3135 1288 3269 1342 licet
3308 1288 3488 1353 dicere

1913 1388 2200 1449 nequeant,
2225 1381 2348 1450 quia
2368 1396 2465 1452 per
2484 1381 2806 1436 charitatem
2828 1382 3040 1450 quidem
3068 1382 3121 1434 in
3144 1381 3357 1436 illorum
3382 1381 3489 1436 cel-

1915 1473 2148 1527 situdine
2177 1472 2283 1527 laeti
2329 1480 2475 1539 sunt,
2509 1473 2757 1541 quamvis
2796 1472 2863 1527 ad
2901 1488 3085 1527 eorum
3120 1473 3339 1543 przemia
3380 1488 3487 1528 non

1913 1571 2220 1632 assurgunt.
2255 1563 2423 1618 Vetus
2446 1563 2663 1632 quidem
2691 1572 2809 1617 erat
2837 1563 3107 1617 canticum
3139 1580 3152 1615 :
3185 1560 3377 1615 Beatus
3399 1564 3489 1633 qui

1913 1652 2063 1706 habet
2091 1668 2263 1706 semen
2296 1653 2350 1706 in
2391 1651 2540 1717 Sion,
2568 1662 2615 1706 et
2638 1653 2946 1706 domesticos
2965 1654 3022 1705 in
3050 1651 3396 1705 Hierusalem.
3424 1651 3491 1705 Et

1914 1746 2041 1801 item
2089 1765 2102 1799 :
2148 1742 2374 1799 Crescite
2401 1754 2449 1799 et
2485 1743 2904 1815 multiplicamini
2947 1754 2995 1799 et
3043 1744 3230 1816 replete
3272 1756 3487 1800 terram.

1913 1837 2119 1892 Novum
2160 1837 2303 1891 enim
2332 1845 2415 1892 est
2450 1835 2714 1901 :Laztare,
2764 1836 2977 1903 sterilis,
3018 1854 3136 1908 qua:
3165 1853 3269 1893 non
3309 1840 3491 1909 paris;

1915 1946 2123 2001 erumpe
2164 1940 2210 1983 et
2236 1929 2426 1993 clama,
2456 1946 2574 2000 quae
2600 1946 2703 1983 non
2726 1931 2991 1999 parturis,
3023 1931 3148 2000 quia
3176 1930 3352 2000 plures
3389 1931 3491 2000 filii

226 2000 399 2103 igitur
430 2000 688 2087 Dominus
717 2041 911 2097 passus
950 2031 1051 2090 est,
1087 2021 1381 2078 contritum
1416 2026 1498 2075 est
1526 2017 1811 2088 imperium
1842 2000 1888 2059 Β
1913 2000 2131 2076 desertis
2164 2022 2331 2090 magis
2359 2037 2517 2090 quam
2556 2021 2670 2089 ejus
2694 2036 2812 2090 qua:
2852 2020 3003 2075 habet
3033 2021 3225 2079 virum.
3266 2021 3331 2076 Et
3362 2022 3491 2076 item

229 2122 498 2179 mundani
523 2119 872 2192 principatus,
906 2124 959 2172 et
982 2115 1052 2171 ad
1081 2115 1183 2170 hoc
1212 2113 1450 2183 gentium
1480 2109 1813 2167 confractum

226 2222 317 2271 est
350 2211 663 2283 imperium,
695 2218 753 2263 ut
792 2208 945 2279 signo
993 2206 1118 2261 ﬁdei
1149 2204 1237 2260 cui
1290 2202 1602 2259 restiterant
1648 2200 1815 2256 facies

228 2311 546 2359 sanctorum
582 2301 749 2354 libere
775 2299 1180 2353 denotarentur.
1224 2294 1448 2364 Signum
1479 2294 1663 2363 itaque
1691 2292 1813 2347 ﬁdei

228 2404 317 2449 est
346 2408 481 2448 crux
507 2389 734 2455 Christi,
764 2388 830 2442 ad
850 2386 1004 2457 cujus
1030 2384 1438 2440 similitudinem
1478 2383 1593 2439 Tan
1637 2382 1815 2437 littera

233 2490 472 2540 formata
516 2480 719 2555 est,,de
748 2494 851 2548 qua
897 2479 949 2532 in
983 2476 1265 2532 Ezechiele
1292 2477 1366 2531 ita
1393 2476 1652 2546 scriptum
1682 2482 1767 2531 est
1797 2494 1810 2531 :

236 2575 301 2628 Et
326 2574 498 2645 gloria
528 2571 735 2626 Domini
767 2568 934 2624 Israel
968 2579 1238 2640 assumpta
1259 2578 1334 2623 est
1356 2568 1421 2621 de
1454 2567 1659 2629 cherub,
1698 2584 1815 2638 qua:

231 2676 347 2719 erat
376 2664 558 2718 subter
588 2678 706 2716 eum
754 2661 822 2715 ad
851 2659 1007 2714 limen
1048 2658 1255 2727 domus,
1304 2668 1352 2712 et
1404 2660 1603 2712 vocavit
1650 2659 1815 2713 virum

232 2760 325 2827 qui
372 2757 592 2812 indutus
625 2763 738 2808 erat
773 2752 945 2817 lineis,
977 2762 1025 2806 et
1075 2751 1511 2806 atramentarium
1541 2750 1812 2820 scriptoris

237 2850 460 2903 habebat
492 2848 551 2902 in
577 2845 766 2899 lumbis
792 2845 926 2910 suis,
956 2853 1003 2898 et
1034 2842 1168 2896 dixit
1199 2842 1268 2896 ad
1298 2858 1415 2896 eum
1445 2857 1463 2894 :
1506 2840 1694 2895 Transi
1725 2856 1817 2910 per

234 2941 464 2995 mediam
499 2938 763 2992 civitatem
786 2936 842 2989 in
869 2934 1040 2988 medio
1066 2931 1420 2997 Hierusalem,
1444 2941 1492 2985 et
1518 2932 1668 3002 signa
1704 2929 1816 2985 Tau

231 3048 392 3101 super
419 3029 618 3100 frontes
646 3028 875 3082 uirorum
911 3025 1225 3096 gementium
1253 3032 1302 3077 et
1342 3021 1626 3076 dolentium
1664 3037 1819 3077 super

232 3123 439 3175 cunctis
470 3116 948 3175 abominationibus
976 3131 1095 3186 qua:
1118 3114 1249 3184 ﬁunt
1280 3113 1332 3167 in
1366 3112 1536 3167 medio
1572 3112 1705 3182 ejus.
1749 3111 1819 3166 Et

232 3213 370 3265 dixit
410 3210 520 3264 illis
566 3208 810 3263 audiente
840 3223 921 3260 me
951 3221 969 3258 :
1016 3205 1254 3260 Transite
1303 3220 1392 3275 per
1444 3203 1703 3258 ciuitatem
1739 3218 1820 3258 se-

234 3313 451 3374 quentes
485 3316 604 3355 cum
645 3309 693 3354 et
733 3297 1005 3369 percutite,
1063 3312 1165 3351 non
1192 3303 1373 3367 parcat
1408 3293 1591 3348 oculus
1635 3302 1817 3359 vester,

235 3371 401 3463 neque
431 3390 801 3454 misereamini,
833 3403 1026 3452 senem,
1058 3383 1522 3451 adolescentulum,
1559 3391 1609 3439 et
1654 3384 1813 3455 virgi-
1844 3371 1890 3437 C

237 3500 376 3549 nem,
405 3480 705 3553 parvulum,
745 3488 793 3533 et
829 3477 1072 3532 mulieres
1103 3475 1397 3545 interﬁcite,
1430 3491 1591 3546 usque
1619 3474 1688 3529 ad
1729 3474 1815 3529 in-

235 3576 585 3629 ternecionem
601 3590 621 3639 ;
652 3588 854 3626 omnem
884 3580 1057 3624 autem
1083 3584 1240 3639 super
1264 3584 1414 3637 quem
1445 3566 1676 3622 uideritis
1703 3564 1816 3620 Tau

238 3683 305 3720 ne
339 3664 611 3729 occidatis,
648 3671 703 3717 et
746 3660 987 3731 reliqua-
1023 3659 1193 3715 Recte
1223 3658 1369 3714 enim
1395 3658 1572 3712 omnis
1600 3656 1819 3725 iniquus

240 3769 496 3810 mucrone
528 3751 862 3809 inﬁdelitatis
908 3750 1248 3813 interﬁcitur,
1294 3747 1387 3819 qui
1433 3746 1645 3818 signum
1693 3744 1816 3801 ﬁdei

237 3847 382 3899 bono
406 3859 574 3916 opere
605 3844 658 3898 in
698 3842 991 3911 semetipso
1030 3840 1314 3896 ostendere
1349 3838 1649 3910 neglexisse
1685 3852 1817 3893 con-

242 3937 478 3992 vincitur
506 3976 524 4002 ,
571 3944 627 3992 et
677 3934 869 3990 merito
908 3932 1055 4002 juste
1105 3932 1333 4003 quisque
1382 3931 1650 3987 bonorum
1683 3945 1818 4000 opus

239 4029 514 4099 operando
558 4042 659 4098 per
710 4025 889 4081 crucis
915 4024 1122 4080 Christi
1171 4022 1471 4095 potentiam
1512 4021 1813 4077 liberatur:

240 4118 365 4187 quia
397 4116 612 4171 Domini
643 4115 826 4180 ﬁdem,
857 4129 1018 4184 quam
1057 4113 1111 4167 in
1142 4112 1412 4182 baptismo
1442 4111 1704 4181 percepit,
1730 4111 1815 4165 in-

240 4206 495 4261 violatam
528 4220 698 4274 usque
742 4204 796 4258 in
824 4205 985 4257 ﬁnem
1019 4202 1272 4257 mandata
1314 4199 1515 4257 Christi
1546 4199 1818 4270 implendo

238 4312 597 4353 conservasse
623 4296 986 4367 cognoscitur.
1010 4295 1214 4349 Deinde
1252 4308 1379 4365 grex
1414 4292 1503 4347 ille
1539 4292 1818 4349 dealbato-

242 4403 361 4442 rum
389 4387 445 4441 in
470 4386 713 4456 ejusdem
746 4384 956 4440 numeri
989 4384 1293 4454 quantitate
1330 4393 1734 4449 annumeratur,
1764 4392 1819 4438 et

238 4488 442 4534 sanctae
486 4477 813 4549 virginitatis
864 4476 916 4530 in
966 4475 1154 4531 electis
1200 4476 1416 4546 copiosa
1461 4475 1817 4531 numerositas

240 4574 545 4627 intimatur.
575 4570 682 4626 Sed
711 4570 920 4625 ﬁnitum
956 4578 1136 4625 tamen
1166 4585 1449 4624 numerum
1477 4585 1576 4640 pro
1610 4570 1817 4625 inﬁnito

239 4666 328 4720 hic
364 4665 625 4734 positum,
659 4663 886 4733 quisque
911 4678 1100 4717 sanum
1130 4662 1348 4733 sapiens
1383 4662 1682 4734 intelligere
1718 4662 1817 4717 de-

239 4756 347 4817 bet,
377 4754 579 4809 secreti
616 4752 1010 4822 signiﬁcatione
1051 4753 1292 4823 mysterii
1341 4752 1590 4824 virginali
1633 4761 1813 4824 aptum

237 4846 503 4910 examini,
533 4844 676 4916 quod
708 4847 875 4901 Deum
904 4862 972 4902 ex
1000 4854 1112 4901 toto
1140 4847 1323 4912 corde,
1351 4861 1418 4900 ex
1463 4854 1573 4900 tota
1602 4846 1779 4900 anima
1800 4888 1815 4912 ,

241 4946 466 5008 totaque
487 4946 669 4993 mente
699 4938 945 5011 diligens,
979 4939 1224 5009 corporis
1248 4953 1482 5009 quoque,
1514 4939 1654 5007 quod
1676 4953 1742 4993 ex
1765 4954 1819 4992 tv

240 5038 454 5085 constat
479 5029 784 5095 elementis,
831 5030 904 5086 illi
953 5040 1035 5085 est
1065 5031 1376 5100 integritate
1418 5036 1694 5095 sacratus,
1736 5039 1821 5085 ter

239 5122 385 5176 eoi
415 5121 557 5177 terni
603 5136 683 5186 ιι,
709 5130 764 5177 et
808 5130 1001 5191 quater
1028 5122 1274 5192 quaterni
1317 5136 1426 5185 xvi,
1455 5119 1696 5176 sedecies
1721 5135 1816 5174 au-

242 5220 351 5267 tem
397 5226 591 5266 novem
617 5226 775 5267 cxuv
801 5211 1046 5281 implent,
1079 5223 1136 5264 ut
1161 5226 1282 5267 cum
1306 5210 1373 5265 de
1397 5211 1482 5265 his
1510 5209 1602 5280 qui
1634 5209 1685 5263 in
1724 5224 1813 5263 ar-

236 5301 430 5357 ctioris
451 5301 577 5356 vita:
604 5301 773 5371 gradu
798 5302 1097 5365 constituti,
1134 5300 1328 5355 merito
1353 5300 1406 5353 in
1453 5298 1584 5353 Sion
1630 5307 1812 5354 monte

234 5405 362 5445 cum
391 5405 533 5462 agno
559 5398 667 5446 tam
693 5390 925 5461 perfecta
952 5391 1237 5446 multitudo
1262 5398 1538 5452 cernatur,
1566 5387 1634 5442 de
1663 5400 1813 5444 crete-

238 5483 316 5536 ris
366 5480 625 5537 Ecclesia!
672 5483 936 5551 membris
961 5500 1067 5538 non
1099 5483 1389 5537 dubitetur.
1444 5481 1513 5534 Et
1539 5482 1815 5535 cantabant

235 5573 393 5640 quasi
438 5575 697 5627 canticum
747 5591 931 5628 novum
970 5586 1088 5628 ante
1139 5576 1329 5636 sedem,
1375 5584 1421 5626 et
1450 5583 1569 5627 ante
1593 5582 1819 5643 quatuor

233 5663 496 5717 animalia
531 5675 580 5717 et
617 5665 878 5730 seniores,
926 5676 979 5721 ct
1030 5666 1252 5736 reliqua.
1303 5665 1377 5719 llli
1411 5665 1562 5735 quasi
1610 5664 1813 5717 cithara

1916 2113 2057 2167 idem
2087 2112 2353 2181 Propheta
2384 2111 2514 2166 dicit
2546 2128 2557 2163 :
2592 2109 2660 2163 Et
2706 2127 2811 2165 non
2848 2111 2989 2165 dicat
3019 2111 3309 2176 eunuchus,
3358 2111 3492 2165 Ecce

1916 2204 2114 2277 lignum
2145 2194 2394 2269 aridum;
2430 2203 2542 2257 hazc
2566 2202 2692 2256 dicit
2719 2202 2977 2257 Dominus
3017 2203 3264 2257 eunuchis
3293 2206 3379 2274 qui
3406 2220 3493 2256 cu-

1915 2295 2203 2349 stodierunt
2219 2294 2436 2349 sabbata
2456 2310 2593 2359 mea,
2609 2303 2656 2347 et
2672 2292 2932 2364 elegerunt
2945 2309 3063 2364 qua:
3075 2292 3234 2359 volui,
3250 2301 3298 2347 et
3321 2304 3493 2348 tenue-

1918 2398 2039 2443 runt
2056 2387 2224 2458 {tedas
2254 2402 2425 2465 meum
2449 2384 2631 2440 :Dabo
2663 2385 2735 2440 eis
2764 2386 2818 2439 in
2852 2385 3007 2440 domo
3035 2400 3152 2439 mea
3176 2393 3223 2439 et
3255 2386 3307 2438 in
3327 2374 3491 2439 muris
3518 2441 3525 2447 _

1916 2481 2043 2535 meis
2057 2479 2249 2544 locum,
2262 2488 2308 2533 et
2323 2494 2506 2533 nomen
2520 2475 2703 2531 melius
2717 2475 2842 2546 ﬁliis
2859 2486 2903 2531 et
2921 2475 3152 2546 ﬁliabus,
3169 2492 3350 2530 notuen
3365 2493 3494 2530 sem-

1915 2574 2171 2644 piternum
2200 2572 2334 2625 dabo
2371 2571 2445 2625 eis
2467 2570 2613 2643 quodq
2643 2586 2745 2624 non
2768 2570 2972 2641 peribit.
3014 2569 3082 2624 Et
3120 2569 3245 2624 item
3277 2587 3288 2622 :
3315 2568 3491 2623 Beata:

1917 2663 2115 2720 steriles
2135 2678 2253 2733 qua:
2274 2679 2378 2717 non
2401 2670 2708 2733 genuerunt,
2735 2672 2781 2716 et
2799 2662 2959 2715 ubera
2971 2677 3088 2732 qua:
3126 2676 3228 2714 non
3270 2660 3494 2713 lactave-

1918 2765 2060 2822 runt,
2084 2764 2138 2811 et
2151 2755 2377 2825 reliqua.
2405 2754 2830 2825 Habentquippe
2842 2769 3038 2808 nomen
3062 2754 3179 2823 ejus
3210 2761 3264 2808 et
3296 2766 3489 2807 nomen

1918 2845 2092 2901 Patris
2108 2843 2224 2914 ejus
2248 2845 2509 2914 scriptum
2538 2842 2871 2899 infrontibus
2898 2843 3032 2907 suis,
3048 2842 3171 2914 quia
3204 2843 3254 2896 in
3278 2836 3492 2896 confvs-

1918 2936 2070 2991 sione
2095 2943 2297 2990 sancta:
2323 2934 2606 2989 Trinitatis
2632 2933 2873 2988 dedicata
2912 2932 3153 2989 Ecclesia
3181 2932 3358 2988 fronte
3388 2948 3488 2988 sua

1920 3024 2043 3080 ﬁdei
2083 3041 2193 3080 sua:
2229 3032 2405 3096 gestat
2444 3024 2685 3094 insigne,
2739 3024 2881 3094 quod
2928 3040 3025 3095 per
3068 3033 3269 3079 sancta:
3315 3024 3494 3079 crucis

1919 3118 2236 3190 mysterium
2266 3118 2318 3171 in
2346 3115 2777 3173 Christianorum
2820 3116 3085 3173 frontibus
3126 3117 3362 3189 pingitur
3383 3159 3398 3183 ,
3442 3129 3495 3172 et

1920 3204 2186 3277 frequenti
2219 3202 2422 3261 manus
2458 3205 2807 3275 inscriptione
2847 3206 3110 3277 signatur.
3156 3206 3294 3262 Ecce
3323 3223 3495 3261 unus-

1922 3300 2150 3371 quisque
2198 3314 2250 3353 ιν
2286 3307 2713 3370 pentagonorum
2760 3314 2922 3354 xxxvi
2962 3297 3171 3354 litteras
3210 3298 3492 3362 continet;

1920 3391 2015 3446 sed
2040 3405 2146 3445 non
2183 3389 2303 3446 ideo
2328 3391 2471 3459 quod
2497 3390 2586 3445 hic
2626 3403 2882 3444 numerus
2911 3389 3147 3460 quinque
3178 3388 3493 3460 angulorum

1918 3480 2145 3552 ﬁguram
2169 3480 2328 3546 facit,
2355 3495 2479 3534 nam
2515 3494 2659 3534 xxxv
2686 3487 3021 3551 pentagonus
3047 3487 3158 3545 est;
3192 3477 3285 3534 sed
3314 3478 3381 3534 ad
3408 3478 3492 3533 iu-

1918 3571 2214 3626 timandnm
2269 3570 2486 3642 aliquod
2544 3575 2948 3627 sacramentum
3000 3572 3075 3626 ita
3121 3573 3329 3643 positus
3390 3583 3493 3627 est.

1916 3664 2208 3733 Quinarius
2234 3679 2362 3735 ergo
2389 3664 2562 3737 legem
2591 3665 2786 3736 signat,
2817 3672 2871 3720 et
2896 3666 3272 3734 quaternarius
3319 3665 3493 3719 Evau-

1918 3755 2144 3826 gelium;
2173 3763 2229 3810 at
2253 3763 2486 3824 quatuor
2510 3755 2799 3827 pentagoni
2826 3770 2948 3810 cum
2973 3756 3371 3811 adhzereutibus
3392 3757 3495 3811 sibi

1917 3856 2149 3917 quatuor
2197 3846 2490 3901 unitatibus
2539 3860 2592 3900 tv
2639 3859 2843 3901 cornua
2881 3845 3172 3916 complent,
3210 3846 3334 3914 quia
3365 3861 3488 3915 pas.

1918 3940 2069 3994 sione
2103 3936 2302 3993 Christi
2327 3944 2382 3993 et
2412 3937 2809 3992 resurrectione
2846 3936 3111 4007 completa
3148 3936 3231 3990 lex
3258 3933 3416 3989 simul
3440 3944 3494 3988 et

1919 4032 2288 4104 Evangelium,
2309 4030 2363 4085 in
2387 4038 2555 4085 totam
2593 4030 2778 4086 mundi
2803 4028 3132 4085 latitudinem
3156 4027 3493 4098 praedicanda

1919 4124 2229 4180 doctoribus
2249 4123 2542 4179 commissa
2573 4130 2701 4177 sunt
2726 4140 2741 4176 ί
2784 4135 2949 4175 unum
2981 4121 3035 4174 in
3060 4117 3365 4188 exemplum
3391 4117 3503 4172 da-.

1921 4229 2005 4275 tos
2052 4217 2335 4286 utriusque
2386 4214 2697 4270 testamenti
2737 4222 2940 4282 patres.
2986 4210 3173 4266 ﬁdeles
3197 4210 3395 4279 ubique
3440 4209 3493 4263 in

1919 4311 2168 4364 universo
2218 4306 2352 4362 orbe
2379 4305 2685 4360 castitatem
2711 4302 2977 4359 servando
3021 4300 3231 4355 imitare
3277 4307 3491 4371 satage-

1918 4399 2070 4465 bant,
2111 4398 2202 4469 qui
2249 4412 2387 4459 agno
2416 4394 2607 4453 sociati
2655 4408 2816 4465 super
2873 4400 3110 4448 montem
3159 4388 3294 4469 Sion
3336 4392 3490 4461 quasi

1919 4494 2189 4548 canticum
2238 4505 2435 4546 novum
2471 4489 2526 4544 in
2577 4485 2951 4543 citharissuis
2988 4482 3299 4539 cantabant.
3354 4482 3494 4551 Ergo

1919 4597 2154 4659 quatuor
2191 4589 2424 4643 unitates
2453 4599 2572 4655 quae
2609 4583 2927 4656 pentagonis
2954 4581 3295 4637 extrinsecus
3316 4580 3496 4636 adita?-

1921 4688 2062 4745 rent,
2104 4681 2157 4734 in
2188 4687 2421 4749 quatuor
2467 4675 2665 4731 litteris
2713 4690 2881 4731 unum
2921 4688 3117 4731 nomen
3159 4672 3496 4729 conﬁcienti—

1919 4771 2038 4836 bus,
2065 4770 2118 4825 id
2139 4777 2242 4835 est,
2264 4784 2415 4830 crux,
2443 4766 2929 4823 demonstravimus
2958 4784 2970 4820 :
3009 4774 3069 4820 ut
3097 4775 3153 4821 et
3170 4766 3494 4836 pentagonis

1919 4864 2032 4919 suis
2051 4863 2118 4917 ad
2139 4876 2328 4917 versus
2341 4858 2686 4929 complendas
2708 4859 3060 4924 cohaererent,
3078 4865 3135 4913 et
3153 4857 3218 4913 ad
3228 4856 3319 4925 jus
3337 4873 3492 4913 suum

1920 4954 2393 5011 demonstrandum
2418 4953 2520 5009 sibi
2542 4959 2729 5007 mutuo
2758 4967 2865 5006 uno
2888 4951 3106 5006 nomine
3128 4958 3488 5007 necterentur.

1922 5046 2017 5099 Est
2038 5059 2252 5114 quoque
2297 5044 2385 5098 hic
2410 5057 2600 5098 versus
2638 5042 2693 5096 in
2722 5041 3063 5097 eminentiori
3086 5048 3242 5111 parte
3268 5040 3485 5095 crucis:

2110 5155 2409 5205 immaculata
2442 5154 2617 5205 cohors
2634 5161 2798 5206 cantas
2831 5160 2881 5203 tu
2907 5156 3107 5206 voc-thus
3130 5154 3241 5205 illic.

1920 5240 1983 5294 Et
2012 5240 2065 5294 in
2098 5239 2203 5294 ima
2236 5238 2360 5294 hic:

2105 5328 2208 5377 ltex
2236 5327 2317 5376 ubi
2336 5327 2363 5376 ,Ι
2368 5340 2481 5377 esus
2499 5332 2609 5377 ovat
2630 5342 2725 5390 quo
2744 5329 2891 5390 pascit
2914 5327 3114 5390 virginis
3132 5339 3303 5389 agr-us.

1918 5411 1973 5464 lu
2006 5412 2223 5465 dextera
2252 5424 2379 5465 vero
2408 5411 2508 5466 istc
2532 5430 2546 5464 :

2103 5501 2322 5552 Carmina
2349 5515 2457 5564 qua:
2478 5500 2634 5551 nullos
2652 5500 2824 5551 diﬁilso
2841 5500 3016 5549 famine
3040 5510 3212 5548 cantat.

1926 5582 1985 5635 Et
2022 5583 2071 5635 in
2107 5583 2324 5637 sinistra
2359 5584 2497 5637 iste:

2103 5671 2191 5719 Hic
2212 5679 2377 5721 vester
2400 5684 2523 5733 grex
2549 5673 2596 5720 ni
2616 5670 2747 5721 scius
2765 5676 2811 5720 et
2838 5669 3120 5733 splendidus
3140 5670 3276 5720 ordo.

1687 5801 2092 5815 ——-———-——_
