4002 6204
314 350 424 402 ἳὰυ

1335 342 1422 396 DE
1459 339 1802 398 LAUDIBUS
1841 339 1898 392 S.
1941 337 2206 392 CRUCIS.
2243 367 2309 376 ο-
2350 337 2471 391 LIB.
2512 338 2553 392 l.

1530 467 2043 531 DECLARATIO
2109 468 2447 528 FlGUlUE.

390 732 519 789 ιειία
549 745 680 801 ergo
708 730 823 784 laus
849 727 960 792 illa,
991 742 1152 797 quam
1192 735 1503 782 sanctorum
1536 742 1638 780 vox
1669 727 1722 779 in
1749 725 1902 780 caelis
1927 727 1976 786 Α
2005 723 2338 792 apparebunt
2365 725 2506 794 agni,
2546 741 2668 779 cum
2702 735 2810 779 tota
2841 727 3078 782 Ecclesia
3102 728 3326 788 Domino
3355 732 3409 787 iu
3451 738 3570 792 tba-

320 825 570 883 creditur
611 827 874 891 perpetuo
917 819 1029 873 Deo
1079 827 1320 884 cantare,
1371 825 1573 872 sancta:
1624 817 1802 872 crucis
1845 816 1902 870 in

323 919 554 988 scriptu,
578 913 828 968 imitatur
848 911 1073 980 ﬁguram
1103 909 1316 964 alleluia
1348 908 1601 963 videlicet
1622 915 1678 962 et
1721 921 1900 970 amen,

324 1025 488 1081 quam
529 1005 768 1063 Joannes
813 1001 1088 1072 apostolus
1131 1007 1185 1055 et
1225 999 1556 1069 evangelista
1606 997 1660 1050 in
1695 995 1904 1064 Apoca-

325 1099 468 1172 lypsi
517 1094 729 1160 scribit,
776 1101 900 1163 post
949 1090 1380 1145 interfectionem
1413 1097 1468 1143 et
1521 1085 1904 1140 dimersionem

325 1188 635 1246 meretricis
664 1199 894 1254 magna,
921 1197 1039 1251 quae
1076 1178 1366 1235 seducebat
1412 1192 1601 1232 omnes
1625 1183 1811 1246 gentes
1851 1174 1906 1227 in

328 1278 690 1335 fornicatione
720 1290 840 1338 sua,
871 1281 928 1326 et
959 1287 1081 1326 cum
1121 1286 1227 1339 qua
1267 1283 1422 1340 reges
1466 1276 1626 1322 terra:
1655 1264 1907 1320 fornicati

329 1381 480 1433 sunt,
508 1383 567 1422 se
588 1366 802 1420 audisse
826 1376 1010 1418 vocem
1037 1360 1314 1416 turbarum
1336 1358 1624 1413 multarum
1642 1357 1832 1412 devote
1853 1356 1908 1410 in

332 1459 473 1516 caelo
504 1455 790 1518 cecinisse,
815 1461 871 1507 et
905 1452 1099 1521 saepius
1127 1451 1372 1506 iterasse.
1401 1449 1480 1503 lta
1506 1449 1649 1505 enim
1679 1447 1751 1501 ibi
1777 1446 1910 1500 scri-

333 1558 482 1619 ptum
514 1555 637 1600 est:
670 1542 796 1597 Post
827 1543 923 1597 hoc
948 1542 1126 1596 audivi
1147 1541 1298 1611 quasi
1331 1556 1500 1594 vocem
1528 1554 1772 1606 magnam
1800 1545 1913 1589 tur—

334 1639 522 1690 barum
558 1633 840 1688 multarum
867 1633 922 1685 in
948 1630 1074 1685 calo
1098 1631 1376 1684 dicentium
1400 1645 1417 1683 :
1443 1627 1690 1692 Alleluia,
1727 1627 1842 1680 laus
1863 1634 1912 1680 et

236 1785 249 1794 ,
333 1727 508 1798 gloria
539 1735 588 1779 et
619 1725 780 1778 virtus
808 1721 918 1776 Deo
948 1732 1123 1775 nostra
1153 1730 1251 1786 est,
1277 1721 1402 1791 quia
1428 1736 1546 1774 vera
1570 1728 1617 1772 et
1637 1717 1788 1786 justa
1822 1716 1910 1784 ju-

335 1819 478 1872 dicia
512 1816 625 1886 ejus
658 1823 801 1879 sunt,
851 1814 972 1884 quia
997 1811 1253 1880 judicavit
1283 1811 1347 1864 de
1373 1811 1638 1864 meretrice
1685 1824 1874 1879 magna
1896 1847 1911 1873 ,

333 1930 455 1985 quia
493 1911 737 1980 corrupit
782 1917 974 1962 terram
1025 1908 1082 1960 in
1125 1905 1491 1974 prostitutione
1519 1920 1618 1958 sua
1647 1942 1666 1970 ,
1707 1911 1754 1956 et
1796 1903 1913 1955 vin-

337 2005 534 2059 dicavit
589 2003 896 2072 sanguinem
945 2015 1208 2054 servorum
1275 2013 1490 2051 suorum
1553 1996 1618 2050 dc
1676 1995 1914 2048 manibus

2001 812 2142 866 lamo
2171 813 2322 881 regni
2342 813 2578 868 cmlestis
2600 815 2916 880 sociabitur,
2941 826 2991 871 et
3022 825 3148 874 tunc
3171 821 3408 890 perfecte
3433 825 3574 879 istud

2001 903 2434 972 frequentabitur
2487 905 2782 968 canticum,
2847 907 3062 973 quando
3109 910 3270 964 totius
3326 912 3577 968 Ecclesiae

2002 993 2254 1063 gaudium
2286 995 2390 1047 erit
2435 993 2753 1062 perfectum.
2800 995 2924 1050 Herc
2965 1013 3092 1066 ergo
3139 999 3245 1054 duo
3270 1003 3433 1057 verba
3468 1003 3578 1059 He—

2003 1084 2206 1147 braica,
2263 1083 2315 1137 id
2362 1093 2461 1146 est,
2493 1084 2718 1138 Alleluia
2748 1093 2802 1138 ct
2843 1086 3036 1152 Amen,
3064 1104 3186 1143 cum
3232 1091 3578 1161 interpretari

2005 1181 2222 1240 queant,
2252 1186 2373 1224 nam
2422 1171 2647 1226 Alleluia
2678 1173 2888 1228 laudate
2935 1175 3216 1231 Dominum
3263 1179 3582 1249 interpreta-

2007 1273 2115 1327 tur,
2141 1262 2309 1317 Amen
2332 1278 2546 1332 quoque
2572 1264 2624 1317 in
2643 1264 2798 1332 ﬁdem
2821 1266 2932 1320 sive
2952 1268 3212 1322 veritatem
3238 1271 3579 1336 transfertur,

2006 1360 2226 1422 pr0pter
2259 1353 2617 1407 reverentiam
2667 1364 2844 1408 tamen
2889 1358 3190 1412 sanctitatis
3218 1361 3404 1428 primae
3441 1362 3583 1417 illius

2009 1442 2203 1512 lingua:
2231 1453 2478 1496 servatur
2504 1445 2828 1510 auctoritas;
2873 1455 3034 1516 atque
3060 1447 3286 1504 Alleluia
3317 1451 3370 1505 in
3409 1453 3586 1508 Domi-

2009 1533 2146 1586 uicis
2173 1533 2364 1588 diebus
2406 1542 2624 1604 totoque
2653 1535 3110 1607 quinquagesima?
3150 1549 3410 1610 tempore,
3456 1561 3585 1614 pro-

2010 1632 2130 1694 pter
2157 1639 2307 1693 spem
2353 1625 2789 1691 resurrectionis,
2820 1643 2940 1696 qute
2971 1628 3024 1682 in
3055 1630 3264 1684 Domini
3307 1643 3390 1686 est
3433 1634 3588 1689 laude

2013 1714 2216 1781 futura,
2246 1716 2499 1770 continue
2522 1717 2668 1770 canit
2693 1717 2967 1783 Ecclesia;
3009 1719 3179 1775 Amen
3210 1737 3338 1777 vero
3369 1734 3589 1794 pr0pler

2013 1810 2406 1882 impetrandam
2436 1811 2682 1865 eamdem
2710 1819 3023 1881 perpetuam
3060 1814 3225 1870 vitam
3253 1832 3270 1871 :
3300 1817 3405 1872 imo
3431 1834 3588 1874 omne

2015 1904 2212 1958 bonum
2241 1905 2384 1973 quod
2436 1903 2489 1957 in
2535 1904 2784 1973 prmsenti
2837 1905 2949 1960 sive
2988 1906 3041 1961 in
3091 1906 3274 1963 futuro
3303 1925 3332 1963 a
3364 1911 3590 1965 Domino

2016 2007 2166 2066 optat
2191 1997 2456 2066 accipere,
2486 1997 2552 2050 ad
2581 1997 2878 2052 sacerdotis
2905 1999 3332 2068 deprecationem
3368 2017 3463 2056 seu
3491 2003 3590 2056 be-

337 2097 475 2165 ejus.
509 2093 579 2147 Et
605 2093 793 2146 iterum
823 2091 1066 2145 dixerunt
1097 2087 1322 2142 Alleluia
1361 2100 1378 2138 :
1407 2097 1455 2141 et
1484 2087 1658 2156 fumus
1681 2086 1796 2156 ejus
1833 2102 1918 2138 as-
1947 2079 1992 2137 Β
2020 2086 2402 2148 nedictionem,
2452 2086 2554 2140 rite
2578 2086 2790 2141 devotio
2837 2089 3126 2157 respondet
3157 2088 3412 2145 (idolium.
3455 2091 3593 2160 Apte

338 2184 510 2240 cendit
549 2183 602 2236 in
639 2179 832 2236 sa’cula
871 2177 1202 2233 swculorum.
1251 2176 1314 2230 Et
1352 2176 1646 2230 ceciderunt
1692 2175 1919 2229 seniores

341 2290 472 2332 xxiv
500 2283 552 2327 et
592 2288 646 2326 ιν
674 2270 953 2335 animalia,
1001 2279 1050 2322 et
1083 2269 1433 2322 adoraverunt
1465 2267 1630 2320 Deum
1660 2265 1921 2319 sedentem

338 2380 496 2433 super
524 2362 766 2415 thronum
798 2357 1023 2412 dicentes
1050 2372 1069 2412 :
1114 2359 1300 2423 Amen,
1349 2357 1594 2411 Alleluia.
1637 2356 1707 2409 Et
1734 2372 1831 2410 vos:
1859 2355 1923 2410 de

341 2457 532 2509 throno
563 2453 720 2507 exivit
750 2451 924 2506 dicens
955 2467 972 2505 :
1004 2449 1237 2504 Laudem
1268 2449 1423 2503 dicite
1465 2449 1575 2503 Deo
1606 2457 1783 2502 nostra
1812 2463 1923 2500 om-

344 2561 435 2597 nes
461 2542 596 2596 servi
624 2541 760 2610 ejus,
790 2549 839 2594 et
865 2542 954 2610 qui
983 2540 1174 2592 timetis
1203 2555 1320 2592 eum
1350 2537 1528 2608 pusilli
1554 2547 1601 2591 et
1632 2537 1828 2607 magni.
1854 2534 1924 2589 Et

345 2634 522 2687 audivi
552 2633 703 2703 quasi
737 2649 909 2686 vocem
936 2631 1100 2686 turbte
1122 2630 1386 2695 multw,et
1410 2632 1544 2684 sicut
1570 2646 1741 2684 vocem
1768 2645 1926 2699 aqua-

347 2737 464 2773 rum
511 2720 798 2774 multarum
826 2760 842 2786 ,
887 2730 936 2774 et
981 2721 1116 2775 sicut
1169 2736 1341 2774 vocem
1394 2719 1746 2773 tonitruorum
1807 2735 1924 2772 ma-

350 2826 575 2880 gnorum
605 2810 909 2874 dicentium,
943 2808 1163 2863 Alleluia
1198 2823 1217 2860 :
1261 2809 1508 2880 quoniam
1551 2809 1784 2876 regnavit
1825 2807 1929 2861 Do-

348 2903 523 2956 minus
580 2901 722 2956 Deus
754 2911 928 2956 noster
981 2902 1322 2972 omnipotens,
1379 2899 1779 2971 gaudeamus'et
1834 2917 1927 2955 ea:-

348 2994 599 3048 sultemus
649 3003 696 3047 et
750 2992 931 3046 demus
967 2992 1188 3063 gloriam
1239 2992 1434 3046 nomini
1480 2991 1623 3061 ejus,
1680 2991 1929 3062 quoniam

352 3095 601 3141 venerunt
631 3087 824 3156 nuptia:
865 3087 1013 3155 agni,
1042 3094 1091 3139 et
1122 3102 1256 3140 uxor
1284 3087 1397 3156 ejus
1432 3085 1744 3156 praeparavit
1772 3103 1847 3151 se,
1881 3095 1930 3140 et

351 3177 536 3230 datum
569 3186 646 3229 est
676 3175 960 3245 byssinum,
989 3183 1044 3228 ut
1069 3176 1329 3245 cooperiat
1357 3193 1431 3240 se,
1463 3175 1730 3247 byssinum
1759 3175 1932 3246 splen-

351 3268 479 3321 dens
524 3267 846 3332 candidum;
891 3266 1155 3336 byssinum
1185 3267 1323 3321 enim
1363 3267 1772 3338 justiﬁcationes
1809 3277 1930 3322 sunt

352 3368 678 3424 sanctorum,
708 3367 763 3412 et
788 3357 1014 3428 reliqua.
1047 3357 1173 3412 Haec
1207 3358 1352 3412 enim
1380 3359 1560 3413 omnia
1591 3358 1720 3414 licet
1737 3357 1933 3429 praedi-

2021 2191 2149 2246 ergo
2173 2177 2456 2231 conveniet
2482 2185 2682 2232 sancta:
2703 2179 2850 2233 cruci
2879 2179 3070 2234 harum
3096 2181 3389 2236 dictionum
3416 2183 3594 2250 dispo—

2022 2267 2177 2332 sitio;
2208 2267 2335 2337 quia
2365 2283 2464 2336 per
2493 2268 2663 2337 ipsam
2689 2270 2929 2324 omnium
2959 2284 3140 2324 rerum
3173 2271 3226 2324 in
3255 2271 3465 2327 laudem
3491 2272 3596 2327 Do-

2024 2359 2156 2413 mini
2205 2359 2436 2413 adunata
2465 2367 2548 2413 est
2591 2359 2882 2424 confessio,
2930 2361 3241 2432 angelorum
3270 2363 3594 2433 adimpletur

2024 2465 2313 2515 numerus,
2359 2451 2598 2506 caelestis
2645 2461 2873 2522 augetur
2928 2454 3217 2518 exercitus,
3282 2462 3595 2510 sanctorum

2026 2551 2385 2612 congregatur
2428 2543 2677 2612 populus,
2725 2551 2940 2598 aeternte
2987 2545 3067 2599 eis
3114 2545 3237 2599 vitae
3282 2545 3597 2600 conceditur

2027 2629 2226 2696 aditus,
2267 2638 2322 2686 et
2349 2641 2561 2686 vetusta
2600 2631 2906 2687 dissolvitur
2933 2632 3258 2697 maledictio,
3289 2633 3411 2703 quia
3458 2648 3596 2686 nova

2029 2719 2280 2774 conditur
2322 2720 2645 2775 benedictio.
2692 2721 2844 2776 Unde
2874 2723 2926 2776 in
2971 2731 3268 2776 memorato
3297 2721 3434 2776 libro
3471 2737 3598 2774 xxw

2030 2813 2272 2868 seniores
2299 2823 2353 2868 et
2394 2829 2445 2867 ιν
2483 2813 2735 2868 animalia
2765 2829 2901 2884 agno
2930 2815 3287 2868 decantabant
3327 2814 3596 2867 canticum

2030 2923 2228 2962 novum
2265 2907 2506 2962 dicentes
2544 2925 2558 2960 :
2586 2906 2787 2976 Dignus
2813 2923 2886 2973 es,
2918 2906 3139 2960 Domine
3176 2905 3336 2970 Deus,
3371 2906 3602 2974 accipere

2031 2999 2246 3065 librum,
2275 3008 2324 3053 et
2353 2999 2555 3069 aperire
2582 2998 2854 3068 signacula
2871 2999 2985 3068 ejus
3002 2998 3277 3068 ;quoniam
3305 2997 3503 3050 occisus
3527 3011 3601 3059 es,

2032 3097 2080 3142 et
2112 3088 2377 3142 redemisti
2405 3104 2498 3142 nos
2533 3087 2642 3141 Deo
2671 3089 2728 3141 in
2775 3089 3028 3158 sanguine
3057 3096 3166 3150 tuo,
3198 3103 3262 3140 ex
3290 3086 3431 3139 omni
3462 3087 3602 3138 tribu

2033 3188 2080 3233 et
2107 3178 2288 3248 lingua
2313 3186 2360 3230 et
2375 3176 2566 3248 populo
2592 3186 2640 3231 et
2661 3178 2890 3243 natione,
2909 3187 2955 3231 et
2980 3178 3146 3247 fecisti
3175 3194 3267 3232 nos
3295 3177 3400 3232 Deo
3427 3186 3606 3231 nostro

2035 3286 2249 3340 regnum
2276 3281 2325 3324 et
2349 3271 2663 3334 sacerdotes,
2689 3281 2736 3324 et
2767 3271 3058 3341 regnabant
3082 3287 3237 3340 super
3281 3279 3496 3325 terram.
3541 3268 3607 3321 Et

2035 3362 2140 3417 vidi
2169 3372 2218 3416 et
2244 3361 2424 3416 audivi
2450 3377 2620 3416 vocem
2651 3360 2957 3431 angelorum
2991 3360 3273 3416 multorum
3302 3361 3360 3416 in
3385 3360 3606 3414 circuitu

351 3462 441 3506 cta
473 3451 583 3506 sint
631 3451 697 3505 de
733 3448 914 3506 futuro
962 3451 1016 3506 in
1054 3453 1206 3508 ccelis
1251 3462 1561 3508 sanctorum
1586 3453 1785 3524 gaudio
1811 3465 1935 3523 post
1960 3445 2005 3508 C
2037 3453 2210 3536 throni
2235 3462 2283 3506 et
2314 3451 2623 3506 animalium
2657 3460 2704 3505 et
2736 3451 3029 3515 seniorum;
3057 3461 3103 3505 et
3133 3461 3246 3505 erat
3273 3467 3517 3505 numerus
3530 3466 3610 3503 eo-

355 3540 831 3605 resurrectionem,
867 3548 1045 3596 tamen
1072 3557 1134 3595 ea
1155 3538 1272 3608 jam
1319 3556 1464 3596 nunc
1505 3557 1571 3596 ex
1597 3549 1749 3611 parte
1785 3543 1931 3597 canit

357 3633 601 3688 Ecclesia
628 3649 723 3704 spe
739 3633 850 3702 jam
885 3633 1033 3689 salva
1057 3634 1236 3699 facta;
1282 3642 1411 3690 tunc
1447 3643 1626 3691 autem
1658 3634 1928 3705 perfecte,

356 3739 479 3793 cum
508 3725 770 3780 discessio
815 3724 958 3812 facta
1006 3725 1187 3790 fuerit,
1232 3732 1286 3780 et
1319 3740 1440 3781 cum
1479 3724 1719 3794 apertius
1760 3725 1934 3779 vindi-

358 3824 500 3871 cata.
532 3815 666 3871 Post
695 3817 995 3872 universale
1019 3832 1147 3887 ergo
1170 3815 1434 3886 judicium
1459 3816 1671 3872 Domini
1716 3831 1934 3886 separa-

359 3908 562 3961 buntur
588 3907 805 3977 penitus
842 3908 910 3962 ab
949 3907 1134 3970 haedis,
1184 3919 1240 3963 et
1281 3908 1429 3962 ibunt
1480 3909 1626 3979 impii
1660 3909 1714 3962 in
1740 3908 1936 3979 suppli-

358 3995 496 4047 cium
526 4003 802 4060 wternum,
822 3995 958 4065 justi
1003 4005 1177 4050 autem
1203 3997 1256 4051 in
1298 3995 1455 4050 vitam
1483 4007 1752 4052 aeternam.
1783 3996 1937 4054 Nunc

361 4084 576 4153 quidem
605 4094 913 4140 sanctorum
941 4087 1134 4141 anima:
1152 4092 1274 4156 post
1298 4094 1529 4142 mortem
1552 4087 1606 4140 in
1629 4087 1937 4157 paradisum

362 4174 583 4239 vadunt,
621 4182 677 4228 et
728 4174 1011 4244 impiorum
1056 4175 1112 4228 in
1155 4189 1393 4245 pmnam,
1440 4174 1668 4230 Domino
1716 4176 1942 4230 manife-

361 4275 541 4320 stante
571 4266 624 4319 in
647 4280 882 4335 paupere
907 4273 962 4320 et
981 4265 1174 4332 divite;
1203 4266 1296 4321 sed
1317 4281 1544 4336 corpora
1573 4267 1758 4322 mundi
1779 4266 1940 4321 linem

360 4363 701 4426 exspectant,
725 4365 780 4411 et
805 4357 1002 4411 dantur
1019 4372 1164 4411 nunc
1178 4355 1342 4427 justis
1361 4357 1583 4429 singulas
1609 4356 1759 4412 stola:
1788 4357 1939 4420 albae,

363 4460 486 4498 cum
518 4444 571 4499 in
596 4446 880 4501 animabus
908 4446 1022 4502 suis
1051 4448 1291 4517 requiem
1318 4448 1624 4519 percipiunt
1647 4457 1939 4512 aeternam;

366 4544 494 4589 tunc
525 4544 708 4590 autem
740 4535 1012 4591 dabuntur
1060 4538 1204 4594 bina:
1249 4539 1419 4604 stulte,
1472 4540 1686 4610 quando
1716 4554 1944 4607 corpora

363 4640 552 4680 eorum
577 4627 981 4684 immortalitate
1010 4630 1205 4693 dedita,
1229 4631 1388 4685 simul
1402 4647 1522 4686 cum
1550 4632 1832 4685 animabus
1857 4646 1946 4684 re-

367 4731 532 4780 gnum
559 4718 826 4788 accipient
853 4719 1261 4790 sempiternum.
1292 4720 1502 4791 Nuptiae
1520 4736 1650 4792 ergo
1667 4730 1798 4775 tunc
1820 4733 1948 4775 vere

2034 3559 2149 3597 rum
2197 3542 2366 3596 millia
2393 3541 2617 3596 millium
2647 3542 2928 3596 dicentium
2979 3558 3099 3598 voce
3126 3559 3315 3614 magna
3352 3557 3371 3594 :
3410 3541 3610 3611 Dignus

2032 3643 2108 3688 est
2135 3650 2300 3704 agnus
2327 3634 2416 3704 qui
2443 3633 2642 3690 occisus
2664 3643 2758 3699 est,
2789 3635 3022 3704 accipere
3058 3635 3320 3696 virtutem,
3346 3641 3396 3686 et
3422 3632 3612 3685 divini-

2033 3736 2189 3782 tatem
2221 3737 2268 3780 et
2300 3725 2632 3797 sapientiam,
2674 3735 2723 3780 et
2764 3726 3144 3797 fortitudinem,
3185 3733 3235 3778 et
3261 3725 3528 3786 honorem,
3565 3732 3612 3775 et

2035 3818 2278 3891 gloriam,
2307 3829 2356 3874 et
2381 3818 2808 3884 benedictionem,
2836 3827 2883 3872 et
2895 3833 3099 3872 omnem
3115 3824 3408 3869 creaturam
3428 3817 3613 3884 qurum

2037 3910 2163 3966 caelo
2187 3920 2332 3966 estet
2361 3926 2521 3981 super
2545 3919 2740 3964 terram
2769 3917 2817 3963 et
2844 3909 2939 3963 sub
2965 3916 3105 3962 terra
3131 3947 3146 3970 ,
3182 3913 3230 3959 et
3255 3919 3370 3975 qua.I
3405 3913 3525 3956 sunt
3557 3904 3612 3955 in

2039 4002 2196 4066 mari,
2237 4011 2285 4056 et
2311 4017 2428 4071 qua:
2466 4001 2520 4054 in
2540 4017 2600 4054 eo
2620 4041 2634 4065 ,
2665 4016 2840 4054 omnes
2883 3999 3060 4054 audivi
3087 3999 3355 4052 dicentes:
3401 3993 3613 4050 Sedenti

2039 4093 2093 4146 in
2107 4093 2293 4146 throno
2306 4100 2352 4146 et
2367 4107 2523 4162 agno,
2541 4091 2844 4155 benedictio,
2860 4099 2907 4144 et
2932 4091 3120 4152 honor,
3132 4095 3179 4141 et
3200 4094 3425 4158 potestas
3447 4086 3500 4137 in
3517 4100 3615 4138 sw-

2042 4184 2162 4238 cula
2180 4182 2511 4238 strculorum.
2531 4180 2600 4235 Et
2613 4190 2838 4252 quatuor
2851 4177 3102 4233 animalia
3121 4175 3359 4230 dicebant
3385 4188 3403 4226 :
3427 4173 3610 4227 Amen.

2114 4276 2212 4330 Est
2250 4281 2430 4328 autem
2456 4287 2646 4327 versus
2678 4271 2766 4325 hic
2795 4270 2848 4324 in
2883 4267 3112 4322 Alleluia
3139 4267 3393 4336 scriptus,
3419 4274 3474 4319 et
3519 4280 3616 4334 per

2044 4365 2242 4422 seriem
2277 4363 2578 4417 litterarum
2605 4357 2844 4429 ejusdem
2887 4357 3137 4414 dictionis
3164 4355 3239 4411 ita
3265 4354 3522 4426 legendus
3563 4373 3576 4406 :

2167 4454 2292 4507 Crux
2314 4460 2496 4503 aeterna
2515 4451 2608 4502 Dei
2624 4461 2682 4500 es
2703 4449 2828 4512 laus,
2856 4448 2978 4498 vivis
2996 4448 3046 4497 in
3061 4458 3176 4496 arce
3194 4443 3431 4508 polorum.

2047 4540 2218 4593 Amen
2241 4549 2453 4608 quoque
2475 4541 2705 4604 quatuor
2733 4529 2926 4587 litteris
2967 4529 3081 4584 suis
3105 4541 3202 4599 per
3245 4535 3477 4597 quatuor
3499 4539 3619 4579 cor-

2049 4646 2155 4684 nua
2181 4628 2360 4683 crucis
2388 4627 2621 4697 primum
2671 4623 2858 4693 incipit
2887 4638 2956 4678 ex
2979 4619 3212 4684 alleluia,
3261 4616 3454 4672 litteris
3497 4623 3616 4670 octo

2052 4717 2368 4788 complenda
