4002 6204
273 321 380 378 255

916 317 976 370 Β.
1021 313 1271 371 ῐὶΑΒΑΝΙ
1311 313 1526 368 MAURI
1568 308 1856 366 AliClllEP

1955 308 2232 364 lOGUNT.
2270 306 2553 365 OPERUM
2593 305 2773 362 PARS
2811 307 2853 361 ι.

3415 311 3522 370 256

255 437 332 491 tui
366 435 640 490 illuserunt
676 433 790 496 tibi,
833 429 1162 484 invaluerunt
1190 427 1465 480 adversum
1495 433 1542 478 te
1571 424 1666 477 viri
1691 422 1834 493 pacis
1865 425 1916 483 Α
1941 419 2167 491 reliqua.
2193 419 2408 490 Aggeus
2429 417 2790 474 desideratum
2817 419 3102 472 annuntiat
3122 421 3372 476 omnibus
3399 439 3523 493 gen-

257 537 384 591 tute,
412 534 460 578 et
484 524 574 594 qui
606 519 870 575 comedent
902 527 1070 572 tecum
1111 525 1300 586 ponent
1329 515 1549 567 insidias
1579 527 1734 580 super
1768 520 1840 576 te,

256 623 312 668 et
343 614 566 684 reliqua.
594 611 662 665 Et
689 609 848 680 paulo
875 616 999 679 post
1022 625 1034 660 :
1063 607 1129 661 In
1153 615 1346 669 monte,
1373 604 1566 674 inquit,
1593 601 1720 657 Sion
1745 601 1843 654 erit

255 701 498 768 salvatio,
525 711 571 756 et
601 703 699 754 erit
727 708 957 763 sanctus,
981 706 1029 751 et
1055 694 1334 768 possidebit
1359 693 1544 746 domus
1564 689 1730 744 Iacob
1755 704 1842 743 eos

255 795 346 866 qui
375 809 430 847 se
458 790 793 862 possederant
821 801 839 840 :
867 788 934 841 Et
963 787 1090 840 item
1123 783 1400 853 subiunxit
1432 800 1446 835 ε
1488 779 1845 848 Ascendetque

260 884 505 940 Salvator
529 885 586 936 in
626 891 853 934 montem
898 878 1027 934 Sion
1057 877 1305 948 judicare
1343 884 1566 928 montem
1597 872 1765 937 Esau,
1796 878 1844 923 et

258 978 354 1030 erit
382 975 608 1029 Domino
643 989 877 1043 regnum.
925 969 1073 1025 Jonas
1113 982 1327 1038 quoque
1368 966 1706 1036 prophetiam
1737 963 1844 1017 Do—

259 1068 439 1122 minus
464 1067 576 1135 ipse
604 1064 841 1119 ostendit
863 1063 1048 1116 dicens
1073 1079 1084 1114 :
1111 1059 1257 1113 Sicut
1282 1058 1382 1126 fuit
1405 1056 1572 1110 Jonas
1598 1057 1651 1109 in
1674 1065 1846 1109 ventre

261 1158 378 1212 coeti
405 1158 570 1210 tribus
592 1155 771 1208 diebus
794 1162 841 1207 et
872 1153 1036 1206 tribus
1061 1152 1317 1214 noctibus,
1349 1149 1423 1202 ita
1452 1149 1548 1202 erit
1579 1145 1722 1214 ﬁlius
1752 1145 1847 1198 ho-

262 1249 420 1302 minis
466 1248 522 1302 in
565 1247 720 1302 corde
764 1255 935 1300 terrm.
986 1243 1221 1298 Micheas
1267 1242 1481 1311 quidem
1525 1249 1846 1294 conventum

257 1341 580 1412 populorum
624 1339 690 1393 ad
736 1337 1011 1392 Christum
1053 1335 1341 1405 prmdicat,
1393 1334 1566 1402 ipsum
1607 1340 1848 1386 montem

262 1429 472 1484 Domini
501 1444 564 1484 ac
599 1429 787 1483 ducem
814 1425 1102 1480 ostendens
1146 1441 1159 1476 :
1205 1423 1270 1476 In
1307 1423 1606 1486 novissimo,
1651 1418 1847 1490 inquit,

263 1521 467 1573 dierum
489 1519 584 1572 erit
611 1533 758 1571 mons
781 1517 967 1569 domus
991 1513 1203 1568 Domini
1229 1523 1554 1584 prtvparatus
1579 1513 1636 1566 in
1661 1512 1850 1566 vertice

264 1609 539 1674 montium,
566 1616 621 1662 et
645 1607 869 1676 reliqua.
898 1605 1110 1659 Etitem
1139 1621 1153 1657 :
1184 1603 1284 1667 Tu,
1309 1602 1572 1656 Bethleem
1591 1601 1846 1671 Ephrata,

263 1698 482 1771 parvula
507 1715 560 1753 es
585 1700 638 1752 in
668 1696 897 1750 millibus
923 1696 1090 1760 Juda,
1113 1711 1176 1748 ea:
1203 1703 1250 1748 te
1275 1694 1402 1747 mihi
1425 1694 1717 1764 egredietur
1741 1693 1850 1747 duo:

265 1791 354 1861 qui
378 1790 444 1842 sit
467 1789 766 1842 dominator
789 1787 843 1840 in
869 1785 1063 1849 Israel,
1087 1793 1142 1839 et
1171 1784 1397 1853 reliqua.
1425 1782 1598 1837 Naum
1622 1782 1851 1837 ultorem
1882 1774 1926 1831 Β

266 1881 554 1934 Dominum
579 1879 837 1949 praedicat
861 1876 1116 1940 inimicis,
1140 1884 1195 1930 et
1213 1875 1412 1930 bonum
1441 1874 1542 1943 piis
1570 1883 1624 1928 et
1646 1873 1849 1928 amicis.

267 1972 432 2037 Deus,
464 1971 669 2041 inquit,
705 1968 983 2023 temulator
1011 1977 1108 2031 est,
1135 1976 1183 2019 et
1221 1966 1472 2019 ulciscens
1504 1965 1777 2030 Dominus,
1808 1975 1856 2017 et

268 2061 462 2116 habens
495 2061 747 2131 furorem,
778 2057 1032 2111 ulciscens
1069 2056 1325 2109 Dominus
1364 2055 1420 2108 in
1462 2055 1630 2108 hostes
1659 2070 1781 2107 suos
1809 2062 1856 2106 et

268 2155 498 2207 irascens
525 2151 749 2204 inimicis
775 2151 907 2216 suis,
953 2158 1008 2203 et
1055 2147 1281 2216 reliqua.
1327 2146 1393 2200 Et
1434 2145 1563 2200 item
1606 2145 1858 2214 pietatem

271 2245 559 2301 ostendens
589 2242 665 2296 ait
696 2256 710 2294 :
753 2240 930 2294 Bonus
964 2238 1219 2293 Dominus
1249 2247 1297 2291 et
1337 2236 1641 2306 confortans
1681 2235 1735 2288 in
1777 2234 1860 2287 die

269 2332 645 2396 tribulationis,
693 2341 740 2386 et
775 2332 942 2385 sciens
987 2337 1253 2400 sperantes
1290 2329 1344 2380 in
1378 2343 1450 2379 se.
1495 2324 1746 2380 liabacuc
1776 2323 1859 2378 lu-

271 2434 476 2482 strator
500 2424 654 2479 fortis
681 2432 735 2478 et
767 2422 991 2492 rigidus,
1021 2429 1128 2474 stat
1176 2434 1338 2489 super
1379 2417 1680 2472 custodiam
1709 2431 1860 2470 suam

273 2527 328 2572 et
357 2517 472 2588 ﬁgit
499 2516 724 2586 gradum
768 2529 933 2583 super
979 2511 1363 2574 munitionem,
1413 2515 1472 2562 ut
1499 2506 1773 2562 Christum
1809 2505 1861 2558 in

274 2625 436 2665 cruce
470 2607 887 2677 contempletur,
921 2614 976 2659 et
1011 2605 1157 2659 dicat
1193 2618 1208 2655 :
1250 2601 1467 2671 Operuit
1503 2597 1656 2653 caelos
1694 2597 1864 2669 gloria

273 2702 409 2772 ejus,
441 2711 486 2754 et
514 2699 689 2754 laudis
719 2701 834 2769 ejus
865 2696 1018 2767 plena
1057 2705 1132 2749 est
1170 2705 1332 2748 terra.
1369 2690 1633 2762 Splendor
1658 2691 1772 2758 ejus
1805 2697 1865 2741 ut
1930 2709 1932 2711 ·

275 2791 367 2844 lux
392 2791 510 2853 erit,
542 2805 740 2844 cornua
772 2797 892 2842 sunt
928 2787 984 2840 in
1017 2785 1258 2839 manibus
1285 2784 1421 2854 ejus.
1451 2782 1534 2836 Ibi
1562 2781 1864 2836 abscondita

275 2893 348 2936 est
390 2880 644 2950 fortitudo
683 2879 815 2948 ejus.
867 2875 1171 2946 Sophonias
1205 2888 1372 2944 prope
1413 2887 1531 2927 esse
1575 2872 1865 2925 adventum

277 2973 383 3028 diei
407 2971 617 3027 Domini
648 2976 835 3024 narrat
860 2975 916 3023 et
939 2968 1126 3022 horam
1159 2964 1428 3036 passionis
1455 2963 1572 3032 ejus
1598 2969 1653 3014 et
1680 2975 1864 3014 resur-

276 3064 533 3120 rectionis
563 3080 577 3117 τ
607 3061 773 3115 Juxta
818 3070 912 3124 est,
955 3059 1158 3137 inquit,
1205 3057 1316 3111 dies
1361 3054 1573 3109 Domini
1622 3070 1863 3124 magnus,

1942 513 2084 567 tibus
2118 531 2129 564 :
2171 511 2354 564 Adhuc
2397 511 2656 564 modicum
2695 518 2801 575 est,
2851 509 2976 586 dicit
3022 509 3297 576 Dominus,
3343 523 3390 566 et
3433 531 3524 584 ego

1942 604 2266 658 commovebo
2299 601 2482 656 caelum
2525 610 2572 655 et
2615 610 2809 654 terram
2849 609 2898 654 et
2941 617 3084 654 mare
3122 612 3168 654 et
3201 603 3427 668 aridam,
3471 613 3529 658 et

1941 695 2170 764 reliqua.
2196 692 2495 747 Zacharias
2524 706 2672 756 vero,
2721 707 2930 746 memor
2955 692 3182 753 Domini
3223 694 3337 758 sui,
3382 695 3528 750 videt

1941 787 2124 842 Jesum
2151 786 2204 840 in
2233 784 2468 839 vestibus
2495 783 2748 846 sordidis,
2784 790 2839 837 et
2868 781 3098 851 lapidem
3135 784 3412 838 oculorum
3444 802 3530 840 se-

1942 887 2087 948 ptem
2123 875 2505 931 candelabrum
2530 887 2742 943 quoque
2765 887 3018 939 aureum,
3052 883 3105 928 et
3133 873 3358 944 reliqua.
3391 875 3531 930 Dicit

1943 985 2158 1041 quoque
2182 985 2246 1024 ex
2277 983 2508 1038 persona
2536 967 2747 1022 Domini
2778 986 2789 1020 :
2836 967 3202 1038 Appenderunt
3241 969 3530 1024 mercedem

1945 1077 2113 1115 meam
2151 1060 2365 1130 triginta
2406 1058 2682 1128 argenteis.
2726 1058 2792 1112 Et
2823 1057 2953 1113 item
2993 1073 3008 1111 :
3050 1057 3336 1128 Effundam
3375 1077 3534 1130 super

1944 1151 2157 1204 domum
2184 1148 2355 1203 David
2383 1149 2622 1218 spiritum
2651 1150 2835 1218 gratia:
2869 1157 2916 1202 et
2951 1165 3184 1219 precum,
3213 1160 3260 1203 et
3283 1151 3532 1220 aspicient

1946 1241 2016 1294 ad
2053 1257 2133 1294 me
2178 1256 2330 1311 quem
2379 1239 2736 1307 conﬁrerunt,
2787 1248 2835 1292 et
2879 1238 3121 1310 plangant
3155 1256 3273 1293 eum
3317 1239 3533 1311 planctu

1946 1336 2096 1407 quasi
2139 1351 2296 1405 super
2325 1334 2666 1402 unigenitum,
2699 1339 2755 1385 et
2783 1331 3007 1401 reliqua.
3041 1331 3107 1386 Et
3148 1332 3274 1386 item
3312 1353 3324 1386 :
3361 1331 3533 1386 Adam

1947 1424 2237 1496 exemplum
2259 1440 2429 1478 meum
2449 1425 2515 1477 ab
2540 1422 2888 1476 adolescentia
2907 1439 3044 1487 mea,
3065 1431 3110 1476 et
3132 1421 3370 1477 dicetur:
3396 1423 3535 1489 Quot

1947 1527 2069 1572 sunt
2097 1516 2264 1588 plaga:
2290 1517 2404 1570 ista:
2429 1515 2483 1568 in
2509 1515 2680 1569 medio
2708 1532 2959 1569 manuum
2987 1516 3238 1570 tuarum?
3276 1524 3322 1570 et
3353 1516 3486 1570 dicet
3516 1531 3536 1567 :

1952 1610 2051 1664 llis
2080 1609 2320 1680 plagatus
2359 1625 2474 1662 sum
2504 1608 2559 1662 in
2589 1608 2742 1660 domo
2767 1625 2947 1661 eorum
2982 1609 3070 1679 qui
3112 1607 3396 1679 diligebant
3431 1625 3530 1664 me.

1953 1701 2180 1756 Framea
2217 1703 2469 1755 suscitare
2496 1717 2650 1770 super
2677 1709 2934 1770 pastorem
2972 1717 3172 1765 meum,
3199 1710 3245 1754 et
3281 1717 3438 1771 super
3466 1702 3538 1754 vi-

1955 1807 2071 1844 rum
2093 1791 2435 1843 cohaerentem
2454 1789 2602 1854 mihi,
2618 1789 2742 1842 dicit
2761 1788 3016 1844 Dominus
3039 1791 3390 1844 exercituum:
3411 1789 3538 1844 Per—

1955 1892 2070 1936 cute
2100 1893 2357 1951 pastorem
2391 1892 2438 1935 et
2468 1881 2829 1952 dispergentur
2857 1897 2972 1935 oves
3014 1884 3202 1952 gregis.
3253 1883 3317 1937 Et
3361 1884 3487 1937 item
3521 1901 3535 1937 :

1955 1973 2025 2028 Et
2053 1975 2150 2028 erit
2180 1972 2432 2027 Dominus
2460 1990 2551 2027 rea:
2578 1989 2732 2044 super
2758 1989 2959 2028 omnem
2987 1983 3199 2029 terram.
3245 1975 3312 2029 In
3338 1976 3420 2030 die
3446 1975 3541 2028 illa

1955 2067 2052 2120 erit
2096 2064 2351 2118 Dominus
2381 2082 2537 2129 unus,
2581 2075 2629 2118 et
2666 2065 2760 2117 erit
2799 2081 2983 2118 nomen
3025 2063 3137 2134 ejus
3164 2081 3343 2118 unum.
3377 2064 3541 2118 Mala-

1957 2156 2107 2211 chias
2131 2155 2400 2211 salubrem
2431 2156 2718 2211 adventum
2749 2155 2961 2211 Domini
2987 2164 3173 2210 narrat
3199 2174 3212 2208 :
3247 2154 3314 2210 Et
3340 2157 3540 2220 statim,

1958 2247 2152 2317 inquit,
2179 2247 2339 2300 veniet
2365 2246 2434 2300 ad
2460 2245 2708 2316 templum
2732 2262 2885 2299 suum
2907 2246 3226 2311 dominator,
3253 2255 3300 2300 et
3326 2246 3543 2317 angelus

1959 2340 2251 2392 testamenti
2290 2354 2442 2409 quem
2469 2355 2555 2393 vos
2591 2338 2745 2393 vultis
2781 2355 2897 2393 ecce
2929 2340 3094 2405 venit,
3133 2339 3258 2392 dicit
3288 2338 3543 2394 Dominus

1960 2429 2312 2495 exercituum,
2358 2440 2404 2483 et
2451 2430 2567 2501 quis
2610 2430 2796 2498 poterit
2841 2431 3069 2502 cogitare
3109 2431 3246 2484 diem
3291 2431 3544 2486 adventus

1960 2521 2092 2591 ejus,
2123 2531 2170 2574 et
2196 2521 2311 2591 quis
2335 2520 2488 2574 stabit
2515 2520 2586 2574 ad
2610 2520 2886 2574 videndum
2913 2522 3070 2576 eum?
3094 2519 3214 2592 Ipse
3238 2522 3372 2576 enim
3392 2538 3545 2591 quasi

1962 2613 2097 2682 ignis
2125 2613 2358 2681 con/laus
2384 2621 2431 2666 et
2458 2613 2608 2682 quasi
2637 2611 2796 2665 herba
2822 2610 3102 2681 fullonum,
3129 2622 3178 2666 et
3203 2612 3394 2666 sedebit
3423 2629 3544 2666 con-

1964 2705 2099 2772 ﬂans
2122 2712 2169 2756 et
2197 2702 2488 2756 emundans
2517 2711 2807 2772 argentum,
2833 2713 2878 2756 et
2905 2703 3144 2773 purgabit
3173 2701 3308 2771 ﬁlios
3334 2701 3476 2764 Levi,
3498 2715 3545 2755 et

1964 2794 2209 2864 con/labit
2241 2810 2328 2848 eos
2349 2794 2501 2865 quasi
2532 2809 2721 2846 aurum
2751 2801 2798 2846 et
2824 2793 2973 2865 quasi
3003 2802 3295 2863 argentum,
3323 2801 3370 2845 et
3395 2808 3542 2845 erum

1966 2883 2190 2937 Domino
2215 2885 2487 2953 offerentes
2510 2883 2774 2951 sacriﬁcia
2798 2885 2855 2938 in
2873 2883 3109 2955 justitia,
3129 2891 3178 2936 et
3199 2881 3416 2952 placebit
3435 2881 3546 2938 Deo

1965 2974 2279 3043 sacri/icium
2303 2974 2447 3028 Iuda
2473 2983 2522 3028 et
2551 2972 2901 3040 Hierusalem,
2928 2983 2986 3030 et
3008 2974 3232 3045 reliqua.

2037 3065 2133 3120 Est
2161 3080 2373 3135 quoque
2397 3081 2585 3120 versus
2613 3066 2700 3120 hic
2725 3066 2780 3120 in
2803 3081 2966 3122 cruce
2993 3067 3228 3136 scriptus
3253 3081 3435 3121 xxxvn
3457 3067 3550 3121 lit-

271 3159 429 3227 juxta
454 3164 501 3208 et
533 3153 680 3209 velox
715 3153 889 3207 nimis.
932 3135 1047 3205 Vox
1071 3151 1174 3204 diei
1213 3149 1425 3203 Domini
1461 3162 1665 3210 amara,
1695 3145 1863 3198 tribu-
1891 3131 1935 3192 C
1969 3131 2204 3213 ιεητωξ,
2240 3177 2252 3210 ε

278 3249 476 3302 labitur
505 3247 575 3301 ibi
604 3245 756 3315 fortis
804 3245 871 3298 Et
910 3242 1072 3314 paulo
1099 3250 1221 3312 post
1255 3258 1270 3294 :
1303 3237 1604 3301 Tribulabo,
1642 3236 1738 3301 ait,
1769 3237 1864 3290 ho-

280 3342 464 3404 mines,
494 3350 540 3393 et
577 3335 916 3392 ambulabunt
946 3335 1178 3389 homines
1221 3341 1277 3386 ut
1311 3333 1455 3398 ca'ci,
1486 3329 1610 3401 quia
1639 3328 1863 3383 Domino

281 3438 636 3500 peccaverunt.
667 3428 735 3482 Et
772 3427 901 3482 item
929 3443 944 3481 :
975 3425 1304 3496 Quapropter
1341 3430 1580 3492 exspecta
1607 3437 1708 3486 me,
1737 3419 1863 3472 dicit

283 3519 558 3585 Dominus,
595 3519 649 3573 in
693 3517 778 3573 die
822 3516 1213 3573 resurrectionis
1254 3531 1380 3570 mea:
1421 3514 1474 3566 in
1507 3512 1772 3581 futurum,
1809 3520 1865 3565 et

2095 3269 2160 3320 Es
2183 3268 2366 3332 placida
2401 3271 2610 3333 superis,
2639 3283 2780 3335 crux,
2809 3271 2924 3323 huic
2942 3283 2998 3323 es
3015 3273 3177 3324 navita
3199 3269 3395 3322 mundo.

1969 3371 2072 3439 Qui
2101 3371 2169 3428 ad
2194 3371 2457 3427 directum
2485 3373 2800 3432 hexameter
2821 3383 2931 3441 est,
2962 3382 3017 3429 et
3053 3374 3362 3447 reciprocus
3401 3372 3550 3428 nulla

1969 3473 2215 3536 exempta
2240 3464 2442 3536 syllaba
2473 3464 2534 3521 ﬁt
2562 3466 2703 3524 idem
2728 3475 3080 3539 pentameter.
