3994 6196
382 325 490 380 263

384 437 571 494 llostia
595 436 736 503 quod
761 440 849 485 tua
873 433 972 484 sim
1000 449 1010 482 :
1046 439 1243 483 memet
1271 425 1549 482 crucifixio
1577 430 1745 476 totum

385 527 504 582 lam
535 533 620 578 tua
660 530 979 584 consumat;
1019 530 1073 573 et
1109 519 1287 588 passio
1317 517 1528 584 mitiget
1554 523 1743 568 (ustum

388 613 690 676 Carnalem,
731 612 855 665 vitia
886 608 1210 676 eonfringat,
1244 607 1509 676 deprimat
1536 604 1690 661 iram,

389 704 642 760 Refrcnet
664 702 922 770 linguam,
947 697 1165 768 pietatis
1185 696 1345 751 verba
1375 701 1617 763 reponat.

390 792 621 846 Mentem
648 787 1118 860 pacificetzvitam
1157 785 1387 840 deducat
1408 784 1710 836 honestam.
1806 860 1808 862 Ι

392 879 636 946 Namque
665 885 790 930 tuus
813 877 1028 945 quando
1059 883 1171 931 toto
1201 872 1461 942 fulgescet
1482 869 1706 940 Olympo

394 964 589 1034 lgneus
610 964 892 1028 adventus,
921 963 1148 1018 torrebit
1174 970 1231 1017 et
1259 962 1420 1016 ardor
1449 959 1682 1029 iniquos,

403 1055 721 1124 Tempestas
749 1050 961 1115 stridet,
992 1068 1160 1106 cornu
1180 1049 1295 1121 jam
1322 1049 1494 1120 mugit
1525 1056 1580 1102 et
1605 1047 1736 1101 orbe

397 1141 536 1194 Ante
560 1143 838 1211 apparebit
861 1141 1074 1212 quando
1100 1141 1280 1197 crucis
1307 1155 1432 1194 aere
1458 1139 1710 1210 signum:

401 1228 536 1282 Tum
565 1245 694 1299 rogo
731 1245 816 1283 tne
841 1229 1034 1297 eripiat
1058 1227 1289 1284 flammis
1312 1227 1591 1282 ultricibus
1612 1225 1726 1294 ipsa
1751 1242 1762 1276 :

402 1316 574 1386 Atque
601 1327 812 1388 poetam
852 1318 974 1389 agni
999 1318 1276 1390 proprium
1309 1316 1558 1373 defendat
1591 1315 1660 1369 ab
1685 1313 1789 1376 ira,

1649 1476 2041 1490 —-——————

1050 313 1110 366 Β.
1154 309 1409 364 RABANI
1449 305 1666 361 MAIIRI
1703 302 2016 357 ARCHIEP.
2062 297 2368 355 MOGUNT.
2410 294 2692 352 OPERUM
2730 291 2908 347 PARS
2948 291 2988 343 l.

1983 423 2028 479 Λ
2058 418 2153 471 Cui
2184 431 2319 472 cano
2346 417 2501 484 :jure
2525 426 2713 467 canam
2743 408 3026 462 l-lrabanus
3053 403 3296 462 versibus
3325 417 3440 464 ore,

3519 285 3625 343 26L

2062 508 2255 569 Corde,
2285 521 2471 566 manu,
2512 517 2726 571 semper
2753 500 2949 553 donum
2976 494 3323 549 memorabile
3347 503 3504 547 cantu
3534 503 3551 544 :

2063 596 2212 661 Quod
2242 595 2466 649 dederat
2504 593 2625 644 vitae
2650 597 2846 643 metuet
2875 586 3167 640 clementer
3195 583 3248 636 in
3278 597 3390 635 ara.

2063 685 2287 753 Quando
2305 684 2417 753 ipsa
2443 680 2635 735 llicsns
2655 679 2892 733 clemens
2914 689 3042 744 rogo
3064 674 3129 726 ab
3154 672 3297 727 eruit
3323 671 3429 726 imo

2063 775 2262 831 Inferni
2289 774 2546 842 requiem,
2574 786 2736 834 nunc,
2767 783 2800 822 ο
2824 766 3058 831 Christe,
3087 777 3212 818 arce
3247 761 3488 832 polorum

2068 865 2145 920 Da
2169 865 2323 928 mihi,
2357 866 2456 917 hoc
2479 877 2661 932 posco,
2693 871 2874 929 spero,
2903 867 2958 911 et
2983 871 3110 909 vera
3147 854 3328 909 omnia
3353 851 3534 915 credo,

2069 955 2198 1024 Qum
2223 953 2543 1025 promisisti,
2572 952 2673 1005 hoc
2701 958 2856 1004 teneo
2883 949 3082 1018 pietate
3112 945 3341 1014 ﬁdeque.

2070 1047 2224 1115 Quod
2253 1059 2416 1100 verax
2446 1043 2581 1098 facis
2597 1041 2782 1096 ordine
2801 1038 3006 1107 judicio
3043 1037 3220 1090 omnia
3249 1049 3396 1089 vera.

2063 1137 2248 1192 l-nunc
2268 1137 2337 1190 ad
2367 1149 2615 1204 superos,
2653 1132 2707 1185 in
2735 1129 2881 1185 caelis
2908 1129 3012 1183 rite
3043 1127 3360 1196 triumphas.

2067 1227 2112 1284 Ο
2140 1228 2257 1280 laus
2277 1226 2417 1279 alma
2451 1222 2628 1278 crucis
2651 1234 2864 1288 semper
2891 1218 3008 1272 sine
3031 1215 3136 1270 fine
3159 1214 3354 1268 valeto.

2102 1473 2370 1485 α--ι

1566 1595 2077 1660 DECLABATIO
2122 1595 2466 1660 FIGURAE.

475 1835 615 1889 Deus
641 1832 998 1902 omnipotens,
1037 1829 1194 1884 Pater
1221 1828 1430 1883 Domini
1462 1827 1630 1882 nostri
1660 1825 1784 1880 Jesu
1819 1825 1975 1881 Chri-

405 1925 496 1988 sti,
541 1923 633 1992 qui
683 1921 1023 1992 Unigenitum
1070 1926 1220 1973 tuum
1269 1926 1323 1973 et
1382 1925 1506 1972 ante
1551 1915 1747 1971 szeeula
1790 1925 1974 1970 natum

403 2029 620 2071 carnem
654 2019 708 2066 et
737 2011 971 2064 animam
1013 2010 1300 2063 humanam
1331 2008 1382 2060 in
1412 2016 1650 2076 tempore
1680 2020 1974 2069 assumere,

404 2112 459 2158 et
489 2116 704 2157 erucem
735 2100 917 2154 subire
943 2113 1039 2168 pro
1082 2099 1301 2154 humani
1339 2099 1552 2170 generis
1595 2097 1766 2152 salute
1811 2097 1976 2151 volui-

405 2194 516 2248 sti:
551 2199 602 2246 te
646 2187 837 2252 adoro,
885 2187 979 2242 tibi
1031 2187 1231 2257 gratias
1260 2203 1378 2258 ago,
1433 2185 1575 2256 quod
1613 2186 1746 2241 mihi
1780 2185 1978 2240 misero

405 2279 605 2335 famulo
635 2288 726 2332 tuo
755 2276 1066 2332 concessisti
1105 2277 1334 2347 gratiam
1367 2283 1510 2332 tuam
1545 2276 1814 2348 (quamvis
1846 2276 1982 2330 indi-

404 2389 509 2445 gno
535 2381 591 2426 et
614 2369 904 2426 multorum
939 2367 1235 2423 facinorum
1285 2369 1423 2424 mole
1457 2369 1766 2440 aggravata)
1806 2375 1865 2423 ut
1899 2368 1982 2422 di-

406 2463 530 2518 lecti
573 2461 693 2515 Filii
731 2461 806 2514 tui
834 2460 1138 2529 passionem
1186 2457 1430 2514 laudibus
1476 2459 1624 2529 (licet
1661 2475 1766 2513 non
1803 2459 1985 2513 condi-

407 2551 545 2622 gnis,
575 2559 752 2602 tamen
776 2546 1004 2619 devotis)
1032 2547 1272 2601 canendo
1301 2555 1356 2601 et
1383 2547 1772 2607 conscribenth
1792 2545 1988 2616 depro-

408 2653 633 2694 merem.
677 2632 831 2701 Tibi,
876 2637 1098 2691 Domine
1131 2634 1255 2690 Jesu
1304 2635 1538 2700 Christe,
1582 2636 1681 2690 Fili
1725 2637 1817 2690 Dei
1860 2637 1984 2692 uni-

409 2728 609 2798 genite,
642 2725 871 2780 humiles
908 2738 1094 2794 preces
1139 2723 1306 2780 offero
1330 2733 1386 2778 et
1413 2733 1534 2779 vota
1581 2725 1690 2779 oris
1719 2724 1984 2794 persolvo,

409 2817 553 2886 quod
584 2816 714 2870 mihi
743 2815 1012 2886 peceatori
1055 2815 1319 2885 inspirare
1353 2815 1601 2886 dignatus
1641 2831 1702 2870 es
1729 2816 1986 2870 honorem

412 2915 615 2962 saneta:
641 2908 818 2962 crucis
861 2917 965 2961 tua:
1006 2907 1538 2976 quantulumcunque
1580 2908 1892 2971 decantare,
1935 2913 1991 2960 et

410 3011 745 3051 communem
801 2996 1050 3049 omnium
1101 3004 1343 3052 nostrum
1419 2996 1648 3051 salutem
1713 2996 1991 3052 COHSCTViS

415 3089 548 3143 meis
576 3086 890 3157 praedicare.
936 3085 1046 3142 Nec
1075 3100 1160 3140 me
1200 3085 1266 3140 ab
1293 3086 1525 3157 incoepto
1553 3087 1846 3142 retardavit
1869 3100 1992 3156 pro-

414 3177 656 3246 priorum
712 3175 1042 3232 conscientia
1091 3175 1432 3240 delictorum,
1490 3177 1586 3230 sed
1643 3177 1818 3245 magis
1866 3176 1992 3232 illud

417 3269 546 3322 mihi
576 3267 824 3322 fiduciam
851 3267 1038 3322 tribuit
1078 3267 1221 3336 quod
1261 3267 1363 3322 hoc
1397 3267 1451 3320 in
1477 3266 1722 3322 carmine
1746 3265 1990 3322 celebra-

418 3380 531 3417 rem
559 3364 609 3418 in
637 3378 744 3432 quo
767 3362 976 3431 peccati
1003 3377 1226 3434 regnum
1265 3361 1579 3416 destruxisti
1616 3367 1669 3415 et
1695 3367 1806 3432 toto
1831 3375 1990 3414 mun-

418 3455 486 3506 do
516 3453 729 3506 veniam
765 3452 1082 3506 delictorum
1112 3452 1350 3508 omnium
1376 3451 1592 3506 dedisti.
1622 3451 1774 3517 Tibi,
1807 3460 1993 3506 sancte

419 3542 658 3612 Spiritus
685 3542 975 3613 paraclete,
1003 3543 1130 3597 totis
1160 3543 1472 3612 praecordiis
1513 3543 1650 3596 meis
1692 3550 1871 3612 grates
1905 3555 1990 3594 re-

420 3632 554 3697 fero,
589 3633 732 3701 quod
761 3646 848 3688 me
877 3641 968 3686 tua
1010 3633 1183 3702 gratia
1228 3633 1279 3687 in
1317 3633 1435 3703 ipso
1463 3645 1626 3702 opere
1653 3632 1910 3702 adjuvare
1936 3638 1990 3684 et

423 3725 688 3780 consolari
720 3725 971 3798 dignatus
996 3740 1075 3781 es.
1105 3726 1181 3781 Te
1209 3727 1468 3796 deprecor
1487 3733 1545 3779 ut
1573 3725 1617 3780 si
1655 3725 1856 3794 aliqua,
1890 3738 1990 3794 pro

421 3817 708 3886 fragilitate
754 3831 894 3883 mea,
942 3816 1377 3873 inconvenienter
1417 3815 1590 3885 posui,
1622 3829 1718 3870 seu
1754 3815 1858 3869 rite
1884 3830 1990 3868 non

425 3905 684 3969 intellexi,
722 3915 810 3961 tua
852 3907 1157 3962 visitatione
1206 3921 1292 3961 me
1331 3904 1600 3959 illustrare
1637 3904 1893 3974 digneris,
1935 3912 1994 3957 ut

423 4013 486 4051 ea
512 3999 762 4052 decenter
781 3997 1066 4068 corrigam,
1097 3997 1311 4066 meique
1339 3996 1542 4050 erroris
1570 4007 1668 4065 per
1699 4002 1750 4049 te
1778 3995 1991 4047 veniam

424 4112 746 4166 consequar,
781 4106 842 4150 ut
890 4097 1022 4165 ipse,
1061 4111 1218 4164 quem
1264 4103 1389 4150 ante
1431 4095 1724 4164 inemptum
1765 4107 1900 4163 opus
1940 4095 1994 4147 in

425 4187 683 4240 auxilium
714 4187 990 4250 advocavi,
1019 4187 1134 4240 sine
1169 4184 1448 4255 naufragio
1486 4185 1552 4240 ad
1578 4191 1821 4253 Optatum
1848 4183 1996 4238 littus

430 4293 514 4332 me
554 4279 834 4346 perducas.
866 4275 940 4331 Te
969 4285 1167 4332 :eterna
1207 4285 1262 4330 et
1291 4283 1547 4347 perpetua
1591 4275 1733 4330 Deus
1763 4273 1998 4328 Trinitas

425 4381 480 4424 ct
503 4372 875 4441 inseparabilis
905 4373 1105 4436 unitas,
1136 4380 1249 4427 toto
1279 4373 1460 4436 corde,
1495 4379 1602 4425 tota
1645 4371 1849 4434 anima,
1889 4377 1997 4422 tota

431 4471 609 4516 mente
645 4471 700 4517 et
729 4463 838 4517 tota
858 4463 1059 4517 virtute
1085 4463 1226 4525 colo,
1255 4464 1441 4524 adoro,
1473 4470 1688 4532 exopto,
1733 4461 1996 4516 desidero.

431 4554 509 4607 Τιι
556 4555 876 4609 illuminatio
914 4569 1053 4618 mea,
1093 4562 1149 4608 tu
1198 4554 1343 4609 salus
1382 4569 1522 4617 mea,
1551 4563 1604 4606 tu
1635 4553 1751 4607 laus
1777 4567 1916 4612 mea,
1945 4561 1999 4605 tu

430 4643 604 4696 virtus
653 4657 792 4703 mea,
837 4651 1070 4708 creator,
1116 4642 1446 4713 redemptor,
1487 4650 1784 4712 reparator,
1823 4648 1998 4709 pater,

432 4734 653 4796 arbiter,
707 4735 985 4805 magister,
1032 4733 1328 4796 beatitudo,
1372 4730 1644 4792 fortitudo,
1684 4730 2001 4793 alacritudo,

433 4823 727 4889 arternitas,
754 4823 1004 4890 felicitas,
1027 4824 1309 4886 serenitas,
1336 4823 1473 4878 Deus
1496 4823 2004 4892 unnsomnipotens,

437 4914 578 4969 Deus
605 4915 825 4971 deorum
848 4916 1122 4980 Dominus,
1148 4916 1289 4970 Deus
1306 4929 1484 4970 rerum
1506 4924 1718 4969 creator
1740 4915 1978 4969 omnium

438 5006 578 5061 Deus
613 5006 702 5062 lux
731 5018 784 5064 et
810 5009 918 5062 vita
944 5008 1200 5072 fidelium,
1224 5008 1331 5062 vita
1355 5008 1560 5070 vivens,
1585 5007 1693 5060 vita
1717 5021 1746 5060 a
1769 5007 2002 5068 vivente,

439 5097 740 5155 vivificator
768 5101 1080 5164 viventium,
1122 5114 1310 5154 amans
1354 5107 1410 5153 et
1463 5107 1696 5161 amatus,
1748 5112 2005 5165 amorque

441 5187 818 5252 amicissimus,
851 5189 1063 5258 genitor
1085 5196 1139 5244 et
1163 5189 1374 5258 genitus
1399 5195 1751 5257 potenterque
1783 5201 2004 5256 regene-

443 5293 588 5342 rans,
627 5277 812 5335 dicens
841 5290 894 5333 et
935 5283 1155 5333 verbum
1204 5293 1267 5332 ac
1311 5279 1606 5347 procedens
1642 5278 1709 5330 ab
1739 5277 2000 5343 utrisque,

2009 2234 2057 2294 B

2077 1825 2303 1896 diligens
2328 1833 2382 1879 et
2410 1823 2639 1878 dilectus
2683 1823 3070 1891 amborumque
3096 1823 3329 1890 dilectio,
3355 1841 3540 1882 verum
3568 1833 3648 1884 lu-

2078 1930 2223 1978 men,
2256 1914 2434 1970 lumen
2463 1929 2528 1971 ex
2555 1914 2776 1979 lumine,
2803 1929 2930 1969 vera
2952 1915 3289 1981 illuminatio,
3313 1920 3646 1986 consiliator,

2077 2005 2362 2060 consilium
2399 2014 2455 2059 et
2491 2005 2926 2069 communicatio,
2959 2022 2987 2060 a
3019 2020 3141 2075 quo,
3183 2023 3282 2076 per
3307 2025 3462 2079 quem
3493 2021 3548 2066 et
3595 2000 3648 2068 in

2081 2114 2187 2169 quo
2215 2105 2338 2152 sunt
2368 2098 2569 2162 omnia,
2609 2098 2700 2153 tibi
2745 2098 2862 2153 laus
2905 2108 2959 2154 et
3004 2098 3172 2168 gloria
3222 2101 3276 2156 in
3324 2105 3646 2172 sempiterna

2081 2187 2297 2242 saacula.
2327 2187 2425 2253 Te,
2453 2197 2608 2256 pater
2636 2187 3068 2254 clementissime,
3100 2197 3223 2258 peto
3258 2199 3316 2244 ut
3340 2193 3429 2260 qui
3459 2194 3646 2262 primi-

2085 2283 2174 2332 tus
2219 2292 2306 2332 me
2351 2277 2453 2332 hoc
2503 2291 2639 2346 Opus
2685 2277 3072 2332 conscribendo
3109 2277 3322 2332 voluisti
3366 2281 3650 2349 perficere,

2087 2369 2228 2438 quod
2255 2369 2322 2423 ad
2373 2368 2584 2422 laudem
2634 2367 3008 2438 Redemptoris
3051 2376 3105 2420 et
3143 2367 3437 2424 Saivatoris
3482 2373 3652 2426 nostri

2087 2457 2339 2528 pertinet,
2373 2458 2758 2527 redemptionis
2777 2467 2833 2512 et
2863 2458 3175 2514 salvationis
3200 2457 3316 2526 ejus
3343 2461 3396 2515 in
3424 2464 3653 2531 gratiam

2087 2563 2184 2620 per
2219 2550 2391 2620 ipsum
2417 2550 2672 2619 consequi
2703 2565 2958 2605 merear:
3000 2559 3054 2604 et
3099 2551 3356 2619 quidquid
3404 2552 3656 2622 deinceps

2089 2639 2268 2710 operis
2294 2654 2476 2711 agam,
2505 2656 2572 2694 ex
2599 2650 2710 2704 tua,
2745 2651 2797 2694 et
2843 2642 2938 2711 per
2967 2649 3134 2704 tuam,
3163 2647 3216 2694 et
3260 2639 3312 2694 in
3367 2648 3455 2708 tua
3484 2643 3656 2711 gratia

2090 2730 2157 2788 ad
2218 2730 2432 2786 laudem
2480 2739 2624 2785 tuam
2674 2740 2843 2786 totum
2903 2731 3187 2801 pervenire
3230 2729 3415 2795 facias,
3465 2745 3658 2801 meque

2091 2821 2342 2893 deinceps
2376 2812 2626 2877 tutiorem
2669 2839 2698 2877 a
2744 2825 2999 2893 peccatis,
3031 2832 3086 2878 et
3133 2824 3183 2877 in
3225 2824 3379 2896 bonis
3405 2825 3659 2892 cperibus

2089 2910 2403 2966 validiorem
2431 2927 2550 2967 esse
2576 2914 2888 2983 przecipias;
2935 2923 2990 2969 et
3031 2915 3264 2984 quandiu
3308 2915 3362 2969 in
3393 2915 3495 2969 hoc
3541 2930 3659 2969 cor-

2091 3003 2314 3072 pusculo
2361 3003 2559 3068 vivam,
2599 3003 2800 3074 aliquid
2850 3005 3053 3060 servitii
3106 3005 3202 3060 tibi
3254 3019 3466 3074 semper
3502 3005 3660 3059 exhi-

2092 3095 2266 3151 beam.
2321 3095 2450 3150 Post
2501 3095 2707 3150 exitum
2739 3111 2866 3151 vero
2918 3096 3110 3150 anima:
3159 3111 3290 3152 meat
3329 3111 3358 3150 a
3413 3112 3656 3167 corpore,

2092 3186 2304 3240 veniam
2331 3194 2673 3254 peccatorum
2697 3187 2934 3240 omnium
2964 3187 3218 3256 consequi
3242 3194 3298 3242 et
3315 3187 3476 3242 vitam
3504 3197 3664 3242 :eter-

2094 3292 2218 3330 nam
2248 3277 2525 3348 percipere
2558 3291 2655 3346 per
2694 3275 2866 3344 ipsum
2897 3275 3026 3330 mihi
3063 3276 3328 3332 concedas
3355 3278 3449 3346 qui
3489 3285 3662 3332 tecum

2093 3377 2148 3422 et
2171 3385 2292 3423 cum
2317 3369 2518 3439 Spiritu
2541 3377 2726 3422 sancto
2751 3367 3038 3436 coaequalis
3060 3368 3190 3423 vivit
3216 3377 3270 3424 et
3285 3379 3474 3441 regnat
3499 3368 3660 3435 Deus,

2095 3472 2192 3528 per
2233 3459 2415 3512 omnia
2445 3457 2640 3512 saecula
2677 3457 3012 3512 saeculorum.
3050 3457 3240 3512 Amen.

2163 3573 2221 3627 In
2250 3586 2410 3628 cruce
2433 3588 2557 3629 vero
2581 3572 2948 3627 antecedentis
2967 3571 3174 3642 pagina:
3199 3580 3282 3628 est
3310 3588 3447 3627 unus
3473 3587 3667 3627 versus

2091 3665 2340 3734 scriptus,
2370 3664 2556 3735 viginti
2592 3673 2795 3735 septem
2824 3663 3146 3730 litterarum,
3171 3664 3263 3733 qui
3294 3664 3496 3721 eisdem
3530 3662 3672 3717 litte-

2095 3758 2166 3811 ris
2197 3757 2298 3828 legi
2323 3766 2378 3811 et
2408 3756 2570 3824 relegi
2593 3765 2772 3826 potest
2793 3756 2848 3809 in
2886 3756 3027 3810 hunc
3056 3756 3273 3810 modum
3300 3775 3311 3808 :

2335 3889 2437 3938 Oro
2460 3895 2510 3938 te
2535 3901 2697 3938 ramus
2723 3898 2853 3936 Iram
2874 3899 2955 3935 ara
2976 3897 3139 3937 sumar
3165 3892 3213 3936 et
3239 3898 3325 3935 oro

2094 4014 2272 4084 Imago
2299 4028 2432 4070 vero
2459 4028 2599 4078 mea,
2625 4026 2784 4082 quam
2810 4009 2993 4066 subter
3015 4026 3228 4068 crucem
3258 4025 3428 4081 genua
3453 4010 3672 4065 ﬂeeten-

2096 4116 2203 4160 tcm
2263 4113 2618 4159 et'oranlem
2675 4103 3042 4171 depinxeram,
3099 4101 3449 4173 A__sclepiadco
3495 4112 3672 4156 metro

2095 4194 2402 4263 conscripta
2454 4202 2558 4259 cst,
2621 4192 2856 4262 priorem
2911 4206 3125 4245 versum
3176 4199 3366 4246 tenens
3412 4190 3667 4246 hexame-

2099 4296 2241 4340 trum
2293 4285 2592 4347 heroicum,
2645 4282 2937 4337 secundum
2981 4281 3379 4336 hemistichium
3426 4281 3631 4335 heroici
3665 4327 3677 4342 ,

2029 4379 2226 4450 ‘ila:

2227 4505 2468 4553 Rabanum
2493 4511 2674 4554 memet
2691 4503 2908 4552 clemens
2928 4513 3065 4563 rogo,
3088 4499 3295 4560 Christe,
3323 4507 3485 4561 tuere,

2226 4566 2264 4615 Ο
2288 4569 2368 4626 pie
2387 4566 2584 4627 judicio.

2105 4686 2353 4740 Continet
2384 4695 2562 4740 autem
2595 4693 2738 4739 totus
2785 4684 2920 4740 liber
2965 4686 3067 4740 iste
3095 4685 3288 4754 viginti
3319 4693 3443 4739 octo
3473 4684 3673 4754 figuras

2107 4778 2357 4831 metricas
2392 4792 2514 4830 cum
2559 4784 2816 4843 sequente
2854 4791 2948 4829 sua
3000 4791 3176 4844 prosa.
3221 4776 3420 4843 absque
3451 4774 3676 4841 superli-

2110 4865 2301 4918 tuinari
2333 4866 2524 4935 pagina
2555 4874 2607 4916 et
2633 4864 2852 4935 prologo
2879 4881 2890 4916 :
2927 4865 3017 4932 qui
3045 4877 3299 4916 numerus
3329 4863 3468 4915 intra
3496 4871 3676 4916 cente-

1987 4955 2001 4977 ’
2032 4953 2082 5010 D
2109 4957 2315 5010 narium
2347 4957 2460 5011 suis
2505 4957 2748 5024 partibus
2794 4955 3062 5025 perfectus
3104 4965 3205 5017 est,
3258 4954 3482 5022 ideoque
3523 4953 3677 5020 juxta

2110 5044 2265 5112 hujus
2293 5061 2558 5099 summam
2604 5060 2738 5114 Opus
2779 5059 3154 5098 consummare
3192 5042 3352 5100 volui,
3393 5043 3485 5110 qui
3531 5041 3676 5095 illaut

2108 5135 2336 5189 formam
2379 5135 2429 5189 in
2461 5150 2524 5188 eo
2567 5135 2775 5187 cantavi
2809 5151 2927 5203 qua-
2956 5133 3373 5188 consummatrix
3407 5141 3460 5186 et
3504 5131 3681 5201 perfe-

2110 5226 2216 5278 ctio
2246 5239 2421 5277 rerum
2451 5233 2551 5275 est.

1737 5539 2373 5570 -w
