3994 6196
492 251 593 308 267

1130 350 1355 407 CAPUT
1382 350 1442 404 ll.

496 452 571 504 Dc
598 449 825 503 secunda
855 444 1027 515 ﬁgura
1048 484 1063 506 ,
1091 443 1144 496 in
1172 458 1275 515 qua
1293 451 1482 515 sancta
1512 454 1641 492 crux
1670 438 1807 492 intra
1842 444 2072 504 tetrago-

1034 529 1155 567 mtm
1184 511 1391 582 depicta
1418 520 1512 564 est.

562 638 608 691 0
633 643 819 691 sancta
846 649 979 687 crux
1010 630 1249 694 Christi,
1275 642 1395 699 qua:
1431 635 1704 697 potestate
1744 626 1842 679 tibi
1881 623 2075 678 collata

494 727 717 783 excellis
753 740 917 796 super
948 722 1129 779 omnia
1157 721 1169 773 !
1202 728 1259 774 tu
1285 720 1337 773 in
1365 719 1627 774 cmlorum
1654 731 1778 771 arce
1806 729 2037 785 superna
2060 755 2075 779 ,

494 818 753 874 cmlorum
783 823 974 885 potens
1002 812 1144 882 regis
1189 811 1405 882 agmina
1434 827 1450 863 :
1480 809 1604 876 quia
1643 806 1887 863 cruciﬁxi
1927 805 1979 861 in
2024 815 2078 861 te

460 908 465 911 ’
499 908 639 977 regis
674 907 847 961 virtus
884 912 938 958 et
972 902 1227 958 divinitas
1253 909 1421 955 totam
1453 908 1503 953 te
1530 906 1803 970 potentem
1830 906 1885 952 et
1910 906 2078 951 totam

497 1005 739 1049 sanetam
769 994 931 1055 fecit,
960 991 1194 1047 maxime
1220 1006 1341 1045 cum
1374 990 1645 1062 passionis
1675 990 1791 1060 ejus
1821 989 2078 1043 indicium

497 1102 713 1157 semper
741 1086 794 1139 in
826 1093 877 1138 te
903 1085 1123 1139 existat.
1165 1083 1506 1154 Quapropter
1537 1082 1730 1135 merito
1759 1089 1812 1134 te
1840 1080 2079 1147 reginam

496 1190 528 1228 a
558 1174 775 1228 Christo
804 1187 929 1242 rege
960 1186 1249 1234 vocamus,
1277 1169 1403 1239 quia
1432 1168 1584 1240 regni
1612 1168 1851 1223 cmlestis
1875 1168 2078 1221 aditum

497 1281 594 1335 per
621 1274 673 1319 te
697 1265 929 1335 primum
956 1262 1252 1317 meruimus
1281 1280 1293 1313 :
1324 1260 1557 1328 dumque
1586 1257 1938 1314 humanitatis
1963 1255 2081 1325 ejus

499 1372 561 1409 ac
586 1354 887 1408 divinitatis
911 1353 1139 1423 gratiam
1170 1351 1342 1421 ipsum
1373 1357 1593 1421 portans
1618 1348 1996 1421 promeruisti,
2024 1347 2080 1401 in

498 1444 657 1498 unius
698 1443 794 1497 Dei
839 1441 1227 1511 omnipotentis
1272 1439 1485 1493 laudem
1532 1453 1689 1493 sacra
1736 1436 2080 1493 confessione

497 1535 847 1592 Christicolas
885 1533 1124 1589 sociasti.
1151 1532 1285 1586 Nam
1311 1530 1640 1600 multiplices
1666 1528 1854 1585 laudes
1883 1528 1996 1583 Deo
2024 1528 2079 1582 in

498 1626 706 1682 sanctis
732 1625 1044 1696 angelorum
1073 1624 1307 1679 coctibus
1331 1622 1569 1688 excitas,
1598 1630 1653 1676 et
1677 1621 1841 1676 simili
1868 1620 2079 1675 ratione

498 1718 564 1772 ad
593 1716 999 1788 gloriﬁcandum
1042 1715 1210 1769 Deum
1240 1714 1463 1769 devotos
1492 1712 1673 1768 reddis
1703 1721 1970 1766 terrarum
1998 1711 2079 1765 in-

497 1808 664 1865 colas.
697 1806 775 1861 Te
800 1805 1124 1879 generaliter
1150 1813 1296 1862 totus
1319 1804 1498 1871 orbis,
1528 1819 1642 1871 aer,
1668 1818 1820 1859 mare
1845 1811 1899 1858 et
1926 1803 2078 1874 ignea

499 1897 758 1952 cmlorum
781 1897 957 1951 sidera
972 1894 1330 1959 sanctiﬁcant,
1348 1908 1412 1950 ac
1424 1893 1732 1965 specialiter
1748 1906 2081 1963 unaquaeque

504 1992 717 2060 species
742 1998 1009 2045 creatura:
1036 2003 1103 2043 ex
1129 1996 1361 2059 quatuor
1392 1987 1577 2042 mundi
1600 1987 1848 2058 partibus
1885 2000 2081 2056 magna

502 2082 792 2138 devotione
838 2080 1094 2136 celebrat.
1145 2079 1260 2136 Hoc
1302 2094 1517 2149 quoque
1559 2078 1802 2135 omnium
1844 2077 2079 2133 adunata

500 2170 772 2228 confessio
814 2170 1123 2240 proﬁtetur,
1170 2170 1316 2240 quod
1357 2171 1427 2225 ab
1469 2176 1675 2225 aeterno
1717 2167 1919 2223 lumine
1962 2167 2084 2222 illu—

500 2268 703 2324 strata,
748 2260 905 2314 nobis
948 2258 1186 2315 cmlestis
1223 2258 1370 2332 regni
1412 2257 1606 2330 gaudia
1631 2258 2001 2321 demonstres,
2028 2264 2084 2311 et

500 2352 872 2407 demonstrata
895 2350 983 2421 pie
1009 2350 1378 2422 qumrentibus
1404 2350 1573 2406 dones
1600 2368 1613 2407 :
1644 2366 1766 2407 cum
1793 2358 2083 2420 utrumque

501 2440 638 2498 facis
677 2441 1078 2512 dispensatione
1118 2441 1330 2508 divina,
1373 2450 1434 2497 ut
1473 2450 1527 2496 et
1565 2432 1747 2497 corde'
1771 2441 1989 2497 credulo
2027 2450 2082 2495 et

498 2546 631 2586 vera
657 2528 1002 2586 confessione
1027 2531 1196 2586 Deum
1222 2530 1497 2587 Christum
1526 2530 1885 2586 conﬁteamur
1907 2538 1963 2585 et
1985 2546 2084 2601 per

499 2621 642 2677 hanc
677 2620 835 2677 ﬁdem
874 2621 941 2676 ad
981 2622 1155 2691 ipsum
1188 2624 1476 2693 pervenire
1513 2638 1838 2679 mereamur.
1879 2622 1924 2678 Ο
1948 2637 2083 2676 crux

498 2711 735 2777 Christi,
761 2727 883 2782 qua:
907 2726 1006 2781 per
1030 2712 1391 2768 desideratam
1418 2711 1537 2782 ejus
1581 2713 1867 2769 victoriam
1892 2727 1951 2768 es
1988 2713 2083 2769 be-

500 2801 749 2867 nedicta,
780 2816 946 2872 quam
972 2801 1176 2858 claram
1207 2812 1263 2858 et
1295 2818 1459 2875 quam
1486 2820 1735 2876 magnam
1766 2820 1864 2861 suo
1898 2818 2083 2861 amore

502 2903 555 2950 te
598 2894 842 2947 omnium
887 2894 1138 2951 conditor
1180 2895 1449 2951 reddidit!
1497 2895 1891 2953 Viviﬁcationis
1934 2897 2079 2951 enim

502 2997 728 3042 munere
772 2991 826 3038 te
869 2984 1091 3052 ditavit,
1123 2992 1179 3041 et
1206 2985 1274 3041 ad
1303 2986 1405 3041 hoc
1430 2985 1723 3041 salubriter
1764 2986 1966 3052 erexit,
2010 3000 2079 3041 ne

503 3075 760 3145 antiquus
786 3076 961 3132 hostis
977 3117 992 3143 ,
1017 3077 1111 3148 qui
1136 3078 1371 3148 primum
1392 3086 1675 3149 parentem
1700 3086 1946 3134 nostrum
1975 3078 2077 3134 sibi

502 3169 933 3225 consentientem
960 3169 1027 3224 de
1052 3169 1305 3241 paradiso
1341 3169 1532 3240 ejecit,
1575 3170 1777 3225 diutius
1810 3169 2079 3224 irrisionis

499 3259 712 3330 eulogio
748 3258 1203 3331 progeniem‘ejus
1227 3261 1282 3316 in
1309 3261 1501 3317 exsilio
1535 3262 1846 3318 damnatam
1890 3260 2082 3333 fatiga-

510 3362 613 3407 ret.
643 3351 688 3407 Ο
715 3352 804 3422 pia
827 3367 962 3423 cru;
992 3344 1238 3419 Domini,
1262 3354 1387 3423 quis
1434 3362 1486 3410 te
1522 3355 1825 3412 decantans
1870 3361 2079 3420 metro,

502 3444 663 3512 digne
693 3458 947 3499 resonare
976 3443 1146 3509 valet,
1175 3452 1231 3499 et
1261 3453 1428 3500 totam
1455 3444 1756 3515 potentiam
1787 3452 1934 3499 tuam
1961 3458 2085 3499 ver-

504 3532 586 3587 bis
614 3534 905 3587 enarrare!
933 3533 1166 3589 Pulchra
1206 3534 1347 3589 nites
1384 3541 1613 3601 ornatu,
1656 3543 1816 3605 teque
1855 3549 2084 3589 cernen-

506 3623 596 3677 tib.
621 3638 646 3677 s
668 3623 900 3695 gloriosa
920 3639 1167 3696 appares.
1183 3624 1363 3680 Taxus
1386 3624 1663 3681 mortifera
1687 3625 1843 3697 longe
1867 3614 1909 3679 a'
1924 3634 1973 3681 te
1996 3625 2082 3680 fu-

502 3714 580 3786 git
597 3753 611 3776 ,
638 3714 878 3770 calamus
901 3716 1231 3772 aromaticus
1255 3725 1311 3771 et
1334 3717 1494 3787 pinus
1517 3732 1733 3790 semper
1765 3719 1948 3774 virens
1987 3719 2085 3774 ho-

504 3805 622 3859 uori
667 3814 759 3860 tuo
787 3821 845 3860 se
872 3806 1184 3876 subjiciunt.
1212 3807 1417 3863 Cedrus
1458 3824 1674 3879 quoque
1714 3810 1967 3866 diuturna
1986 3852 2001 3877 ,
2029 3818 2085 3866 et

503 3896 780 3952 vermibus
808 3897 1255 3967 imperforabilis,
1281 3900 1503 3973 myrrha
1542 3900 1785 3972 guttiﬁua
1813 3910 1868 3957 et
1894 3901 2083 3959 meliro

501 3985 687 4041 odoris
715 3987 1091 4057 jucundissimi
1116 3988 1185 4043 ad
1209 3988 1428 4045 odorem
1468 4000 1619 4045 tuum
1656 4000 1878 4063 stupent
1906 4007 1920 4046 :
1953 4009 2080 4047 nar-

500 4075 603 4133 dns
631 4077 872 4146 spicoma
898 4086 954 4133 et
977 4092 1269 4149 cypressus
1294 4080 1478 4136 odoris
1502 4081 1627 4136 boni
1648 4122 1663 4147 ,
1704 4077 1899 4141 mastii
1944 4098 2081 4154 quo-

500 4181 639 4237 que,
682 4175 834 4238 gutta
870 4168 1082 4225 lentisci
1122 4177 1177 4225 et
1222 4171 1345 4226 thus
1369 4170 1601 4228 Arabica
1626 4214 1638 4239 ,
1666 4180 1817 4245 gutta
1842 4172 2004 4230 ludite
2028 4185 2084 4230 et

501 4272 774 4312 amomum
800 4256 1106 4330 Syriacum,
1123 4258 1420 4316 balsamum
1444 4259 1662 4328 Iudaeae,
1685 4262 1916 4318 bdelium
1938 4262 2081 4335 Phy-

501 4348 686 4411 sonis,
731 4346 1071 4416 maiestatem
1118 4358 1269 4405 tuam
1312 4361 1591 4419 verentes,
1638 4367 1802 4423 super
1839 4368 1898 4409 se
1940 4352 2081 4408 votis
2103 4383 2160 4445 Β

499 4442 761 4497 exaltant.
805 4443 1032 4499 Nomine
1071 4445 1197 4500 licet
1230 4446 1308 4501 sis
1332 4448 1577 4517 asperior
1613 4448 1775 4518 ipsis,
1801 4448 1928 4502 dum
1957 4463 2080 4502 eru-

499 4534 699 4588 ciatum
724 4548 964 4599 resones,
992 4536 1194 4591 virtute
1233 4544 1411 4591 tamen
1456 4538 1843 4606 redemptionis
1883 4549 2080 4596 nostra

501 4622 631 4691 ipsis
671 4633 929 4693 prmstas,
972 4640 1093 4695 quae
1133 4627 1385 4682 concedis
1421 4626 1668 4683 ﬁdelibus
1711 4638 1838 4685 ante
1876 4629 2079 4687 Christi

500 4712 738 4767 tribunal
765 4715 1031 4770 bonorum
1061 4730 1284 4785 operum
1310 4714 1516 4773 fructus
1539 4718 1841 4789 percipere.
1872 4721 1916 4777 Ο
1942 4738 2078 4777 crux

499 4819 655 4859 sacra
673 4844 690 4871 ,
718 4821 869 4875 quae,
896 4805 1131 4877 diruptis
1158 4807 1409 4864 claustris
1436 4807 1667 4876 inferni,
1694 4809 1906 4881 plebem
1947 4827 2078 4870 san-

501 4905 713 4953 ctorum
737 4900 1019 4969 eripueras
1042 4909 1097 4955 et
1120 4901 1257 4957 cmlo
1282 4902 1678 4959 collocaveras!

1103 5012 1330 5069 CAPUT
1372 5015 1454 5069 Ill.

523 5104 598 5159 De
647 5107 815 5161 tertiw
871 5105 1040 5175 [arma
1089 5107 1319 5179 ﬁgurat,
1365 5107 1420 5179 in
1464 5126 1569 5179 qua
1622 5125 1799 5165 novem
1850 5110 2057 5166 ordines

946 5176 1250 5247 angelorum
1278 5176 1635 5249 depicti‘sunt.

574 5264 619 5321 Ο
659 5276 714 5321 tu
735 5307 750 5333 ,
791 5275 980 5322 saneta
1020 5266 1167 5322 salus
1190 5276 1245 5323 et
1270 5266 1391 5323 beta
1416 5269 1597 5338 passio
1621 5267 1857 5334 Christi,
1887 5270 2035 5327 salve
2064 5290 2076 5325 :

503 5374 635 5413 crux
678 5362 985 5417 veneranda
1030 5360 1159 5426 Dei,
1198 5376 1320 5431 qua:
1349 5362 1647 5431 sapientia,
1678 5362 1859 5418 lumen
1886 5372 1942 5419 et
1981 5365 2081 5419 do-

503 5452 642 5506 ctrix
681 5466 743 5506 es
784 5452 933 5507 orbis
971 5461 1240 5507 terrarum
1271 5468 1286 5518 ;
1315 5468 1436 5523 qua:
1459 5461 1516 5508 et
1558 5470 1685 5508 vera
1717 5455 1869 5521 laus,
1899 5457 2076 5511 amica

508 5540 712 5605 virtus,
739 5551 794 5596 et
817 5542 963 5597 clara
1005 5542 1339 5613 philosophia
1380 5547 1521 5613 apud
1564 5543 1870 5613 etelicolas,
1921 5547 2068 5603 terri-

508 5645 705 5700 genas,
751 5647 870 5701 qua:
907 5632 1271 5687 indesinenter
1312 5634 1458 5704 viges
1489 5653 1499 5687 :
1536 5643 1590 5689 et
1613 5635 1724 5703 jam
1753 5637 1891 5706 apud
1920 5652 2070 5693 exer-

1164 244 1219 296 B.
1266 239 1516 296 RABANI
1553 235 1771 292 MAURI
1809 232 2129 289 ARClllEP.
2175 230 2483 288 MOGUNT.
2524 232 2807 295 OPERUM
2846 232 3025 288 PARS
3063 233 3106 288 1.

2103 3035 2152 3101 C

3643 237 3749 290 268

2103 348 2150 404 Α
2179 343 2319 397 citus
2372 345 2729 415 angelorum,
2782 345 2875 416 qui
2940 346 2994 400 in
3051 343 3301 401 claritate
3354 344 3492 401 lucis
3539 357 3758 403 :ctcrna:

2176 448 2422 502 manent,
2451 447 2505 492 et
2544 438 2686 508 apud
2725 437 3003 501 homines,
3031 437 3228 507 quibus
3255 437 3401 493 salus
3439 448 3496 493 et
3530 440 3759 509 pulchra

2177 528 2455 583 renovatio
2495 536 2619 599 post
2659 528 2920 584 diutinam
2967 528 3339 583 inﬁrmitatem
3383 538 3440 584 et
3479 530 3761 601 antiquam

2176 626 2524 688 peccatorum
2575 626 2902 673 vetustatem
2947 619 3224 673 exstitisti.
3280 618 3356 674 Te
3410 628 3561 676 totus
3607 623 3763 679 orbis

2177 709 2481 774 beatiﬁcat,
2529 718 2581 764 te
2625 709 2887 764 cmlorum
2931 709 3144 780 agmina
3187 710 3513 767 collaudant.
3559 712 3666 768 Per
3710 722 3765 769 te

2180 801 2233 855 in
2265 801 2484 855 nomine
2512 798 2637 854 Jesu
2670 799 2804 870 (qui
2832 809 3023 855 cuncta
3058 801 3242 856 mundi
3273 811 3484 873 sceptra
3516 803 3677 858 simul
3706 814 3765 858 et

2178 909 2366 963 regum
2410 901 2604 948 curvat
2639 890 2912 963 imperia)
2947 908 3109 947 omne
3149 908 3287 963 genu
3326 895 3441 949 sive
3483 896 3766 952 voluntate

2179 985 2293 1040 sive
2337 984 2388 1037 vi
2436 984 2692 1049 flectitur,
2740 984 3043 1038 cmlestium
3093 985 3372 1051 videlicet,
3422 989 3765 1043 terrestrium

2179 1087 2233 1132 et
2261 1075 2620 1131 infernorum.
2652 1074 2721 1129 At
2749 1075 3009 1141 Michael,
3056 1076 3164 1130 dux
3208 1087 3263 1130 et
3300 1078 3554 1148 princeps
3587 1080 3769 1149 plebis

2180 1168 2307 1233 Dei,
2336 1176 2389 1222 te
2416 1166 2756 1222 confessione
2781 1174 3048 1221 memorat
3073 1176 3267 1221 cuncta
3294 1166 3555 1223 caelorum
3583 1170 3767 1225 sidera

2179 1269 2233 1313 et
2280 1260 2477 1314 virtute
2514 1274 2702 1330 regere
2744 1267 2799 1312 et
2832 1267 3104 1328 potestate
3144 1268 3355 1330 tegere,
3391 1275 3456 1316 eo
3487 1264 3632 1330 quod
3669 1278 3768 1317 ara

2180 1348 2276 1403 Dei
2321 1348 2430 1413 sis,
2473 1348 2527 1403 in
2571 1364 2676 1419 qua
2719 1348 3025 1403 immolatus
3064 1357 3147 1404 est
3185 1349 3369 1423 Agnus
3408 1351 3500 1421 qui
3544 1352 3771 1409 abstulit

2178 1448 2400 1509 peccata
2430 1438 2659 1493 mundi:
2702 1454 2810 1510 quo
2856 1438 3044 1510 clypeo
3082 1440 3473 1497 benevolentia:
3516 1444 3631 1513 ipse
3671 1459 3767 1499 se-

2177 1527 2303 1583 dulo
2339 1528 2606 1593 exsultat,
2632 1544 2738 1599 qua
2776 1526 3132 1584 confessionis
3161 1528 3364 1583 framea
3396 1529 3601 1597 fidens,
3643 1532 3761 1587 hel-

2179 1615 2290 1671 lum
2327 1616 2428 1671 init
2466 1625 2654 1673 contra
2692 1618 2980 1673 draconem
3021 1619 3332 1685 horridum,
3370 1621 3767 1692 antiquumque

2105 1690 2155 1751 Β
2183 1719 2487 1777 serpentem
2514 1725 2529 1773 ;
2568 1716 2623 1763 et
2647 1708 2714 1763 de
2751 1708 2907 1763 hoste
2935 1708 3307 1782 triumphans,
3334 1718 3461 1765 ovat
3483 1726 3607 1766 cum
3634 1690 3764 1768 san-

2180 1810 2391 1857 ctorum
2437 1803 2711 1874 agminum
2756 1802 2991 1859 millibus
3019 1844 3035 1869 ,
3082 1803 3187 1859 hoc
3236 1804 3339 1860 sibi
3387 1805 3593 1875 praemii
3642 1805 3766 1863 loco

2179 1900 2376 1963 petens
2414 1902 2473 1948 ut
2515 1901 2663 1948 tuam
2705 1893 2915 1949 laudem
2958 1902 3219 1965 perpetuo
3248 1904 3377 1951 ante
3405 1896 3643 1951 tribunal
3672 1898 3768 1955 de-

2181 1991 2365 2039 cantet
2410 1984 2645 2040 Domini.
2693 1984 2864 2056 lgitur
2905 1992 3059 2040 actus
3100 1985 3201 2039 iste
3240 1983 3579 2041 formationis
3621 1986 3769 2045 litte—

2181 2090 2401 2142 rarum,
2446 2084 2504 2130 et
2543 2075 2633 2131 hic
2679 2076 2868 2131 modus
2910 2075 3195 2146 positionis
3236 2091 3429 2131 novem
3471 2077 3766 2145 ordinum,

2181 2181 2283 2223 nec
2325 2181 2434 2222 non
2478 2175 2533 2223 et
2577 2181 2698 2222 sors
2741 2166 2856 2237 ipsa
2901 2180 3005 2237 qua
3040 2165 3293 2237 primitus
3322 2165 3389 2221 ad
3432 2165 3767 2223 laudandum

2182 2259 2601 2330 Redemptorem
2640 2273 2799 2314 sacra
2838 2256 3152 2329 angelorum
3179 2256 3393 2329 agmina
3418 2257 3768 2323 ordinantur,

2184 2351 2368 2409 taliter
2407 2364 2726 2422 suspensam
2759 2349 2883 2419 jure
2914 2348 3102 2404 statuit
3138 2347 3281 2403 hanc
3315 2362 3566 2413 crucem,
3609 2362 3769 2406 aram

2190 2442 2401 2498 scilicet
2446 2439 2719 2511 pontiﬁcis
2768 2448 2825 2495 et
2873 2438 3231 2511 redemptoris
3273 2437 3486 2505 nostri;
3540 2448 3601 2492 ut
3650 2439 3775 2510 ipsa

2183 2547 2313 2587 vera
2350 2532 2460 2587 vita
2493 2532 2546 2585 in
2577 2545 2635 2586 se
2664 2537 3011 2595 contestans,
3042 2528 3294 2587 ostendat
3319 2528 3630 2584 laudantem
3660 2530 3776 2584 vir-

2187 2633 2366 2679 tutum
2415 2622 2780 2678 venerabilem
2831 2630 3118 2688 senatum,
3173 2621 3315 2677 sicut
3361 2622 3550 2688 decet,
3598 2628 3661 2676 ut
3715 2622 3774 2681 in

2184 2728 2374 2778 cruce,
2414 2729 2535 2784 qum
2568 2722 2652 2769 est
2687 2727 2817 2767 vera
2864 2712 3010 2768 salu‘s
3047 2720 3264 2777 nostra,
3302 2720 3600 2783 appareant
3624 2713 3776 2786 bona

2183 2809 2236 2858 et
2284 2802 2528 2858 salubria
2572 2803 2815 2872 scripta;
2864 2802 3093 2870 ideoque
3128 2800 3375 2857 Christus
3417 2800 3776 2873 semetipsum

2185 2892 2480 2950 humilians
2503 2892 2781 2948 descendit
2806 2890 2873 2947 de
2898 2891 3161 2949 caelorum
3186 2905 3314 2947 arce
3335 2932 3350 2958 ,
3390 2899 3451 2947 ut
3482 2893 3551 2949 ad
3581 2909 3642 2948 se
3681 2909 3777 2949 so.

2182 2982 2352 3039 lidum
2400 2982 2809 3055 fundamentum
2847 2983 2970 3037 ﬁdei
3005 2993 3488 3056 argumentumque
3519 2985 3776 3042 omnium

2183 3075 2448 3130 honorum
2478 3073 2653 3128 valide
2682 3088 2782 3129 nos
2814 3074 3039 3130 duceret
3068 3092 3081 3127 :
3122 3082 3179 3132 et
3214 3075 3401 3131 docuit
3433 3076 3649 3144 verbis,
3689 3075 3777 3133 fa~

2185 3166 2400 3234 ctisque
2422 3164 2537 3219 suis
2560 3163 2719 3219 nobis
2742 3164 3063 3220 documenta
3086 3165 3341 3238 reliquit,
3367 3175 3423 3221 et
3445 3167 3524 3222 sic
3549 3170 3777 3226 demum

2185 3254 2238 3309 in
2254 3262 2439 3310 sancta
2458 3268 2622 3309 cruce
2644 3268 2744 3309 nos
2759 3253 3052 3320 redimens,
3070 3255 3210 3311 facta
3232 3271 3330 3313 sua
3348 3259 3777 3313 consummavit.

2184 3346 2298 3402 Hoc
2316 3354 2395 3413 tu,
2415 3345 2656 3413 Gabriel,
2671 3346 3027 3418 archangelus
3047 3345 3310 3403 Altissimi
3337 3356 3391 3404 et
3415 3348 3782 3420 desponsator

2184 3440 2489 3498 ccelestium
2531 3440 2875 3511 nuptiarum,
2922 3439 3077 3495 laztus
3121 3438 3269 3495 claro
3309 3439 3513 3499 famine
3556 3440 3779 3513 Virgini

2188 3532 2499 3598 revelabas,
2527 3532 2744 3603 quando
2770 3531 2973 3588 Christi
3000 3531 3149 3605 regni
3173 3532 3470 3602 potentiam
3508 3541 3563 3588 et
3594 3533 3781 3590 salva-

2187 3623 2350 3679 tionis
2375 3622 2492 3692 ejus
2529 3638 2665 3693 opus
2702 3622 2971 3677 luculento
2998 3636 3247 3677 sermone
3292 3624 3775 3694 pronuntiaveras.

2184 3714 2323 3784 Quid
2347 3722 2402 3769 et
2428 3723 2505 3779 tu,
2533 3730 2566 3769 o
2593 3713 2850 3784 Raphael,
2877 3713 3142 3769 medicina
3164 3714 3295 3769 Dei?
3317 3713 3569 3785 Nunquid
3595 3715 3648 3771 in
3676 3716 3780 3773 illo

2185 3805 2416 3876 mystico
2443 3819 2607 3875 opere
2634 3819 2742 3874 quo
2769 3803 2949 3862 Tobite
2982 3804 3168 3860 oculos
3203 3805 3493 3875 aperuisti,
3522 3804 3648 3861 felle
3681 3822 3782 3863 or.

2183 3897 2305 3952 hem
2346 3896 2577 3963 liniens,
2617 3904 2821 3953 sancta:
2860 3899 3040 3954 erucis
3075 3899 3373 3968 potentiam
3410 3900 3775 3973 signiﬁcasti,

2185 4004 2304 4060 quae
2339 4004 2437 4060 per
2476 3990 2889 4047 amaritudinem
2923 3991 3114 4045 mortis
3151 3990 3385 4057 Christi,
3418 4001 3781 4062 peccatorum

2188 4082 2435 4139 tenebris
2475 4083 2732 4149 remotis,
2776 4092 3036 4138 aeternam
3081 4082 3257 4139 lucem
3304 4084 3541 4139 humano
3580 4086 3780 4155 generi

2186 4174 2459 4230 reddidit?
2486 4173 2828 4229 Credcndum
2853 4188 2984 4246 ergo
3011 4174 3168 4229 nobis
3190 4182 3274 4229 est
3312 4173 3455 4246 quod
3492 4173 3641 4229 facta
3667 4191 3779 4230 an-

2184 4265 2429 4337 gelorum
2476 4280 2598 4336 qua:
2647 4263 2816 4320 Vetus
2859 4264 3268 4320 Testamentum
3307 4272 3530 4331 narrat,
3566 4265 3782 4322 adven-

2187 4368 2297 4413 tum
2324 4366 2379 4413 et
2403 4357 2631 4429 gloriam
2655 4356 2962 4428 signiﬁcent
3000 4356 3358 4425 redemptoris
3393 4356 3600 4424 nostri,
3643 4373 3780 4415 cum

2187 4448 2393 4503 Novum
2420 4448 2827 4504 Testamentum
2852 4446 3035 4502 statim
3062 4446 3116 4500 in
3143 4446 3442 4516 primordio
3465 4447 3784 4505 nativitatis

2186 4538 2337 4608 ejus,
2374 4539 2497 4609 ejus
2536 4540 2763 4610 gloriam
2804 4540 2858 4595 in
2897 4541 3142 4607 excelso,
3171 4541 3283 4597 Deo
3310 4556 3506 4612 magno
3535 4542 3783 4613 tripudio

2192 4630 2457 4686 cecinisse
2482 4671 2498 4696 ,
2529 4638 2586 4686 et
2608 4645 2797 4702 pacem
2825 4630 3134 4687 hominibus
3162 4610 3448 4702 adoptasse
3474 4610 3781 4689 describat.

2187 4718 2528 4789 Quapropter
2568 4735 2666 4775 vos
2694 4734 2940 4791 quoque,
2983 4720 3229 4795 przeelari
3263 4720 3579 4792 angelorum
3614 4735 3784 4777 exer-

2189 4810 2329 4864 citus
2349 4850 2364 4875 ,
2392 4809 2659 4880 supplices
2682 4809 3033 4869 obsecramus
3061 4820 3123 4866 ut
3150 4811 3340 4883 dignas
3367 4823 3551 4883 grates
3576 4811 3781 4870 Salva-

2192 4902 2295 4957 tori
2340 4909 2527 4956 nostro
2567 4901 2906 4959 incessanter
2941 4902 3149 4974 agatis,
3190 4911 3245 4957 et
3283 4912 3531 4959 sanctum
3572 4920 3784 4964 nomen

2188 4993 2306 5063 ejus
2334 4993 2387 5047 in
2411 4992 2665 5047 saeculum
2692 4992 3057 5060 benedicatis,
3096 4994 3189 5064 qui
3230 5008 3329 5049 nos
3369 5008 3466 5066 per
3490 5009 3716 5050 crucem
3748 5012 3785 5051 a

2191 5092 2443 5155 perpetua
2485 5091 2660 5138 morte
2692 5082 2972 5146 liberavit.
3000 5092 3055 5138 et
3078 5095 3320 5141 vestrum
3347 5100 3635 5143 numerum
3661 5085 3682 5157 (
3712 5102 3787 5142 ne

2192 5174 2495 5247 diminutus
2519 5181 2743 5247 prepter
2765 5173 3010 5244 perditos
3035 5174 3255 5247 angelos
3279 5176 3625 5246 remaneret)
3650 5192 3788 5232 san-

2189 5268 2292 5323 ctis
2319 5266 2603 5323 animabus
2625 5267 2913 5340 complevit
2940 5267 2995 5323 in
3021 5282 3149 5324 arce
3177 5267 3407 5325 cmlesti.

2798 5377 3028 5435 CAPUT
3061 5378 3151 5434 Ν.

2207 5474 2285 5528 De
2308 5473 2479 5544 forma
2504 5473 2680 5544 quarti
2703 5472 3001 5544 schematis,
3031 5471 3121 5525 ubi
3148 5472 3398 5544 cherubin
3423 5480 3471 5525 et
3498 5473 3756 5543 seraphin

2581 5552 2702 5596 sunt
2728 5542 2889 5613 juxta
2916 5558 3122 5596 crucem
3150 5542 3362 5611 depicti.

2256 5638 2321 5690 At
2362 5654 2457 5690 vos
2496 5650 2742 5707 superna:
2771 5634 3059 5696 cohortes,
3090 5632 3352 5688 cherubin
3390 5642 3443 5687 et
3477 5634 3785 5703 seraphin,
