  <div class='ocr_page' id='page_1' title='image "/cluster/home/n/w/nwhite01/storage/ocr_20150623/107/hvd.32044054759725/141.png"; bbox 0 0 4002 6204; ppageno 0'>
   <div class='ocr_carea' id='block_1_1' title="bbox 389 219 491 274">
    <p class='ocr_par' dir='ltr' id='par_1_1' title="bbox 389 219 491 274">
     <span class='ocr_line' id='line_1_1' title="bbox 389 219 491 274; baseline -0.02 0"><span class='ocrx_word' id='word_1_1' title='bbox 389 219 491 274; x_wconf 64' lang='grc'><strong>271</strong></span> 
     </span>
    </p>
   </div>
   <div class='ocr_carea' id='block_1_2' title="bbox 1031 180 2992 275">
    <p class='ocr_par' dir='ltr' id='par_1_2' title="bbox 1031 180 2992 275">
     <span class='ocr_line' id='line_1_2' title="bbox 1031 180 2992 275; baseline 0 -3"><span class='ocrx_word' id='word_1_2' title='bbox 1031 218 1092 274; x_wconf 80' lang='grc' dir='ltr'><strong>Β.</strong></span> <span class='ocrx_word' id='word_1_3' title='bbox 1135 217 1387 273; x_wconf 61' lang='lat' dir='ltr'><strong>[MBAN]</strong></span> <span class='ocrx_word' id='word_1_4' title='bbox 1431 217 1646 275; x_wconf 66' lang='lat' dir='ltr'><strong>MAURI</strong></span> <span class='ocrx_word' id='word_1_5' title='bbox 1685 216 2004 273; x_wconf 70' lang='lat' dir='ltr'><strong>ARClllliP.</strong></span> <span class='ocrx_word' id='word_1_6' title='bbox 2049 218 2359 275; x_wconf 73' lang='lat' dir='ltr'><strong>MOCUNT.</strong></span> <span class='ocrx_word' id='word_1_7' title='bbox 2402 218 2686 274; x_wconf 68' lang='lat' dir='ltr'><strong>OI‘ERUM</strong></span> <span class='ocrx_word' id='word_1_8' title='bbox 2730 180 2909 273; x_wconf 58' lang='grc' dir='ltr'><strong>ΡΜίέ</strong></span> <span class='ocrx_word' id='word_1_9' title='bbox 2951 217 2992 273; x_wconf 92' lang='lat' dir='ltr'><strong>l.</strong></span> 
     </span>
    </p>
   </div>
   <div class='ocr_carea' id='block_1_3' title="bbox 3558 225 3662 279">
    <p class='ocr_par' dir='ltr' id='par_1_3' title="bbox 3558 225 3662 279">
     <span class='ocr_line' id='line_1_3' title="bbox 3558 225 3662 279; baseline 0.019 -3"><span class='ocrx_word' id='word_1_10' title='bbox 3558 225 3662 279; x_wconf 70' lang='lat'><strong>97:!</strong></span> 
     </span>
    </p>
   </div>
   <div class='ocr_carea' id='block_1_4' title="bbox 388 331 3678 409">
    <p class='ocr_par' dir='ltr' id='par_1_4' title="bbox 388 331 3678 409">
     <span class='ocr_line' id='line_1_4' title="bbox 388 331 3678 409; baseline -0.001 -18"><span class='ocrx_word' id='word_1_11' title='bbox 388 348 546 391; x_wconf 64' lang='lat' dir='ltr'><strong>Sacro</strong></span> <span class='ocrx_word' id='word_1_12' title='bbox 568 333 767 389; x_wconf 87' lang='lat' dir='ltr'><strong>revelat</strong></span> <span class='ocrx_word' id='word_1_13' title='bbox 806 333 960 387; x_wconf 77' lang='lat' dir='ltr'><strong>nobis</strong></span> <span class='ocrx_word' id='word_1_14' title='bbox 991 332 1342 397; x_wconf 89' lang='lat' dir='ltr'><strong>intellectum,</strong></span> <span class='ocrx_word' id='word_1_15' title='bbox 1376 341 1434 386; x_wconf 90' lang='lat' dir='ltr'><strong>ut</strong></span> <span class='ocrx_word' id='word_1_16' title='bbox 1464 332 1703 387; x_wconf 81' lang='lat' dir='ltr'><strong>sciamus</strong></span> <span class='ocrx_word' id='word_1_17' title='bbox 1732 348 1839 402; x_wconf 87' lang='lat' dir='ltr'><strong>quo</strong></span> <span class='ocrx_word' id='word_1_18' title='bbox 1871 347 1970 386; x_wconf 92' lang='lat' dir='ltr'><strong>nos</strong></span> <span class='ocrx_word' id='word_1_19' title='bbox 2002 338 2049 395; x_wconf 78' lang='grc' dir='ltr'>Α</span> <span class='ocrx_word' id='word_1_20' title='bbox 2079 332 2540 401; x_wconf 90' lang='lat' dir='ltr'><strong>persevcrantiam</strong></span> <span class='ocrx_word' id='word_1_21' title='bbox 2564 346 2734 402; x_wconf 89' lang='lat' dir='ltr'><strong>usque</strong></span> <span class='ocrx_word' id='word_1_22' title='bbox 2760 331 2826 386; x_wconf 88' lang='lat' dir='ltr'><strong>ad</strong></span> <span class='ocrx_word' id='word_1_23' title='bbox 2847 348 3142 404; x_wconf 79' lang='lat' dir='ltr'><strong>congruam</strong></span> <span class='ocrx_word' id='word_1_24' title='bbox 3161 341 3522 395; x_wconf 85' lang='lat' dir='ltr'><strong>maturitatem</strong></span> <span class='ocrx_word' id='word_1_25' title='bbox 3553 356 3678 409; x_wconf 77' lang='lat' dir='ltr'><strong>per-</strong></span> 
     </span>
    </p>
   </div>
   <div class='ocr_carea' id='block_1_5' title="bbox 369 423 1974 495">
    <p class='ocr_par' dir='ltr' id='par_1_5' title="bbox 369 423 1974 495">
     <span class='ocr_line' id='line_1_5' title="bbox 369 423 1974 495; baseline -0.002 -14"><span class='ocrx_word' id='word_1_26' title='bbox 369 428 472 483; x_wconf 24' lang='lat' dir='ltr'><strong>‘rvia</strong></span> <span class='ocrx_word' id='word_1_27' title='bbox 506 438 651 481; x_wconf 87' lang='lat' dir='ltr'><strong>recta</strong></span> <span class='ocrx_word' id='word_1_28' title='bbox 688 433 743 481; x_wconf 88' lang='lat' dir='ltr'><strong>et</strong></span> <span class='ocrx_word' id='word_1_29' title='bbox 768 424 959 479; x_wconf 91' lang='lat' dir='ltr'><strong>ductor</strong></span> <span class='ocrx_word' id='word_1_30' title='bbox 989 425 1224 495; x_wconf 89' lang='lat' dir='ltr'><strong>optimus</strong></span> <span class='ocrx_word' id='word_1_31' title='bbox 1255 424 1442 495; x_wconf 89' lang='lat' dir='ltr'><strong>jubeat</strong></span> <span class='ocrx_word' id='word_1_32' title='bbox 1482 424 1559 477; x_wconf 90' lang='lat' dir='ltr'><strong>ire</strong></span> <span class='ocrx_word' id='word_1_33' title='bbox 1580 464 1595 489; x_wconf 92' lang='lat'><strong>,</strong></span> <span class='ocrx_word' id='word_1_34' title='bbox 1625 423 1728 478; x_wconf 88' lang='lat' dir='ltr'><strong>hoc</strong></span> <span class='ocrx_word' id='word_1_35' title='bbox 1758 432 1872 487; x_wconf 88' lang='lat' dir='ltr'><strong>est,</strong></span> <span class='ocrx_word' id='word_1_36' title='bbox 1907 423 1974 477; x_wconf 80' lang='lat' dir='ltr'><strong>ad</strong></span> 
     </span>
    </p>
   </div>
   <div class='ocr_carea' id='block_1_6' title="bbox 332 515 1973 590">
    <p class='ocr_par' dir='ltr' id='par_1_6' title="bbox 332 515 1973 590">
     <span class='ocr_line' id='line_1_6' title="bbox 332 515 1973 590; baseline -0.004 -17"><span class='ocrx_word' id='word_1_37' title='bbox 332 558 337 567; x_wconf 86' lang='lat'><strong>.</strong></span> <span class='ocrx_word' id='word_1_38' title='bbox 386 518 771 590; x_wconf 84' lang='lat' dir='ltr'><strong>possidendum</strong></span> <span class='ocrx_word' id='word_1_39' title='bbox 823 532 1052 587; x_wconf 83' lang='lat' dir='ltr'><strong>regnum</strong></span> <span class='ocrx_word' id='word_1_40' title='bbox 1107 524 1476 587; x_wconf 89' lang='lat' dir='ltr'><strong>perpetuum:</strong></span> <span class='ocrx_word' id='word_1_41' title='bbox 1534 532 1725 571; x_wconf 80' lang='lat' dir='ltr'><strong>onines</strong></span> <span class='ocrx_word' id='word_1_42' title='bbox 1785 515 1973 585; x_wconf 92' lang='lat' dir='ltr'><strong>utique</strong></span> 
     </span>
    </p>
   </div>
   <div class='ocr_carea' id='block_1_7' title="bbox 378 607 1969 682">
    <p class='ocr_par' dir='ltr' id='par_1_7' title="bbox 378 607 1969 682">
     <span class='ocr_line' id='line_1_7' title="bbox 378 607 1969 682; baseline -0.003 -18"><span class='ocrx_word' id='word_1_43' title='bbox 378 627 524 682; x_wconf 53' lang='lat' dir='ltr'><strong>spies</strong></span> <span class='ocrx_word' id='word_1_44' title='bbox 547 610 751 666; x_wconf 91' lang='lat' dir='ltr'><strong>Christi</strong></span> <span class='ocrx_word' id='word_1_45' title='bbox 782 610 1021 665; x_wconf 90' lang='lat' dir='ltr'><strong>visitatio</strong></span> <span class='ocrx_word' id='word_1_46' title='bbox 1048 624 1144 664; x_wconf 89' lang='lat' dir='ltr'><strong>sua</strong></span> <span class='ocrx_word' id='word_1_47' title='bbox 1174 608 1457 663; x_wconf 90' lang='lat' dir='ltr'><strong>mansione</strong></span> <span class='ocrx_word' id='word_1_48' title='bbox 1485 607 1761 662; x_wconf 89' lang='lat' dir='ltr'><strong>illustrans</strong></span> <span class='ocrx_word' id='word_1_49' title='bbox 1786 648 1800 671; x_wconf 94' lang='lat'><strong>,</strong></span> <span class='ocrx_word' id='word_1_50' title='bbox 1831 616 1969 661; x_wconf 85' lang='lat' dir='ltr'><strong>tem-</strong></span> 
     </span>
    </p>
   </div>
   <div class='ocr_carea' id='block_1_8' title="bbox 376 697 1971 772">
    <p class='ocr_par' dir='ltr' id='par_1_8' title="bbox 376 697 1971 772">
     <span class='ocr_line' id='line_1_8' title="bbox 376 697 1971 772; baseline -0.003 -18"><span class='ocrx_word' id='word_1_51' title='bbox 376 702 536 771; x_wconf 70' lang='lat' dir='ltr'><strong>‘plnm</strong></span> <span class='ocrx_word' id='word_1_52' title='bbox 568 702 751 756; x_wconf 88' lang='lat' dir='ltr'><strong>dicare</strong></span> <span class='ocrx_word' id='word_1_53' title='bbox 781 701 1052 772; x_wconf 87' lang='lat' dir='ltr'><strong>dignatur,</strong></span> <span class='ocrx_word' id='word_1_54' title='bbox 1084 708 1140 754; x_wconf 91' lang='lat' dir='ltr'><strong>et</strong></span> <span class='ocrx_word' id='word_1_55' title='bbox 1172 714 1295 754; x_wconf 90' lang='lat' dir='ltr'><strong>cum</strong></span> <span class='ocrx_word' id='word_1_56' title='bbox 1325 698 1410 753; x_wconf 85' lang='lat' dir='ltr'><strong>his</strong></span> <span class='ocrx_word' id='word_1_57' title='bbox 1442 698 1643 753; x_wconf 91' lang='lat' dir='ltr'><strong>sanctis</strong></span> <span class='ocrx_word' id='word_1_58' title='bbox 1671 697 1971 767; x_wconf 84' lang='lat' dir='ltr'><strong>parietibus</strong></span> 
     </span>
    </p>
   </div>
   <div class='ocr_carea' id='block_1_9' title="bbox 386 791 1969 863">
    <p class='ocr_par' dir='ltr' id='par_1_9' title="bbox 386 791 1969 863">
     <span class='ocr_line' id='line_1_9' title="bbox 386 791 1969 863; baseline -0.001 -17"><span class='ocrx_word' id='word_1_59' title='bbox 386 793 439 846; x_wconf 90' lang='lat' dir='ltr'><strong>in</strong></span> <span class='ocrx_word' id='word_1_60' title='bbox 484 794 835 863; x_wconf 86' lang='lat' dir='ltr'><strong>semetipsum</strong></span> <span class='ocrx_word' id='word_1_61' title='bbox 878 792 1113 862; x_wconf 90' lang='lat' dir='ltr'><strong>lapidem</strong></span> <span class='ocrx_word' id='word_1_62' title='bbox 1155 791 1469 863; x_wconf 78' lang='lat' dir='ltr'><strong>angularem</strong></span> <span class='ocrx_word' id='word_1_63' title='bbox 1512 792 1858 854; x_wconf 89' lang='lat' dir='ltr'><strong>coadunans,</strong></span> <span class='ocrx_word' id='word_1_64' title='bbox 1901 791 1969 846; x_wconf 91' lang='lat' dir='ltr'><strong>ad</strong></span> 
     </span>
    </p>
   </div>
   <div class='ocr_carea' id='block_1_10' title="bbox 384 880 1589 952">
    <p class='ocr_par' dir='ltr' id='par_1_10' title="bbox 384 880 1589 952">
     <span class='ocr_line' id='line_1_10' title="bbox 384 880 1589 952; baseline -0.004 -15"><span class='ocrx_word' id='word_1_65' title='bbox 384 882 773 952; x_wconf 76' lang='lat' dir='ltr'><strong>perfectionem</strong></span> <span class='ocrx_word' id='word_1_66' title='bbox 802 883 1042 938; x_wconf 77' lang='lat' dir='ltr'><strong>cmlestis</strong></span> <span class='ocrx_word' id='word_1_67' title='bbox 1066 882 1279 937; x_wconf 73' lang='lat' dir='ltr'><strong>mdifieii</strong></span> <span class='ocrx_word' id='word_1_68' title='bbox 1311 880 1589 952; x_wconf 89' lang='lat' dir='ltr'><strong>perducet.</strong></span> 
     </span>
    </p>
   </div>
   <div class='ocr_carea' id='block_1_11' title="bbox 994 990 1362 1048">
    <p class='ocr_par' dir='ltr' id='par_1_11' title="bbox 994 990 1362 1048">
     <span class='ocr_line' id='line_1_11' title="bbox 994 990 1362 1048; baseline -0.008 0"><span class='ocrx_word' id='word_1_69' title='bbox 994 990 1223 1048; x_wconf 80' lang='lat' dir='ltr'><strong>CAPUT</strong></span> <span class='ocrx_word' id='word_1_70' title='bbox 1275 991 1362 1046; x_wconf 75' lang='lat' dir='ltr'><strong>Vl.</strong></span> 
     </span>
    </p>
   </div>
   <div class='ocr_carea' id='block_1_12' title="bbox 380 1079 1969 1152">
    <p class='ocr_par' dir='ltr' id='par_1_12' title="bbox 380 1079 1969 1152">
     <span class='ocr_line' id='line_1_12' title="bbox 380 1079 1969 1152; baseline -0.002 -16"><span class='ocrx_word' id='word_1_71' title='bbox 380 1080 459 1137; x_wconf 81' lang='lat' dir='ltr'><strong>De</strong></span> <span class='ocrx_word' id='word_1_72' title='bbox 484 1086 648 1152; x_wconf 64' lang='lat' dir='ltr'><strong>Specie</strong></span> <span class='ocrx_word' id='word_1_73' title='bbox 674 1093 834 1138; x_wconf 75' lang='lat' dir='ltr'><strong>88.1&#39;ltl’</strong></span> <span class='ocrx_word' id='word_1_74' title='bbox 856 1084 1063 1152; x_wconf 73' lang='lat' dir='ltr'><strong>ligurrr,</strong></span> <span class='ocrx_word' id='word_1_75' title='bbox 1088 1082 1175 1135; x_wconf 87' lang='lat' dir='ltr'><strong>ubi</strong></span> <span class='ocrx_word' id='word_1_76' title='bbox 1198 1081 1261 1135; x_wconf 82' lang='lat' dir='ltr'><strong>de</strong></span> <span class='ocrx_word' id='word_1_77' title='bbox 1281 1091 1508 1150; x_wconf 76' lang='lat' dir='ltr'><strong>quatuor</strong></span> <span class='ocrx_word' id='word_1_78' title='bbox 1534 1079 1808 1134; x_wconf 73' lang='lat' dir='ltr'><strong>virtutibus</strong></span> <span class='ocrx_word' id='word_1_79' title='bbox 1832 1096 1969 1150; x_wconf 81' lang='lat' dir='ltr'><strong>pra:-</strong></span> 
     </span>
    </p>
   </div>
   <div class='ocr_carea' id='block_1_13' title="bbox 842 1154 1498 1223">
    <p class='ocr_par' dir='ltr' id='par_1_13' title="bbox 842 1154 1498 1223">
     <span class='ocr_line' id='line_1_13' title="bbox 842 1154 1498 1223; baseline -0.003 -17"><span class='ocrx_word' id='word_1_80' title='bbox 842 1154 1006 1223; x_wconf 79' lang='lat' dir='ltr'><strong>cipuis</strong></span> <span class='ocrx_word' id='word_1_81' title='bbox 1044 1161 1498 1206; x_wconf 81' lang='lat' dir='ltr'><strong>commemoratur.</strong></span> 
     </span>
    </p>
   </div>
   <div class='ocr_carea' id='block_1_14' title="bbox 450 1240 1965 1314">
    <p class='ocr_par' dir='ltr' id='par_1_14' title="bbox 450 1240 1965 1314">
     <span class='ocr_line' id='line_1_14' title="bbox 450 1240 1965 1314; baseline -0.004 -15"><span class='ocrx_word' id='word_1_82' title='bbox 450 1244 803 1314; x_wconf 73' lang='lat' dir='ltr'><strong>Omnipotens</strong></span> <span class='ocrx_word' id='word_1_83' title='bbox 840 1245 1046 1307; x_wconf 89' lang='lat' dir='ltr'><strong>virtus,</strong></span> <span class='ocrx_word' id='word_1_84' title='bbox 1074 1251 1128 1296; x_wconf 90' lang='lat' dir='ltr'><strong>et</strong></span> <span class='ocrx_word' id='word_1_85' title='bbox 1167 1242 1509 1313; x_wconf 90' lang='lat' dir='ltr'><strong>omnipotens</strong></span> <span class='ocrx_word' id='word_1_86' title='bbox 1544 1240 1721 1295; x_wconf 79' lang='lat' dir='ltr'><strong>Patris</strong></span> <span class='ocrx_word' id='word_1_87' title='bbox 1759 1257 1965 1296; x_wconf 85' lang='lat' dir='ltr'><strong>summa</strong></span> 
     </span>
    </p>
   </div>
   <div class='ocr_carea' id='block_1_15' title="bbox 379 1332 1967 1404">
    <p class='ocr_par' dir='ltr' id='par_1_15' title="bbox 379 1332 1967 1404">
     <span class='ocr_line' id='line_1_15' title="bbox 379 1332 1967 1404; baseline -0.004 -14"><span class='ocrx_word' id='word_1_88' title='bbox 379 1337 667 1404; x_wconf 73' lang='lat' dir='ltr'><strong>sapientia,</strong></span> <span class='ocrx_word' id='word_1_89' title='bbox 700 1335 914 1390; x_wconf 78' lang='lat' dir='ltr'><strong>Christe</strong></span> <span class='ocrx_word' id='word_1_90' title='bbox 939 1334 1042 1389; x_wconf 80' lang='lat' dir='ltr'><strong>Fili</strong></span> <span class='ocrx_word' id='word_1_91' title='bbox 1070 1333 1199 1398; x_wconf 92' lang='lat' dir='ltr'><strong>Dei,</strong></span> <span class='ocrx_word' id='word_1_92' title='bbox 1228 1343 1283 1388; x_wconf 87' lang='lat' dir='ltr'><strong>tu</strong></span> <span class='ocrx_word' id='word_1_93' title='bbox 1314 1347 1372 1388; x_wconf 90' lang='lat' dir='ltr'><strong>es</strong></span> <span class='ocrx_word' id='word_1_94' title='bbox 1401 1347 1560 1387; x_wconf 89' lang='lat' dir='ltr'><strong>verus</strong></span> <span class='ocrx_word' id='word_1_95' title='bbox 1592 1333 1849 1388; x_wconf 89' lang='lat' dir='ltr'><strong>Dominus</strong></span> <span class='ocrx_word' id='word_1_96' title='bbox 1874 1332 1967 1402; x_wconf 89' lang='lat' dir='ltr'><strong>qui</strong></span> 
     </span>
    </p>
   </div>
   <div class='ocr_carea' id='block_1_16' title="bbox 378 1424 1968 1491">
    <p class='ocr_par' dir='ltr' id='par_1_16' title="bbox 378 1424 1968 1491">
     <span class='ocr_line' id='line_1_16' title="bbox 378 1424 1968 1491; baseline -0.003 -8"><span class='ocrx_word' id='word_1_97' title='bbox 378 1439 549 1483; x_wconf 89' lang='lat' dir='ltr'><strong>totum</strong></span> <span class='ocrx_word' id='word_1_98' title='bbox 595 1428 855 1482; x_wconf 89' lang='lat' dir='ltr'><strong>mundum</strong></span> <span class='ocrx_word' id='word_1_99' title='bbox 892 1428 1126 1483; x_wconf 88' lang='lat' dir='ltr'><strong>adornas</strong></span> <span class='ocrx_word' id='word_1_100' title='bbox 1162 1427 1357 1481; x_wconf 87' lang='lat' dir='ltr'><strong>decore</strong></span> <span class='ocrx_word' id='word_1_101' title='bbox 1401 1433 1602 1481; x_wconf 76' lang='lat' dir='ltr'><strong>sancta:</strong></span> <span class='ocrx_word' id='word_1_102' title='bbox 1634 1425 1835 1491; x_wconf 87' lang='lat' dir='ltr'><strong>crucis,</strong></span> <span class='ocrx_word' id='word_1_103' title='bbox 1859 1424 1968 1479; x_wconf 91' lang='lat' dir='ltr'><strong>dis-</strong></span> 
     </span>
    </p>
   </div>
   <div class='ocr_carea' id='block_1_17' title="bbox 373 1516 1966 1593">
    <p class='ocr_par' dir='ltr' id='par_1_17' title="bbox 373 1516 1966 1593">
     <span class='ocr_line' id='line_1_17' title="bbox 373 1516 1966 1593; baseline -0.004 -17"><span class='ocrx_word' id='word_1_104' title='bbox 373 1536 678 1593; x_wconf 84' lang='lat' dir='ltr'><strong>pensasque</strong></span> <span class='ocrx_word' id='word_1_105' title='bbox 720 1521 806 1591; x_wconf 89' lang='lat' dir='ltr'><strong>pie</strong></span> <span class='ocrx_word' id='word_1_106' title='bbox 853 1520 957 1575; x_wconf 88' lang='lat' dir='ltr'><strong>tuis</strong></span> <span class='ocrx_word' id='word_1_107' title='bbox 997 1519 1200 1591; x_wconf 68' lang='lat' dir='ltr'><strong>sanctis</strong></span> <span class='ocrx_word' id='word_1_108' title='bbox 1247 1519 1333 1589; x_wconf 90' lang='lat' dir='ltr'><strong>pia</strong></span> <span class='ocrx_word' id='word_1_109' title='bbox 1381 1519 1522 1573; x_wconf 90' lang='lat' dir='ltr'><strong>dona</strong></span> <span class='ocrx_word' id='word_1_110' title='bbox 1569 1516 1778 1572; x_wconf 89' lang='lat' dir='ltr'><strong>salutis.</strong></span> <span class='ocrx_word' id='word_1_111' title='bbox 1829 1516 1966 1570; x_wconf 80' lang='lat' dir='ltr'><strong>Nam</strong></span> 
     </span>
    </p>
   </div>
   <div class='ocr_carea' id='block_1_18' title="bbox 375 1607 1964 1681">
    <p class='ocr_par' dir='ltr' id='par_1_18' title="bbox 375 1607 1964 1681">
     <span class='ocr_line' id='line_1_18' title="bbox 375 1607 1964 1681; baseline -0.002 -18"><span class='ocrx_word' id='word_1_112' title='bbox 375 1611 636 1681; x_wconf 83' lang='lat' dir='ltr'><strong>quadriga</strong></span> <span class='ocrx_word' id='word_1_113' title='bbox 667 1611 954 1671; x_wconf 87' lang='lat' dir='ltr'><strong>virtutum,</strong></span> <span class='ocrx_word' id='word_1_114' title='bbox 990 1619 1223 1679; x_wconf 87' lang='lat' dir='ltr'><strong>quatuor</strong></span> <span class='ocrx_word' id='word_1_115' title='bbox 1258 1608 1517 1664; x_wconf 90' lang='lat' dir='ltr'><strong>cornibus</strong></span> <span class='ocrx_word' id='word_1_116' title='bbox 1552 1616 1751 1663; x_wconf 59' lang='lat' dir='ltr'><strong>sanctae</strong></span> <span class='ocrx_word' id='word_1_117' title='bbox 1787 1607 1964 1661; x_wconf 87' lang='lat' dir='ltr'><strong>crucis</strong></span> 
     </span>
    </p>
   </div>
   <div class='ocr_carea' id='block_1_19' title="bbox 2079 420 3668 495">
    <p class='ocr_par' dir='ltr' id='par_1_19' title="bbox 2079 420 3668 495">
     <span class='ocr_line' id='line_1_19' title="bbox 2079 420 3668 495; baseline 0.008 -22"><span class='ocrx_word' id='word_1_118' title='bbox 2079 422 2313 475; x_wconf 89' lang='lat' dir='ltr'><strong>veniant.</strong></span> <span class='ocrx_word' id='word_1_119' title='bbox 2354 420 2483 476; x_wconf 86' lang='lat' dir='ltr'><strong>Post</strong></span> <span class='ocrx_word' id='word_1_120' title='bbox 2523 422 2640 476; x_wconf 67' lang='lat' dir='ltr'><strong>haec</strong></span> <span class='ocrx_word' id='word_1_121' title='bbox 2685 421 2905 491; x_wconf 89' lang='lat' dir='ltr'><strong>quidem</strong></span> <span class='ocrx_word' id='word_1_122' title='bbox 2941 422 3055 493; x_wconf 87' lang='lat' dir='ltr'><strong>jam</strong></span> <span class='ocrx_word' id='word_1_123' title='bbox 3104 423 3278 479; x_wconf 81' lang='lat' dir='ltr'><strong>ultimi</strong></span> <span class='ocrx_word' id='word_1_124' title='bbox 3317 424 3511 495; x_wconf 88' lang='lat' dir='ltr'><strong>judicii</strong></span> <span class='ocrx_word' id='word_1_125' title='bbox 3557 431 3668 488; x_wconf 76' lang='lat' dir='ltr'><strong>falx</strong></span> 
     </span>
    </p>
   </div>
   <div class='ocr_carea' id='block_1_20' title="bbox 2077 514 3667 588">
    <p class='ocr_par' dir='ltr' id='par_1_20' title="bbox 2077 514 3667 588">
     <span class='ocr_line' id='line_1_20' title="bbox 2077 514 3667 588; baseline 0.005 -21"><span class='ocrx_word' id='word_1_126' title='bbox 2077 514 2338 568; x_wconf 89' lang='lat' dir='ltr'><strong>mittenda</strong></span> <span class='ocrx_word' id='word_1_127' title='bbox 2377 523 2492 578; x_wconf 84' lang='lat' dir='ltr'><strong>est,</strong></span> <span class='ocrx_word' id='word_1_128' title='bbox 2535 522 2594 567; x_wconf 90' lang='lat' dir='ltr'><strong>ut</strong></span> <span class='ocrx_word' id='word_1_129' title='bbox 2632 514 2828 569; x_wconf 88' lang='lat' dir='ltr'><strong>messis</strong></span> <span class='ocrx_word' id='word_1_130' title='bbox 2858 514 3078 580; x_wconf 87' lang='lat' dir='ltr'><strong>albens,</strong></span> <span class='ocrx_word' id='word_1_131' title='bbox 3111 530 3273 585; x_wconf 86' lang='lat' dir='ltr'><strong>quam</strong></span> <span class='ocrx_word' id='word_1_132' title='bbox 3303 532 3528 588; x_wconf 88' lang='lat' dir='ltr'><strong>granum</strong></span> <span class='ocrx_word' id='word_1_133' title='bbox 3557 519 3667 575; x_wconf 62' lang='lat' dir='ltr'><strong>fru-</strong></span> 
     </span>
    </p>
   </div>
   <div class='ocr_carea' id='block_1_21' title="bbox 2076 603 3669 680">
    <p class='ocr_par' dir='ltr' id='par_1_21' title="bbox 2076 603 3669 680">
     <span class='ocr_line' id='line_1_21' title="bbox 2076 603 3669 680; baseline 0.006 -25"><span class='ocrx_word' id='word_1_134' title='bbox 2076 603 2241 656; x_wconf 90' lang='lat' dir='ltr'><strong>menti</strong></span> <span class='ocrx_word' id='word_1_135' title='bbox 2269 618 2366 670; x_wconf 90' lang='lat' dir='ltr'><strong>per</strong></span> <span class='ocrx_word' id='word_1_136' title='bbox 2390 611 2635 657; x_wconf 89' lang='lat' dir='ltr'><strong>aratrum</strong></span> <span class='ocrx_word' id='word_1_137' title='bbox 2674 604 2853 658; x_wconf 90' lang='lat' dir='ltr'><strong>crucis</strong></span> <span class='ocrx_word' id='word_1_138' title='bbox 2894 604 2947 658; x_wconf 92' lang='lat' dir='ltr'><strong>in</strong></span> <span class='ocrx_word' id='word_1_139' title='bbox 2981 613 3124 660; x_wconf 88' lang='lat' dir='ltr'><strong>terra</strong></span> <span class='ocrx_word' id='word_1_140' title='bbox 3164 606 3439 662; x_wconf 76' lang='lat' dir='ltr'><strong>conditum</strong></span> <span class='ocrx_word' id='word_1_141' title='bbox 3468 609 3669 680; x_wconf 81' lang='lat' dir='ltr'><strong>glorio-</strong></span> 
     </span>
    </p>
   </div>
   <div class='ocr_carea' id='block_1_22' title="bbox 2073 691 3668 767">
    <p class='ocr_par' dir='ltr' id='par_1_22' title="bbox 2073 691 3668 767">
     <span class='ocr_line' id='line_1_22' title="bbox 2073 691 3668 767; baseline 0.008 -24"><span class='ocrx_word' id='word_1_142' title='bbox 2073 706 2189 744; x_wconf 88' lang='lat' dir='ltr'><strong>sam</strong></span> <span class='ocrx_word' id='word_1_143' title='bbox 2214 700 2265 746; x_wconf 89' lang='lat' dir='ltr'><strong>el</strong></span> <span class='ocrx_word' id='word_1_144' title='bbox 2301 691 2713 761; x_wconf 83' lang='lat' dir='ltr'><strong>multiplicatam</strong></span> <span class='ocrx_word' id='word_1_145' title='bbox 2740 693 2988 762; x_wconf 89' lang='lat' dir='ltr'><strong>protulit,</strong></span> <span class='ocrx_word' id='word_1_146' title='bbox 3016 704 3313 765; x_wconf 87' lang='lat' dir='ltr'><strong>apparente</strong></span> <span class='ocrx_word' id='word_1_147' title='bbox 3343 697 3461 767; x_wconf 85' lang='lat' dir='ltr'><strong>ipso</strong></span> <span class='ocrx_word' id='word_1_148' title='bbox 3481 698 3668 766; x_wconf 82' lang='lat' dir='ltr'><strong>judice</strong></span> 
     </span>
    </p>
   </div>
   <div class='ocr_carea' id='block_1_23' title="bbox 2071 781 3667 863">
    <p class='ocr_par' dir='ltr' id='par_1_23' title="bbox 2071 781 3667 863">
     <span class='ocr_line' id='line_1_23' title="bbox 2071 781 3667 863; baseline 0.008 -29"><span class='ocrx_word' id='word_1_149' title='bbox 2071 781 2317 863; x_wconf 82' lang='lat' dir='ltr'><strong>vivorum</strong></span> <span class='ocrx_word' id='word_1_150' title='bbox 2357 792 2411 835; x_wconf 90' lang='lat' dir='ltr'><strong>et</strong></span> <span class='ocrx_word' id='word_1_151' title='bbox 2454 792 2824 847; x_wconf 89' lang='lat' dir='ltr'><strong>mortuorum,</strong></span> <span class='ocrx_word' id='word_1_152' title='bbox 2864 797 2962 854; x_wconf 91' lang='lat' dir='ltr'><strong>per</strong></span> <span class='ocrx_word' id='word_1_153' title='bbox 3006 786 3322 857; x_wconf 80' lang='lat' dir='ltr'><strong>angelorum</strong></span> <span class='ocrx_word' id='word_1_154' title='bbox 3362 789 3667 846; x_wconf 72' lang='lat' dir='ltr'><strong>ministeria</strong></span> 
     </span>
    </p>
   </div>
   <div class='ocr_carea' id='block_1_24' title="bbox 2071 875 3664 952">
    <p class='ocr_par' dir='ltr' id='par_1_24' title="bbox 2071 875 3664 952">
     <span class='ocr_line' id='line_1_24' title="bbox 2071 875 3664 952; baseline 0.007 -24"><span class='ocrx_word' id='word_1_155' title='bbox 2071 875 2377 945; x_wconf 81' lang='lat' dir='ltr'><strong>colligatur,</strong></span> <span class='ocrx_word' id='word_1_156' title='bbox 2412 886 2465 930; x_wconf 93' lang='lat' dir='ltr'><strong>et</strong></span> <span class='ocrx_word' id='word_1_157' title='bbox 2490 892 2584 946; x_wconf 87' lang='lat' dir='ltr'><strong>per</strong></span> <span class='ocrx_word' id='word_1_158' title='bbox 2613 878 2936 932; x_wconf 83' lang='lat' dir='ltr'><strong>sententiam</strong></span> <span class='ocrx_word' id='word_1_159' title='bbox 2965 879 3206 948; x_wconf 80' lang='lat' dir='ltr'><strong>ejusdem</strong></span> <span class='ocrx_word' id='word_1_160' title='bbox 3227 880 3360 950; x_wconf 86' lang='lat' dir='ltr'><strong>justi</strong></span> <span class='ocrx_word' id='word_1_161' title='bbox 3379 881 3581 952; x_wconf 89' lang='lat' dir='ltr'><strong>judicis</strong></span> <span class='ocrx_word' id='word_1_162' title='bbox 3607 886 3664 939; x_wconf 87' lang='lat' dir='ltr'><strong>in</strong></span> 
     </span>
    </p>
   </div>
   <div class='ocr_carea' id='block_1_25' title="bbox 2072 970 3142 1028">
    <p class='ocr_par' dir='ltr' id='par_1_25' title="bbox 2072 970 3142 1028">
     <span class='ocr_line' id='line_1_25' title="bbox 2072 970 3142 1028; baseline 0.002 -4"><span class='ocrx_word' id='word_1_163' title='bbox 2072 970 2266 1024; x_wconf 89' lang='lat' dir='ltr'><strong>horrea</strong></span> <span class='ocrx_word' id='word_1_164' title='bbox 2297 970 2538 1026; x_wconf 78' lang='lat' dir='ltr'><strong>coelestia</strong></span> <span class='ocrx_word' id='word_1_165' title='bbox 2569 970 2799 1026; x_wconf 74' lang='lat' dir='ltr'><strong>feliciter</strong></span> <span class='ocrx_word' id='word_1_166' title='bbox 2827 971 3142 1028; x_wconf 85' lang='lat' dir='ltr'><strong>collocetur.</strong></span> 
     </span>
    </p>
   </div>
   <div class='ocr_carea' id='block_1_26' title="bbox 2675 1081 3054 1138">
    <p class='ocr_par' dir='ltr' id='par_1_26' title="bbox 2675 1081 3054 1138">
     <span class='ocr_line' id='line_1_26' title="bbox 2675 1081 3054 1138; baseline 0.005 -2"><span class='ocrx_word' id='word_1_167' title='bbox 2675 1081 2904 1138; x_wconf 79' lang='lat' dir='ltr'><strong>CAPUT</strong></span> <span class='ocrx_word' id='word_1_168' title='bbox 2946 1084 3054 1138; x_wconf 75' lang='lat' dir='ltr'><strong>\‘ll.</strong></span> 
     </span>
    </p>
   </div>
   <div class='ocr_carea' id='block_1_27' title="bbox 2075 1168 3673 1245">
    <p class='ocr_par' dir='ltr' id='par_1_27' title="bbox 2075 1168 3673 1245">
     <span class='ocr_line' id='line_1_27' title="bbox 2075 1168 3673 1245; baseline 0.004 -24"><span class='ocrx_word' id='word_1_169' title='bbox 2075 1168 2149 1222; x_wconf 83' lang='lat' dir='ltr'><strong>De</strong></span> <span class='ocrx_word' id='word_1_170' title='bbox 2172 1169 2404 1238; x_wconf 68' lang='lat' dir='ltr'><strong>septimm</strong></span> <span class='ocrx_word' id='word_1_171' title='bbox 2430 1170 2764 1239; x_wconf 74' lang='lat' dir='ltr'><strong>figurationis</strong></span> <span class='ocrx_word' id='word_1_172' title='bbox 2794 1171 3051 1245; x_wconf 70' lang='lat' dir='ltr'><strong>plasmate</strong></span> <span class='ocrx_word' id='word_1_173' title='bbox 3073 1214 3087 1237; x_wconf 93' lang='lat'><strong>,</strong></span> <span class='ocrx_word' id='word_1_174' title='bbox 3114 1173 3201 1227; x_wconf 83' lang='lat' dir='ltr'><strong>ubi</strong></span> <span class='ocrx_word' id='word_1_175' title='bbox 3225 1174 3290 1227; x_wconf 87' lang='lat' dir='ltr'><strong>de</strong></span> <span class='ocrx_word' id='word_1_176' title='bbox 3310 1185 3538 1245; x_wconf 80' lang='lat' dir='ltr'><strong>quatuor</strong></span> <span class='ocrx_word' id='word_1_177' title='bbox 3556 1176 3673 1232; x_wconf 53' lang='lat' dir='ltr'><strong>cie-</strong></span> 
     </span>
    </p>
   </div>
   <div class='ocr_carea' id='block_1_28' title="bbox 2654 1242 3064 1312">
    <p class='ocr_par' dir='ltr' id='par_1_28' title="bbox 2654 1242 3064 1312">
     <span class='ocr_line' id='line_1_28' title="bbox 2654 1242 3064 1312; baseline 0.005 -19"><span class='ocrx_word' id='word_1_178' title='bbox 2654 1243 2841 1295; x_wconf 76' lang='lat' dir='ltr'><strong>mentis</strong></span> <span class='ocrx_word' id='word_1_179' title='bbox 2869 1242 3064 1312; x_wconf 86' lang='lat' dir='ltr'><strong>agitur.</strong></span> 
     </span>
    </p>
   </div>
   <div class='ocr_carea' id='block_1_29' title="bbox 2139 1329 3659 1404">
    <p class='ocr_par' dir='ltr' id='par_1_29' title="bbox 2139 1329 3659 1404">
     <span class='ocr_line' id='line_1_29' title="bbox 2139 1329 3659 1404; baseline 0.005 -21"><span class='ocrx_word' id='word_1_180' title='bbox 2139 1329 2307 1401; x_wconf 86' lang='lat' dir='ltr'><strong>Igitur</strong></span> <span class='ocrx_word' id='word_1_181' title='bbox 2334 1330 2518 1385; x_wconf 89' lang='lat' dir='ltr'><strong>omnia</strong></span> <span class='ocrx_word' id='word_1_182' title='bbox 2548 1347 2668 1401; x_wconf 69' lang='lat' dir='ltr'><strong>quae</strong></span> <span class='ocrx_word' id='word_1_183' title='bbox 2700 1331 2753 1386; x_wconf 91' lang='lat' dir='ltr'><strong>in</strong></span> <span class='ocrx_word' id='word_1_184' title='bbox 2790 1332 2944 1387; x_wconf 65' lang='lat' dir='ltr'><strong>coalis</strong></span> <span class='ocrx_word' id='word_1_185' title='bbox 2983 1340 3038 1387; x_wconf 89' lang='lat' dir='ltr'><strong>et</strong></span> <span class='ocrx_word' id='word_1_186' title='bbox 3073 1350 3195 1404; x_wconf 65' lang='lat' dir='ltr'><strong>quae</strong></span> <span class='ocrx_word' id='word_1_187' title='bbox 3234 1334 3288 1389; x_wconf 90' lang='lat' dir='ltr'><strong>in</strong></span> <span class='ocrx_word' id='word_1_188' title='bbox 3318 1337 3476 1391; x_wconf 89' lang='lat' dir='ltr'><strong>terris</strong></span> <span class='ocrx_word' id='word_1_189' title='bbox 3506 1348 3659 1403; x_wconf 82' lang='lat' dir='ltr'><strong>sunt,</strong></span> 
     </span>
    </p>
   </div>
   <div class='ocr_carea' id='block_1_30' title="bbox 2040 1412 3654 1497">
    <p class='ocr_par' dir='ltr' id='par_1_30' title="bbox 2040 1412 3654 1497">
     <span class='ocr_line' id='line_1_30' title="bbox 2040 1412 3654 1497; baseline 0.004 -19"><span class='ocrx_word' id='word_1_190' title='bbox 2040 1414 2135 1478; x_wconf 37' lang='lat' dir='ltr'><strong>’de</strong></span> <span class='ocrx_word' id='word_1_191' title='bbox 2176 1422 2379 1478; x_wconf 89' lang='lat' dir='ltr'><strong>lumine</strong></span> <span class='ocrx_word' id='word_1_192' title='bbox 2416 1422 2601 1494; x_wconf 67' lang='lat' dir='ltr'><strong>gloriae</strong></span> <span class='ocrx_word' id='word_1_193' title='bbox 2636 1422 2843 1478; x_wconf 83' lang='lat' dir='ltr'><strong>Christi</strong></span> <span class='ocrx_word' id='word_1_194' title='bbox 2880 1424 3145 1480; x_wconf 89' lang='lat' dir='ltr'><strong>illustrata</strong></span> <span class='ocrx_word' id='word_1_195' title='bbox 3176 1424 3288 1494; x_wconf 89' lang='lat' dir='ltr'><strong>jam</strong></span> <span class='ocrx_word' id='word_1_196' title='bbox 3329 1412 3654 1497; x_wconf 78' lang='lat' dir='ltr'><strong>splendent:</strong></span> 
     </span>
    </p>
   </div>
   <div class='ocr_carea' id='block_1_31' title="bbox 2070 1512 3659 1589">
    <p class='ocr_par' dir='ltr' id='par_1_31' title="bbox 2070 1512 3659 1589">
     <span class='ocr_line' id='line_1_31' title="bbox 2070 1512 3659 1589; baseline 0.004 -20"><span class='ocrx_word' id='word_1_197' title='bbox 2070 1514 2223 1584; x_wconf 89' lang='lat' dir='ltr'><strong>cujus</strong></span> <span class='ocrx_word' id='word_1_198' title='bbox 2269 1512 2537 1583; x_wconf 87' lang='lat' dir='ltr'><strong>majestati</strong></span> <span class='ocrx_word' id='word_1_199' title='bbox 2588 1515 2829 1583; x_wconf 88' lang='lat' dir='ltr'><strong>subjecta</strong></span> <span class='ocrx_word' id='word_1_200' title='bbox 2875 1516 3117 1572; x_wconf 89' lang='lat' dir='ltr'><strong>serviunt</strong></span> <span class='ocrx_word' id='word_1_201' title='bbox 3153 1526 3209 1573; x_wconf 88' lang='lat' dir='ltr'><strong>et</strong></span> <span class='ocrx_word' id='word_1_202' title='bbox 3234 1533 3425 1589; x_wconf 72' lang='lat' dir='ltr'><strong>,saerte</strong></span> <span class='ocrx_word' id='word_1_203' title='bbox 3471 1520 3659 1576; x_wconf 89' lang='lat' dir='ltr'><strong>crucis</strong></span> 
     </span>
    </p>
   </div>
   <div class='ocr_carea' id='block_1_32' title="bbox 2070 1608 3656 1675">
    <p class='ocr_par' dir='ltr' id='par_1_32' title="bbox 2070 1608 3656 1675">
     <span class='ocr_line' id='line_1_32' title="bbox 2070 1608 3656 1675; baseline 0.002 -11"><span class='ocrx_word' id='word_1_204' title='bbox 2070 1608 2272 1664; x_wconf 89' lang='lat' dir='ltr'><strong>factum</strong></span> <span class='ocrx_word' id='word_1_205' title='bbox 2302 1608 2660 1664; x_wconf 85' lang='lat' dir='ltr'><strong>beatificando</strong></span> <span class='ocrx_word' id='word_1_206' title='bbox 2687 1608 3105 1675; x_wconf 80' lang='lat' dir='ltr'><strong>concelebrant,</strong></span> <span class='ocrx_word' id='word_1_207' title='bbox 3138 1618 3199 1664; x_wconf 91' lang='lat' dir='ltr'><strong>ut</strong></span> <span class='ocrx_word' id='word_1_208' title='bbox 3237 1610 3315 1666; x_wconf 89' lang='lat' dir='ltr'><strong>sic</strong></span> <span class='ocrx_word' id='word_1_209' title='bbox 3342 1611 3533 1666; x_wconf 88' lang='lat' dir='ltr'><strong>victori</strong></span> <span class='ocrx_word' id='word_1_210' title='bbox 3564 1628 3656 1667; x_wconf 89' lang='lat' dir='ltr'><strong>su-</strong></span> 
     </span>
    </p>
   </div>
   <div class='ocr_carea' id='block_1_33' title="bbox 372 1687 3656 1773">
    <p class='ocr_par' dir='ltr' id='par_1_33' title="bbox 372 1687 3656 1773">
     <span class='ocr_line' id='line_1_33' title="bbox 372 1687 3656 1773; baseline 0.001 -20"><span class='ocrx_word' id='word_1_211' title='bbox 372 1701 629 1755; x_wconf 78' lang='lat' dir='ltr'><strong>deCenter</strong></span> <span class='ocrx_word' id='word_1_212' title='bbox 659 1708 871 1770; x_wconf 88' lang='lat' dir='ltr'><strong>aptata,</strong></span> <span class='ocrx_word' id='word_1_213' title='bbox 905 1701 1142 1755; x_wconf 83' lang='lat' dir='ltr'><strong>ostendit</strong></span> <span class='ocrx_word' id='word_1_214' title='bbox 1170 1716 1380 1754; x_wconf 90' lang='lat' dir='ltr'><strong>sacram</strong></span> <span class='ocrx_word' id='word_1_215' title='bbox 1426 1699 1623 1753; x_wconf 88' lang='lat' dir='ltr'><strong>seriem</strong></span> <span class='ocrx_word' id='word_1_216' title='bbox 1661 1698 1965 1768; x_wconf 79' lang='lat' dir='ltr'><strong>Specierum</strong></span> <span class='ocrx_word' id='word_1_217' title='bbox 1994 1687 2040 1746; x_wconf 85' lang='grc' dir='ltr'><strong>Β</strong></span> <span class='ocrx_word' id='word_1_218' title='bbox 2067 1715 2238 1771; x_wconf 85' lang='lat' dir='ltr'><strong>perno</strong></span> <span class='ocrx_word' id='word_1_219' title='bbox 2276 1699 2456 1755; x_wconf 85' lang='lat' dir='ltr'><strong>debita</strong></span> <span class='ocrx_word' id='word_1_220' title='bbox 2491 1707 2618 1755; x_wconf 90' lang='lat' dir='ltr'><strong>vota</strong></span> <span class='ocrx_word' id='word_1_221' title='bbox 2655 1698 2967 1770; x_wconf 85' lang='lat' dir='ltr'><strong>persolvant</strong></span> <span class='ocrx_word' id='word_1_222' title='bbox 2998 1716 3013 1755; x_wconf 92' lang='lat'><strong>:</strong></span> <span class='ocrx_word' id='word_1_223' title='bbox 3051 1700 3156 1755; x_wconf 89' lang='lat' dir='ltr'><strong>hoc</strong></span> <span class='ocrx_word' id='word_1_224' title='bbox 3197 1701 3462 1756; x_wconf 79' lang='lat' dir='ltr'><strong>veraciter</strong></span> <span class='ocrx_word' id='word_1_225' title='bbox 3488 1702 3656 1773; x_wconf 82' lang='lat' dir='ltr'><strong>proti-</strong></span> 
     </span>
    </p>
   </div>
   <div class='ocr_carea' id='block_1_34' title="bbox 372 1790 1965 1863">
    <p class='ocr_par' dir='ltr' id='par_1_34' title="bbox 372 1790 1965 1863">
     <span class='ocr_line' id='line_1_34' title="bbox 372 1790 1965 1863; baseline -0.001 -16"><span class='ocrx_word' id='word_1_226' title='bbox 372 1811 439 1847; x_wconf 80' lang='lat' dir='ltr'><strong>ex</strong></span> <span class='ocrx_word' id='word_1_227' title='bbox 482 1794 596 1863; x_wconf 90' lang='lat' dir='ltr'><strong>ipsa</strong></span> <span class='ocrx_word' id='word_1_228' title='bbox 639 1795 1054 1863; x_wconf 85' lang='lat' dir='ltr'><strong>procedentem,</strong></span> <span class='ocrx_word' id='word_1_229' title='bbox 1100 1793 1155 1847; x_wconf 88' lang='lat' dir='ltr'><strong>in</strong></span> <span class='ocrx_word' id='word_1_230' title='bbox 1206 1792 1479 1862; x_wconf 85' lang='lat' dir='ltr'><strong>triumpho</strong></span> <span class='ocrx_word' id='word_1_231' title='bbox 1533 1791 1769 1845; x_wconf 72' lang='lat' dir='ltr'><strong>victorim</strong></span> <span class='ocrx_word' id='word_1_232' title='bbox 1824 1790 1965 1861; x_wconf 86' lang='lat' dir='ltr'><strong>regis</strong></span> 
     </span>
    </p>
   </div>
   <div class='ocr_carea' id='block_1_35' title="bbox 371 1881 1964 1954">
    <p class='ocr_par' dir='ltr' id='par_1_35' title="bbox 371 1881 1964 1954">
     <span class='ocr_line' id='line_1_35' title="bbox 371 1881 1964 1954; baseline -0.003 -15"><span class='ocrx_word' id='word_1_233' title='bbox 371 1884 574 1940; x_wconf 89' lang='lat' dir='ltr'><strong>Christi</strong></span> <span class='ocrx_word' id='word_1_234' title='bbox 614 1893 983 1939; x_wconf 90' lang='lat' dir='ltr'><strong>consecratam</strong></span> <span class='ocrx_word' id='word_1_235' title='bbox 1026 1901 1041 1940; x_wconf 90' lang='lat'><strong>:</strong></span> <span class='ocrx_word' id='word_1_236' title='bbox 1083 1893 1135 1937; x_wconf 90' lang='lat' dir='ltr'><strong>et</strong></span> <span class='ocrx_word' id='word_1_237' title='bbox 1181 1900 1276 1954; x_wconf 90' lang='lat' dir='ltr'><strong>per</strong></span> <span class='ocrx_word' id='word_1_238' title='bbox 1312 1883 1427 1953; x_wconf 88' lang='lat' dir='ltr'><strong>ejus</strong></span> <span class='ocrx_word' id='word_1_239' title='bbox 1464 1884 1768 1953; x_wconf 88' lang='lat' dir='ltr'><strong>passionem</strong></span> <span class='ocrx_word' id='word_1_240' title='bbox 1801 1881 1964 1952; x_wconf 85' lang='lat' dir='ltr'><strong>protl-</strong></span> 
     </span>
    </p>
   </div>
   <div class='ocr_carea' id='block_1_36' title="bbox 370 1960 1962 2046">
    <p class='ocr_par' dir='ltr' id='par_1_36' title="bbox 370 1960 1962 2046">
     <span class='ocr_line' id='line_1_36' title="bbox 370 1960 1962 2046; baseline -0.003 -15"><span class='ocrx_word' id='word_1_241' title='bbox 370 1992 530 2031; x_wconf 85' lang='lat' dir='ltr'><strong>cuam</strong></span> <span class='ocrx_word' id='word_1_242' title='bbox 560 1991 679 2031; x_wconf 88' lang='lat' dir='ltr'><strong>esse</strong></span> <span class='ocrx_word' id='word_1_243' title='bbox 713 1984 824 2030; x_wconf 91' lang='lat' dir='ltr'><strong>toto</strong></span> <span class='ocrx_word' id='word_1_244' title='bbox 865 1976 1013 2040; x_wconf 90' lang='lat' dir='ltr'><strong>orbi,</strong></span> <span class='ocrx_word' id='word_1_245' title='bbox 1051 1973 1117 2029; x_wconf 91' lang='lat' dir='ltr'><strong>ad</strong></span> <span class='ocrx_word' id='word_1_246' title='bbox 1158 1973 1554 2046; x_wconf 81' lang='lat' dir='ltr'><strong>impetrandum</strong></span> <span class='ocrx_word' id='word_1_247' title='bbox 1584 1973 1815 2028; x_wconf 88' lang='lat' dir='ltr'><strong>fructum</strong></span> <span class='ocrx_word' id='word_1_248' title='bbox 1834 1960 1962 2043; x_wconf 47' lang='lat' dir='ltr'><strong>‘pie-</strong></span> 
     </span>
    </p>
   </div>
   <div class='ocr_carea' id='block_1_37' title="bbox 372 2064 1964 2135">
    <p class='ocr_par' dir='ltr' id='par_1_37' title="bbox 372 2064 1964 2135">
     <span class='ocr_line' id='line_1_37' title="bbox 372 2064 1964 2135; baseline -0.001 -16"><span class='ocrx_word' id='word_1_249' title='bbox 372 2066 533 2128; x_wconf 89' lang='lat' dir='ltr'><strong>tatis,</strong></span> <span class='ocrx_word' id='word_1_250' title='bbox 579 2075 633 2120; x_wconf 89' lang='lat' dir='ltr'><strong>et</strong></span> <span class='ocrx_word' id='word_1_251' title='bbox 670 2065 1076 2135; x_wconf 77' lang='lat' dir='ltr'><strong>adipiscendam</strong></span> <span class='ocrx_word' id='word_1_252' title='bbox 1115 2074 1375 2120; x_wconf 81' lang='lat' dir='ltr'><strong>:eternam</strong></span> <span class='ocrx_word' id='word_1_253' title='bbox 1407 2064 1811 2120; x_wconf 84' lang='lat' dir='ltr'><strong>beatitudinem.</strong></span> <span class='ocrx_word' id='word_1_254' title='bbox 1850 2064 1964 2119; x_wconf 77' lang='lat' dir='ltr'><strong>Vir-</strong></span> 
     </span>
    </p>
   </div>
   <div class='ocr_carea' id='block_1_38' title="bbox 367 2156 1963 2221">
    <p class='ocr_par' dir='ltr' id='par_1_38' title="bbox 367 2156 1963 2221">
     <span class='ocr_line' id='line_1_38' title="bbox 367 2156 1963 2221; baseline 0.001 -14"><span class='ocrx_word' id='word_1_255' title='bbox 367 2165 460 2209; x_wconf 84' lang='lat' dir='ltr'><strong>tus</strong></span> <span class='ocrx_word' id='word_1_256' title='bbox 487 2166 569 2211; x_wconf 90' lang='lat' dir='ltr'><strong>est</strong></span> <span class='ocrx_word' id='word_1_257' title='bbox 598 2157 764 2210; x_wconf 90' lang='lat' dir='ltr'><strong>animi</strong></span> <span class='ocrx_word' id='word_1_258' title='bbox 793 2156 1029 2221; x_wconf 85' lang='lat' dir='ltr'><strong>habitus,</strong></span> <span class='ocrx_word' id='word_1_259' title='bbox 1055 2165 1265 2211; x_wconf 73' lang='lat' dir='ltr'><strong>natura:</strong></span> <span class='ocrx_word' id='word_1_260' title='bbox 1295 2156 1479 2221; x_wconf 90' lang='lat' dir='ltr'><strong>decus,</strong></span> <span class='ocrx_word' id='word_1_261' title='bbox 1506 2156 1629 2209; x_wconf 64' lang='lat' dir='ltr'><strong>vitae</strong></span> <span class='ocrx_word' id='word_1_262' title='bbox 1658 2156 1816 2220; x_wconf 85' lang='lat' dir='ltr'><strong>ratio,</strong></span> <span class='ocrx_word' id='word_1_263' title='bbox 1848 2171 1963 2210; x_wconf 89' lang='lat' dir='ltr'><strong>mo-</strong></span> 
     </span>
    </p>
   </div>
   <div class='ocr_carea' id='block_1_39' title="bbox 368 2244 1962 2318">
    <p class='ocr_par' dir='ltr' id='par_1_39' title="bbox 368 2244 1962 2318">
     <span class='ocr_line' id='line_1_39' title="bbox 368 2244 1962 2318; baseline 0.001 -18"><span class='ocrx_word' id='word_1_264' title='bbox 368 2263 489 2302; x_wconf 85' lang='lat' dir='ltr'><strong>rum</strong></span> <span class='ocrx_word' id='word_1_265' title='bbox 547 2248 801 2301; x_wconf 83' lang='lat' dir='ltr'><strong>nobilitas</strong></span> <span class='ocrx_word' id='word_1_266' title='bbox 853 2257 907 2301; x_wconf 89' lang='lat' dir='ltr'><strong>et</strong></span> <span class='ocrx_word' id='word_1_267' title='bbox 960 2246 1156 2318; x_wconf 68' lang='lat' dir='ltr'><strong>lingute</strong></span> <span class='ocrx_word' id='word_1_268' title='bbox 1202 2246 1521 2301; x_wconf 87' lang='lat' dir='ltr'><strong>moderatio.</strong></span> <span class='ocrx_word' id='word_1_269' title='bbox 1583 2244 1707 2301; x_wconf 72' lang='lat' dir='ltr'><strong>llzee</strong></span> <span class='ocrx_word' id='word_1_270' title='bbox 1765 2246 1962 2317; x_wconf 89' lang='lat' dir='ltr'><strong>quippe</strong></span> 
     </span>
    </p>
   </div>
   <div class='ocr_carea' id='block_1_40' title="bbox 369 2337 1959 2409">
    <p class='ocr_par' dir='ltr' id='par_1_40' title="bbox 369 2337 1959 2409">
     <span class='ocr_line' id='line_1_40' title="bbox 369 2337 1959 2409; baseline 0.001 -19"><span class='ocrx_word' id='word_1_271' title='bbox 369 2348 561 2394; x_wconf 75' lang='lat' dir='ltr'><strong>t&#39;tlltCla</strong></span> <span class='ocrx_word' id='word_1_272' title='bbox 588 2381 601 2401; x_wconf 95' lang='lat'><strong>,</strong></span> <span class='ocrx_word' id='word_1_273' title='bbox 648 2354 681 2392; x_wconf 91' lang='grc' dir='ltr'>ο</span> <span class='ocrx_word' id='word_1_274' title='bbox 722 2346 908 2393; x_wconf 89' lang='lat' dir='ltr'><strong>saneta</strong></span> <span class='ocrx_word' id='word_1_275' title='bbox 951 2354 1083 2393; x_wconf 73' lang='lat' dir='ltr'><strong>crux</strong></span> <span class='ocrx_word' id='word_1_276' title='bbox 1107 2380 1122 2403; x_wconf 91' lang='lat'><strong>,</strong></span> <span class='ocrx_word' id='word_1_277' title='bbox 1166 2338 1430 2409; x_wconf 83' lang='lat' dir='ltr'><strong>religiosis</strong></span> <span class='ocrx_word' id='word_1_278' title='bbox 1467 2337 1777 2393; x_wconf 88' lang='lat' dir='ltr'><strong>hominibus</strong></span> <span class='ocrx_word' id='word_1_279' title='bbox 1816 2338 1959 2407; x_wconf 86' lang='lat' dir='ltr'><strong>jnsta</strong></span> 
     </span>
    </p>
   </div>
   <div class='ocr_carea' id='block_1_41' title="bbox 370 2427 1959 2499">
    <p class='ocr_par' dir='ltr' id='par_1_41' title="bbox 370 2427 1959 2499">
     <span class='ocr_line' id='line_1_41' title="bbox 370 2427 1959 2499; baseline 0.001 -18"><span class='ocrx_word' id='word_1_280' title='bbox 370 2430 526 2484; x_wconf 74' lang='lat' dir='ltr'><strong>laude</strong></span> <span class='ocrx_word' id='word_1_281' title='bbox 555 2429 830 2499; x_wconf 88' lang='lat' dir='ltr'><strong>probanda</strong></span> <span class='ocrx_word' id='word_1_282' title='bbox 873 2439 927 2483; x_wconf 94' lang='lat' dir='ltr'><strong>tu</strong></span> <span class='ocrx_word' id='word_1_283' title='bbox 964 2430 1130 2484; x_wconf 87' lang='lat' dir='ltr'><strong>tradis</strong></span> <span class='ocrx_word' id='word_1_284' title='bbox 1164 2449 1174 2483; x_wconf 91' lang='lat'>:</span> <span class='ocrx_word' id='word_1_285' title='bbox 1206 2438 1401 2484; x_wconf 87' lang='lat' dir='ltr'><strong>cuncta</strong></span> <span class='ocrx_word' id='word_1_286' title='bbox 1428 2427 1587 2483; x_wconf 92' lang='lat' dir='ltr'><strong>simul</strong></span> <span class='ocrx_word' id='word_1_287' title='bbox 1625 2429 1959 2498; x_wconf 88' lang='lat' dir='ltr'><strong>beneplaeita</strong></span> 
     </span>
    </p>
   </div>
   <div class='ocr_carea' id='block_1_42' title="bbox 370 2517 1956 2588">
    <p class='ocr_par' dir='ltr' id='par_1_42' title="bbox 370 2517 1956 2588">
     <span class='ocr_line' id='line_1_42' title="bbox 370 2517 1956 2588; baseline 0.001 -17"><span class='ocrx_word' id='word_1_288' title='bbox 370 2520 483 2573; x_wconf 82' lang='lat' dir='ltr'><strong>Deo</strong></span> <span class='ocrx_word' id='word_1_289' title='bbox 520 2520 878 2588; x_wconf 86' lang='lat' dir='ltr'><strong>depromens,</strong></span> <span class='ocrx_word' id='word_1_290' title='bbox 916 2528 971 2573; x_wconf 92' lang='lat' dir='ltr'><strong>et</strong></span> <span class='ocrx_word' id='word_1_291' title='bbox 1007 2518 1216 2587; x_wconf 84' lang='lat' dir='ltr'><strong>singula</strong></span> <span class='ocrx_word' id='word_1_292' title='bbox 1261 2517 1497 2573; x_wconf 86' lang='lat' dir='ltr'><strong>salubria</strong></span> <span class='ocrx_word' id='word_1_293' title='bbox 1541 2532 1663 2573; x_wconf 88' lang='lat' dir='ltr'><strong>esse</strong></span> <span class='ocrx_word' id='word_1_294' title='bbox 1704 2520 1956 2588; x_wconf 89' lang='lat' dir='ltr'><strong>prodens.</strong></span> 
     </span>
    </p>
   </div>
   <div class='ocr_carea' id='block_1_43' title="bbox 370 2608 1960 2679">
    <p class='ocr_par' dir='ltr' id='par_1_43' title="bbox 370 2608 1960 2679">
     <span class='ocr_line' id='line_1_43' title="bbox 370 2608 1960 2679; baseline 0.004 -20"><span class='ocrx_word' id='word_1_295' title='bbox 370 2608 482 2661; x_wconf 80' lang='lat' dir='ltr'><strong>Tua</strong></span> <span class='ocrx_word' id='word_1_296' title='bbox 529 2618 717 2663; x_wconf 90' lang='lat' dir='ltr'><strong>sancta</strong></span> <span class='ocrx_word' id='word_1_297' title='bbox 758 2609 1042 2679; x_wconf 89' lang='lat' dir='ltr'><strong>prudentia</strong></span> <span class='ocrx_word' id='word_1_298' title='bbox 1085 2617 1329 2665; x_wconf 90' lang='lat' dir='ltr'><strong>tenerum</strong></span> <span class='ocrx_word' id='word_1_299' title='bbox 1384 2608 1644 2663; x_wconf 90' lang='lat' dir='ltr'><strong>mundum</strong></span> <span class='ocrx_word' id='word_1_300' title='bbox 1689 2610 1758 2665; x_wconf 90' lang='lat' dir='ltr'><strong>ah</strong></span> <span class='ocrx_word' id='word_1_301' title='bbox 1806 2610 1960 2665; x_wconf 86' lang='lat' dir='ltr'><strong>initio</strong></span> 
     </span>
    </p>
   </div>
   <div class='ocr_carea' id='block_1_44' title="bbox 367 2699 1957 2773">
    <p class='ocr_par' dir='ltr' id='par_1_44' title="bbox 367 2699 1957 2773">
     <span class='ocr_line' id='line_1_44' title="bbox 367 2699 1957 2773; baseline 0.002 -21"><span class='ocrx_word' id='word_1_302' title='bbox 367 2700 588 2765; x_wconf 88' lang='lat' dir='ltr'><strong>docuit,</strong></span> <span class='ocrx_word' id='word_1_303' title='bbox 626 2699 844 2769; x_wconf 89' lang='lat' dir='ltr'><strong>quando</strong></span> <span class='ocrx_word' id='word_1_304' title='bbox 884 2716 980 2771; x_wconf 90' lang='lat' dir='ltr'><strong>per</strong></span> <span class='ocrx_word' id='word_1_305' title='bbox 1006 2701 1327 2773; x_wconf 73' lang='lat' dir='ltr'><strong>martyrium</strong></span> <span class='ocrx_word' id='word_1_306' title='bbox 1358 2699 1490 2765; x_wconf 84' lang='lat' dir='ltr'><strong>Abel</strong></span> <span class='ocrx_word' id='word_1_307' title='bbox 1512 2699 1641 2769; x_wconf 91' lang='lat' dir='ltr'><strong>justi</strong></span> <span class='ocrx_word' id='word_1_308' title='bbox 1672 2716 1770 2772; x_wconf 89' lang='lat' dir='ltr'><strong>pro</strong></span> <span class='ocrx_word' id='word_1_309' title='bbox 1800 2700 1957 2755; x_wconf 88' lang='lat' dir='ltr'><strong>inno-</strong></span> 
     </span>
    </p>
   </div>
   <div class='ocr_carea' id='block_1_45' title="bbox 366 2792 1957 2865">
    <p class='ocr_par' dir='ltr' id='par_1_45' title="bbox 366 2792 1957 2865">
     <span class='ocr_line' id='line_1_45' title="bbox 366 2792 1957 2865; baseline 0 -18"><span class='ocrx_word' id='word_1_310' title='bbox 366 2795 543 2849; x_wconf 81' lang='lat' dir='ltr'><strong>centia</strong></span> <span class='ocrx_word' id='word_1_311' title='bbox 576 2795 875 2865; x_wconf 85' lang='lat' dir='ltr'><strong>ponendam</strong></span> <span class='ocrx_word' id='word_1_312' title='bbox 907 2794 1144 2850; x_wconf 89' lang='lat' dir='ltr'><strong>animam</strong></span> <span class='ocrx_word' id='word_1_313' title='bbox 1171 2793 1595 2860; x_wconf 80' lang='lat' dir='ltr'><strong>demonstravit;</strong></span> <span class='ocrx_word' id='word_1_314' title='bbox 1624 2793 1690 2849; x_wconf 93' lang='lat' dir='ltr'><strong>de</strong></span> <span class='ocrx_word' id='word_1_315' title='bbox 1725 2792 1957 2862; x_wconf 78' lang='lat' dir='ltr'><strong>tejbsti-</strong></span> 
     </span>
    </p>
   </div>
   <div class='ocr_carea' id='block_1_46' title="bbox 368 2883 1958 2955">
    <p class='ocr_par' dir='ltr' id='par_1_46' title="bbox 368 2883 1958 2955">
     <span class='ocr_line' id='line_1_46' title="bbox 368 2883 1958 2955; baseline -0.001 -15"><span class='ocrx_word' id='word_1_316' title='bbox 368 2889 438 2940; x_wconf 86' lang='lat' dir='ltr'><strong>tia</strong></span> <span class='ocrx_word' id='word_1_317' title='bbox 472 2887 607 2940; x_wconf 89' lang='lat' dir='ltr'><strong>bene</strong></span> <span class='ocrx_word' id='word_1_318' title='bbox 645 2887 761 2941; x_wconf 87' lang='lat' dir='ltr'><strong>zelo</strong></span> <span class='ocrx_word' id='word_1_319' title='bbox 789 2886 1036 2951; x_wconf 85' lang='lat' dir='ltr'><strong>fervens,</strong></span> <span class='ocrx_word' id='word_1_320' title='bbox 1068 2883 1265 2940; x_wconf 90' lang='lat' dir='ltr'><strong>diaboli</strong></span> <span class='ocrx_word' id='word_1_321' title='bbox 1303 2899 1556 2955; x_wconf 86' lang='lat' dir='ltr'><strong>pompam</strong></span> <span class='ocrx_word' id='word_1_322' title='bbox 1599 2884 1958 2954; x_wconf 85' lang='lat' dir='ltr'><strong>spernendam</strong></span> 
     </span>
    </p>
   </div>
   <div class='ocr_carea' id='block_1_47' title="bbox 366 2972 1957 3048">
    <p class='ocr_par' dir='ltr' id='par_1_47' title="bbox 366 2972 1957 3048">
     <span class='ocr_line' id='line_1_47' title="bbox 366 2972 1957 3048; baseline 0 -20"><span class='ocrx_word' id='word_1_323' title='bbox 366 2986 418 3031; x_wconf 83' lang='lat' dir='ltr'><strong>et</strong></span> <span class='ocrx_word' id='word_1_324' title='bbox 449 2976 648 3032; x_wconf 87' lang='lat' dir='ltr'><strong>Christi</strong></span> <span class='ocrx_word' id='word_1_325' title='bbox 679 2977 866 3048; x_wconf 74' lang='lat' dir='ltr'><strong>gratia:</strong></span> <span class='ocrx_word' id='word_1_326' title='bbox 893 2974 1301 3047; x_wconf 86' lang='lat' dir='ltr'><strong>obsequendum</strong></span> <span class='ocrx_word' id='word_1_327' title='bbox 1330 2974 1523 3029; x_wconf 91' lang='lat' dir='ltr'><strong>suasit.</strong></span> <span class='ocrx_word' id='word_1_328' title='bbox 1552 2972 1658 3028; x_wconf 87' lang='lat' dir='ltr'><strong>Per</strong></span> <span class='ocrx_word' id='word_1_329' title='bbox 1694 2982 1745 3027; x_wconf 87' lang='lat' dir='ltr'><strong>te</strong></span> <span class='ocrx_word' id='word_1_330' title='bbox 1772 2982 1957 3029; x_wconf 85' lang='lat' dir='ltr'><strong>castus</strong></span> 
     </span>
    </p>
   </div>
   <div class='ocr_carea' id='block_1_48' title="bbox 2069 1791 3651 1862">
    <p class='ocr_par' dir='ltr' id='par_1_48' title="bbox 2069 1791 3651 1862">
     <span class='ocr_line' id='line_1_48' title="bbox 2069 1791 3651 1862; baseline 0.001 -15"><span class='ocrx_word' id='word_1_331' title='bbox 2069 1800 2274 1859; x_wconf 85' lang='lat' dir='ltr'><strong>tentes,</strong></span> <span class='ocrx_word' id='word_1_332' title='bbox 2313 1791 2495 1847; x_wconf 90' lang='lat' dir='ltr'><strong>omnia</strong></span> <span class='ocrx_word' id='word_1_333' title='bbox 2526 1807 2690 1862; x_wconf 89' lang='lat' dir='ltr'><strong>regna</strong></span> <span class='ocrx_word' id='word_1_334' title='bbox 2734 1806 2953 1847; x_wconf 89' lang='lat' dir='ltr'><strong>servare</strong></span> <span class='ocrx_word' id='word_1_335' title='bbox 2981 1791 3200 1847; x_wconf 90' lang='lat' dir='ltr'><strong>modum</strong></span> <span class='ocrx_word' id='word_1_336' title='bbox 3229 1807 3387 1847; x_wconf 89' lang='lat' dir='ltr'><strong>suum</strong></span> <span class='ocrx_word' id='word_1_337' title='bbox 3412 1793 3513 1848; x_wconf 86' lang='lat' dir='ltr'><strong>sub</strong></span> <span class='ocrx_word' id='word_1_338' title='bbox 3533 1794 3651 1849; x_wconf 82' lang='lat' dir='ltr'><strong>dis-</strong></span> 
     </span>
    </p>
   </div>
   <div class='ocr_carea' id='block_1_49' title="bbox 2065 1881 3655 1955">
    <p class='ocr_par' dir='ltr' id='par_1_49' title="bbox 2065 1881 3655 1955">
     <span class='ocr_line' id='line_1_49' title="bbox 2065 1881 3655 1955; baseline 0.001 -16"><span class='ocrx_word' id='word_1_339' title='bbox 2065 1884 2381 1955; x_wconf 82' lang='lat' dir='ltr'><strong>pensatione</strong></span> <span class='ocrx_word' id='word_1_340' title='bbox 2410 1884 2710 1939; x_wconf 83' lang='lat' dir='ltr'><strong>divinitatis</strong></span> <span class='ocrx_word' id='word_1_341' title='bbox 2741 1881 2903 1950; x_wconf 83' lang='lat' dir='ltr'><strong>Jesu,</strong></span> <span class='ocrx_word' id='word_1_342' title='bbox 2935 1898 3043 1938; x_wconf 92' lang='lat' dir='ltr'><strong>non</strong></span> <span class='ocrx_word' id='word_1_343' title='bbox 3081 1883 3254 1938; x_wconf 91' lang='lat' dir='ltr'><strong>solum</strong></span> <span class='ocrx_word' id='word_1_344' title='bbox 3279 1899 3400 1955; x_wconf 60' lang='lat' dir='ltr'><strong>quae</strong></span> <span class='ocrx_word' id='word_1_345' title='bbox 3428 1885 3480 1940; x_wconf 92' lang='lat' dir='ltr'><strong>in</strong></span> <span class='ocrx_word' id='word_1_346' title='bbox 3518 1886 3655 1941; x_wconf 77' lang='lat' dir='ltr'><strong>orbe</strong></span> 
     </span>
    </p>
   </div>
   <div class='ocr_carea' id='block_1_50' title="bbox 2066 1973 3653 2044">
    <p class='ocr_par' dir='ltr' id='par_1_50' title="bbox 2066 1973 3653 2044">
     <span class='ocr_line' id='line_1_50' title="bbox 2066 1973 3653 2044; baseline -0.001 -14"><span class='ocrx_word' id='word_1_347' title='bbox 2066 1983 2375 2040; x_wconf 83' lang='lat' dir='ltr'><strong>moventur,</strong></span> <span class='ocrx_word' id='word_1_348' title='bbox 2405 1974 2534 2044; x_wconf 89' lang='lat' dir='ltr'><strong>quin</strong></span> <span class='ocrx_word' id='word_1_349' title='bbox 2563 1975 2729 2028; x_wconf 89' lang='lat' dir='ltr'><strong>etiam</strong></span> <span class='ocrx_word' id='word_1_350' title='bbox 2765 1973 2946 2028; x_wconf 91' lang='lat' dir='ltr'><strong>omnia</strong></span> <span class='ocrx_word' id='word_1_351' title='bbox 2972 1989 3092 2044; x_wconf 77' lang='lat' dir='ltr'><strong>qua:</strong></span> <span class='ocrx_word' id='word_1_352' title='bbox 3116 1981 3263 2039; x_wconf 87' lang='lat' dir='ltr'><strong>sunt,</strong></span> <span class='ocrx_word' id='word_1_353' title='bbox 3293 1974 3498 2041; x_wconf 87' lang='lat' dir='ltr'><strong>vivunt,</strong></span> <span class='ocrx_word' id='word_1_354' title='bbox 3528 1990 3653 2030; x_wconf 85' lang='lat' dir='ltr'><strong>sen-</strong></span> 
     </span>
    </p>
   </div>
   <div class='ocr_carea' id='block_1_51' title="bbox 2067 2064 3652 2137">
    <p class='ocr_par' dir='ltr' id='par_1_51' title="bbox 2067 2064 3652 2137">
     <span class='ocr_line' id='line_1_51' title="bbox 2067 2064 3652 2137; baseline 0.001 -16"><span class='ocrx_word' id='word_1_355' title='bbox 2067 2067 2206 2122; x_wconf 88' lang='lat' dir='ltr'><strong>tiunt</strong></span> <span class='ocrx_word' id='word_1_356' title='bbox 2246 2075 2411 2137; x_wconf 84' lang='lat' dir='ltr'><strong>atque</strong></span> <span class='ocrx_word' id='word_1_357' title='bbox 2448 2067 2762 2122; x_wconf 87' lang='lat' dir='ltr'><strong>discernunt</strong></span> <span class='ocrx_word' id='word_1_358' title='bbox 2795 2064 2990 2134; x_wconf 87' lang='lat' dir='ltr'><strong>etjura</strong></span> <span class='ocrx_word' id='word_1_359' title='bbox 3021 2080 3243 2121; x_wconf 88' lang='lat' dir='ltr'><strong>servare</strong></span> <span class='ocrx_word' id='word_1_360' title='bbox 3281 2075 3520 2132; x_wconf 87' lang='lat' dir='ltr'><strong>norunt,</strong></span> <span class='ocrx_word' id='word_1_361' title='bbox 3548 2068 3652 2123; x_wconf 78' lang='lat' dir='ltr'><strong>Sub</strong></span> 
     </span>
    </p>
   </div>
   <div class='ocr_carea' id='block_1_52' title="bbox 2065 2155 3652 2228">
    <p class='ocr_par' dir='ltr' id='par_1_52' title="bbox 2065 2155 3652 2228">
     <span class='ocr_line' id='line_1_52' title="bbox 2065 2155 3652 2228; baseline 0.001 -16"><span class='ocrx_word' id='word_1_362' title='bbox 2065 2157 2168 2212; x_wconf 88' lang='lat' dir='ltr'><strong>hoc</strong></span> <span class='ocrx_word' id='word_1_363' title='bbox 2212 2157 2438 2227; x_wconf 89' lang='lat' dir='ltr'><strong>imperio</strong></span> <span class='ocrx_word' id='word_1_364' title='bbox 2477 2157 2784 2212; x_wconf 88' lang='lat' dir='ltr'><strong>consistunt</strong></span> <span class='ocrx_word' id='word_1_365' title='bbox 2820 2156 2888 2211; x_wconf 88' lang='lat' dir='ltr'><strong>ab</strong></span> <span class='ocrx_word' id='word_1_366' title='bbox 2919 2156 3092 2211; x_wconf 90' lang='lat' dir='ltr'><strong>initio.</strong></span> <span class='ocrx_word' id='word_1_367' title='bbox 3130 2155 3306 2213; x_wconf 89' lang='lat' dir='ltr'><strong>Imber</strong></span> <span class='ocrx_word' id='word_1_368' title='bbox 3336 2172 3553 2228; x_wconf 89' lang='lat' dir='ltr'><strong>quoque</strong></span> <span class='ocrx_word' id='word_1_369' title='bbox 3586 2174 3652 2214; x_wconf 87' lang='lat' dir='ltr'><strong>ac</strong></span> 
     </span>
    </p>
   </div>
   <div class='ocr_carea' id='block_1_53' title="bbox 2064 2249 3653 2322">
    <p class='ocr_par' dir='ltr' id='par_1_53' title="bbox 2064 2249 3653 2322">
     <span class='ocr_line' id='line_1_53' title="bbox 2064 2249 3653 2322; baseline 0.001 -18"><span class='ocrx_word' id='word_1_370' title='bbox 2064 2250 2271 2322; x_wconf 85' lang='lat' dir='ltr'><strong>grando</strong></span> <span class='ocrx_word' id='word_1_371' title='bbox 2298 2250 2364 2305; x_wconf 90' lang='lat' dir='ltr'><strong>de</strong></span> <span class='ocrx_word' id='word_1_372' title='bbox 2399 2251 2666 2314; x_wconf 90' lang='lat' dir='ltr'><strong>nubibus,</strong></span> <span class='ocrx_word' id='word_1_373' title='bbox 2706 2249 2796 2304; x_wconf 79' lang='lat' dir='ltr'><strong>nix</strong></span> <span class='ocrx_word' id='word_1_374' title='bbox 2819 2289 2834 2315; x_wconf 97' lang='lat'><strong>,</strong></span> <span class='ocrx_word' id='word_1_375' title='bbox 2865 2249 3059 2319; x_wconf 89' lang='lat' dir='ltr'><strong>pruina</strong></span> <span class='ocrx_word' id='word_1_376' title='bbox 3092 2264 3157 2303; x_wconf 91' lang='lat' dir='ltr'><strong>ac</strong></span> <span class='ocrx_word' id='word_1_377' title='bbox 3199 2249 3428 2319; x_wconf 85' lang='lat' dir='ltr'><strong>glacies,</strong></span> <span class='ocrx_word' id='word_1_378' title='bbox 3472 2265 3563 2304; x_wconf 84' lang='lat' dir='ltr'><strong>ros</strong></span> <span class='ocrx_word' id='word_1_379' title='bbox 3594 2259 3653 2305; x_wconf 89' lang='lat' dir='ltr'><strong>et</strong></span> 
     </span>
    </p>
   </div>
   <div class='ocr_carea' id='block_1_54' title="bbox 2062 2337 3649 2409">
    <p class='ocr_par' dir='ltr' id='par_1_54' title="bbox 2062 2337 3649 2409">
     <span class='ocr_line' id='line_1_54' title="bbox 2062 2337 3649 2409; baseline -0.001 -15"><span class='ocrx_word' id='word_1_380' title='bbox 2062 2354 2313 2395; x_wconf 84' lang='lat' dir='ltr'><strong>serenum</strong></span> <span class='ocrx_word' id='word_1_381' title='bbox 2351 2339 2508 2394; x_wconf 88' lang='lat' dir='ltr'><strong>simul</strong></span> <span class='ocrx_word' id='word_1_382' title='bbox 2551 2355 2672 2394; x_wconf 91' lang='lat' dir='ltr'><strong>cum</strong></span> <span class='ocrx_word' id='word_1_383' title='bbox 2713 2337 2954 2394; x_wconf 88' lang='lat' dir='ltr'><strong>fontibus</strong></span> <span class='ocrx_word' id='word_1_384' title='bbox 2995 2348 3051 2394; x_wconf 88' lang='lat' dir='ltr'><strong>et</strong></span> <span class='ocrx_word' id='word_1_385' title='bbox 3091 2339 3221 2395; x_wconf 84' lang='lat' dir='ltr'><strong>rivis</strong></span> <span class='ocrx_word' id='word_1_386' title='bbox 3259 2339 3312 2393; x_wconf 89' lang='lat' dir='ltr'><strong>in</strong></span> <span class='ocrx_word' id='word_1_387' title='bbox 3343 2348 3487 2393; x_wconf 89' lang='lat' dir='ltr'><strong>terra</strong></span> <span class='ocrx_word' id='word_1_388' title='bbox 3518 2354 3649 2409; x_wconf 89' lang='lat' dir='ltr'><strong>pro-</strong></span> 
     </span>
    </p>
   </div>
   <div class='ocr_carea' id='block_1_55' title="bbox 2061 2420 3652 2485">
    <p class='ocr_par' dir='ltr' id='par_1_55' title="bbox 2061 2420 3652 2485">
     <span class='ocr_line' id='line_1_55' title="bbox 2061 2420 3652 2485; baseline 0.001 -2"><span class='ocrx_word' id='word_1_389' title='bbox 2061 2428 2353 2485; x_wconf 87' lang='lat' dir='ltr'><strong>fluentibus</strong></span> <span class='ocrx_word' id='word_1_390' title='bbox 2381 2420 2695 2484; x_wconf 81' lang='lat' dir='ltr'><strong>Creatorem</strong></span> <span class='ocrx_word' id='word_1_391' title='bbox 2728 2437 2990 2485; x_wconf 86' lang='lat' dir='ltr'><strong>testantes</strong></span> <span class='ocrx_word' id='word_1_392' title='bbox 3018 2429 3256 2484; x_wconf 90' lang='lat' dir='ltr'><strong>laudant.</strong></span> <span class='ocrx_word' id='word_1_393' title='bbox 3285 2428 3487 2485; x_wconf 82' lang='lat' dir='ltr'><strong>Arcton</strong></span> <span class='ocrx_word' id='word_1_394' title='bbox 3519 2429 3652 2485; x_wconf 90' lang='lat' dir='ltr'><strong>Cre-</strong></span> 
     </span>
    </p>
   </div>
   <div class='ocr_carea' id='block_1_56' title="bbox 2063 2520 3651 2592">
    <p class='ocr_par' dir='ltr' id='par_1_56' title="bbox 2063 2520 3651 2592">
     <span class='ocr_line' id='line_1_56' title="bbox 2063 2520 3651 2592; baseline 0.003 -19"><span class='ocrx_word' id='word_1_395' title='bbox 2063 2520 2206 2575; x_wconf 84' lang='lat' dir='ltr'><strong>ticus</strong></span> <span class='ocrx_word' id='word_1_396' title='bbox 2229 2530 2285 2576; x_wconf 92' lang='lat' dir='ltr'><strong>et</strong></span> <span class='ocrx_word' id='word_1_397' title='bbox 2312 2521 2489 2576; x_wconf 91' lang='lat' dir='ltr'><strong>omnis</strong></span> <span class='ocrx_word' id='word_1_398' title='bbox 2514 2520 2789 2575; x_wconf 82' lang='lat' dir='ltr'><strong>stellarum</strong></span> <span class='ocrx_word' id='word_1_399' title='bbox 2815 2522 3013 2591; x_wconf 89' lang='lat' dir='ltr'><strong>positio</strong></span> <span class='ocrx_word' id='word_1_400' title='bbox 3051 2520 3206 2576; x_wconf 89' lang='lat' dir='ltr'><strong>simul</strong></span> <span class='ocrx_word' id='word_1_401' title='bbox 3232 2536 3355 2576; x_wconf 90' lang='lat' dir='ltr'><strong>cum</strong></span> <span class='ocrx_word' id='word_1_402' title='bbox 3385 2521 3651 2592; x_wconf 81' lang='lat' dir='ltr'><strong>vertigine</strong></span> 
     </span>
    </p>
   </div>
   <div class='ocr_carea' id='block_1_57' title="bbox 2060 2611 3652 2684">
    <p class='ocr_par' dir='ltr' id='par_1_57' title="bbox 2060 2611 3652 2684">
     <span class='ocr_line' id='line_1_57' title="bbox 2060 2611 3652 2684; baseline 0.001 -17"><span class='ocrx_word' id='word_1_403' title='bbox 2060 2611 2169 2681; x_wconf 90' lang='lat' dir='ltr'><strong>poli</strong></span> <span class='ocrx_word' id='word_1_404' title='bbox 2216 2621 2492 2667; x_wconf 89' lang='lat' dir='ltr'><strong>auctorem</strong></span> <span class='ocrx_word' id='word_1_405' title='bbox 2539 2613 2836 2683; x_wconf 65' lang='lat' dir='ltr'><strong>praedicant</strong></span> <span class='ocrx_word' id='word_1_406' title='bbox 2880 2628 3059 2669; x_wconf 90' lang='lat' dir='ltr'><strong>suum.</strong></span> <span class='ocrx_word' id='word_1_407' title='bbox 3108 2612 3317 2667; x_wconf 87' lang='lat' dir='ltr'><strong>Nemini</strong></span> <span class='ocrx_word' id='word_1_408' title='bbox 3366 2613 3652 2684; x_wconf 77' lang='lat' dir='ltr'><strong>displiceat</strong></span> 
     </span>
    </p>
   </div>
   <div class='ocr_carea' id='block_1_58' title="bbox 2060 2700 3646 2772">
    <p class='ocr_par' dir='ltr' id='par_1_58' title="bbox 2060 2700 3646 2772">
     <span class='ocr_line' id='line_1_58' title="bbox 2060 2700 3646 2772; baseline 0.004 -18"><span class='ocrx_word' id='word_1_409' title='bbox 2060 2702 2203 2771; x_wconf 91' lang='lat' dir='ltr'><strong>quod</strong></span> <span class='ocrx_word' id='word_1_410' title='bbox 2235 2702 2389 2767; x_wconf 90' lang='lat' dir='ltr'><strong>dico,</strong></span> <span class='ocrx_word' id='word_1_411' title='bbox 2421 2702 2544 2772; x_wconf 89' lang='lat' dir='ltr'><strong>quia</strong></span> <span class='ocrx_word' id='word_1_412' title='bbox 2572 2700 2965 2761; x_wconf 82' lang='lat' dir='ltr'><strong>Omnitenentis</strong></span> <span class='ocrx_word' id='word_1_413' title='bbox 2994 2702 3181 2758; x_wconf 89' lang='lat' dir='ltr'><strong>laudes</strong></span> <span class='ocrx_word' id='word_1_414' title='bbox 3219 2703 3426 2768; x_wconf 90' lang='lat' dir='ltr'><strong>scribo,</strong></span> <span class='ocrx_word' id='word_1_415' title='bbox 3454 2711 3512 2758; x_wconf 88' lang='lat' dir='ltr'><strong>et</strong></span> <span class='ocrx_word' id='word_1_416' title='bbox 3536 2720 3646 2760; x_wconf 85' lang='lat' dir='ltr'><strong>non</strong></span> 
     </span>
    </p>
   </div>
   <div class='ocr_carea' id='block_1_59' title="bbox 2061 2790 3640 2862">
    <p class='ocr_par' dir='ltr' id='par_1_59' title="bbox 2061 2790 3640 2862">
     <span class='ocr_line' id='line_1_59' title="bbox 2061 2790 3640 2862; baseline 0 -17"><span class='ocrx_word' id='word_1_417' title='bbox 2061 2790 2366 2846; x_wconf 88' lang='lat' dir='ltr'><strong>irrisionem</strong></span> <span class='ocrx_word' id='word_1_418' title='bbox 2387 2791 2472 2846; x_wconf 86' lang='lat' dir='ltr'><strong>ve‘l</strong></span> <span class='ocrx_word' id='word_1_419' title='bbox 2500 2791 2740 2847; x_wconf 91' lang='lat' dir='ltr'><strong>dolorem</strong></span> <span class='ocrx_word' id='word_1_420' title='bbox 2771 2790 2931 2846; x_wconf 88' lang='lat' dir='ltr'><strong>alicui</strong></span> <span class='ocrx_word' id='word_1_421' title='bbox 2963 2792 3168 2862; x_wconf 81' lang='lat' dir='ltr'><strong>iugem.</strong></span> <span class='ocrx_word' id='word_1_422' title='bbox 3187 2790 3640 2856; x_wconf 86' lang='lat' dir='ltr'><strong>Benedicite,om—</strong></span> 
     </span>
    </p>
   </div>
   <div class='ocr_carea' id='block_1_60' title="bbox 2059 2882 3644 2953">
    <p class='ocr_par' dir='ltr' id='par_1_60' title="bbox 2059 2882 3644 2953">
     <span class='ocr_line' id='line_1_60' title="bbox 2059 2882 3644 2953; baseline 0.001 -17"><span class='ocrx_word' id='word_1_423' title='bbox 2059 2882 2148 2936; x_wconf 88' lang='lat' dir='ltr'><strong>nia</strong></span> <span class='ocrx_word' id='word_1_424' title='bbox 2178 2898 2342 2953; x_wconf 85' lang='lat' dir='ltr'><strong>opera</strong></span> <span class='ocrx_word' id='word_1_425' title='bbox 2368 2882 2601 2948; x_wconf 89' lang='lat' dir='ltr'><strong>Domini,</strong></span> <span class='ocrx_word' id='word_1_426' title='bbox 2637 2884 2921 2939; x_wconf 92' lang='lat' dir='ltr'><strong>Dominum</strong></span> <span class='ocrx_word' id='word_1_427' title='bbox 2956 2900 2969 2937; x_wconf 89' lang='lat'><strong>:</strong></span> <span class='ocrx_word' id='word_1_428' title='bbox 3004 2890 3218 2938; x_wconf 87' lang='lat' dir='ltr'><strong>cantate</strong></span> <span class='ocrx_word' id='word_1_429' title='bbox 3245 2892 3300 2937; x_wconf 88' lang='lat' dir='ltr'><strong>et</strong></span> <span class='ocrx_word' id='word_1_430' title='bbox 3334 2883 3544 2952; x_wconf 86' lang='lat' dir='ltr'><strong>psallite</strong></span> <span class='ocrx_word' id='word_1_431' title='bbox 3571 2883 3644 2937; x_wconf 84' lang='lat' dir='ltr'><strong>ei.</strong></span> 
     </span>
    </p>
   </div>
   <div class='ocr_carea' id='block_1_61' title="bbox 2059 2971 3646 3043">
    <p class='ocr_par' dir='ltr' id='par_1_61' title="bbox 2059 2971 3646 3043">
     <span class='ocr_line' id='line_1_61' title="bbox 2059 2971 3646 3043; baseline 0.001 -16"><span class='ocrx_word' id='word_1_432' title='bbox 2059 2972 2311 3028; x_wconf 86' lang='lat' dir='ltr'><strong>Laudans</strong></span> <span class='ocrx_word' id='word_1_433' title='bbox 2348 2973 2491 3028; x_wconf 88' lang='lat' dir='ltr'><strong>dicat</strong></span> <span class='ocrx_word' id='word_1_434' title='bbox 2517 2971 2732 3042; x_wconf 89' lang='lat' dir='ltr'><strong>justus,</strong></span> <span class='ocrx_word' id='word_1_435' title='bbox 2763 2974 2906 3043; x_wconf 84' lang='lat' dir='ltr'><strong>quod</strong></span> <span class='ocrx_word' id='word_1_436' title='bbox 2935 2973 3183 3029; x_wconf 86' lang='lat' dir='ltr'><strong>Christus</strong></span> <span class='ocrx_word' id='word_1_437' title='bbox 3215 2974 3268 3029; x_wconf 88' lang='lat' dir='ltr'><strong>in</strong></span> <span class='ocrx_word' id='word_1_438' title='bbox 3305 2989 3468 3029; x_wconf 89' lang='lat' dir='ltr'><strong>cruce</strong></span> <span class='ocrx_word' id='word_1_439' title='bbox 3494 2974 3646 3029; x_wconf 77' lang='lat' dir='ltr'><strong>exal-</strong></span> 
     </span>
    </p>
   </div>
   <div class='ocr_carea' id='block_1_62' title="bbox 366 3056 3644 3139">
    <p class='ocr_par' dir='ltr' id='par_1_62' title="bbox 366 3056 3644 3139">
     <span class='ocr_line' id='line_1_62' title="bbox 366 3056 3644 3139; baseline -0.001 -19"><span class='ocrx_word' id='word_1_440' title='bbox 366 3084 519 3121; x_wconf 87' lang='lat' dir='ltr'><strong>amor</strong></span> <span class='ocrx_word' id='word_1_441' title='bbox 564 3067 614 3121; x_wconf 90' lang='lat' dir='ltr'><strong>in</strong></span> <span class='ocrx_word' id='word_1_442' title='bbox 657 3068 860 3121; x_wconf 86' lang='lat' dir='ltr'><strong>sanctis</strong></span> <span class='ocrx_word' id='word_1_443' title='bbox 902 3066 995 3120; x_wconf 88' lang='lat' dir='ltr'><strong>Dei</strong></span> <span class='ocrx_word' id='word_1_444' title='bbox 1041 3065 1203 3139; x_wconf 89' lang='lat' dir='ltr'><strong>erigit</strong></span> <span class='ocrx_word' id='word_1_445' title='bbox 1239 3081 1297 3121; x_wconf 92' lang='lat' dir='ltr'><strong>se</strong></span> <span class='ocrx_word' id='word_1_446' title='bbox 1340 3065 1407 3121; x_wconf 90' lang='lat' dir='ltr'><strong>ad</strong></span> <span class='ocrx_word' id='word_1_447' title='bbox 1448 3064 1763 3120; x_wconf 88' lang='lat' dir='ltr'><strong>sectandum</strong></span> <span class='ocrx_word' id='word_1_448' title='bbox 1806 3065 1954 3119; x_wconf 87' lang='lat' dir='ltr'><strong>utilia</strong></span> <span class='ocrx_word' id='word_1_449' title='bbox 1983 3056 2028 3118; x_wconf 89' lang='lat' dir='ltr'><strong>C</strong></span> <span class='ocrx_word' id='word_1_450' title='bbox 2060 3073 2202 3120; x_wconf 90' lang='lat' dir='ltr'><strong>tatus</strong></span> <span class='ocrx_word' id='word_1_451' title='bbox 2230 3064 2413 3119; x_wconf 89' lang='lat' dir='ltr'><strong>omnia</strong></span> <span class='ocrx_word' id='word_1_452' title='bbox 2452 3065 2631 3121; x_wconf 87' lang='lat' dir='ltr'><strong>trahat</strong></span> <span class='ocrx_word' id='word_1_453' title='bbox 2657 3065 2725 3119; x_wconf 91' lang='lat' dir='ltr'><strong>ad</strong></span> <span class='ocrx_word' id='word_1_454' title='bbox 2753 3065 3012 3135; x_wconf 87' lang='lat' dir='ltr'><strong>seipsum,</strong></span> <span class='ocrx_word' id='word_1_455' title='bbox 3041 3073 3096 3119; x_wconf 89' lang='lat' dir='ltr'><strong>et</strong></span> <span class='ocrx_word' id='word_1_456' title='bbox 3119 3063 3323 3121; x_wconf 89' lang='lat' dir='ltr'><strong>electos</strong></span> <span class='ocrx_word' id='word_1_457' title='bbox 3345 3080 3472 3120; x_wconf 89' lang='lat' dir='ltr'><strong>suos</strong></span> <span class='ocrx_word' id='word_1_458' title='bbox 3500 3065 3644 3119; x_wconf 85' lang='lat' dir='ltr'><strong>mili-</strong></span> 
     </span>
    </p>
   </div>
   <div class='ocr_carea' id='block_1_63' title="bbox 366 3155 1954 3223">
    <p class='ocr_par' dir='ltr' id='par_1_63' title="bbox 366 3155 1954 3223">
     <span class='ocr_line' id='line_1_63' title="bbox 366 3155 1954 3223; baseline 0 -12"><span class='ocrx_word' id='word_1_459' title='bbox 366 3157 586 3213; x_wconf 79' lang='lat' dir='ltr'><strong>eonsilia</strong></span> <span class='ocrx_word' id='word_1_460' title='bbox 609 3199 623 3223; x_wconf 90' lang='lat'><strong>,</strong></span> <span class='ocrx_word' id='word_1_461' title='bbox 666 3159 769 3213; x_wconf 89' lang='lat' dir='ltr'><strong>hoc</strong></span> <span class='ocrx_word' id='word_1_462' title='bbox 806 3166 921 3223; x_wconf 90' lang='lat' dir='ltr'><strong>est,</strong></span> <span class='ocrx_word' id='word_1_463' title='bbox 962 3158 1263 3214; x_wconf 88' lang='lat' dir='ltr'><strong>doctrinam</strong></span> <span class='ocrx_word' id='word_1_464' title='bbox 1299 3156 1678 3212; x_wconf 87' lang='lat' dir='ltr'><strong>mandatorum</strong></span> <span class='ocrx_word' id='word_1_465' title='bbox 1718 3155 1812 3211; x_wconf 90' lang='lat' dir='ltr'><strong>Dei</strong></span> <span class='ocrx_word' id='word_1_466' title='bbox 1846 3174 1859 3210; x_wconf 90' lang='lat'>:</span> <span class='ocrx_word' id='word_1_467' title='bbox 1894 3165 1954 3211; x_wconf 90' lang='lat' dir='ltr'><strong>ut</strong></span> 
     </span>
    </p>
   </div>
   <div class='ocr_carea' id='block_1_64' title="bbox 365 3246 1956 3320">
    <p class='ocr_par' dir='ltr' id='par_1_64' title="bbox 365 3246 1956 3320">
     <span class='ocr_line' id='line_1_64' title="bbox 365 3246 1956 3320; baseline 0.003 -20"><span class='ocrx_word' id='word_1_468' title='bbox 365 3246 607 3303; x_wconf 81' lang='lat' dir='ltr'><strong>fraudem</strong></span> <span class='ocrx_word' id='word_1_469' title='bbox 636 3248 857 3320; x_wconf 86' lang='lat' dir='ltr'><strong>maligni</strong></span> <span class='ocrx_word' id='word_1_470' title='bbox 894 3249 961 3304; x_wconf 90' lang='lat' dir='ltr'><strong>de</strong></span> <span class='ocrx_word' id='word_1_471' title='bbox 989 3248 1360 3320; x_wconf 88' lang='lat' dir='ltr'><strong>penetralibus</strong></span> <span class='ocrx_word' id='word_1_472' title='bbox 1398 3247 1618 3304; x_wconf 89' lang='lat' dir='ltr'><strong>humani</strong></span> <span class='ocrx_word' id='word_1_473' title='bbox 1652 3249 1835 3304; x_wconf 89' lang='lat' dir='ltr'><strong>cordis</strong></span> <span class='ocrx_word' id='word_1_474' title='bbox 1860 3265 1956 3304; x_wconf 87' lang='lat' dir='ltr'><strong>au-</strong></span> 
     </span>
    </p>
   </div>
   <div class='ocr_carea' id='block_1_65' title="bbox 365 3338 1950 3411">
    <p class='ocr_par' dir='ltr' id='par_1_65' title="bbox 365 3338 1950 3411">
     <span class='ocr_line' id='line_1_65' title="bbox 365 3338 1950 3411; baseline 0.003 -19"><span class='ocrx_word' id='word_1_475' title='bbox 365 3338 525 3405; x_wconf 72' lang='lat' dir='ltr'><strong>ferat,</strong></span> <span class='ocrx_word' id='word_1_476' title='bbox 560 3349 615 3394; x_wconf 91' lang='lat' dir='ltr'><strong>et</strong></span> <span class='ocrx_word' id='word_1_477' title='bbox 644 3340 828 3396; x_wconf 88' lang='lat' dir='ltr'><strong>fideles</strong></span> <span class='ocrx_word' id='word_1_478' title='bbox 858 3340 954 3395; x_wconf 89' lang='lat' dir='ltr'><strong>Dei</strong></span> <span class='ocrx_word' id='word_1_479' title='bbox 980 3341 1323 3397; x_wconf 90' lang='lat' dir='ltr'><strong>attendentes</strong></span> <span class='ocrx_word' id='word_1_480' title='bbox 1346 3339 1413 3395; x_wconf 88' lang='lat' dir='ltr'><strong>ad</strong></span> <span class='ocrx_word' id='word_1_481' title='bbox 1436 3339 1678 3396; x_wconf 76' lang='lat' dir='ltr'><strong>ccelestia</strong></span> <span class='ocrx_word' id='word_1_482' title='bbox 1705 3342 1950 3411; x_wconf 62' lang='lat' dir='ltr'><strong>praemia,</strong></span> 
     </span>
    </p>
   </div>
   <div class='ocr_carea' id='block_1_66' title="bbox 364 3430 1955 3502">
    <p class='ocr_par' dir='ltr' id='par_1_66' title="bbox 364 3430 1955 3502">
     <span class='ocr_line' id='line_1_66' title="bbox 364 3430 1955 3502; baseline 0.001 -19"><span class='ocrx_word' id='word_1_483' title='bbox 364 3445 618 3499; x_wconf 83' lang='lat' dir='ltr'><strong>superare</strong></span> <span class='ocrx_word' id='word_1_484' title='bbox 641 3430 821 3485; x_wconf 88' lang='lat' dir='ltr'><strong>carnis</strong></span> <span class='ocrx_word' id='word_1_485' title='bbox 842 3430 1311 3502; x_wconf 89' lang='lat' dir='ltr'><strong>concupiscentias</strong></span> <span class='ocrx_word' id='word_1_486' title='bbox 1324 3431 1511 3486; x_wconf 89' lang='lat' dir='ltr'><strong>doceat</strong></span> <span class='ocrx_word' id='word_1_487' title='bbox 1528 3446 1542 3496; x_wconf 94' lang='lat'><strong>;</strong></span> <span class='ocrx_word' id='word_1_488' title='bbox 1560 3430 1780 3501; x_wconf 89' lang='lat' dir='ltr'><strong>ipseque</strong></span> <span class='ocrx_word' id='word_1_489' title='bbox 1801 3447 1955 3485; x_wconf 89' lang='lat' dir='ltr'><strong>amor</strong></span> 
     </span>
    </p>
   </div>
   <div class='ocr_carea' id='block_1_67' title="bbox 364 3521 1955 3594">
    <p class='ocr_par' dir='ltr' id='par_1_67' title="bbox 364 3521 1955 3594">
     <span class='ocr_line' id='line_1_67' title="bbox 364 3521 1955 3594; baseline 0.004 -23"><span class='ocrx_word' id='word_1_490' title='bbox 364 3537 462 3591; x_wconf 75' lang='lat' dir='ltr'><strong>per</strong></span> <span class='ocrx_word' id='word_1_491' title='bbox 490 3522 800 3577; x_wconf 78' lang='lat' dir='ltr'><strong>universam</strong></span> <span class='ocrx_word' id='word_1_492' title='bbox 835 3522 1020 3576; x_wconf 90' lang='lat' dir='ltr'><strong>mundi</strong></span> <span class='ocrx_word' id='word_1_493' title='bbox 1061 3521 1400 3577; x_wconf 89' lang='lat' dir='ltr'><strong>latitudinem</strong></span> <span class='ocrx_word' id='word_1_494' title='bbox 1441 3531 1658 3578; x_wconf 86' lang='lat' dir='ltr'><strong>sanctos</strong></span> <span class='ocrx_word' id='word_1_495' title='bbox 1696 3523 1955 3594; x_wconf 60' lang='lat' dir='ltr'><strong>praedica-</strong></span> 
     </span>
    </p>
   </div>
   <div class='ocr_carea' id='block_1_68' title="bbox 365 3610 1955 3683">
    <p class='ocr_par' dir='ltr' id='par_1_68' title="bbox 365 3610 1955 3683">
     <span class='ocr_line' id='line_1_68' title="bbox 365 3610 1955 3683; baseline 0.001 -19"><span class='ocrx_word' id='word_1_496' title='bbox 365 3622 512 3666; x_wconf 90' lang='lat' dir='ltr'><strong>tores</strong></span> <span class='ocrx_word' id='word_1_497' title='bbox 540 3611 705 3677; x_wconf 90' lang='lat' dir='ltr'><strong>ducit,</strong></span> <span class='ocrx_word' id='word_1_498' title='bbox 739 3620 1027 3683; x_wconf 87' lang='lat' dir='ltr'><strong>arguentes</strong></span> <span class='ocrx_word' id='word_1_499' title='bbox 1049 3610 1200 3677; x_wconf 88' lang='lat' dir='ltr'><strong>vitia,</strong></span> <span class='ocrx_word' id='word_1_500' title='bbox 1226 3621 1281 3667; x_wconf 88' lang='lat' dir='ltr'><strong>et</strong></span> <span class='ocrx_word' id='word_1_501' title='bbox 1312 3611 1542 3667; x_wconf 77' lang='lat' dir='ltr'><strong>virtutes</strong></span> <span class='ocrx_word' id='word_1_502' title='bbox 1571 3612 1955 3668; x_wconf 68' lang='lat' dir='ltr'><strong>commenda».-</strong></span> 
     </span>
    </p>
   </div>
   <div class='ocr_carea' id='block_1_69' title="bbox 364 3701 1953 3774">
    <p class='ocr_par' dir='ltr' id='par_1_69' title="bbox 364 3701 1953 3774">
     <span class='ocr_line' id='line_1_69' title="bbox 364 3701 1953 3774; baseline 0.002 -19"><span class='ocrx_word' id='word_1_503' title='bbox 364 3713 445 3755; x_wconf 86' lang='lat' dir='ltr'><strong>tes</strong></span> <span class='ocrx_word' id='word_1_504' title='bbox 475 3702 835 3773; x_wconf 87' lang='lat' dir='ltr'><strong>docentesque</strong></span> <span class='ocrx_word' id='word_1_505' title='bbox 861 3717 959 3774; x_wconf 90' lang='lat' dir='ltr'><strong>per</strong></span> <span class='ocrx_word' id='word_1_506' title='bbox 989 3701 1341 3774; x_wconf 87' lang='lat' dir='ltr'><strong>Evangelium</strong></span> <span class='ocrx_word' id='word_1_507' title='bbox 1372 3701 1721 3773; x_wconf 78' lang='lat' dir='ltr'><strong>Redemptori</strong></span> <span class='ocrx_word' id='word_1_508' title='bbox 1753 3705 1953 3773; x_wconf 84' lang='lat' dir='ltr'><strong>gratias</strong></span> 
     </span>
    </p>
   </div>
   <div class='ocr_carea' id='block_1_70' title="bbox 362 3794 1951 3868">
    <p class='ocr_par' dir='ltr' id='par_1_70' title="bbox 362 3794 1951 3868">
     <span class='ocr_line' id='line_1_70' title="bbox 362 3794 1951 3868; baseline 0.003 -23"><span class='ocrx_word' id='word_1_509' title='bbox 362 3794 650 3868; x_wconf 86' lang='lat' dir='ltr'><strong>agendum,</strong></span> <span class='ocrx_word' id='word_1_510' title='bbox 680 3796 770 3866; x_wconf 83' lang='lat' dir='ltr'><strong>qui</strong></span> <span class='ocrx_word' id='word_1_511' title='bbox 795 3794 1092 3850; x_wconf 90' lang='lat' dir='ltr'><strong>secundum</strong></span> <span class='ocrx_word' id='word_1_512' title='bbox 1120 3803 1365 3849; x_wconf 87' lang='lat' dir='ltr'><strong>veterum</strong></span> <span class='ocrx_word' id='word_1_513' title='bbox 1394 3795 1734 3865; x_wconf 89' lang='lat' dir='ltr'><strong>prophetiam</strong></span> <span class='ocrx_word' id='word_1_514' title='bbox 1767 3796 1951 3851; x_wconf 84' lang='lat' dir='ltr'><strong>novis-</strong></span> 
     </span>
    </p>
   </div>
   <div class='ocr_carea' id='block_1_71' title="bbox 360 3887 1954 3959">
    <p class='ocr_par' dir='ltr' id='par_1_71' title="bbox 360 3887 1954 3959">
     <span class='ocr_line' id='line_1_71' title="bbox 360 3887 1954 3959; baseline 0.001 -16"><span class='ocrx_word' id='word_1_515' title='bbox 360 3889 517 3943; x_wconf 85' lang='lat' dir='ltr'><strong>simis</strong></span> <span class='ocrx_word' id='word_1_516' title='bbox 542 3890 875 3959; x_wconf 87' lang='lat' dir='ltr'><strong>temporibus</strong></span> <span class='ocrx_word' id='word_1_517' title='bbox 901 3888 1213 3943; x_wconf 90' lang='lat' dir='ltr'><strong>incarnatus</strong></span> <span class='ocrx_word' id='word_1_518' title='bbox 1238 3896 1343 3953; x_wconf 87' lang='lat' dir='ltr'><strong>est,</strong></span> <span class='ocrx_word' id='word_1_519' title='bbox 1368 3896 1423 3943; x_wconf 88' lang='lat' dir='ltr'><strong>ct</strong></span> <span class='ocrx_word' id='word_1_520' title='bbox 1452 3887 1703 3942; x_wconf 87' lang='lat' dir='ltr'><strong>mandata</strong></span> <span class='ocrx_word' id='word_1_521' title='bbox 1738 3889 1954 3944; x_wconf 88' lang='lat' dir='ltr'><strong>tradens</strong></span> 
     </span>
    </p>
   </div>
   <div class='ocr_carea' id='block_1_72' title="bbox 362 3977 1949 4050">
    <p class='ocr_par' dir='ltr' id='par_1_72' title="bbox 362 3977 1949 4050">
     <span class='ocr_line' id='line_1_72' title="bbox 362 3977 1949 4050; baseline 0.001 -19"><span class='ocrx_word' id='word_1_522' title='bbox 362 3978 677 4050; x_wconf 84' lang='lat' dir='ltr'><strong>evange&#39;lea</strong></span> <span class='ocrx_word' id='word_1_523' title='bbox 717 3978 886 4050; x_wconf 85' lang='lat' dir='ltr'><strong>signis</strong></span> <span class='ocrx_word' id='word_1_524' title='bbox 916 3986 971 4032; x_wconf 89' lang='lat' dir='ltr'><strong>et</strong></span> <span class='ocrx_word' id='word_1_525' title='bbox 999 3977 1277 4033; x_wconf 89' lang='lat' dir='ltr'><strong>miraculis</strong></span> <span class='ocrx_word' id='word_1_526' title='bbox 1307 3992 1467 4034; x_wconf 88' lang='lat' dir='ltr'><strong>verus</strong></span> <span class='ocrx_word' id='word_1_527' title='bbox 1505 3978 1647 4033; x_wconf 86' lang='lat' dir='ltr'><strong>Deus</strong></span> <span class='ocrx_word' id='word_1_528' title='bbox 1674 3979 1905 4033; x_wconf 90' lang='lat' dir='ltr'><strong>innotuit</strong></span> <span class='ocrx_word' id='word_1_529' title='bbox 1935 3997 1949 4032; x_wconf 88' lang='lat'><strong><em>:</em></strong></span> 
     </span>
    </p>
   </div>
   <div class='ocr_carea' id='block_1_73' title="bbox 364 4069 1954 4142">
    <p class='ocr_par' dir='ltr' id='par_1_73' title="bbox 364 4069 1954 4142">
     <span class='ocr_line' id='line_1_73' title="bbox 364 4069 1954 4142; baseline -0.001 -17"><span class='ocrx_word' id='word_1_530' title='bbox 364 4072 667 4127; x_wconf 84' lang='lat' dir='ltr'><strong>concedens</strong></span> <span class='ocrx_word' id='word_1_531' title='bbox 687 4072 939 4127; x_wconf 82' lang='lat' dir='ltr'><strong>omnibus</strong></span> <span class='ocrx_word' id='word_1_532' title='bbox 964 4069 1208 4125; x_wconf 86' lang='lat' dir='ltr'><strong>fidelibus</strong></span> <span class='ocrx_word' id='word_1_533' title='bbox 1230 4069 1329 4125; x_wconf 90' lang='lat' dir='ltr'><strong>sibi</strong></span> <span class='ocrx_word' id='word_1_534' title='bbox 1353 4077 1411 4123; x_wconf 93' lang='lat' dir='ltr'><strong>ut</strong></span> <span class='ocrx_word' id='word_1_535' title='bbox 1431 4085 1529 4142; x_wconf 92' lang='lat' dir='ltr'><strong>per</strong></span> <span class='ocrx_word' id='word_1_536' title='bbox 1553 4069 1714 4125; x_wconf 89' lang='lat' dir='ltr'><strong>fidem</strong></span> <span class='ocrx_word' id='word_1_537' title='bbox 1738 4070 1954 4141; x_wconf 89' lang='lat' dir='ltr'><strong>plenam</strong></span> 
     </span>
    </p>
   </div>
   <div class='ocr_carea' id='block_1_74' title="bbox 363 4159 1953 4234">
    <p class='ocr_par' dir='ltr' id='par_1_74' title="bbox 363 4159 1953 4234">
     <span class='ocr_line' id='line_1_74' title="bbox 363 4159 1953 4234; baseline -0.002 -16"><span class='ocrx_word' id='word_1_538' title='bbox 363 4174 418 4218; x_wconf 92' lang='lat' dir='ltr'><strong>et</strong></span> <span class='ocrx_word' id='word_1_539' title='bbox 447 4165 771 4234; x_wconf 87' lang='lat' dir='ltr'><strong>baptismum</strong></span> <span class='ocrx_word' id='word_1_540' title='bbox 804 4162 979 4217; x_wconf 88' lang='lat' dir='ltr'><strong>lucem</strong></span> <span class='ocrx_word' id='word_1_541' title='bbox 1009 4170 1269 4218; x_wconf 80' lang='lat' dir='ltr'><strong>:etcrnam</strong></span> <span class='ocrx_word' id='word_1_542' title='bbox 1297 4160 1709 4230; x_wconf 89' lang='lat' dir='ltr'><strong>conquirerent,</strong></span> <span class='ocrx_word' id='word_1_543' title='bbox 1743 4159 1953 4230; x_wconf 87' lang='lat' dir='ltr'><strong>illisque</strong></span> 
     </span>
    </p>
   </div>
   <div class='ocr_carea' id='block_1_75' title="bbox 362 4251 1952 4326">
    <p class='ocr_par' dir='ltr' id='par_1_75' title="bbox 362 4251 1952 4326">
     <span class='ocr_line' id='line_1_75' title="bbox 362 4251 1952 4326; baseline -0.004 -16"><span class='ocrx_word' id='word_1_544' title='bbox 362 4257 453 4326; x_wconf 87' lang='lat' dir='ltr'><strong>qui</strong></span> <span class='ocrx_word' id='word_1_545' title='bbox 488 4257 711 4311; x_wconf 90' lang='lat' dir='ltr'><strong>intentis</strong></span> <span class='ocrx_word' id='word_1_546' title='bbox 740 4256 960 4311; x_wconf 88' lang='lat' dir='ltr'><strong>auribus</strong></span> <span class='ocrx_word' id='word_1_547' title='bbox 990 4254 1268 4310; x_wconf 81' lang='lat' dir='ltr'><strong>caelestem</strong></span> <span class='ocrx_word' id='word_1_548' title='bbox 1314 4251 1617 4309; x_wconf 90' lang='lat' dir='ltr'><strong>doctrinam</strong></span> <span class='ocrx_word' id='word_1_549' title='bbox 1646 4251 1952 4322; x_wconf 86' lang='lat' dir='ltr'><strong>capiebant,</strong></span> 
     </span>
    </p>
   </div>
   <div class='ocr_carea' id='block_1_76' title="bbox 361 4341 1950 4401">
    <p class='ocr_par' dir='ltr' id='par_1_76' title="bbox 361 4341 1950 4401">
     <span class='ocr_line' id='line_1_76' title="bbox 361 4341 1950 4401; baseline -0.003 -1"><span class='ocrx_word' id='word_1_550' title='bbox 361 4347 511 4401; x_wconf 88' lang='lat' dir='ltr'><strong>dedit</strong></span> <span class='ocrx_word' id='word_1_551' title='bbox 552 4348 604 4400; x_wconf 90' lang='lat' dir='ltr'><strong>in</strong></span> <span class='ocrx_word' id='word_1_552' title='bbox 644 4346 862 4401; x_wconf 90' lang='lat' dir='ltr'><strong>modum</strong></span> <span class='ocrx_word' id='word_1_553' title='bbox 910 4346 1064 4400; x_wconf 82' lang='lat' dir='ltr'><strong>home</strong></span> <span class='ocrx_word' id='word_1_554' title='bbox 1110 4353 1270 4400; x_wconf 78' lang='lat' dir='ltr'><strong>terra:</strong></span> <span class='ocrx_word' id='word_1_555' title='bbox 1303 4341 1522 4399; x_wconf 88' lang='lat' dir='ltr'><strong>uberem</strong></span> <span class='ocrx_word' id='word_1_556' title='bbox 1565 4358 1632 4397; x_wconf 80' lang='lat' dir='ltr'><strong>ex</strong></span> <span class='ocrx_word' id='word_1_557' title='bbox 1673 4341 1823 4397; x_wconf 84' lang='lat' dir='ltr'><strong>verbi</strong></span> <span class='ocrx_word' id='word_1_558' title='bbox 1863 4356 1950 4395; x_wconf 91' lang='lat' dir='ltr'><strong>se-</strong></span> 
     </span>
    </p>
   </div>
   <div class='ocr_carea' id='block_1_77' title="bbox 362 4431 1952 4507">
    <p class='ocr_par' dir='ltr' id='par_1_77' title="bbox 362 4431 1952 4507">
     <span class='ocr_line' id='line_1_77' title="bbox 362 4431 1952 4507; baseline -0.004 -16"><span class='ocrx_word' id='word_1_559' title='bbox 362 4438 509 4492; x_wconf 86' lang='lat' dir='ltr'><strong>mine</strong></span> <span class='ocrx_word' id='word_1_560' title='bbox 537 4438 799 4492; x_wconf 89' lang='lat' dir='ltr'><strong>virtutum</strong></span> <span class='ocrx_word' id='word_1_561' title='bbox 832 4437 1066 4507; x_wconf 87' lang='lat' dir='ltr'><strong>fructum</strong></span> <span class='ocrx_word' id='word_1_562' title='bbox 1092 4434 1357 4506; x_wconf 87' lang='lat' dir='ltr'><strong>proferre,</strong></span> <span class='ocrx_word' id='word_1_563' title='bbox 1388 4442 1443 4489; x_wconf 91' lang='lat' dir='ltr'><strong>et</strong></span> <span class='ocrx_word' id='word_1_564' title='bbox 1473 4433 1516 4488; x_wconf 89' lang='lat' dir='ltr'><strong>si</strong></span> <span class='ocrx_word' id='word_1_565' title='bbox 1547 4448 1653 4502; x_wconf 88' lang='lat' dir='ltr'><strong>qua</strong></span> <span class='ocrx_word' id='word_1_566' title='bbox 1683 4431 1952 4486; x_wconf 89' lang='lat' dir='ltr'><strong>incentiva</strong></span> 
     </span>
    </p>
   </div>
   <div class='ocr_carea' id='block_1_78' title="bbox 362 4522 1954 4595">
    <p class='ocr_par' dir='ltr' id='par_1_78' title="bbox 362 4522 1954 4595">
     <span class='ocr_line' id='line_1_78' title="bbox 362 4522 1954 4595; baseline -0.003 -11"><span class='ocrx_word' id='word_1_567' title='bbox 362 4539 571 4584; x_wconf 69' lang='lat' dir='ltr'><strong>natura:</strong></span> <span class='ocrx_word' id='word_1_568' title='bbox 612 4529 667 4582; x_wconf 91' lang='lat' dir='ltr'><strong>in</strong></span> <span class='ocrx_word' id='word_1_569' title='bbox 711 4528 792 4582; x_wconf 90' lang='lat' dir='ltr'><strong>eis</strong></span> <span class='ocrx_word' id='word_1_570' title='bbox 838 4529 1147 4592; x_wconf 88' lang='lat' dir='ltr'><strong>orirentur,</strong></span> <span class='ocrx_word' id='word_1_571' title='bbox 1199 4526 1411 4581; x_wconf 90' lang='lat' dir='ltr'><strong>abscisa</strong></span> <span class='ocrx_word' id='word_1_572' title='bbox 1459 4524 1733 4595; x_wconf 83' lang='lat' dir='ltr'><strong>Evangelii</strong></span> <span class='ocrx_word' id='word_1_573' title='bbox 1781 4522 1954 4579; x_wconf 90' lang='lat' dir='ltr'><strong>cultro</strong></span> 
     </span>
    </p>
   </div>
   <div class='ocr_carea' id='block_1_79' title="bbox 360 4615 1953 4689">
    <p class='ocr_par' dir='ltr' id='par_1_79' title="bbox 360 4615 1953 4689">
     <span class='ocr_line' id='line_1_79' title="bbox 360 4615 1953 4689; baseline -0.004 -16"><span class='ocrx_word' id='word_1_574' title='bbox 360 4622 580 4674; x_wconf 87' lang='lat' dir='ltr'><strong>flamma</strong></span> <span class='ocrx_word' id='word_1_575' title='bbox 620 4616 856 4689; x_wconf 90' lang='lat' dir='ltr'><strong>Spiritus</strong></span> <span class='ocrx_word' id='word_1_576' title='bbox 894 4616 1069 4677; x_wconf 86' lang='lat' dir='ltr'><strong>sancti</strong></span> <span class='ocrx_word' id='word_1_577' title='bbox 1116 4624 1530 4680; x_wconf 85' lang='lat' dir='ltr'><strong>concremaret,</strong></span> <span class='ocrx_word' id='word_1_578' title='bbox 1583 4625 1642 4669; x_wconf 90' lang='lat' dir='ltr'><strong>ut</strong></span> <span class='ocrx_word' id='word_1_579' title='bbox 1683 4615 1801 4671; x_wconf 89' lang='lat' dir='ltr'><strong>sine</strong></span> <span class='ocrx_word' id='word_1_580' title='bbox 1847 4615 1953 4671; x_wconf 91' lang='lat' dir='ltr'><strong>ullo</strong></span> 
     </span>
    </p>
   </div>
   <div class='ocr_carea' id='block_1_80' title="bbox 360 4703 1955 4778">
    <p class='ocr_par' dir='ltr' id='par_1_80' title="bbox 360 4703 1955 4778">
     <span class='ocr_line' id='line_1_80' title="bbox 360 4703 1955 4778; baseline -0.003 -15"><span class='ocrx_word' id='word_1_581' title='bbox 360 4707 751 4778; x_wconf 87' lang='lat' dir='ltr'><strong>impedimento</strong></span> <span class='ocrx_word' id='word_1_582' title='bbox 788 4706 1027 4762; x_wconf 90' lang='lat' dir='ltr'><strong>divinum</strong></span> <span class='ocrx_word' id='word_1_583' title='bbox 1056 4720 1274 4777; x_wconf 87' lang='lat' dir='ltr'><strong>germen</strong></span> <span class='ocrx_word' id='word_1_584' title='bbox 1312 4711 1368 4761; x_wconf 81' lang='lat' dir='ltr'><strong>et</strong></span> <span class='ocrx_word' id='word_1_585' title='bbox 1402 4703 1711 4773; x_wconf 88' lang='lat' dir='ltr'><strong>spirituales</strong></span> <span class='ocrx_word' id='word_1_586' title='bbox 1736 4703 1955 4760; x_wconf 84' lang='lat' dir='ltr'><strong>delicias</strong></span> 
     </span>
    </p>
   </div>
   <div class='ocr_carea' id='block_1_81' title="bbox 360 4795 1953 4874">
    <p class='ocr_par' dir='ltr' id='par_1_81' title="bbox 360 4795 1953 4874">
     <span class='ocr_line' id='line_1_81' title="bbox 360 4795 1953 4874; baseline -0.004 -16"><span class='ocrx_word' id='word_1_587' title='bbox 360 4803 475 4874; x_wconf 85' lang='lat' dir='ltr'><strong>regi</strong></span> <span class='ocrx_word' id='word_1_588' title='bbox 517 4800 735 4857; x_wconf 88' lang='lat' dir='ltr'><strong>Christo</strong></span> <span class='ocrx_word' id='word_1_589' title='bbox 774 4799 1111 4854; x_wconf 64' lang='lat' dir='ltr'><strong>exhiberem.</strong></span> <span class='ocrx_word' id='word_1_590' title='bbox 1149 4797 1258 4855; x_wconf 79' lang='lat' dir='ltr'><strong>llos</strong></span> <span class='ocrx_word' id='word_1_591' title='bbox 1299 4813 1432 4870; x_wconf 91' lang='lat' dir='ltr'><strong>ergo</strong></span> <span class='ocrx_word' id='word_1_592' title='bbox 1474 4795 1682 4853; x_wconf 85' lang='lat' dir='ltr'><strong>fruetus</strong></span> <span class='ocrx_word' id='word_1_593' title='bbox 1716 4797 1953 4869; x_wconf 88' lang='lat' dir='ltr'><strong>primum</strong></span> 
     </span>
    </p>
   </div>
   <div class='ocr_carea' id='block_1_82' title="bbox 300 4886 1950 4967">
    <p class='ocr_par' dir='ltr' id='par_1_82' title="bbox 300 4886 1950 4967">
     <span class='ocr_line' id='line_1_82' title="bbox 300 4886 1950 4967; baseline -0.004 -19"><span class='ocrx_word' id='word_1_594' title='bbox 300 4960 321 4967; x_wconf 86' lang='lat'><em>_</em></span> <span class='ocrx_word' id='word_1_595' title='bbox 362 4893 495 4948; x_wconf 86' lang='lat' dir='ltr'><strong>fides</strong></span> <span class='ocrx_word' id='word_1_596' title='bbox 520 4900 575 4947; x_wconf 90' lang='lat' dir='ltr'><strong>et</strong></span> <span class='ocrx_word' id='word_1_597' title='bbox 601 4890 791 4963; x_wconf 87' lang='lat' dir='ltr'><strong>religio</strong></span> <span class='ocrx_word' id='word_1_598' title='bbox 810 4888 1115 4946; x_wconf 87' lang='lat' dir='ltr'><strong>Christiana</strong></span> <span class='ocrx_word' id='word_1_599' title='bbox 1139 4903 1237 4962; x_wconf 89' lang='lat' dir='ltr'><strong>per</strong></span> <span class='ocrx_word' id='word_1_600' title='bbox 1262 4887 1647 4959; x_wconf 65' lang='lat' dir='ltr'><strong>praedicatores</strong></span> <span class='ocrx_word' id='word_1_601' title='bbox 1672 4886 1950 4959; x_wconf 79' lang='lat' dir='ltr'><strong>Evangelii</strong></span> 
     </span>
    </p>
   </div>
   <div class='ocr_carea' id='block_1_83' title="bbox 360 4980 1948 5054">
    <p class='ocr_par' dir='ltr' id='par_1_83' title="bbox 360 4980 1948 5054">
     <span class='ocr_line' id='line_1_83' title="bbox 360 4980 1948 5054; baseline -0.004 -15"><span class='ocrx_word' id='word_1_602' title='bbox 360 4983 662 5054; x_wconf 84' lang='lat' dir='ltr'><strong>plantavit,</strong></span> <span class='ocrx_word' id='word_1_603' title='bbox 700 4980 892 5038; x_wconf 86' lang='lat' dir='ltr'><strong>deinde</strong></span> <span class='ocrx_word' id='word_1_604' title='bbox 918 4981 1092 5053; x_wconf 88' lang='lat' dir='ltr'><strong>gratia</strong></span> <span class='ocrx_word' id='word_1_605' title='bbox 1121 4982 1379 5037; x_wconf 90' lang='lat' dir='ltr'><strong>virtutum</strong></span> <span class='ocrx_word' id='word_1_606' title='bbox 1416 4995 1581 5053; x_wconf 90' lang='lat' dir='ltr'><strong>puros</strong></span> <span class='ocrx_word' id='word_1_607' title='bbox 1620 4988 1675 5035; x_wconf 92' lang='lat' dir='ltr'><strong>et</strong></span> <span class='ocrx_word' id='word_1_608' title='bbox 1709 4980 1776 5036; x_wconf 90' lang='lat' dir='ltr'><strong>ab</strong></span> <span class='ocrx_word' id='word_1_609' title='bbox 1802 4981 1948 5035; x_wconf 89' lang='lat' dir='ltr'><strong>onmi</strong></span> 
     </span>
    </p>
   </div>
   <div class='ocr_carea' id='block_1_84' title="bbox 310 5072 1947 5143">
    <p class='ocr_par' dir='ltr' id='par_1_84' title="bbox 310 5072 1947 5143">
     <span class='ocr_line' id='line_1_84' title="bbox 310 5072 1947 5143; baseline -0.005 -10"><span class='ocrx_word' id='word_1_610' title='bbox 310 5124 319 5133; x_wconf 83' lang='lat'><strong>.</strong></span> <span class='ocrx_word' id='word_1_611' title='bbox 360 5077 521 5132; x_wconf 86' lang='lat' dir='ltr'><strong>surde</strong></span> <span class='ocrx_word' id='word_1_612' title='bbox 554 5076 758 5131; x_wconf 88' lang='lat' dir='ltr'><strong>alienos</strong></span> <span class='ocrx_word' id='word_1_613' title='bbox 798 5073 1032 5131; x_wconf 86' lang='lat' dir='ltr'><strong>ostendit</strong></span> <span class='ocrx_word' id='word_1_614' title='bbox 1078 5092 1089 5128; x_wconf 92' lang='lat'>:</span> <span class='ocrx_word' id='word_1_615' title='bbox 1126 5073 1321 5130; x_wconf 89' lang='lat' dir='ltr'><strong>dehinc</strong></span> <span class='ocrx_word' id='word_1_616' title='bbox 1351 5072 1609 5143; x_wconf 87' lang='lat' dir='ltr'><strong>patientia</strong></span> <span class='ocrx_word' id='word_1_617' title='bbox 1638 5080 1947 5128; x_wconf 87' lang='lat' dir='ltr'><strong>sanctorum</strong></span> 
     </span>
    </p>
   </div>
   <div class='ocr_carea' id='block_1_85' title="bbox 362 5164 1949 5238">
    <p class='ocr_par' dir='ltr' id='par_1_85' title="bbox 362 5164 1949 5238">
     <span class='ocr_line' id='line_1_85' title="bbox 362 5164 1949 5238; baseline -0.005 -15"><span class='ocrx_word' id='word_1_618' title='bbox 362 5170 417 5224; x_wconf 91' lang='lat' dir='ltr'><strong>in</strong></span> <span class='ocrx_word' id='word_1_619' title='bbox 460 5166 901 5223; x_wconf 86' lang='lat' dir='ltr'><strong>tribulationibus</strong></span> <span class='ocrx_word' id='word_1_620' title='bbox 941 5164 1221 5238; x_wconf 88' lang='lat' dir='ltr'><strong>probavit;</strong></span> <span class='ocrx_word' id='word_1_621' title='bbox 1262 5172 1480 5235; x_wconf 88' lang='lat' dir='ltr'><strong>pactum</strong></span> <span class='ocrx_word' id='word_1_622' title='bbox 1513 5177 1729 5234; x_wconf 81' lang='lat' dir='ltr'><strong>quoque</strong></span> <span class='ocrx_word' id='word_1_623' title='bbox 1770 5170 1825 5216; x_wconf 91' lang='lat' dir='ltr'><strong>et</strong></span> <span class='ocrx_word' id='word_1_624' title='bbox 1860 5176 1949 5215; x_wconf 90' lang='lat' dir='ltr'><strong>so-</strong></span> 
     </span>
    </p>
   </div>
   <div class='ocr_carea' id='block_1_86' title="bbox 360 5252 1951 5324">
    <p class='ocr_par' dir='ltr' id='par_1_86' title="bbox 360 5252 1951 5324">
     <span class='ocr_line' id='line_1_86' title="bbox 360 5252 1951 5324; baseline -0.002 -13"><span class='ocrx_word' id='word_1_625' title='bbox 360 5261 532 5315; x_wconf 82' lang='lat' dir='ltr'><strong>ciclas</strong></span> <span class='ocrx_word' id='word_1_626' title='bbox 569 5274 709 5313; x_wconf 75' lang='lat' dir='ltr'><strong>vera:</strong></span> <span class='ocrx_word' id='word_1_627' title='bbox 747 5255 1052 5314; x_wconf 70' lang='lat' dir='ltr'><strong>concordia:</strong></span> <span class='ocrx_word' id='word_1_628' title='bbox 1098 5253 1433 5310; x_wconf 88' lang='lat' dir='ltr'><strong>eoadunatos</strong></span> <span class='ocrx_word' id='word_1_629' title='bbox 1469 5271 1524 5309; x_wconf 86' lang='lat' dir='ltr'><strong>et</strong></span> <span class='ocrx_word' id='word_1_630' title='bbox 1563 5252 1951 5324; x_wconf 88' lang='lat' dir='ltr'><strong>inseparabiles</strong></span> 
     </span>
    </p>
   </div>
   <div class='ocr_carea' id='block_1_87' title="bbox 362 5347 1949 5417">
    <p class='ocr_par' dir='ltr' id='par_1_87' title="bbox 362 5347 1949 5417">
     <span class='ocr_line' id='line_1_87' title="bbox 362 5347 1949 5417; baseline -0.003 -13"><span class='ocrx_word' id='word_1_631' title='bbox 362 5351 821 5417; x_wconf 77' lang='lat' dir='ltr'><strong>detnonstrando,</strong></span> <span class='ocrx_word' id='word_1_632' title='bbox 858 5347 1116 5406; x_wconf 87' lang='lat' dir='ltr'><strong>stabilivit</strong></span> <span class='ocrx_word' id='word_1_633' title='bbox 1160 5366 1172 5403; x_wconf 90' lang='lat'><strong>:</strong></span> <span class='ocrx_word' id='word_1_634' title='bbox 1217 5348 1339 5402; x_wconf 77' lang='lat' dir='ltr'><strong>exin</strong></span> <span class='ocrx_word' id='word_1_635' title='bbox 1382 5347 1541 5415; x_wconf 86' lang='lat' dir='ltr'><strong>modo</strong></span> <span class='ocrx_word' id='word_1_636' title='bbox 1582 5347 1781 5401; x_wconf 86' lang='lat' dir='ltr'><strong>virtute</strong></span> <span class='ocrx_word' id='word_1_637' title='bbox 1822 5362 1949 5401; x_wconf 89' lang='lat' dir='ltr'><strong>con-</strong></span> 
     </span>
    </p>
   </div>
   <div class='ocr_carea' id='block_1_88' title="bbox 363 5437 1947 5508">
    <p class='ocr_par' dir='ltr' id='par_1_88' title="bbox 363 5437 1947 5508">
     <span class='ocr_line' id='line_1_88' title="bbox 363 5437 1947 5508; baseline -0.002 -13"><span class='ocrx_word' id='word_1_638' title='bbox 363 5443 578 5496; x_wconf 69' lang='lat' dir='ltr'><strong>stantize</strong></span> <span class='ocrx_word' id='word_1_639' title='bbox 608 5441 821 5496; x_wconf 88' lang='lat' dir='ltr'><strong>fortiter</strong></span> <span class='ocrx_word' id='word_1_640' title='bbox 858 5443 1202 5503; x_wconf 86' lang='lat' dir='ltr'><strong>roborantur,</strong></span> <span class='ocrx_word' id='word_1_641' title='bbox 1231 5447 1285 5491; x_wconf 89' lang='lat' dir='ltr'><strong>et</strong></span> <span class='ocrx_word' id='word_1_642' title='bbox 1320 5454 1418 5508; x_wconf 89' lang='lat' dir='ltr'><strong>per</strong></span> <span class='ocrx_word' id='word_1_643' title='bbox 1454 5453 1637 5491; x_wconf 90' lang='lat' dir='ltr'><strong>veram</strong></span> <span class='ocrx_word' id='word_1_644' title='bbox 1669 5437 1947 5492; x_wconf 90' lang='lat' dir='ltr'><strong>humilita-</strong></span> 
     </span>
    </p>
   </div>
   <div class='ocr_carea' id='block_1_89' title="bbox 365 5525 1945 5596">
    <p class='ocr_par' dir='ltr' id='par_1_89' title="bbox 365 5525 1945 5596">
     <span class='ocr_line' id='line_1_89' title="bbox 365 5525 1945 5596; baseline -0.002 -13"><span class='ocrx_word' id='word_1_645' title='bbox 365 5539 472 5583; x_wconf 86' lang='lat' dir='ltr'><strong>tem</strong></span> <span class='ocrx_word' id='word_1_646' title='bbox 524 5530 674 5585; x_wconf 67' lang='lat' dir='ltr'><strong>illaesi</strong></span> <span class='ocrx_word' id='word_1_647' title='bbox 721 5530 1138 5593; x_wconf 84' lang='lat' dir='ltr'><strong>custodiuntur,</strong></span> <span class='ocrx_word' id='word_1_648' title='bbox 1194 5536 1252 5580; x_wconf 90' lang='lat' dir='ltr'><strong>ut</strong></span> <span class='ocrx_word' id='word_1_649' title='bbox 1304 5541 1401 5596; x_wconf 90' lang='lat' dir='ltr'><strong>per</strong></span> <span class='ocrx_word' id='word_1_650' title='bbox 1453 5525 1832 5580; x_wconf 87' lang='lat' dir='ltr'><strong>discretionem</strong></span> <span class='ocrx_word' id='word_1_651' title='bbox 1892 5526 1945 5580; x_wconf 87' lang='lat' dir='ltr'><strong>in</strong></span> 
     </span>
    </p>
   </div>
   <div class='ocr_carea' id='block_1_90' title="bbox 361 5616 1945 5692">
    <p class='ocr_par' dir='ltr' id='par_1_90' title="bbox 361 5616 1945 5692">
     <span class='ocr_line' id='line_1_90' title="bbox 361 5616 1945 5692; baseline -0.001 -18"><span class='ocrx_word' id='word_1_652' title='bbox 361 5630 709 5681; x_wconf 74' lang='lat' dir='ltr'><strong>augmentum</strong></span> <span class='ocrx_word' id='word_1_653' title='bbox 748 5619 1010 5692; x_wconf 80' lang='lat' dir='ltr'><strong>proficere</strong></span> <span class='ocrx_word' id='word_1_654' title='bbox 1054 5618 1306 5685; x_wconf 84' lang='lat' dir='ltr'><strong>valeant,</strong></span> <span class='ocrx_word' id='word_1_655' title='bbox 1349 5626 1402 5672; x_wconf 86' lang='lat' dir='ltr'><strong>et</strong></span> <span class='ocrx_word' id='word_1_656' title='bbox 1442 5633 1541 5690; x_wconf 91' lang='lat' dir='ltr'><strong>per</strong></span> <span class='ocrx_word' id='word_1_657' title='bbox 1586 5616 1945 5689; x_wconf 84' lang='lat' dir='ltr'><strong>longanimem</strong></span> 
     </span>
    </p>
   </div>
   <div class='ocr_carea' id='block_1_91' title="bbox 2059 3155 3647 3213">
    <p class='ocr_par' dir='ltr' id='par_1_91' title="bbox 2059 3155 3647 3213">
     <span class='ocr_line' id='line_1_91' title="bbox 2059 3155 3647 3213; baseline 0.001 -4"><span class='ocrx_word' id='word_1_658' title='bbox 2059 3163 2140 3211; x_wconf 88' lang='lat' dir='ltr'><strong>tes</strong></span> <span class='ocrx_word' id='word_1_659' title='bbox 2165 3157 2355 3211; x_wconf 89' lang='lat' dir='ltr'><strong>invitet</strong></span> <span class='ocrx_word' id='word_1_660' title='bbox 2383 3155 2450 3210; x_wconf 90' lang='lat' dir='ltr'><strong>ad</strong></span> <span class='ocrx_word' id='word_1_661' title='bbox 2484 3172 2760 3212; x_wconf 89' lang='lat' dir='ltr'><strong>coronam.</strong></span> <span class='ocrx_word' id='word_1_662' title='bbox 2798 3156 2914 3212; x_wconf 79' lang='lat' dir='ltr'><strong>Non</strong></span> <span class='ocrx_word' id='word_1_663' title='bbox 2937 3157 3081 3212; x_wconf 87' lang='lat' dir='ltr'><strong>enim</strong></span> <span class='ocrx_word' id='word_1_664' title='bbox 3113 3155 3190 3212; x_wconf 85' lang='lat' dir='ltr'><strong>fas</strong></span> <span class='ocrx_word' id='word_1_665' title='bbox 3223 3164 3307 3213; x_wconf 87' lang='lat' dir='ltr'><strong>cst</strong></span> <span class='ocrx_word' id='word_1_666' title='bbox 3344 3165 3405 3211; x_wconf 89' lang='lat' dir='ltr'><strong>ut</strong></span> <span class='ocrx_word' id='word_1_667' title='bbox 3439 3157 3491 3211; x_wconf 91' lang='lat' dir='ltr'><strong>in</strong></span> <span class='ocrx_word' id='word_1_668' title='bbox 3529 3156 3647 3211; x_wconf 82' lang='lat' dir='ltr'><strong>lau—</strong></span> 
     </span>
    </p>
   </div>
   <div class='ocr_carea' id='block_1_92' title="bbox 2057 3246 3647 3317">
    <p class='ocr_par' dir='ltr' id='par_1_92' title="bbox 2057 3246 3647 3317">
     <span class='ocr_line' id='line_1_92' title="bbox 2057 3246 3647 3317; baseline -0.003 -13"><span class='ocrx_word' id='word_1_669' title='bbox 2057 3250 2233 3304; x_wconf 90' lang='lat' dir='ltr'><strong>dando</strong></span> <span class='ocrx_word' id='word_1_670' title='bbox 2261 3249 2609 3307; x_wconf 89' lang='lat' dir='ltr'><strong>Conditorem</strong></span> <span class='ocrx_word' id='word_1_671' title='bbox 2647 3250 2921 3306; x_wconf 89' lang='lat' dir='ltr'><strong>discordet</strong></span> <span class='ocrx_word' id='word_1_672' title='bbox 2956 3248 3168 3304; x_wconf 86' lang='lat' dir='ltr'><strong>factura</strong></span> <span class='ocrx_word' id='word_1_673' title='bbox 3197 3246 3350 3317; x_wconf 91' lang='lat' dir='ltr'><strong>ejus,</strong></span> <span class='ocrx_word' id='word_1_674' title='bbox 3390 3247 3484 3301; x_wconf 90' lang='lat' dir='ltr'><strong>sed</strong></span> <span class='ocrx_word' id='word_1_675' title='bbox 3514 3262 3647 3317; x_wconf 88' lang='lat' dir='ltr'><strong>gau-</strong></span> 
     </span>
    </p>
   </div>
   <div class='ocr_carea' id='block_1_93' title="bbox 2056 3337 3646 3406">
    <p class='ocr_par' dir='ltr' id='par_1_93' title="bbox 2056 3337 3646 3406">
     <span class='ocr_line' id='line_1_93' title="bbox 2056 3337 3646 3406; baseline 0.001 -15"><span class='ocrx_word' id='word_1_676' title='bbox 2056 3337 2188 3392; x_wconf 91' lang='lat' dir='ltr'><strong>dens</strong></span> <span class='ocrx_word' id='word_1_677' title='bbox 2236 3340 2491 3394; x_wconf 89' lang='lat' dir='ltr'><strong>concinat</strong></span> <span class='ocrx_word' id='word_1_678' title='bbox 2536 3340 2638 3395; x_wconf 88' lang='lat' dir='ltr'><strong>sibi</strong></span> <span class='ocrx_word' id='word_1_679' title='bbox 2676 3339 2884 3395; x_wconf 89' lang='lat' dir='ltr'><strong>debitas</strong></span> <span class='ocrx_word' id='word_1_680' title='bbox 2926 3338 3131 3394; x_wconf 86' lang='lat' dir='ltr'><strong>laudes.</strong></span> <span class='ocrx_word' id='word_1_681' title='bbox 3182 3337 3443 3393; x_wconf 85' lang='lat' dir='ltr'><strong>Universa</strong></span> <span class='ocrx_word' id='word_1_682' title='bbox 3492 3352 3646 3406; x_wconf 56' lang='lat' dir='ltr'><strong>aqua}</strong></span> 
     </span>
    </p>
   </div>
   <div class='ocr_carea' id='block_1_94' title="bbox 2056 3424 3645 3499">
    <p class='ocr_par' dir='ltr' id='par_1_94' title="bbox 2056 3424 3645 3499">
     <span class='ocr_line' id='line_1_94' title="bbox 2056 3424 3645 3499; baseline -0.001 -19"><span class='ocrx_word' id='word_1_683' title='bbox 2056 3427 2303 3482; x_wconf 87' lang='lat' dir='ltr'><strong>natantia</strong></span> <span class='ocrx_word' id='word_1_684' title='bbox 2329 3436 2383 3483; x_wconf 88' lang='lat' dir='ltr'><strong>et</strong></span> <span class='ocrx_word' id='word_1_685' title='bbox 2418 3428 2689 3499; x_wconf 78' lang='lat' dir='ltr'><strong>serpentia</strong></span> <span class='ocrx_word' id='word_1_686' title='bbox 2724 3436 2913 3492; x_wconf 77' lang='lat' dir='ltr'><strong>terrzc,</strong></span> <span class='ocrx_word' id='word_1_687' title='bbox 2941 3436 3150 3481; x_wconf 76' lang='lat' dir='ltr'><strong>montes</strong></span> <span class='ocrx_word' id='word_1_688' title='bbox 3175 3435 3229 3481; x_wconf 88' lang='lat' dir='ltr'><strong>et</strong></span> <span class='ocrx_word' id='word_1_689' title='bbox 3254 3424 3451 3491; x_wconf 85' lang='lat' dir='ltr'><strong>colles,</strong></span> <span class='ocrx_word' id='word_1_690' title='bbox 3479 3440 3645 3481; x_wconf 88' lang='lat' dir='ltr'><strong>arena</strong></span> 
     </span>
    </p>
   </div>
   <div class='ocr_carea' id='block_1_95' title="bbox 2056 3515 3649 3589">
    <p class='ocr_par' dir='ltr' id='par_1_95' title="bbox 2056 3515 3649 3589">
     <span class='ocr_line' id='line_1_95' title="bbox 2056 3515 3649 3589; baseline -0.001 -17"><span class='ocrx_word' id='word_1_691' title='bbox 2056 3518 2244 3583; x_wconf 87' lang='lat' dir='ltr'><strong>maris,</strong></span> <span class='ocrx_word' id='word_1_692' title='bbox 2275 3518 2380 3574; x_wconf 90' lang='lat' dir='ltr'><strong>luci</strong></span> <span class='ocrx_word' id='word_1_693' title='bbox 2405 3528 2458 3573; x_wconf 89' lang='lat' dir='ltr'><strong>et</strong></span> <span class='ocrx_word' id='word_1_694' title='bbox 2497 3519 2677 3574; x_wconf 84' lang='lat' dir='ltr'><strong>omnia</strong></span> <span class='ocrx_word' id='word_1_695' title='bbox 2707 3518 2851 3589; x_wconf 88' lang='lat' dir='ltr'><strong>ligna</strong></span> <span class='ocrx_word' id='word_1_696' title='bbox 2881 3517 3159 3579; x_wconf 88' lang='lat' dir='ltr'><strong>silvarum,</strong></span> <span class='ocrx_word' id='word_1_697' title='bbox 3187 3515 3335 3581; x_wconf 72' lang='lat' dir='ltr'><strong>ferte,</strong></span> <span class='ocrx_word' id='word_1_698' title='bbox 3364 3531 3562 3586; x_wconf 83' lang='lat' dir='ltr'><strong>pecora</strong></span> <span class='ocrx_word' id='word_1_699' title='bbox 3592 3523 3649 3570; x_wconf 87' lang='lat' dir='ltr'><strong>et</strong></span> 
     </span>
    </p>
   </div>
   <div class='ocr_carea' id='block_1_96' title="bbox 2059 3607 3643 3681">
    <p class='ocr_par' dir='ltr' id='par_1_96' title="bbox 2059 3607 3643 3681">
     <span class='ocr_line' id='line_1_96' title="bbox 2059 3607 3643 3681; baseline -0.002 -17"><span class='ocrx_word' id='word_1_700' title='bbox 2059 3618 2239 3665; x_wconf 88' lang='lat' dir='ltr'><strong>truces</strong></span> <span class='ocrx_word' id='word_1_701' title='bbox 2275 3611 2491 3674; x_wconf 70' lang='lat' dir='ltr'><strong>hestite,</strong></span> <span class='ocrx_word' id='word_1_702' title='bbox 2533 3626 2746 3665; x_wconf 86' lang='lat' dir='ltr'><strong>vermes</strong></span> <span class='ocrx_word' id='word_1_703' title='bbox 2778 3609 3017 3681; x_wconf 89' lang='lat' dir='ltr'><strong>pulverei</strong></span> <span class='ocrx_word' id='word_1_704' title='bbox 3054 3616 3111 3663; x_wconf 87' lang='lat' dir='ltr'><strong>et</strong></span> <span class='ocrx_word' id='word_1_705' title='bbox 3150 3608 3351 3663; x_wconf 90' lang='lat' dir='ltr'><strong>minuta</strong></span> <span class='ocrx_word' id='word_1_706' title='bbox 3384 3607 3643 3671; x_wconf 74' lang='lat' dir='ltr'><strong>volatilia,</strong></span> 
     </span>
    </p>
   </div>
   <div class='ocr_carea' id='block_1_97' title="bbox 2056 3697 3648 3771">
    <p class='ocr_par' dir='ltr' id='par_1_97' title="bbox 2056 3697 3648 3771">
     <span class='ocr_line' id='line_1_97' title="bbox 2056 3697 3648 3771; baseline -0.003 -14"><span class='ocrx_word' id='word_1_707' title='bbox 2056 3718 2183 3759; x_wconf 88' lang='lat' dir='ltr'><strong>aves</strong></span> <span class='ocrx_word' id='word_1_708' title='bbox 2206 3712 2499 3758; x_wconf 79' lang='lat' dir='ltr'><strong>mansueta:</strong></span> <span class='ocrx_word' id='word_1_709' title='bbox 2521 3711 2575 3757; x_wconf 91' lang='lat' dir='ltr'><strong>et</strong></span> <span class='ocrx_word' id='word_1_710' title='bbox 2597 3702 2902 3757; x_wconf 86' lang='lat' dir='ltr'><strong>lacerantes</strong></span> <span class='ocrx_word' id='word_1_711' title='bbox 2921 3700 3207 3771; x_wconf 80' lang='lat' dir='ltr'><strong>unguibus.</strong></span> <span class='ocrx_word' id='word_1_712' title='bbox 3231 3697 3275 3754; x_wconf 94' lang='grc'>0</span> <span class='ocrx_word' id='word_1_713' title='bbox 3294 3714 3464 3769; x_wconf 87' lang='lat' dir='ltr'><strong>genus</strong></span> <span class='ocrx_word' id='word_1_714' title='bbox 3490 3698 3648 3753; x_wconf 80' lang='lat' dir='ltr'><strong>Chri-</strong></span> 
     </span>
    </p>
   </div>
   <div class='ocr_carea' id='block_1_98' title="bbox 2054 3790 3647 3864">
    <p class='ocr_par' dir='ltr' id='par_1_98' title="bbox 2054 3790 3647 3864">
     <span class='ocr_line' id='line_1_98' title="bbox 2054 3790 3647 3864; baseline -0.004 -15"><span class='ocrx_word' id='word_1_715' title='bbox 2054 3793 2304 3849; x_wconf 90' lang='lat' dir='ltr'><strong>sticolum</strong></span> <span class='ocrx_word' id='word_1_716' title='bbox 2330 3796 2342 3847; x_wconf 90' lang='lat'><strong>!</strong></span> <span class='ocrx_word' id='word_1_717' title='bbox 2376 3810 2484 3864; x_wconf 90' lang='lat' dir='ltr'><strong>quo</strong></span> <span class='ocrx_word' id='word_1_718' title='bbox 2513 3794 2636 3849; x_wconf 85' lang='lat' dir='ltr'><strong>coeli</strong></span> <span class='ocrx_word' id='word_1_719' title='bbox 2674 3802 2729 3848; x_wconf 89' lang='lat' dir='ltr'><strong>et</strong></span> <span class='ocrx_word' id='word_1_720' title='bbox 2758 3802 2903 3848; x_wconf 85' lang='lat' dir='ltr'><strong>terra</strong></span> <span class='ocrx_word' id='word_1_721' title='bbox 2941 3793 3291 3856; x_wconf 89' lang='lat' dir='ltr'><strong>decorantur,</strong></span> <span class='ocrx_word' id='word_1_722' title='bbox 3322 3806 3354 3844; x_wconf 91' lang='lat' dir='ltr'><strong>a</strong></span> <span class='ocrx_word' id='word_1_723' title='bbox 3383 3790 3535 3846; x_wconf 91' lang='lat' dir='ltr'><strong>vobis</strong></span> <span class='ocrx_word' id='word_1_724' title='bbox 3565 3790 3647 3844; x_wconf 63' lang='lat' dir='ltr'><strong>luo</strong></span> 
     </span>
    </p>
   </div>
   <div class='ocr_carea' id='block_1_99' title="bbox 2055 3868 3644 3955">
    <p class='ocr_par' dir='ltr' id='par_1_99' title="bbox 2055 3868 3644 3955">
     <span class='ocr_line' id='line_1_99' title="bbox 2055 3868 3644 3955; baseline -0.001 -17"><span class='ocrx_word' id='word_1_725' title='bbox 2055 3900 2177 3939; x_wconf 91' lang='lat' dir='ltr'><strong>men</strong></span> <span class='ocrx_word' id='word_1_726' title='bbox 2209 3883 2332 3938; x_wconf 89' lang='lat' dir='ltr'><strong>fidei</strong></span> <span class='ocrx_word' id='word_1_727' title='bbox 2362 3892 2416 3937; x_wconf 91' lang='lat' dir='ltr'><strong>ct</strong></span> <span class='ocrx_word' id='word_1_728' title='bbox 2452 3884 2623 3939; x_wconf 90' lang='lat' dir='ltr'><strong>virtus</strong></span> <span class='ocrx_word' id='word_1_729' title='bbox 2662 3868 3063 3955; x_wconf 57' lang='lat' dir='ltr'><strong>praedicationis</strong></span> <span class='ocrx_word' id='word_1_730' title='bbox 3088 3883 3372 3953; x_wconf 89' lang='lat' dir='ltr'><strong>prodiens,</strong></span> <span class='ocrx_word' id='word_1_731' title='bbox 3414 3881 3644 3952; x_wconf 62' lang='lat' dir='ltr'><strong>legatio.</strong></span> 
     </span>
    </p>
   </div>
   <div class='ocr_carea' id='block_1_100' title="bbox 2055 3973 3644 4047">
    <p class='ocr_par' dir='ltr' id='par_1_100' title="bbox 2055 3973 3644 4047">
     <span class='ocr_line' id='line_1_100' title="bbox 2055 3973 3644 4047; baseline 0 -18"><span class='ocrx_word' id='word_1_732' title='bbox 2055 3990 2179 4029; x_wconf 90' lang='lat' dir='ltr'><strong>nem</strong></span> <span class='ocrx_word' id='word_1_733' title='bbox 2218 3974 2328 4045; x_wconf 88' lang='lat' dir='ltr'><strong>agit</strong></span> <span class='ocrx_word' id='word_1_734' title='bbox 2365 3975 2431 4029; x_wconf 91' lang='lat' dir='ltr'><strong>ad</strong></span> <span class='ocrx_word' id='word_1_735' title='bbox 2472 3984 2660 4047; x_wconf 86' lang='lat' dir='ltr'><strong>gentes</strong></span> <span class='ocrx_word' id='word_1_736' title='bbox 2680 4014 2697 4042; x_wconf 96' lang='lat'><strong>,</strong></span> <span class='ocrx_word' id='word_1_737' title='bbox 2739 3990 2931 4046; x_wconf 86' lang='lat' dir='ltr'><strong>preces</strong></span> <span class='ocrx_word' id='word_1_738' title='bbox 2958 3975 3189 4039; x_wconf 73' lang='lat' dir='ltr'><strong>excitat,</strong></span> <span class='ocrx_word' id='word_1_739' title='bbox 3219 3973 3288 4029; x_wconf 90' lang='lat' dir='ltr'><strong>ad</strong></span> <span class='ocrx_word' id='word_1_740' title='bbox 3316 3974 3644 4044; x_wconf 82' lang='lat' dir='ltr'><strong>baptismum</strong></span> 
     </span>
    </p>
   </div>
   <div class='ocr_carea' id='block_1_101' title="bbox 2054 4064 3647 4136">
    <p class='ocr_par' dir='ltr' id='par_1_101' title="bbox 2054 4064 3647 4136">
     <span class='ocr_line' id='line_1_101' title="bbox 2054 4064 3647 4136; baseline 0 -15"><span class='ocrx_word' id='word_1_741' title='bbox 2054 4066 2281 4133; x_wconf 88' lang='lat' dir='ltr'><strong>invitat;</strong></span> <span class='ocrx_word' id='word_1_742' title='bbox 2324 4066 2418 4122; x_wconf 91' lang='lat' dir='ltr'><strong>sed</strong></span> <span class='ocrx_word' id='word_1_743' title='bbox 2449 4067 2682 4122; x_wconf 78' lang='lat' dir='ltr'><strong>maxime</strong></span> <span class='ocrx_word' id='word_1_744' title='bbox 2724 4067 3007 4122; x_wconf 86' lang='lat' dir='ltr'><strong>doctorum</strong></span> <span class='ocrx_word' id='word_1_745' title='bbox 3037 4081 3218 4122; x_wconf 90' lang='lat' dir='ltr'><strong>sermo</strong></span> <span class='ocrx_word' id='word_1_746' title='bbox 3255 4064 3512 4136; x_wconf 69' lang='lat' dir='ltr'><strong>prteclara</strong></span> <span class='ocrx_word' id='word_1_747' title='bbox 3548 4080 3647 4121; x_wconf 58' lang='lat' dir='ltr'><strong>ex-</strong></span> 
     </span>
    </p>
   </div>
   <div class='ocr_carea' id='block_1_102' title="bbox 2056 4158 3649 4229">
    <p class='ocr_par' dir='ltr' id='par_1_102' title="bbox 2056 4158 3649 4229">
     <span class='ocr_line' id='line_1_102' title="bbox 2056 4158 3649 4229; baseline 0.001 -17"><span class='ocrx_word' id='word_1_748' title='bbox 2056 4159 2361 4214; x_wconf 87' lang='lat' dir='ltr'><strong>hortatione</strong></span> <span class='ocrx_word' id='word_1_749' title='bbox 2401 4158 2579 4214; x_wconf 90' lang='lat' dir='ltr'><strong>dolum</strong></span> <span class='ocrx_word' id='word_1_750' title='bbox 2610 4159 2808 4214; x_wconf 87' lang='lat' dir='ltr'><strong>diaboli</strong></span> <span class='ocrx_word' id='word_1_751' title='bbox 2849 4159 3112 4222; x_wconf 90' lang='lat' dir='ltr'><strong>denudat,</strong></span> <span class='ocrx_word' id='word_1_752' title='bbox 3157 4166 3212 4214; x_wconf 90' lang='lat' dir='ltr'><strong>et</strong></span> <span class='ocrx_word' id='word_1_753' title='bbox 3242 4158 3523 4229; x_wconf 87' lang='lat' dir='ltr'><strong>acquisitis</strong></span> <span class='ocrx_word' id='word_1_754' title='bbox 3545 4174 3649 4228; x_wconf 87' lang='lat' dir='ltr'><strong>per</strong></span> 
     </span>
    </p>
   </div>
   <div class='ocr_carea' id='block_1_103' title="bbox 2056 4246 3649 4319">
    <p class='ocr_par' dir='ltr' id='par_1_103' title="bbox 2056 4246 3649 4319">
     <span class='ocr_line' id='line_1_103' title="bbox 2056 4246 3649 4319; baseline 0.001 -18"><span class='ocrx_word' id='word_1_755' title='bbox 2056 4248 2152 4303; x_wconf 88' lang='lat' dir='ltr'><strong>Dei</strong></span> <span class='ocrx_word' id='word_1_756' title='bbox 2181 4248 2413 4319; x_wconf 89' lang='lat' dir='ltr'><strong>gratiam</strong></span> <span class='ocrx_word' id='word_1_757' title='bbox 2445 4248 2633 4303; x_wconf 89' lang='lat' dir='ltr'><strong>electis</strong></span> <span class='ocrx_word' id='word_1_758' title='bbox 2653 4249 2876 4319; x_wconf 79' lang='lat' dir='ltr'><strong>exponit</strong></span> <span class='ocrx_word' id='word_1_759' title='bbox 2904 4248 3185 4303; x_wconf 87' lang='lat' dir='ltr'><strong>victoriam</strong></span> <span class='ocrx_word' id='word_1_760' title='bbox 3210 4246 3432 4303; x_wconf 87' lang='lat' dir='ltr'><strong>Christi.</strong></span> <span class='ocrx_word' id='word_1_761' title='bbox 3459 4247 3649 4303; x_wconf 73' lang='lat' dir='ltr'><strong>Omni-</strong></span> 
     </span>
    </p>
   </div>
   <div class='ocr_carea' id='block_1_104' title="bbox 2056 4338 3649 4409">
    <p class='ocr_par' dir='ltr' id='par_1_104' title="bbox 2056 4338 3649 4409">
     <span class='ocr_line' id='line_1_104' title="bbox 2056 4338 3649 4409; baseline 0.001 -18"><span class='ocrx_word' id='word_1_762' title='bbox 2056 4340 2158 4393; x_wconf 86' lang='lat' dir='ltr'><strong>bus</strong></span> <span class='ocrx_word' id='word_1_763' title='bbox 2198 4338 2445 4393; x_wconf 88' lang='lat' dir='ltr'><strong>fidclibus</strong></span> <span class='ocrx_word' id='word_1_764' title='bbox 2490 4338 2593 4393; x_wconf 90' lang='lat' dir='ltr'><strong>hoc</strong></span> <span class='ocrx_word' id='word_1_765' title='bbox 2632 4338 2873 4408; x_wconf 89' lang='lat' dir='ltr'><strong>quotidie</strong></span> <span class='ocrx_word' id='word_1_766' title='bbox 2912 4338 3253 4409; x_wconf 62' lang='lat' dir='ltr'><strong>prmdicatur,</strong></span> <span class='ocrx_word' id='word_1_767' title='bbox 3295 4352 3397 4393; x_wconf 85' lang='lat' dir='ltr'><strong>nec</strong></span> <span class='ocrx_word' id='word_1_768' title='bbox 3435 4352 3545 4392; x_wconf 88' lang='lat' dir='ltr'><strong>non</strong></span> <span class='ocrx_word' id='word_1_769' title='bbox 3590 4347 3649 4393; x_wconf 87' lang='lat' dir='ltr'><strong>et</strong></span> 
     </span>
    </p>
   </div>
   <div class='ocr_carea' id='block_1_105' title="bbox 2056 4429 3646 4501">
    <p class='ocr_par' dir='ltr' id='par_1_105' title="bbox 2056 4429 3646 4501">
     <span class='ocr_line' id='line_1_105' title="bbox 2056 4429 3646 4501; baseline 0 -19"><span class='ocrx_word' id='word_1_770' title='bbox 2056 4430 2301 4501; x_wconf 86' lang='lat' dir='ltr'><strong>paganis,</strong></span> <span class='ocrx_word' id='word_1_771' title='bbox 2328 4438 2382 4484; x_wconf 90' lang='lat' dir='ltr'><strong>et</strong></span> <span class='ocrx_word' id='word_1_772' title='bbox 2412 4429 2560 4485; x_wconf 85' lang='lat' dir='ltr'><strong>falsis</strong></span> <span class='ocrx_word' id='word_1_773' title='bbox 2585 4429 2938 4495; x_wconf 89' lang='lat' dir='ltr'><strong>Christianis,</strong></span> <span class='ocrx_word' id='word_1_774' title='bbox 2969 4437 3024 4485; x_wconf 88' lang='lat' dir='ltr'><strong>et</strong></span> <span class='ocrx_word' id='word_1_775' title='bbox 3046 4429 3316 4484; x_wconf 79' lang='lat' dir='ltr'><strong>luereticis</strong></span> <span class='ocrx_word' id='word_1_776' title='bbox 3344 4444 3467 4483; x_wconf 88' lang='lat' dir='ltr'><strong>cmn</strong></span> <span class='ocrx_word' id='word_1_777' title='bbox 3495 4443 3646 4483; x_wconf 88' lang='lat' dir='ltr'><strong>sum-</strong></span> 
     </span>
    </p>
   </div>
   <div class='ocr_carea' id='block_1_106' title="bbox 2057 4522 3648 4594">
    <p class='ocr_par' dir='ltr' id='par_1_106' title="bbox 2057 4522 3648 4594">
     <span class='ocr_line' id='line_1_106' title="bbox 2057 4522 3648 4594; baseline 0 -16"><span class='ocrx_word' id='word_1_778' title='bbox 2057 4539 2146 4578; x_wconf 88' lang='lat' dir='ltr'><strong>ma</strong></span> <span class='ocrx_word' id='word_1_779' title='bbox 2174 4523 2437 4579; x_wconf 89' lang='lat' dir='ltr'><strong>modestia</strong></span> <span class='ocrx_word' id='word_1_780' title='bbox 2466 4533 2521 4581; x_wconf 89' lang='lat' dir='ltr'><strong>et</strong></span> <span class='ocrx_word' id='word_1_781' title='bbox 2550 4523 2809 4593; x_wconf 88' lang='lat' dir='ltr'><strong>patientia</strong></span> <span class='ocrx_word' id='word_1_782' title='bbox 2840 4523 3140 4579; x_wconf 87' lang='lat' dir='ltr'><strong>intimatur.</strong></span> <span class='ocrx_word' id='word_1_783' title='bbox 3178 4522 3281 4591; x_wconf 81' lang='lat' dir='ltr'><strong>Qui</strong></span> <span class='ocrx_word' id='word_1_784' title='bbox 3307 4538 3438 4594; x_wconf 86' lang='lat' dir='ltr'><strong>ergo</strong></span> <span class='ocrx_word' id='word_1_785' title='bbox 3465 4523 3648 4578; x_wconf 86' lang='lat' dir='ltr'><strong>credi-</strong></span> 
     </span>
    </p>
   </div>
   <div class='ocr_carea' id='block_1_107' title="bbox 2056 4613 3651 4684">
    <p class='ocr_par' dir='ltr' id='par_1_107' title="bbox 2056 4613 3651 4684">
     <span class='ocr_line' id='line_1_107' title="bbox 2056 4613 3651 4684; baseline 0 -15"><span class='ocrx_word' id='word_1_786' title='bbox 2056 4614 2199 4669; x_wconf 90' lang='lat' dir='ltr'><strong>derit</strong></span> <span class='ocrx_word' id='word_1_787' title='bbox 2227 4615 2392 4670; x_wconf 90' lang='lat' dir='ltr'><strong>verho</strong></span> <span class='ocrx_word' id='word_1_788' title='bbox 2423 4615 2517 4669; x_wconf 90' lang='lat' dir='ltr'><strong>Dei</strong></span> <span class='ocrx_word' id='word_1_789' title='bbox 2535 4655 2548 4679; x_wconf 88' lang='lat'><strong>,</strong></span> <span class='ocrx_word' id='word_1_790' title='bbox 2582 4613 2906 4679; x_wconf 85' lang='lat' dir='ltr'><strong>salvabitur;</strong></span> <span class='ocrx_word' id='word_1_791' title='bbox 2936 4615 3028 4684; x_wconf 88' lang='lat' dir='ltr'><strong>qui</strong></span> <span class='ocrx_word' id='word_1_792' title='bbox 3055 4623 3236 4669; x_wconf 90' lang='lat' dir='ltr'><strong>autem</strong></span> <span class='ocrx_word' id='word_1_793' title='bbox 3262 4630 3370 4670; x_wconf 90' lang='lat' dir='ltr'><strong>non</strong></span> <span class='ocrx_word' id='word_1_794' title='bbox 3397 4614 3651 4671; x_wconf 85' lang='lat' dir='ltr'><strong>credide-</strong></span> 
     </span>
    </p>
   </div>
   <div class='ocr_carea' id='block_1_108' title="bbox 2057 4705 3648 4776">
    <p class='ocr_par' dir='ltr' id='par_1_108' title="bbox 2057 4705 3648 4776">
     <span class='ocr_line' id='line_1_108' title="bbox 2057 4705 3648 4776; baseline 0.001 -17"><span class='ocrx_word' id='word_1_795' title='bbox 2057 4706 2160 4771; x_wconf 90' lang='lat' dir='ltr'><strong>rit,</strong></span> <span class='ocrx_word' id='word_1_796' title='bbox 2199 4714 2294 4760; x_wconf 90' lang='lat' dir='ltr'><strong>aut</strong></span> <span class='ocrx_word' id='word_1_797' title='bbox 2328 4706 2512 4776; x_wconf 90' lang='lat' dir='ltr'><strong>pravis</strong></span> <span class='ocrx_word' id='word_1_798' title='bbox 2541 4705 2794 4776; x_wconf 86' lang='lat' dir='ltr'><strong>operibus</strong></span> <span class='ocrx_word' id='word_1_799' title='bbox 2820 4705 2981 4761; x_wconf 88' lang='lat' dir='ltr'><strong>fidem</strong></span> <span class='ocrx_word' id='word_1_800' title='bbox 3010 4706 3367 4770; x_wconf 79' lang='lat' dir='ltr'><strong>destruxerit,</strong></span> <span class='ocrx_word' id='word_1_801' title='bbox 3398 4706 3454 4762; x_wconf 91' lang='lat' dir='ltr'><strong>in</strong></span> <span class='ocrx_word' id='word_1_802' title='bbox 3482 4716 3648 4763; x_wconf 60' lang='lat' dir='ltr'><strong>aiter.</strong></span> 
     </span>
    </p>
   </div>
   <div class='ocr_carea' id='block_1_109' title="bbox 2056 4797 3647 4871">
    <p class='ocr_par' dir='ltr' id='par_1_109' title="bbox 2056 4797 3647 4871">
     <span class='ocr_line' id='line_1_109' title="bbox 2056 4797 3647 4871; baseline 0.001 -16"><span class='ocrx_word' id='word_1_803' title='bbox 2056 4816 2185 4855; x_wconf 91' lang='lat' dir='ltr'><strong>num</strong></span> <span class='ocrx_word' id='word_1_804' title='bbox 2216 4799 2582 4854; x_wconf 87' lang='lat' dir='ltr'><strong>damnabitur.</strong></span> <span class='ocrx_word' id='word_1_805' title='bbox 2616 4798 2783 4868; x_wconf 85' lang='lat' dir='ltr'><strong>Igitur</strong></span> <span class='ocrx_word' id='word_1_806' title='bbox 2805 4799 2933 4869; x_wconf 85' lang='lat' dir='ltr'><strong>quia</strong></span> <span class='ocrx_word' id='word_1_807' title='bbox 2972 4797 3173 4854; x_wconf 88' lang='lat' dir='ltr'><strong>Christi</strong></span> <span class='ocrx_word' id='word_1_808' title='bbox 3201 4800 3374 4871; x_wconf 89' lang='lat' dir='ltr'><strong>gratia</strong></span> <span class='ocrx_word' id='word_1_809' title='bbox 3405 4800 3459 4853; x_wconf 91' lang='lat' dir='ltr'><strong>in</strong></span> <span class='ocrx_word' id='word_1_810' title='bbox 3487 4799 3647 4856; x_wconf 72' lang='lat' dir='ltr'><strong>cmlis</strong></span> 
     </span>
    </p>
   </div>
   <div class='ocr_carea' id='block_1_110' title="bbox 2055 4889 3647 4953">
    <p class='ocr_par' dir='ltr' id='par_1_110' title="bbox 2055 4889 3647 4953">
     <span class='ocr_line' id='line_1_110' title="bbox 2055 4889 3647 4953; baseline -0.001 -7"><span class='ocrx_word' id='word_1_811' title='bbox 2055 4901 2109 4946; x_wconf 93' lang='lat' dir='ltr'><strong>et</strong></span> <span class='ocrx_word' id='word_1_812' title='bbox 2135 4892 2190 4946; x_wconf 92' lang='lat' dir='ltr'><strong>in</strong></span> <span class='ocrx_word' id='word_1_813' title='bbox 2220 4893 2378 4947; x_wconf 88' lang='lat' dir='ltr'><strong>terris</strong></span> <span class='ocrx_word' id='word_1_814' title='bbox 2409 4890 2701 4953; x_wconf 88' lang='lat' dir='ltr'><strong>redundat,</strong></span> <span class='ocrx_word' id='word_1_815' title='bbox 2733 4891 2870 4947; x_wconf 88' lang='lat' dir='ltr'><strong>bene</strong></span> <span class='ocrx_word' id='word_1_816' title='bbox 2915 4889 3175 4947; x_wconf 90' lang='lat' dir='ltr'><strong>condecet</strong></span> <span class='ocrx_word' id='word_1_817' title='bbox 3209 4899 3269 4944; x_wconf 93' lang='lat' dir='ltr'><strong>ut</strong></span> <span class='ocrx_word' id='word_1_818' title='bbox 3295 4890 3534 4946; x_wconf 69' lang='lat' dir='ltr'><strong>etelestia</strong></span> <span class='ocrx_word' id='word_1_819' title='bbox 3567 4894 3647 4946; x_wconf 81' lang='lat' dir='ltr'><strong>si-</strong></span> 
     </span>
    </p>
   </div>
   <div class='ocr_carea' id='block_1_111' title="bbox 2056 4980 3646 5038">
    <p class='ocr_par' dir='ltr' id='par_1_111' title="bbox 2056 4980 3646 5038">
     <span class='ocr_line' id='line_1_111' title="bbox 2056 4980 3646 5038; baseline 0.002 -4"><span class='ocrx_word' id='word_1_820' title='bbox 2056 4982 2166 5035; x_wconf 91' lang='lat' dir='ltr'><strong>mul</strong></span> <span class='ocrx_word' id='word_1_821' title='bbox 2197 4990 2251 5035; x_wconf 89' lang='lat' dir='ltr'><strong>et</strong></span> <span class='ocrx_word' id='word_1_822' title='bbox 2285 4982 2564 5037; x_wconf 87' lang='lat' dir='ltr'><strong>terrestria</strong></span> <span class='ocrx_word' id='word_1_823' title='bbox 2592 4997 2688 5037; x_wconf 91' lang='lat' dir='ltr'><strong>ore</strong></span> <span class='ocrx_word' id='word_1_824' title='bbox 2714 4997 2954 5038; x_wconf 84' lang='lat' dir='ltr'><strong>consono</strong></span> <span class='ocrx_word' id='word_1_825' title='bbox 2984 4980 3170 5036; x_wconf 90' lang='lat' dir='ltr'><strong>laudes</strong></span> <span class='ocrx_word' id='word_1_826' title='bbox 3207 4980 3319 5036; x_wconf 88' lang='lat' dir='ltr'><strong>Deo</strong></span> <span class='ocrx_word' id='word_1_827' title='bbox 3351 4983 3646 5037; x_wconf 85' lang='lat' dir='ltr'><strong>decantent</strong></span> 
     </span>
    </p>
   </div>
   <div class='ocr_carea' id='block_1_112' title="bbox 2054 5070 3648 5143">
    <p class='ocr_par' dir='ltr' id='par_1_112' title="bbox 2054 5070 3648 5143">
     <span class='ocr_line' id='line_1_112' title="bbox 2054 5070 3648 5143; baseline 0.001 -17"><span class='ocrx_word' id='word_1_828' title='bbox 2054 5081 2108 5126; x_wconf 90' lang='lat' dir='ltr'><strong>et</strong></span> <span class='ocrx_word' id='word_1_829' title='bbox 2148 5072 2355 5143; x_wconf 87' lang='lat' dir='ltr'><strong>gratias</strong></span> <span class='ocrx_word' id='word_1_830' title='bbox 2396 5081 2577 5143; x_wconf 89' lang='lat' dir='ltr'><strong>agant.</strong></span> <span class='ocrx_word' id='word_1_831' title='bbox 2622 5071 2858 5141; x_wconf 86' lang='lat' dir='ltr'><strong>Populus</strong></span> <span class='ocrx_word' id='word_1_832' title='bbox 2902 5070 3113 5126; x_wconf 89' lang='lat' dir='ltr'><strong>Domini</strong></span> <span class='ocrx_word' id='word_1_833' title='bbox 3160 5080 3217 5126; x_wconf 89' lang='lat' dir='ltr'><strong>et</strong></span> <span class='ocrx_word' id='word_1_834' title='bbox 3260 5086 3389 5127; x_wconf 86' lang='lat' dir='ltr'><strong>oves</strong></span> <span class='ocrx_word' id='word_1_835' title='bbox 3425 5086 3648 5142; x_wconf 70' lang='lat' dir='ltr'><strong>pascua:</strong></span> 
     </span>
    </p>
   </div>
   <div class='ocr_carea' id='block_1_113' title="bbox 2051 5160 3644 5232">
    <p class='ocr_par' dir='ltr' id='par_1_113' title="bbox 2051 5160 3644 5232">
     <span class='ocr_line' id='line_1_113' title="bbox 2051 5160 3644 5232; baseline 0.001 -17"><span class='ocrx_word' id='word_1_836' title='bbox 2051 5160 2197 5230; x_wconf 90' lang='lat' dir='ltr'><strong>ejus,</strong></span> <span class='ocrx_word' id='word_1_837' title='bbox 2228 5162 2321 5232; x_wconf 89' lang='lat' dir='ltr'><strong>qui</strong></span> <span class='ocrx_word' id='word_1_838' title='bbox 2349 5162 2545 5232; x_wconf 87' lang='lat' dir='ltr'><strong>partim</strong></span> <span class='ocrx_word' id='word_1_839' title='bbox 2580 5162 2634 5217; x_wconf 88' lang='lat' dir='ltr'><strong>in</strong></span> <span class='ocrx_word' id='word_1_840' title='bbox 2673 5161 2825 5217; x_wconf 73' lang='lat' dir='ltr'><strong>ctelis</strong></span> <span class='ocrx_word' id='word_1_841' title='bbox 2851 5160 2966 5231; x_wconf 87' lang='lat' dir='ltr'><strong>jam</strong></span> <span class='ocrx_word' id='word_1_842' title='bbox 2994 5177 3119 5216; x_wconf 89' lang='lat' dir='ltr'><strong>eum</strong></span> <span class='ocrx_word' id='word_1_843' title='bbox 3157 5160 3385 5215; x_wconf 87' lang='lat' dir='ltr'><strong>Domino</strong></span> <span class='ocrx_word' id='word_1_844' title='bbox 3419 5176 3644 5231; x_wconf 87' lang='lat' dir='ltr'><strong>regnas,</strong></span> 
     </span>
    </p>
   </div>
   <div class='ocr_carea' id='block_1_114' title="bbox 2051 5249 3644 5322">
    <p class='ocr_par' dir='ltr' id='par_1_114' title="bbox 2051 5249 3644 5322">
     <span class='ocr_line' id='line_1_114' title="bbox 2051 5249 3644 5322; baseline 0 -18"><span class='ocrx_word' id='word_1_845' title='bbox 2051 5251 2249 5320; x_wconf 88' lang='lat' dir='ltr'><strong>partim</strong></span> <span class='ocrx_word' id='word_1_846' title='bbox 2276 5251 2453 5306; x_wconf 88' lang='lat' dir='ltr'><strong>adhuc</strong></span> <span class='ocrx_word' id='word_1_847' title='bbox 2479 5250 2841 5322; x_wconf 88' lang='lat' dir='ltr'><strong>peregrinaris</strong></span> <span class='ocrx_word' id='word_1_848' title='bbox 2863 5250 2917 5304; x_wconf 91' lang='lat' dir='ltr'><strong>in</strong></span> <span class='ocrx_word' id='word_1_849' title='bbox 2947 5258 3112 5315; x_wconf 87' lang='lat' dir='ltr'><strong>terra,</strong></span> <span class='ocrx_word' id='word_1_850' title='bbox 3146 5264 3252 5304; x_wconf 89' lang='lat' dir='ltr'><strong>una</strong></span> <span class='ocrx_word' id='word_1_851' title='bbox 3280 5249 3420 5303; x_wconf 89' lang='lat' dir='ltr'><strong>ratio</strong></span> <span class='ocrx_word' id='word_1_852' title='bbox 3444 5264 3540 5303; x_wconf 89' lang='lat' dir='ltr'><strong>vos</strong></span> <span class='ocrx_word' id='word_1_853' title='bbox 3570 5249 3644 5305; x_wconf 79' lang='lat' dir='ltr'><strong>ad</strong></span> 
     </span>
    </p>
   </div>
   <div class='ocr_carea' id='block_1_115' title="bbox 2052 5342 3639 5413">
    <p class='ocr_par' dir='ltr' id='par_1_115' title="bbox 2052 5342 3639 5413">
     <span class='ocr_line' id='line_1_115' title="bbox 2052 5342 3639 5413; baseline -0.001 -18"><span class='ocrx_word' id='word_1_854' title='bbox 2052 5343 2378 5399; x_wconf 86' lang='lat' dir='ltr'><strong>laudandum</strong></span> <span class='ocrx_word' id='word_1_855' title='bbox 2418 5343 2587 5400; x_wconf 88' lang='lat' dir='ltr'><strong>Deum</strong></span> <span class='ocrx_word' id='word_1_856' title='bbox 2629 5344 2851 5408; x_wconf 87' lang='lat' dir='ltr'><strong>incitat,</strong></span> <span class='ocrx_word' id='word_1_857' title='bbox 2889 5358 3027 5413; x_wconf 88' lang='lat' dir='ltr'><strong>quos</strong></span> <span class='ocrx_word' id='word_1_858' title='bbox 3068 5359 3233 5398; x_wconf 91' lang='lat' dir='ltr'><strong>unum</strong></span> <span class='ocrx_word' id='word_1_859' title='bbox 3279 5342 3534 5413; x_wconf 83' lang='lat' dir='ltr'><strong>gaudium</strong></span> <span class='ocrx_word' id='word_1_860' title='bbox 3582 5346 3639 5398; x_wconf 72' lang='lat' dir='ltr'><strong>ia</strong></span> 
     </span>
    </p>
   </div>
   <div class='ocr_carea' id='block_1_116' title="bbox 2051 5433 3642 5506">
    <p class='ocr_par' dir='ltr' id='par_1_116' title="bbox 2051 5433 3642 5506">
     <span class='ocr_line' id='line_1_116' title="bbox 2051 5433 3642 5506; baseline 0.001 -19"><span class='ocrx_word' id='word_1_861' title='bbox 2051 5433 2204 5488; x_wconf 71' lang='lat' dir='ltr'><strong>ctelis</strong></span> <span class='ocrx_word' id='word_1_862' title='bbox 2236 5443 2533 5503; x_wconf 78' lang='lat' dir='ltr'><strong>exspectat.</strong></span> <span class='ocrx_word' id='word_1_863' title='bbox 2573 5433 2709 5491; x_wconf 86' lang='lat' dir='ltr'><strong>Nam</strong></span> <span class='ocrx_word' id='word_1_864' title='bbox 2747 5436 2890 5505; x_wconf 90' lang='lat' dir='ltr'><strong>quod</strong></span> <span class='ocrx_word' id='word_1_865' title='bbox 2929 5436 3115 5491; x_wconf 86' lang='lat' dir='ltr'><strong>datum</strong></span> <span class='ocrx_word' id='word_1_866' title='bbox 3153 5444 3239 5490; x_wconf 90' lang='lat' dir='ltr'><strong>est</strong></span> <span class='ocrx_word' id='word_1_867' title='bbox 3266 5436 3379 5506; x_wconf 87' lang='lat' dir='ltr'><strong>jam</strong></span> <span class='ocrx_word' id='word_1_868' title='bbox 3418 5441 3642 5498; x_wconf 83' lang='lat' dir='ltr'><strong>tenetis.</strong></span> 
     </span>
    </p>
   </div>
   <div class='ocr_carea' id='block_1_117' title="bbox 2050 5526 3643 5597">
    <p class='ocr_par' dir='ltr' id='par_1_117' title="bbox 2050 5526 3643 5597">
     <span class='ocr_line' id='line_1_117' title="bbox 2050 5526 3643 5597; baseline 0.001 -17"><span class='ocrx_word' id='word_1_869' title='bbox 2050 5536 2104 5580; x_wconf 88' lang='lat' dir='ltr'><strong>et</strong></span> <span class='ocrx_word' id='word_1_870' title='bbox 2129 5528 2269 5595; x_wconf 88' lang='lat' dir='ltr'><strong>quod</strong></span> <span class='ocrx_word' id='word_1_871' title='bbox 2297 5528 2620 5597; x_wconf 86' lang='lat' dir='ltr'><strong>promissum</strong></span> <span class='ocrx_word' id='word_1_872' title='bbox 2644 5537 2726 5583; x_wconf 89' lang='lat' dir='ltr'><strong>est</strong></span> <span class='ocrx_word' id='word_1_873' title='bbox 2754 5528 3022 5583; x_wconf 88' lang='lat' dir='ltr'><strong>veraciter</strong></span> <span class='ocrx_word' id='word_1_874' title='bbox 3048 5528 3358 5597; x_wconf 88' lang='lat' dir='ltr'><strong>accipietis,</strong></span> <span class='ocrx_word' id='word_1_875' title='bbox 3387 5527 3510 5595; x_wconf 85' lang='lat' dir='ltr'><strong>quia</strong></span> <span class='ocrx_word' id='word_1_876' title='bbox 3541 5526 3643 5595; x_wconf 82' lang='lat' dir='ltr'><strong>qui</strong></span> 
     </span>
    </p>
   </div>
   <div class='ocr_carea' id='block_1_118' title="bbox 2048 5618 3640 5692">
    <p class='ocr_par' dir='ltr' id='par_1_118' title="bbox 2048 5618 3640 5692">
     <span class='ocr_line' id='line_1_118' title="bbox 2048 5618 3640 5692; baseline -0.001 -15"><span class='ocrx_word' id='word_1_877' title='bbox 2048 5619 2296 5689; x_wconf 80' lang='lat' dir='ltr'><strong>promisit</strong></span> <span class='ocrx_word' id='word_1_878' title='bbox 2333 5621 2450 5676; x_wconf 88' lang='lat' dir='ltr'><strong>sine</strong></span> <span class='ocrx_word' id='word_1_879' title='bbox 2485 5621 2645 5678; x_wconf 89' lang='lat' dir='ltr'><strong>dubio</strong></span> <span class='ocrx_word' id='word_1_880' title='bbox 2686 5622 2739 5676; x_wconf 93' lang='lat' dir='ltr'><strong>in</strong></span> <span class='ocrx_word' id='word_1_881' title='bbox 2768 5622 2921 5677; x_wconf 89' lang='lat' dir='ltr'><strong>vobis</strong></span> <span class='ocrx_word' id='word_1_882' title='bbox 2949 5637 3045 5677; x_wconf 89' lang='lat' dir='ltr'><strong>sua</strong></span> <span class='ocrx_word' id='word_1_883' title='bbox 3071 5622 3337 5692; x_wconf 85' lang='lat' dir='ltr'><strong>promissa</strong></span> <span class='ocrx_word' id='word_1_884' title='bbox 3370 5618 3640 5688; x_wconf 82' lang='lat' dir='ltr'><strong>implebit.</strong></span> 
     </span>
    </p>
   </div>
  </div>
