4002 6204
343 453 442 512 επ

336 588 430 627 rex
460 571 647 640 utique
672 578 887 632 vester,
928 566 1177 636 preprius
1215 574 1270 619 et
1308 564 1595 629 sacerdos,
1628 574 1840 619 creator
1876 572 1931 618 et
1958 569 2008 627 Α

335 663 594 725 Salvator,
622 659 784 715 Jesus
813 656 1066 713 Chtistus
1091 654 1349 709 Dominus
1377 661 1597 708 noster..

941 784 1168 845 CAPUT
1205 784 1339 841 Vill.

338 923 414 981 De
456 934 656 980 octonm
691 921 879 994 speciei
897 921 1116 995 forma,
1155 918 1242 995 ubi
1277 917 1342 971 de
1376 915 1688 970 duodenarii
1725 915 1928 968 numeri

805 989 1023 1044 ratione
1036 989 1327 1060 expositum
1361 997 1455 1041 est.

402 1126 663 1181 Christus
683 1124 866 1194 itaque
901 1121 1138 1177 salvator
1168 1128 1371 1185 noster,
1403 1121 1676 1184 Christus,
1706 1138 1800 1176 rex
1830 1121 1927 1175 mi-

338 1218 602 1279 tissimus,
636 1216 690 1269 in
720 1214 873 1269 oculis
908 1220 1099 1282 regnat
1128 1230 1140 1263 :
1170 1212 1457 1266 consilium
1487 1212 1781 1281 optimum,
1814 1211 1924 1264 vir-

337 1316 424 1362 tus
458 1306 555 1361 Dei
584 1304 765 1360 Patris
796 1319 1027 1367 summa,
1057 1312 1112 1357 et
1137 1301 1440 1356 benedictio
1472 1316 1620 1366 vera,
1653 1300 1830 1355 lumen
1861 1302 1928 1356 de

336 1399 564 1463 lumine,
593 1404 650 1452 et
668 1413 735 1451 ex
759 1396 869 1450 Deo
890 1405 1131 1466 genitore
1158 1393 1334 1448 divina
1364 1392 1544 1463 proles
1568 1392 1766 1462 genita.
1791 1392 1928 1447 llinc

338 1490 594 1545 videlicet
628 1489 793 1543 totius
812 1485 956 1555 juris
980 1487 1130 1557 origo
1155 1493 1275 1540 est:
1305 1485 1373 1540 ad
1402 1485 1549 1566 hunc.
1572 1484 1782 1540 fabrum
1815 1493 1926 1539 tota

335 1581 461 1636 mali
492 1589 553 1636 et
578 1588 739 1634 teme
767 1579 968 1633 fabrica
996 1578 1245 1647 respicit,
1277 1577 1344 1630 ad
1375 1578 1519 1631 hunc
1546 1578 1780 1647 pertinet
1806 1594 1923 1631 om-

337 1673 426 1727 nis
449 1673 711 1726 virtutum
737 1671 918 1734 decor,
942 1686 972 1722 a
994 1670 1150 1740 cujus
1175 1668 1415 1723 bonitate
1439 1677 1494 1722 et
1520 1668 1744 1722 veritate
1767 1684 1926 1723 omne

334 1763 540 1818 bonum
566 1776 858 1829 verumque
889 1760 966 1823 ﬁt,
996 1760 1216 1829 ipseque
1242 1757 1506 1813 mirabilis
1532 1757 1678 1812 solus
1708 1757 1928 1812 mirabi-

334 1856 411 1910 lia
447 1855 581 1910 facit
610 1873 624 1908 :
657 1869 685 1907 a
718 1853 868 1923 cujus
888 1851 1098 1920 justitia
1124 1851 1409 1905 ordinatur
1439 1850 1698 1920 quidquid
1728 1850 1784 1904 in
1811 1867 1925 1906 coe-

1339 453 1425 508 DE
1463 454 1808 510 LAUDlBUS
1849 455 1906 508 S.

2022 455 2213 509 LUClS.
2253 486 2322 495 —
2362 455 2488 511 me.
2527 455 2586 511 ιι.
3510 463 3611 519 art
3646 446 3651 449 ’

2649 568 2873 626 CAPUT
2907 567 2997 625 ιιι.

2032 656 2109 711 De
2135 674 2272 713 nona
2302 659 2495 730 ﬁgura,
2519 676 2636 731 qua:
2660 660 2865 741 dierum
2892 662 3020 741 anni
3047 678 3318 717 numerum
3356 665 3408 717 in
3439 682 3608 721 crucis

2593 733 2760 800 specie
2786 733 3031 784 continet.

2100 838 2192 895 Sol
2223 849 2278 896 et
2300 839 2425 894 luna
2445 881 2459 907 ,
2490 856 2558 895 cn
2588 856 2730 895 nunc
2758 841 3083 910 competenti
3108 842 3296 897 ordine
3324 844 3609 900 Dominum

2027 930 2210 987 Jesum
2251 931 2525 987 Christum
2572 932 2910 996 benedicite,
2953 932 3079 1002 quia
3126 943 3309 989 sancta
3346 947 3481 989 crux
3528 946 3610 989 est

2030 1032 2206 1078 vester
2240 1024 2446 1089 honor,
2471 1022 2679 1079 stabilis
2716 1022 2839 1090 lux,
2887 1024 3181 1095 dispositus
3217 1027 3379 1093 ordo,
3420 1029 3606 1093 series,

2029 1113 2146 1167 laus
2166 1122 2219 1168 et
2239 1115 2497 1183 probitas,
2521 1116 2783 1184 spirituali
2810 1116 3009 1171 lumine
3030 1134 3127 1187 per
3148 1128 3340 1174 cuncta
3367 1128 3608 1191 tempera

2029 1219 2122 1259 vos
2159 1206 2453 1262 illustrans.
2482 1207 2589 1262 Vos
2621 1223 2833 1278 quoque
2868 1208 2971 1263 hoc
3011 1212 3239 1266 termino
3259 1252 3273 1277 ,
3306 1228 3464 1282 quem
3496 1214 3606 1282 ipsa

2029 1299 2080 1352 in
2127 1307 2358 1367 quatuor
2403 1298 2696 1368 hexagonis
2736 1305 2792 1352 et
2834 1298 3064 1355 monade
3109 1299 3247 1354 inter
3291 1318 3385 1357 eos
3435 1305 3610 1371 posito

2026 1388 2329 1457 portendit,
2366 1388 2480 1443 dies
2516 1396 2570 1442 et
2611 1396 2796 1444 noctes
2828 1388 2989 1442 totius
3017 1390 3143 1442 anni
3184 1390 3376 1446 solaris
3406 1408 3610 1447 connu-

1997 1481 2249 1537 Imeratis
2289 1480 2620 1549 mquatisque
2681 1478 2748 1533 ad
2800 1476 3187 1547 perfectionem
3229 1481 3348 1550 ejus
3398 1486 3607 1538 muneri

2028 1585 2243 1625 cursum
2271 1582 2531 1624 vestrum.
2565 1568 2829 1623 Praedicta
2857 1584 2988 1639 ergo
3023 1570 3190 1641 ﬁgura
3218 1571 3334 1639 ejus
3364 1573 3525 1628 habet
3556 1576 3613 1628 in

2028 1672 2101 1716 se‘
2119 1662 2298 1715 tricies
2325 1662 2491 1715 denos
2515 1668 2571 1714 et
2598 1660 2778 1714 decies
2807 1675 2990 1725 senos,
3015 1670 3175 1731 atque
3206 1662 3421 1733 insuper
3443 1665 3607 1733 quin-

2027 1756 2181 1823 quies
2227 1754 2511 1808 unitatem.
2561 1751 2653 1806 llis
2694 1753 2891 1823 quippe
2936 1754 3178 1808 numeris
3228 1762 3341 1808 rota
3383 1757 3513 1811 solis
3555 1769 3612 1810 et

2030 1845 2166 1899 lunae
2194 1860 2411 1899 cursum
2444 1859 2598 1898 suum
2634 1843 2881 1898 noscitur
2909 1843 3115 1909 indere,
3144 1854 3374 1915 quatuor
3400 1846 3612 1902 vicissi-

335 1947 403 2001 lis
435 1944 519 2000 vel
551 1945 604 1998 in
636 1915 800 1997 terris
814 1915 1307 2015 justealecernitur,
1333 1915 1606 2011 probatur
1630 1950 1684 1995 et
1719 1939 1927 2010 profer-
1956 1915 2001 1973 B
2033 1936 2243 1990 tudines
2284 1944 2585 2005 temporum
2626 1935 2713 1990 his
2752 1935 3126 2000 includuntur;
3166 1953 3302 2006 quos
3329 1954 3518 1995 omnes
3554 1940 3606 1993 in

336 2048 445 2101 tur,
471 2036 734 2106 quidquid
758 2035 978 2089 honoris
1002 2034 1202 2088 habent
1227 2033 1400 2105 angeli
1427 2034 1572 2101 boni,
1595 2042 1648 2088 et
1668 2034 1927 2105 quidquid

335 2145 518 2201 patrue
545 2124 807 2182 sufferunt
841 2123 1015 2195 angeli
1058 2123 1217 2190 mali;
1262 2140 1364 2180 nec
1400 2140 1506 2180 non
1537 2133 1591 2179 et
1626 2123 1755 2179 illud
1784 2124 1927 2194 quod

337 2219 593 2276 Christus
634 2215 992 2271 idololatriam
1026 2217 1091 2270 de
1128 2216 1327 2271 mundo
1361 2216 1566 2286 expulit
1601 2224 1656 2270 et
1685 2217 1927 2271 divinum

335 2309 545 2364 cultum
584 2307 885 2373 renovavit.
931 2303 1133 2360 [lorum
1176 2306 1338 2376 igitur
1383 2307 1621 2363 omnium
1661 2307 1927 2362 bonorum

335 2407 530 2454 auctor
564 2405 650 2452 est
676 2396 934 2451 Dominus
969 2394 1251 2460 Christus,
1292 2396 1384 2467 qui
1420 2397 1472 2452 in
1515 2399 1713 2455 vexillo
1749 2397 1928 2455 crucis

337 2505 449 2545 sua:
472 2487 696 2542 honoris
720 2495 774 2540 et
794 2485 1077 2556 potestatis
1096 2487 1326 2556 propria:
1340 2484 1543 2556 judicia
1568 2488 1924 2544 demonstrat.

335 2577 685 2647 Quapropter
732 2575 980 2645 congruit
1026 2584 1085 2630 ut
1129 2592 1225 2630 nos
1275 2576 1559 2648 terrigenae
1602 2587 1658 2633 et
1692 2580 1926 2649 paradisi

337 2672 558 2727 exsules
588 2680 839 2725 notemus
868 2672 966 2726 hos
1000 2672 1177 2725 radios
1205 2686 1340 2741 quos
1376 2671 1623 2727 diffundit
1659 2673 1774 2729 haec
1802 2690 1927 2728 san-

333 2772 438 2817 ctu:
465 2761 646 2817 erucis
678 2761 917 2832 species,
946 2778 1043 2831 per
1076 2778 1235 2832 quam
1261 2763 1510 2818 Christus
1540 2779 1637 2818 nos
1674 2763 1847 2818 salvat
1872 2773 1929 2818 et

339 2851 518 2906 reddit
558 2850 897 2922 splendorem
936 2853 1153 2909 luminis
1189 2871 1348 2923 quem
1396 2855 1760 2926 protoplastus
1801 2872 1927 2926 pec-

338 2959 471 3000 cans
498 2943 628 2998 olim
663 2943 779 3013 jam
807 2946 1077 3000 amiserat.
1108 2946 1383 3016 Quotquot
1422 2964 1552 3019 ergo
1589 2963 1619 3002 a
1658 2949 1926 3019 principio

333 3034 438 3087 hos
462 3033 647 3088 radios
681 3034 783 3089 rite
824 3044 1177 3103 agnoscentes
1208 3037 1625 3103 venerabuntur,
1653 3047 1926 3108 perpetua:

332 3120 474 3177 lucis
488 3140 719 3179 munere.
735 3124 1103 3194 perfruuntur,
1122 3126 1416 3196 crebroque
1434 3126 1670 3195 hoejuba
1679 3143 1735 3182 re
1751 3127 1925 3181 vibra—

335 3211 471 3266 bant
500 3228 654 3267 arma
693 3213 1107 3282 prophetarum,
1150 3226 1205 3271 et
1240 3232 1357 3271 sors
1398 3217 1687 3285 apostolica
1729 3219 1922 3288 praedi-

334 3317 469 3359 cans
491 3303 592 3359 hac
622 3303 741 3359 luce
766 3304 1013 3361 nobiliter
1038 3307 1387 3372 coruscabat;
1419 3306 1626 3377 hocque
1654 3308 1763 3363 sole
1790 3309 1921 3365 ﬁdes

332 3394 536 3449 Christi
567 3403 682 3450 toto
708 3396 839 3450 orbe
861 3405 1125 3452 terrarum
1150 3397 1372 3463 relucet,
1399 3408 1560 3467 atque
1589 3399 1727 3453 bona
1760 3400 1921 3456 corda

333 3487 618 3542 hominum
659 3496 888 3556 votaque
916 3489 1000 3557 pia
1029 3495 1337 3544 sanctorum
1373 3498 1562 3559 patent
1588 3504 1601 3542 :
1633 3489 1766 3558 justi
1793 3507 1923 3561 quo-

331 3592 440 3647 que
461 3575 648 3631 divino
672 3592 896 3632 munere
920 3578 1202 3648 pollentes,
1224 3596 1321 3649 per
1347 3582 1571 3651 mystica
1594 3584 1764 3651 signa,
1791 3584 1920 3638 olim

323 3668 444 3740 jam
472 3667 721 3736 patribus
754 3670 977 3735 tradita,
1002 3670 1204 3725 bonum
1240 3681 1295 3728 ct
1333 3672 1598 3729 salubrem
1629 3675 1922 3743 conjiciunt

333 3761 569 3825 radium,
600 3768 655 3815 et
679 3761 905 3831 proinde
933 3763 1196 3817 mandatis
1227 3762 1319 3818 Dei
1349 3765 1568 3820 obedire
1598 3769 1920 3835 persuadent

329 3849 576 3922 pupulis,
617 3866 739 3905 cum
776 3851 990 3907 Christo
1030 3854 1307 3909 ascribunt
1348 3856 1448 3910 soli
1497 3858 1919 3928 profunditatem

331 3942 718 4012 mysteriorum
748 3942 922 4013 dignis
952 3944 1224 4011 revelare,
1262 3954 1318 4000 et
1346 3945 1484 4001 dona
1515 3950 1769 4016 perennis
1798 3950 1920 4004 vita:

331 4031 580 4087 ﬁdelibus
611 4031 843 4086 tradere.
877 4033 1126 4089 Christus
1152 4050 1280 4106 ergo
1311 4052 1399 4091 rex
1440 4052 1683 4093 summus
1718 4048 1769 4093 et
1809 4054 1919 4094 cu:-

330 4121 486 4177 lestia
510 4122 753 4177 tribuens
774 4122 1053 4189 Dominus,
1076 4142 1301 4185 munere
1327 4127 1507 4182 divino
1529 4130 1791 4185 scandens
1810 4131 1915 4185 alta

329 4216 510 4269 crucis
535 4215 752 4278 robora,
783 4213 1065 4271 manifeste
1093 4216 1346 4280 innotuit,
1380 4217 1520 4273 hanc
1548 4218 1782 4288 speciem
1810 4220 1917 4274 for-

331 4303 554 4367 mando,
579 4320 679 4375 per
702 4305 843 4359 hanc
869 4321 925 4359 se.
950 4305 1186 4375 pandere
1208 4306 1374 4361 oculos
1400 4306 1620 4373 mundo,
1645 4316 1700 4364 et
1727 4309 1838 4364 vult
1860 4320 1916 4364 ut

329 4402 626 4462 sequentes
662 4394 780 4464 ejus
819 4394 1073 4465 vestigia,
1106 4396 1231 4449 vita:
1273 4412 1367 4466 per
1407 4396 1547 4451 hanc
1582 4400 1915 4467 reperiamus

329 4482 640 4537 introitum.
668 4482 912 4554 Denique
951 4494 1141 4555 quater
1172 4494 1353 4541 ternos
1381 4496 1586 4554 ventos,
1613 4506 1643 4543 a
1684 4500 1915 4564 quatuor

2032 2027 2421 2098 quinquaginta
2451 2027 2656 2081 duabus
2680 2026 3108 2082 hebdomadibus
3133 2036 3188 2081 et
3219 2030 3447 2084 monade
3470 2046 3610 2084 unus

2028 2118 2233 2187 pariter
2257 2116 2596 2187 amplectitur
2619 2131 2811 2171 annus.
2841 2116 2921 2171 Ad
2944 2118 3085 2172 hanc
3105 2118 3246 2173 diem
3267 2120 3381 2189 jam
3405 2120 3610 2175 bi"ron-

2031 2209 2101 2262 tis
2131 2207 2359 2261 reditum
2379 2214 2525 2260 tenet
2550 2206 2638 2261 hic
2664 2206 2800 2261 ordo
2830 2224 2843 2259 :
2875 2206 2942 2260 ad
2964 2208 3106 2263 hanc
3130 2209 3326 2264 transit
3352 2208 3609 2265 horarqu

2028 2297 2227 2361 series,
2264 2305 2563 2367 temporum
2593 2297 2908 2352 vicissitudo
2930 2339 2943 2363 ,
2975 2299 3185 2354 annalis
3226 2300 3514 2366 circuitus,
3553 2314 3609 2356 ct

2029 2397 2298 2443 astrorum
2322 2403 2545 2453 cursus;
2583 2388 2802 2459 ipseque
2828 2390 3102 2459 quadrans
3136 2392 3391 2447 horarum
3422 2410 3609 2465 super-

2027 2493 2227 2533 vacuus
2250 2492 2411 2547 supra
2438 2492 2719 2532 numerum
2743 2488 2951 2533 certum
2973 2480 3203 2545 dierum,
3229 2496 3388 2551 quem
3415 2484 3466 2538 in
3493 2486 3605 2540 dis-

2026 2569 2296 2639 positione
2326 2584 2417 2623 sex
2460 2569 2773 2639 angulorum
2802 2580 3032 2640 quatuor
3068 2574 3467 2643 hexagonorum
3492 2592 3609 2631 sau-

2028 2671 2113 2714 cta
2142 2678 2271 2716 crux
2303 2664 2539 2726 denotat,
2568 2664 2740 2717 ociter
2765 2665 2829 2716 ad
2863 2664 3009 2717 illum
3039 2666 3325 2721 terminum
3353 2670 3608 2739 pertingit

2027 2753 2168 2823 quod
2204 2746 2256 2807 iu
2288 2752 2627 2824 :equinoctiis
2667 2755 2770 2808 tite
2805 2755 3045 2823 dignosci
3084 2766 3277 2826 potest.
3318 2759 3362 2814 0
3391 2775 3604 2815 sacrum

2027 2858 2267 2912 germen,
2294 2845 2436 2915 quod
2472 2844 2615 2898 clara
2643 2843 2760 2899 luce
2786 2845 2908 2900 ﬁdei
2935 2856 2990 2900 et
3015 2848 3289 2916 sapientiae
3322 2852 3483 2904 corda
3511 2853 3606 2906 ho.

2028 2939 2231 2993 minum
2271 2940 2325 2993 in
2361 2938 2603 2993 tenebris
2636 2939 2963 2994 infidelitatis
2995 2942 3168 3010 posita
3205 2942 3473 2999 illuminas
3502 2961 3514 2995 :
3550 2955 3606 2999 tu

2026 3045 2087 3085 es
2117 3030 2363 3086 videlicet
2390 3046 2523 3086 crux
2554 3041 2769 3095 sancta,
2804 3033 3079 3088 miraculis
3115 3050 3426 3090 coruscans.
3470 3036 3602 3091 Nam

1994 3131 2080 3189 ,et
2114 3123 2362 3179 Christus
2390 3123 2516 3179 hinc
2543 3124 2741 3194 ubique
2774 3139 2871 3193 per
2910 3133 2997 3179 tua
3037 3141 3236 3181 cornua
3267 3128 3602 3183 latitudinem

2027 3215 2109 3270 sui
2144 3216 2293 3286 regni
2332 3215 2684 3269 demonstrat.
2725 3215 2803 3269 Tu
2846 3216 2988 3285 regis
3023 3216 3303 3272 fortissimi
3333 3228 3602 3288 sceptrum

2025 3315 2081 3360 et
2102 3322 2195 3361 ara
2224 3305 2317 3360 Dei
2344 3305 2623 3372 altissimi,
2651 3308 2842 3361 ordine
2862 3308 3066 3377 potenti
3105 3307 3346 3363 dilataris
3386 3326 3480 3380 per
3521 3326 3604 3365 οικ

2022 3396 2146 3451 hem
2180 3415 2192 3450 :
2224 3396 2547 3452 descendisti
2570 3398 2636 3451 ad
2660 3397 2884 3464 inferos,
2916 3399 3091 3453 tendis
3107 3398 3174 3453 ad
3193 3400 3450 3457 caelestia.
3480 3400 3603 3458 llare

2023 3487 2188 3541 decus
2219 3494 2272 3541 et
2297 3486 2471 3542 honor
2505 3496 2590 3542 est
2623 3488 2786 3544 totius
2814 3490 3017 3544 mundi.
3045 3489 3172 3546 Sem
3204 3504 3417 3561 quoque
3443 3509 3605 3550 verus

2023 3577 2163 3630 idem
2196 3577 2504 3633 nominatus
2543 3586 2746 3643 noster,
2776 3593 2876 3649 per
2898 3578 3053 3648 cujus
3080 3597 3273 3637 nomen
3295 3583 3462 3638 solius
3490 3593 3602 3640 tota

2023 3668 2264 3723 salvatur
2327 3678 2862 3741 creatura,_cursum
2914 3670 3151 3726 siderum
3191 3673 3259 3727 ad
3301 3674 3460 3743 hujus
3495 3674 3602 3727 for»

2019 3778 2163 3816 mam
2194 3769 2490 3831 temperat,
2534 3762 2817 3832 ipsumque
2853 3778 3076 3834 regnum
3106 3764 3229 3819 εωιί
3257 3766 3451 3829 donat,
3477 3781 3602 3820 cum

2019 3854 2071 3907 in
2105 3855 2203 3908 hac
2237 3854 2366 3909 sede
2388 3854 2596 3924 positus
2624 3854 2858 3910 claustra
2901 3855 3020 3910 ωειί
3059 3856 3212 3910 nobis
3248 3857 3440 3925 aperit.
3476 3856 3601 3910 [tce

2018 3947 2213 4016 quippe
2253 3947 2545 4002 humanum
2582 3964 2751 4019 genus
2792 3949 3019 4005 laudans
3064 3951 3311 4005 cantibus
3356 3951 3598 4021 exponit,

2018 4056 2138 4094 cum
2180 4040 2437 4108 prcedicat
2476 4040 2706 4096 ﬁdeliter
2747 4057 2845 4113 pro
2878 4042 3098 4098 Christo
3137 4059 3167 4096 a
3203 4041 3403 4097 Judmis
3431 4046 3601 4099 cruci-

2019 4132 2141 4195 ﬁxo,
2172 4132 2313 4200 quod
2342 4133 2514 4187 media
2544 4133 2628 4187 die
2653 4133 2830 4187 lumen
2862 4134 3101 4187 siderum
3124 4132 3473 4188 obscuratum
3504 4136 3594 4189 sit.

2018 4222 2150 4276 Nam
2179 4222 2364 4277 Iudaea
2391 4222 2642 4277 frendens
2672 4222 2797 4276 licet
2827 4223 3026 4275 invidia
3057 4230 3345 4288 :estuaret,
3376 4224 3598 4279 meliore

2017 4324 2193 4369 tamen
2241 4331 2339 4369 usu
2377 4315 2430 4368 in
2472 4314 2665 4367 arbore
2702 4314 2878 4367 crucis
2916 4314 3058 4369 hunc
3103 4315 3338 4370 fructum
3382 4316 3594 4379 extulit,

2014 4406 2156 4475 quod
2209 4420 2274 4459 ex
2333 4413 2565 4474 quatuor
2614 4404 2786 4474 plagis
2835 4405 3017 4459 mundi
3077 4415 3131 4461 et
3180 4422 3246 4461 ex
3300 4407 3596 4476 quadriﬁeo

2013 4498 2211 4553 Oceani
2252 4497 2414 4553 limbo
2449 4506 2636 4568 gentes
2673 4506 2729 4551 et
2771 4497 2955 4567 populi
2992 4499 3227 4568 undique
3266 4498 3595 4555 conﬂuentes

329 4573 501 4645 plagis
529 4574 714 4627 mtindi
743 4582 796 4628 et
818 4575 1021 4630 ambitu
1048 4575 1246 4631 Oceani
1277 4577 1329 4631 in
1357 4578 1541 4632 habitu
1573 4590 1773 4634 sancta:
1799 4598 1913 4634 cru-
1942 4614 1992 4675 υ
2019 4588 2328 4659 spiriiualcs
2363 4587 2585 4643 delicias
2629 4597 2945 4657 appeterent
2979 4605 3098 4659 qua:
3126 4590 3181 4644 in
3220 4598 3405 4646 sancta
3434 4607 3597 4646 cruce

330 4664 408 4718 cis
435 4663 753 4731 conjunctos
779 4673 833 4717 et
860 4664 1205 4729 coadunatos,
1231 4665 1479 4721 Salvator
1502 4669 1743 4723 salubres
1766 4669 1912 4736 fecit,

331 4753 593 4822 signaque
617 4753 897 4808 duodecim
911 4771 1033 4809 cum
1057 4757 1329 4812 mensibus
1352 4758 1462 4813 suis
1483 4759 1595 4829 ipse
1614 4759 1917 4816 dominator

332 4853 665 4909 sustentans,
683 4845 820 4917 regit
838 4854 894 4900 et
912 4847 1195 4915 gubernat,
1218 4864 1281 4903 ac
1296 4849 1538 4904 duodena
1560 4852 1731 4921 spatia
1756 4853 1917 4906 hora-

333 4953 447 4989 rum
479 4936 691 4991 oriente
729 4936 843 4991 sole
872 4937 1106 5006 disponit
1135 4940 1508 4994 ordinabiliter
1538 4943 1675 4997 trahi
1705 4951 1760 4997 et
1786 4960 1911 5013 per-

332 5027 451 5082 duci
483 5028 551 5083 ad
582 5042 861 5082 occasum.
890 5028 971 5082 Ad
1000 5030 1113 5084 ham
1141 5045 1355 5100 quoque
1397 5033 1648 5087 universa
1686 5034 1910 5089 demon-

331 5119 545 5172 stranda
575 5118 886 5173 distributio
899 5117 1212 5173 duodenarii
1238 5123 1469 5187 numeri,
1488 5123 1907 5192 quadrangulum

333 5220 526 5266 sanctae
563 5209 743 5265 crucis
771 5199 1000 5264 fortnam
1030 5212 1282 5282 complet.
1316 5213 1505 5268 Omnia
1534 5231 1764 5285 namque
1793 5216 1909 5270 vin-

332 5300 444 5356 cula
476 5309 824 5372 peccatorum
860 5310 1196 5367 nostrorum,
1229 5303 1423 5371 quibus
1458 5304 1734 5358 constricti
1760 5312 1909 5358 tene-

330 5390 538 5457 bamur,
573 5408 707 5447 crux
732 5390 959 5454 Christi,
991 5392 1157 5462 gloria
1186 5403 1391 5458 nostra,
1418 5394 1652 5456 resolvit,
1684 5394 1907 5463 ipsaque

325 5492 501 5537 erecta
542 5496 698 5537 sacra
726 5481 852 5535 eceli
892 5481 1083 5550 gaudia
1114 5481 1346 5553 juraque
1383 5493 1539 5538 terra:
1577 5485 1823 5554 prOponit
1853 5495 1907 5540 et

328 5574 500 5641 signat
525 5616 538 5638 ,
570 5572 759 5629 laudat
786 5583 838 5627 et
867 5574 1089 5643 probat,
1121 5576 1340 5647 ipsaque
1370 5576 1612 5631 ﬁdelibus
1646 5579 1908 5633 veraciter

326 5665 549 5723 wnfert.

2019 4678 2474 4740 demonstrantur,
2515 4684 2573 4730 ut
2596 4678 2766 4732 sacris
2802 4685 2857 4733 et
2896 4679 3141 4750 mysticis
3174 4680 3346 4750 epulis
3381 4681 3592 4751 repleti,

2015 4784 2113 4837 per
2158 4768 2298 4823 dona
2342 4769 2537 4823 summi
2587 4768 2766 4826 Patris
2810 4771 2876 4824 ad
2933 4773 3289 4843 centuplicem
3330 4773 3592 4830 bonorum

2014 4876 2236 4930 operum
2262 4861 2577 4930 perveniant
2602 4861 2834 4915 fructum
2853 4902 2867 4926 ,
2894 4870 2949 4916 et
2975 4863 3269 4919 intermixti
3301 4865 3594 4934 splendidis

2013 4968 2206 5007 novem
2231 4952 2510 5008 ordinibus
2550 4954 2891 5022 angelorum,
2924 4956 2977 5010 in
3014 4957 3219 5013 cmlesti
3264 4956 3594 5012 beatitudine

2016 5047 2118 5116 ipsi
2156 5053 2412 5115 perpetua
2454 5045 2698 5101 claritate
2730 5046 2987 5119 fulgeant.
3032 5049 3368 5121 Quapropter
3397 5066 3592 5105 moneo

2016 5146 2073 5190 ut
2100 5136 2357 5206 quidquid
2388 5151 2649 5190 canamus
2673 5149 2727 5191 et
2748 5138 3008 5207 quidquid
3043 5140 3373 5201 scribamus,
3403 5136 3456 5190 in
3488 5137 3591 5192 Rc-

2014 5224 2308 5293 demptoris
2348 5223 2558 5279 laudem
2594 5233 2763 5280 totum
2800 5237 3076 5283 vertamus
3117 5246 3130 5281 :
3175 5234 3440 5296 quatenus
3488 5227 3592 5283 hac

2013 5330 2117 5367 una
2146 5329 2263 5384 spe,
2295 5330 2455 5384 quam
2479 5330 2576 5384 per
2603 5332 2725 5371 eum
2752 5319 2806 5371 in
2838 5334 2903 5374 eo
2929 5320 3186 5374 habemus
3206 5359 3221 5385 ,
3249 5319 3454 5374 exitum
3474 5321 3591 5375 avi—

2012 5404 2094 5457 da:
2142 5413 2197 5458 et
2241 5405 2508 5460 saevientis
2560 5407 2751 5461 mortis
2802 5415 3177 5477 perpetuaeque
3227 5407 3588 5466 damnationis

2014 5504 2170 5548 scuto
2210 5494 2332 5548 ῆιΙεί
2372 5495 2689 5565 repellentes
2726 5498 2991 5567 possimus
3026 5497 3285 5561 evadere,
3310 5506 3365 5553 et
3394 5501 3473 5555 sic
3497 5515 3586 5555 re-

2012 5603 2175 5658 gnum
2206 5586 2300 5641 Dei
2328 5603 2558 5656 superna
2589 5588 2705 5643 luce
2742 5589 2972 5642 nitentes
2996 5588 3102 5642 ιδεῑὶ
3128 5604 3433 5644 mereamur
3458 5607 3584 5661 pos-

2012 5679 2189 5745 sidere
2219 5685 2601 5747 auctoremque
2626 5686 2866 5732 nostrum
2894 5693 2958 5733 ac
2987 5679 3381 5749 redemptorem
3408 5679 3586 5735 Domi-

2009 5788 2138 5824 num
2167 5770 2347 5823 Jcsum
2377 5768 2684 5835 Christum,
2707 5771 3089 5840 omnipotentis
3127 5771 3302 5828 Patris
3338 5772 3587 5829 videlicet

2010 5862 2234 5926 .‘x’atmn,
2268 5860 2438 5931 dignis
2480 5860 2720 5915 laudibus
2751 5877 3036 5929 resonare,
3082 5879 3295 5930 verum,
3338 5871 3579 5919 sanctum
