4002 6204
381 392 483 461 ετξ,

379 509 541 587 atque
568 516 853 570 Dominum
882 517 1205 573 altissimum
1234 537 1245 571 :
1272 519 1343 573 sit
1365 534 1577 589 quoque
1607 534 1820 589 semper
1843 520 1957 573 lucc
1986 518 2033 576 Α

380 619 563 664 nostra
610 608 784 674 ratio,
826 610 1153 679 sempiterna
1197 610 1315 664 laus
1368 618 1423 665 et
1461 619 1753 681 perpetuus
1795 610 1957 665 ardor

376 700 599 754 amoris.

998 793 1223 849 CAPUT
1263 793 1309 847 Χ

378 914 455 975 De
494 923 697 977 ratione
733 923 921 995 ﬁgura:
964 926 1212 998 decimrr,
1257 928 1342 981 ubi
1388 928 1770 998 Septuagenarii
1822 929 1955 981 ratio

975 997 1232 1066 descripta
1266 1008 1359 1052 est.

448 1116 604 1182 Nunc
633 1118 814 1199 itaque
851 1130 1110 1185 condecet
1128 1140 1188 1186 ut
1212 1133 1301 1202 pia
1330 1122 1650 1199 modulatio,
1682 1150 1777 1205 spe
1800 1138 1956 1189 ater-

378 1232 572 1272 norum
600 1234 699 1274 nos
729 1219 1034 1287 lactiﬁcans,
1074 1222 1126 1275 in
1158 1218 1261 1278 hoc
1298 1222 1458 1278 beato
1496 1239 1661 1294 opere
1690 1224 1956 1295 exprimat

376 1307 505 1375 quid
540 1308 697 1364 nobis
734 1317 992 1365 aeternam
1036 1313 1202 1366 vitam
1243 1313 1515 1378 conferat,
1565 1323 1621 1369 et
1659 1314 1786 1384 quid
1830 1330 1952 1370 cor-

375 1402 679 1473 i'uptionem
722 1400 964 1471 auferat,
995 1406 1232 1477 quidque
1263 1406 1579 1463 delictorum
1609 1408 1823 1463 veniam
1858 1409 1954 1462 tri-

374 1478 524 1560 buat,
556 1501 612 1550 et
635 1494 765 1565 quid
792 1496 1005 1552 vincula
1035 1508 1382 1567 peccatorum
1413 1500 1705 1570 dirumpat,
1727 1501 1833 1556 hoc
1852 1504 1951 1566 est,

375 1591 574 1640 sanctae
615 1585 793 1640 crucis
832 1587 1090 1657 prredicet
1125 1598 1267 1645 acta.
1310 1588 1499 1645 Merito
1536 1604 1666 1661 ergo
1703 1591 1807 1647 hoc
1848 1607 1954 1646 vox

374 1674 610 1731 humana
649 1675 895 1733 faucibus
932 1684 1176 1744 resonat,
1221 1680 1324 1735 hoc
1366 1681 1691 1751 depromunt
1733 1688 1851 1735 arte
1892 1697 1954 1736 os

373 1764 699 1837 proloquens
727 1808 740 1830 ,
789 1768 943 1840 digiti
977 1771 1277 1827 scribentes
1304 1811 1319 1834 ,
1362 1771 1625 1842 plectrum
1668 1772 1861 1843 linguae
1899 1782 1955 1827 et

1010 407 1069 461 Β.
1110 407 1362 462 RABANI
1403 406 1619 463 MAURI
1656 405 1973 461 ARCHIEP.
2019 404 2327 465 MOGUNT.
2365 410 2652 468 OPERUM
2691 408 2870 471 PARS
2903 417 2943 471 I.

3535 428 3643 484 976

2670 545 2897 604 CAPUT
2935 550 3024 604 XI.

2058 650 2134 705 De
2159 653 2436 709 undecima
2459 655 2661 726 ﬁgura,
2693 656 2780 711 ubi
2808 656 3194 717 Pentateucum
3225 663 3397 736 Moysi
3426 672 3644 727 ordina-

2742 737 2827 783 tus
2857 740 2953 783 est.
3183 769 3186 772 .

2768 745 2827 783 us
2857 745 2953 784 εει.
3183 769 3186 772 ~

2130 824 2228 900 Te,
2260 846 2446 891 sancte
2472 837 2655 905 Pater,
2684 839 2876 897 invoco
2906 844 3195 901 Dominum
3223 847 3345 904 caeli
3375 859 3430 906 et
3457 861 3643 921 teme,

2060 934 2116 978 ut
2140 926 2217 981 sis
2243 927 2375 983 mihi
2400 929 2453 984 in
2482 931 2585 985 hoc
2607 932 2848 989 carmine
2869 934 3058 991 doctor
3081 947 3137 994 ct
3161 950 3363 1009 rector,
3387 943 3645 1002 inchoato

2057 1018 2206 1085 operi
2231 1019 2351 1088 pius
2370 1028 2425 1075 et
2445 1021 2683 1078 clemens
2702 1040 2910 1103 annuas
2933 1038 3151 1084 sensum
3172 1031 3373 1101 opiﬁci,
3399 1042 3454 1088 et
3476 1038 3640 1090 verba

2058 1112 2236 1167 sobria
2266 1113 2510 1169 tribuens
2528 1155 2542 1176 ,
2576 1123 2635 1169 ut
2660 1117 2861 1186 possim
2890 1117 3124 1174 ﬁdeliter
3152 1122 3388 1192 pandere
3414 1126 3480 1180 ad
3514 1141 3643 1182 san-

2058 1212 2157 1257 cta:
2186 1205 2367 1259 crucis
2390 1212 2649 1259 :etcrnam
2674 1206 2885 1262 laudem
2906 1248 2921 1273 ,
2946 1217 3002 1263 et
3032 1211 3098 1266 ad
3126 1212 3354 1283 gloriam
3379 1214 3509 1271 Novi
3543 1218 3646 1273 Tei

2057 1295 2330 1361 stamenti,
2358 1295 2485 1365 quid
2521 1296 2606 1350 lex
2641 1298 2820 1367 prisca
2862 1299 3048 1371 ﬁguris
3075 1302 3360 1373 signiﬁcet,
3389 1308 3551 1362 modo
3583 1307 3640 1362 in

2056 1389 2229 1459 gratia
2276 1390 2407 1459 ipsis
2447 1391 2607 1446 rebus
2643 1392 2996 1462 spiritualiter
3039 1395 3456 1453 observandum.
3500 1399 3641 1455 Nam

2056 1496 2178 1535 cum
2219 1481 2452 1550 primum
2482 1482 2598 1537 bzec
2625 1484 2861 1538 maxima
2901 1501 3081 1541 rerum
3116 1488 3368 1544 machina
3400 1491 3468 1547 ab
3500 1492 3642 1547 invi;

2056 1575 2197 1629 sibili
2237 1585 2294 1631 et
2333 1577 2728 1648 impenetrabili
2777 1580 3141 1650 profunditate
3174 1584 3405 1642 visibilis
3444 1588 3636 1643 eﬁccta

2054 1676 2158 1733 est,
2190 1676 2245 1723 et
2276 1671 2561 1738 paradisus
2587 1686 2709 1726 cum
2735 1673 2978 1741 germine
3005 1690 3104 1729 suo
3133 1674 3356 1731 ﬂoridus
3374 1686 3427 1733 et
3442 1677 3639 1747 jocun-s

2054 1759 2155 1815 dus
2177 1761 2444 1830 apparuit,
2475 1762 2661 1817 statim
2689 1764 2743 1818 in
2770 1763 2915 1835 ligno
2937 1756 3075 1830 vitze,
3107 1768 3250 1837 quod
3271 1778 3356 1823 est
3375 1770 3428 1823 in
3458 1772 3639 1827 medio

373 1864 501 1911 vota
540 1857 615 1927 pii
644 1858 841 1924 cordis,
878 1860 1021 1929 quod
1050 1863 1243 1918 cecidit
1284 1864 1339 1919 in
1372 1864 1514 1920 bello
1551 1865 1718 1922 draco
1750 1874 1948 1921 mrtuos

2056 1854 2327 1924 paradisi,
2363 1855 2525 1910 vitale
2556 1855 2757 1927 lignum
2796 1868 2999 1914 sancta:
3039 1860 3218 1916 crucis
3254 1861 3639 1932 prmﬁguraba-

373 1962 468 2002 sus
508 1956 563 2003 et
598 1949 791 2005 noxius
834 1950 923 2005 ille
955 1952 1047 2021 qui
1093 1962 1212 2009 arte
1251 1956 1485 2027 maligna
1523 1956 1860 2013 truculentus
1900 1958 1953 2012 in

371 2042 626 2121 paradiso
650 2044 1045 2115 protoplastum
1074 2057 1320 2103 nostrum
1365 2050 1615 2120 decepit:
1647 2066 1770 2106 cum
1803 2051 1955 2121 prius

370 2119 485 2201 ipse
528 2133 729 2207 cadens
771 2135 988 2192 Lucifer
1031 2138 1098 2194 de
1143 2139 1266 2195 caeli
1309 2156 1433 2196 arce
1480 2142 1693 2197 tertiam
1744 2119 1954 2213 partem

370 2229 643 2279 astrorum
679 2226 843 2282 traxit
870 2243 1054 2284 secum
1086 2230 1153 2285 ad
1185 2230 1383 2287 inferni
1421 2233 1713 2305 sulphurea
1740 2236 1950 2307 stagna,

371 2313 497 2382 quia
526 2317 792 2398 superbus
820 2327 875 2372 et
900 2318 1118 2376 dolosus
1141 2323 1369 2378 tentavit
1406 2340 1464 2380 se
1493 2326 1829 2396 aequiparare
1863 2327 1954 2382 Al-

370 2400 609 2472 tissimo,
629 2406 680 2460 in
707 2406 881 2478 gelida
907 2407 1189 2480 AquilOnis
1219 2422 1373 2484 parte
1405 2420 1612 2485 ponens
1644 2418 1745 2473 sibi
1781 2419 1953 2475 trihu-
1990 2458 2000 2469 ρ

368 2494 477 2550 ua].
505 2495 658 2553 Hune
682 2498 891 2555 scilicet
910 2499 1304 2559 ferocissimum
1332 2505 1516 2574 lupum
1543 2521 1713 2578 agnus
1733 2508 1953 2564 mitissi-

368 2591 492 2646 inus
520 2592 741 2659 stravit,
764 2592 888 2661 jure
919 2596 1125 2665 potenti
1157 2597 1351 2667 eripuit
1386 2600 1623 2668 praedam
1644 2641 1658 2666 ,
1688 2609 1743 2656 et
1774 2601 1950 2657 studia

366 2681 623 2737 immania
672 2682 856 2756 fregit.
901 2685 975 2741 At
1016 2695 1204 2756 gentes
1251 2704 1319 2744 ex
1372 2690 1495 2745 imis
1544 2699 1599 2745 et
1642 2692 1952 2749 carnalibus

365 2768 648 2831 desideriis
672 2791 771 2847 per
797 2786 1041 2834 sanctam
1067 2779 1340 2851 Evangelii
1368 2782 1803 2851 praedicationem
1827 2800 1951 2840 con-

364 2865 533 2921 vertit
563 2866 631 2922 ad
660 2868 906 2935 meliora,
938 2878 993 2925 et
1032 2870 1270 2926 incendit
1306 2871 1375 2927 ad
1402 2872 1641 2928 coelestia
1677 2876 1845 2941 dona,
1881 2891 1949 2930 ne

364 2954 457 3010 νει
483 2955 791 3013 Judzeorum
823 2957 1066 3016 fabulosa
1097 2961 1428 3031 superstitio,
1460 2962 1546 3017 vel
1571 2964 1947 3021 haereticorum

363 3061 622 3117 perversa
644 3049 904 3116 seductio,
921 3051 1166 3120 specioso
1188 3050 1452 3107 velamine
1473 3062 1782 3124 corrumpat
1794 3065 1946 3111 casta

362 3138 531 3195 corda
584 3139 1012 3197 Christianorum
1039 3180 1055 3210 ,
1111 3143 1205 3213 qui
1253 3143 1540 3201 veritatem
1582 3146 1776 3203 divina:
1814 3148 1946 3220 legis

362 3238 751 3299 agnoscentes,
790 3231 845 3286 in
875 3234 1068 3291 robore
1103 3234 1224 3292 ﬁdei
1257 3230 1372 3307 jam
1402 3239 1732 3307 consistunt;
1780 3251 1837 3296 et
1877 3257 1946 3298 ne

362 3321 573 3377 aridum
610 3322 708 3377 ﬁat
739 3338 802 3379 os
838 3326 1076 3396 gentium
1114 3327 1452 3383 exinanitum
1493 3346 1524 3383 a
1566 3330 1712 3386 cultu
1747 3332 1946 3388 dazmo-

363 3428 492 3467 num
521 3422 577 3470 et
596 3415 910 3473 adoratione
936 3418 1222 3486 idolorum,
1252 3419 1505 3477 fecundat
1532 3423 1663 3479 illud
1686 3425 1740 3479 in
1764 3426 1945 3482 divina

363 3503 522 3559 laude
546 3513 734 3561 auctor
760 3506 923 3563 totius
949 3508 1076 3565 boni
1094 3518 1149 3564 et
1169 3509 1392 3585 largitor
1413 3511 1673 3568 virtutum
1697 3514 1947 3572 Christus

362 3588 625 3650 Dominus
658 3616 671 3650 :
714 3607 901 3654 causat
925 3599 1068 3654 enim
1093 3608 1149 3655 et
1176 3601 1397 3657 damnat
1419 3618 1634 3659 omnem
1662 3606 1945 3675 perﬁdiam

362 3685 564 3742 inimici
608 3697 803 3759 potens
845 3690 1018 3746 virtus
1059 3701 1261 3749 sanch
1304 3694 1482 3750 crucis
1509 3735 1524 3762 ,
1570 3705 1626 3751 et
1667 3696 1944 3754 dimittens

362 3776 564 3833 mundo
606 3778 819 3846 debita,
862 3790 1088 3838 cunctas
1128 3798 1258 3854 opes
1292 3783 1519 3841 divitum
1553 3789 1811 3858 praecellit
1845 3807 1943 3847 suo

360 3884 604 3925 munere.
634 3872 877 3943 Denique
898 3875 1041 3943 quod
1064 3874 1118 3931 in
1143 3878 1559 3948 septuagenario
1587 3896 1812 3937 numero
1834 3898 1944 3937 ma—

359 3958 560 4017 nifesta
590 3963 891 4036 redemptio
923 3973 1035 4021 toto
1054 3967 1257 4023 mundo
1281 3967 1445 4025 fuerit
1473 3970 1655 4026 Daniel
1683 3973 1941 4043 pr0pheta

361 4050 416 4105 in
444 4055 784 4125 septuaginta
816 4056 1246 4115 hebdomadibus
1267 4060 1398 4125 suis,
1431 4076 1551 4131 qua:
1579 4062 1646 4117 ad
1667 4062 1940 4119 Christum

357 4155 530 4212 usque
557 4146 957 4218 pertingebant,
985 4146 1341 4216 demonstrat,
1369 4153 1583 4221 quando
1607 4169 1943 4210 consumme-

359 4240 448 4286 tur
471 4230 879 4304 praevaricatio,
910 4247 965 4293 et
992 4238 1154 4296 ﬁnem
1180 4243 1407 4312 accipiat
1434 4253 1713 4315 pecmtum
1731 4256 1829 4317 κει
1848 4247 1942 4303 de—

358 4316 537 4379 leatur
573 4325 859 4397 iniquitas,
899 4339 954 4385 et
997 4333 1296 4390 adducatur
1332 4337 1542 4406 justitla
1589 4316 1936 4408 sempiterna.

356 4413 622 4471 Jeremias
671 4432 885 4490 quoque
934 4421 1182 4479 similiter
1224 4434 1346 4495 post
1389 4428 1726 4498 septuaginta
1768 4444 1939 4485 annos

358 4502 746 4561 resolutionem
783 4510 1113 4579 captivitatis
1151 4515 1409 4584 praedicat
1446 4530 1567 4571 esse
1605 4522 1931 4575 venturam:
1965 4554 2014 4613 ι)

356 4602 443 4648 ast
476 4594 688 4666 Moyses
712 4611 807 4669 per
834 4603 1168 4672 septuaginta
1206 4605 1552 4675 presbyteros
1570 4642 1589 4672 ,
1612 4623 1749 4677 quos
1783 4625 1935 4665 man-

356 4688 482 4743 dato
509 4688 724 4744 Domini
749 4692 945 4762 populo
975 4690 1138 4749 israel
1168 4697 1422 4767 przetulit,
1447 4699 1612 4754 totius
1638 4703 1933 4774 magisterii

354 4778 743 4848 perfectionem
776 4788 830 4837 ct
867 4784 1247 4841 revelationcm
1277 4790 1651 4858 mysteriorum
1686 4808 1784 4862 per
1811 4810 1934 4849 cru—

353 4868 462 4925 eris
497 4879 897 4928 sacramentum
927 4876 1082 4932 nobis
1104 4876 1221 4932 ﬁeri
1245 4878 1586 4949 signiﬁcavit.
1609 4881 1653 4937 Ο
1682 4896 1813 4937 crux
1841 4885 1933 4939 bc-

352 4963 567 5019 ncdicta
603 4962 730 5018 Dei!
765 4965 817 5020 in
854 4968 957 5023 hoc
984 4968 1128 5037 quod
1152 4972 1617 5040 septuagenarium
1647 4988 1928 5028 numerum

352 5043 407 5110 in
433 5057 670 5127 quinque
691 5067 873 5128 partes
896 5059 1124 5115 divisum
1152 5060 1205 5115 in
1232 5062 1408 5116 medio
1438 5064 1543 5129 tui,
1578 5063 1737 5117 simul
1760 5072 1815 5119 et
1836 5079 1935 5134 per

352 5159 585 5217 quatuor
619 5164 822 5217 cornua
860 5158 950 5206 tua
981 5153 1328 5221 quaternario
1360 5162 1415 5209 et
1448 5154 1668 5210 denario
1705 5170 1931 5212 numero

352 5239 715 5311 amplecteris,
748 5241 1060 5313 signiﬁcans
1085 5251 1138 5298 te
1167 5252 1336 5298 totum
1364 5246 1617 5300 mundum
1648 5261 1745 5316 per
1773 5247 1930 5303 deca-

349 5332 528 5403 iogum
556 5333 692 5403 legis
719 5342 774 5389 et
797 5349 894 5404 per
921 5345 1152 5404 quatuor
1178 5336 1343 5391 libros
1365 5336 1537 5390 sancti
1559 5336 1833 5407 Evangelii
1860 5338 1928 5393 ad

351 5424 695 5479 concordiam
722 5432 778 5479 et
802 5426 1062 5480 unitatem
1095 5424 1217 5479 ﬁdei
1260 5439 1533 5480 revocare.
1569 5425 1753 5500 Neque
1783 5428 1925 5482 enim

352 5513 527 5580 ipsum
551 5514 859 5584 quinarium
892 5517 1097 5585 absque
1122 5514 1379 5584 mysterio
1404 5517 1772 5585 przetermittis
1788 5559 1803 5584 ,
1835 5519 1929 5573 sed

350 5604 734 5660 venerabiliter
770 5606 950 5662 innuis
979 5606 1275 5661 humanum
1305 5621 1474 5677 genus
1500 5622 1604 5662 non
1632 5608 1801 5662 solum
1832 5625 1929 5678 per

352 5678 627 5746 internum
663 5693 913 5749 affectum
942 5696 1144 5761 animi,
1174 5698 1267 5752 sed
1304 5696 1468 5750 etiam
1504 5711 1599 5766 per
1633 5699 1927 5755 exteriores

350 5782 541 5838 sensus
570 5784 832 5852 corporis,
863 5786 957 5840 tibi
985 5788 1329 5843 veracissime
1357 5803 1476 5845 esse
1504 5790 1763 5844 deditum.

2059 1954 2145 1999 tur
2169 1964 2181 2000 :
2207 1947 2352 2016 quod
2392 1947 2447 2002 in
2480 1948 2659 2003 medio
2704 1949 2947 2019 gentium
2980 1951 3215 2020 pesitum
3270 1955 3641 2024 praecedentes

2053 2046 2107 2092 et
2137 2040 2525 2109 subsequentes
2555 2056 2613 2096 se
2641 2040 2881 2096 viviﬁcat
2917 2050 2972 2097 et
3000 2042 3301 2098 sanctiﬁcat
3326 2046 3634 2116 generatio-

2052 2146 2181 2197 nes,
2221 2130 2375 2201 cujus
2404 2130 2666 2186 beneﬁcio
2704 2134 2935 2187 recreati
2971 2134 3171 2205 quique
3208 2135 3334 2190 boni
3371 2145 3428 2191 et
3460 2142 3637 2193 sancti

2052 2222 2152 2274 viri
2180 2214 2488 2290 spirituaies
2513 2231 2568 2276 et
2596 2222 2787 2277 vitales
2810 2223 3068 2278 virtutum
3094 2224 3373 2295 proferunt
3399 2226 3635 2282 fructus.

2052 2302 2167 2367 Hoc
2222 2313 2386 2368 etiam
2439 2312 2640 2383 lignum
2686 2314 2955 2384 passionis
3004 2315 3206 2371 Christi
3253 2316 3642 2388 przeﬁgurabat

2050 2404 2197 2461 Isaac
2226 2405 2565 2475 patriarcha,
2602 2422 2725 2462 cum
2755 2415 2908 2478 patre
2943 2408 3253 2479 imponentc
3274 2411 3506 2480 propriis
3535 2411 3638 2466 hue

2050 2497 2218 2552 meris
2261 2496 2402 2569 ligna
2452 2498 2701 2567 portabat
2743 2499 2809 2554 ad
2854 2498 3032 2555 locum
3072 2500 3457 2558 immolationis
3496 2519 3631 2569 sum,

2051 2587 2192 2641 sicut
2216 2587 2353 2643 liber
2383 2586 2610 2644 Genesis
2633 2597 2881 2644 testatur.
2917 2589 3010 2649 Sic
3034 2600 3089 2646 et
3128 2591 3343 2648 Exodus
3370 2602 3425 2648 et
3451 2595 3633 2649 ceteri

2050 2667 2170 2730 libri
2196 2676 2328 2749 legis
2353 2677 2678 2745 edisserunt,
2697 2680 2841 2749 quod
2867 2678 2996 2734 forti
3017 2682 3334 2751 compagine
3353 2697 3630 2738 armorum

2050 2775 2235 2822 sancta
2260 2783 2393 2823 crux
2425 2778 2669 2823 nostrum
2696 2770 2931 2839 pretium
2962 2772 3236 2838 evexerit,
3266 2781 3324 2825 ut
3354 2774 3477 2828 dote
3504 2788 3634 2828 san-'-

2048 2860 2227 2930 guinis
2246 2861 2327 2915 sui
2354 2875 2584 2930 sponsus
2610 2876 2876 2931 supernus
2915 2862 3194 2918 exhiberet
3225 2863 3326 2919 sibi
3350 2880 3628 2934 sponsam,

2049 2951 2362 3019 Ecclesiam,
2396 2967 2501 3007 non
2529 2953 2816 3008 habentem
2841 2952 3107 3009 maculam
3132 2961 3223 3009 aut
3249 2970 3459 3026 rugam.
3487 2956 3631 3013 ilinc

2046 3044 2197 3114 plebs
2229 3044 2594 3101 lsraelitarum
2626 3046 2738 3101 Deo
2765 3047 2817 3101 in
2842 3045 3077 3119 Egypto
3103 3046 3389 3117 conjuncta
3407 3089 3422 3115 ,
3450 3058 3506 3104 et
3532 3064 3636 3118 per

2048 3128 2290 3195 Rubrum
2317 3153 2468 3194 mare
2493 3140 2771 3208 translata,
2797 3141 2981 3198 laudes
3001 3143 3256 3199 victrices
3280 3138 3633 3216 Redemptori

2048 3245 2148 3285 suo
2184 3231 2534 3298 decantabat,
2574 3244 2629 3286 et
2673 3233 2866 3288 itinere
2899 3235 3063 3289 trium
3098 3234 3308 3290 dierum
3349 3236 3631 3307 gradiens,

2048 3320 2276 3376 Domino
2304 3321 2730 3377 misericorditer
2759 3339 2852 3380 eos
2880 3325 3126 3390 ducente,
3148 3328 3392 3396 pervenit
3420 3328 3485 3383 ad
3509 3328 3634 3384 1³οηὁ

2046 3421 2155 3486 tem
2187 3414 2381 3480 Marat,
2419 3416 2509 3486 qui
2546 3430 2643 3487 per
2685 3417 2885 3489 lignum
2922 3420 3207 3490 mysticum
3238 3420 3483 3477 dulcatus
3520 3431 3628 3478 est.

2045 3505 2212 3579 Igitur
2237 3507 2449 3566 Pharao
2473 3516 2527 3563 et
2547 3502 2784 3580 Egyptii
2808 3519 3217 3582 persequentes,
3234 3512 3325 3581 qui
3356 3512 3506 3583 prius
3530 3528 3636 3582 po—

2044 3599 2171 3669 pulo
2210 3599 2307 3655 Dei
2350 3600 2508 3670 quasi
2547 3600 2660 3672 jam
2700 3607 2858 3671 capto
2903 3606 2959 3655 et
3003 3601 3227 3657 reducto
3266 3601 3629 3666 iusultabant,

2045 3689 2309 3745 submersi
2334 3691 2502 3746 maris
2523 3690 2774 3747 ﬂuctibus
2804 3707 2923 3747 sera
2946 3689 3267 3763 ptenitentia
3294 3686 3583 3749 doluerunt
3611 3712 3629 3750 :

2042 3778 2299 3838 lsraclita:
2328 3792 2509 3838 autem
2541 3783 2671 3839 visis
2695 3784 3052 3853 magnalibus,
3077 3785 3287 3842 ductori
3311 3802 3409 3840 suo
3435 3786 3634 3841 trium-

2043 3871 2229 3939 phanti
2245 3914 2259 3937 ,
2292 3871 2403 3927 Deo
2429 3873 2678 3929 videlicet
2703 3882 2916 3945 patrum
2942 3890 3185 3941 suorum,
3213 3877 3482 3931 canticum
3510 3877 3633 3946 gle-

2044 3965 2138 4021 riae
2166 3965 2539 4031 concinebant,
2563 3975 2617 4021 et
2646 3965 2699 4021 in
2721 3968 3017 4023 conditoris
3040 3968 3122 4023 sui
3146 3985 3330 4025 amore
3351 3968 3631 4025 ferventes

2043 4058 2229 4113 laudes
2266 4057 2623 4128 triumphales
2662 4058 3030 4114 exsolvebant.
3060 4054 3232 4115 Porro
3257 4076 3408 4116 mare
3446 4061 3634 4115 orien—

2043 4148 2149 4204 tale
2177 4150 2279 4205 hoc
2304 4152 2552 4215 testatur,
2584 4165 2706 4204 cum
2732 4149 2935 4205 orbitas
2960 4165 3215 4207 curruum
3244 4150 3627 4224 Egyptiorum

2040 4240 2301 4295 hactenus
2340 4241 2394 4294 in
2431 4239 2697 4310 profundo
2734 4249 2790 4295 et
2832 4240 2887 4295 in
2915 4240 3101 4297 littore
3140 4252 3340 4298 scrrat.
3380 4243 3631 4313 Denique

2040 4331 2240 4385 veteris
2269 4330 2399 4402 legis
2425 4330 2679 4402 abyssum
2707 4339 2894 4386 sancta
2928 4347 3064 4387 crux
3090 4333 3330 4387 immissa
3360 4332 3621 4399 dulcavit,

2039 4429 2095 4476 ct
2137 4429 2346 4491 petram
2396 4421 2776 4477 solidissimam
2830 4421 3087 4478 excidens
3133 4422 3338 4477 fontem
3386 4423 3629 4480 viventis

2041 4527 2191 4582 aqua:
2213 4511 2481 4581 produxit.
2507 4511 2588 4567 Ad
2611 4512 2770 4583 hujus
2792 4513 2962 4567 instar
2988 4511 3197 4583 Moyses
3221 4529 3413 4568 manus
3433 4524 3627 4569 exten-

2041 4604 2174 4659 dens
2196 4604 2249 4657 in
2269 4601 2489 4658 Amalec
2508 4603 2790 4658 victoriam
2813 4603 2974 4673 cepit,
2997 4611 3052 4658 et
3070 4619 3168 4673 per
3187 4620 3306 4658 eam
3329 4604 3439 4658 veri
3461 4605 3626 4659 Ama-

2039 4696 2120 4751 lec
2154 4695 2414 4751 memoria
2437 4694 2611 4750 deleta
2641 4705 2723 4750 est
2759 4695 2860 4750 sub
2890 4695 3048 4750 ccelo.
3088 4696 3203 4750 Duo
3227 4710 3355 4765 ergo
3388 4695 3490 4749 viri
3525 4710 3629 4749 ex-

2038 4791 2338 4861 ploratores
2366 4797 2525 4843 terrae
2548 4788 3004 4858 repromissionis,
3029 4788 3121 4858 qui
3149 4789 3359 4843 botrum
3384 4788 3435 4841 in
3460 4797 3624 4842 vecte

2038 4882 2355 4951 portabant,
2389 4880 2523 4934 duos
2555 4879 2779 4949 populos
2819 4871 3273 4949 signiﬁcant,‘qui
3306 4878 3495 4950 gaudia
3526 4895 3626 4933 su-

2034 4982 2201 5041 perna
2226 4986 2325 5041 per
2347 4969 2657 5039 passionem
2679 4968 2879 5025 Christi
2908 4969 2959 5024 in
2983 4985 3143 5025 cruce
3169 4969 3428 5039 completa
3457 4983 3625 5037 quos-

1996 5052 2139 5133 ‘que
2178 5062 2459 5116 credentes
2497 5059 2797 5129 promereri
2833 5074 2993 5130 posse
3032 5059 3346 5129 prredicant.
3390 5058 3435 5114 Ο
3479 5074 3620 5114 crux

2032 5151 2314 5207 benedicta
2368 5148 2500 5203 Dei!
2550 5148 2672 5218 quis
2717 5147 2853 5203 bene
2900 5150 3157 5220 mysteria
3205 5157 3296 5203 tua
3340 5162 3568 5203 noscens
3599 5190 3619 5216 ,

2033 5252 2180 5298 tanta
2222 5251 2276 5298 et
2322 5251 2430 5296 tam
2472 5242 2731 5310 prazclara
2771 5241 2909 5296 dona
2954 5242 3142 5297 salutis
3182 5241 3315 5297 satis
3352 5256 3622 5295 enarrare

2029 5333 2193 5399 valet,
2222 5331 2308 5387 cui
2334 5330 2478 5385 nulla
2504 5330 2684 5402 lingua
2715 5339 2973 5385 creaturae
2996 5332 3062 5386 ad
3085 5331 3270 5386 laudes
3293 5330 3503 5385 debitas
3523 5344 3623 5384 ce-

2030 5422 2316 5477 lebrandas
2356 5420 2545 5476 idonea
2590 5429 2694 5475 est.
2744 5414 2819 5475 Te
2861 5421 3039 5476 Patris
3080 5421 3267 5476 aeterni
3311 5419 3510 5484 hostia,
3556 5419 3620 5474 in

2029 5512 2250 5569 odorem
2273 5512 2649 5567 suavissimum
2670 5512 2869 5577 oblata,
2893 5528 3103 5567 sacram
3125 5527 3273 5567 aram
3295 5511 3568 5566 dicaverat
3597 5529 3613 5564 :

2033 5605 2396 5661 viviﬁcantem
2433 5603 2683 5657 exaltasti
2726 5614 3064 5675 serpentem,
3108 5612 3166 5659 et
3196 5603 3359 5658 vitale
3394 5602 3617 5671 signum

2030 5696 2410 5755 demonstrasti
2449 5695 2645 5765 populo
2668 5737 2682 5758 ,
2716 5710 2825 5764 quo
2850 5694 3044 5749 salvari
3078 5694 3234 5748 lzesus
3258 5695 3324 5747 ab
3360 5691 3617 5746 hostibus

2030 5789 2215 5863 possit.
2260 5787 2321 5841 Et
2364 5785 2492 5855 quid
2529 5784 2758 5854 amplius
2793 5785 2859 5841 dc
2903 5794 2952 5839 lc
2989 5783 3171 5839 dicere
3204 5798 3454 5853 possum,
3505 5782 3616 5835 nisi
