3994 6196
278 410 389 472 2ῒῖ

1271 399 1360 454 ΒΕ
1399 393 1743 454 LAUDIBUS
1781 394 1838 450 S.
1876 392 2145 450 CllUCIS.
2191 424 2255 430 —
2297 389 2421 445 ΗΒ.
2465 389 2525 444 II.

3461 381 3563 436 :78

283 533 392 586 hoc
419 524 566 597 quod
588 528 786 580 cuncta
814 521 957 577 bona
987 516 1215 572 dederas
1243 522 1300 570 et
1325 512 1466 568 mala
1500 519 1700 568 cuncta
1733 505 1885 566 aufe-
1909 512 1956 572 Α
1986 518 2202 564 calores
2253 508 2426 563 sancti
2481 504 2760 578 Evangelii
2818 502 3172 567 fructiﬁcans,
3214 518 3343 572 opes
3376 502 3565 557 condis

283 623 451 678 rebas
465 619 488 672 ‘.’

882 700 1114 757 CAPUT
1150 698 1264 752 XII.

286 803 369 859 De
388 799 720 857 duodecima:
766 795 954 917 ﬁgure:
992 792 1217 913 ratiolne,
1245 789 1332 844 ubi
1364 803 1551 843 nomen
1571 783 1881 857 protopiasti

882 880 926 917 ει
952 879 1040 917 um
1071 878 1125 915 es
1154 900 1168 913 .

882 878 1040 918 suum
1071 878 1145 915 881
1154 900 1168 913 .

362 968 460 1023 Eia
505 962 690 1025 modo,
746 957 1025 1015 dulcisono
1066 952 1304 1009 metrica:
1332 950 1468 1006 artis
1497 947 1698 1013 ﬁstula,
1746 945 1884 1001 vade

287 1055 626 1116 salutiferam
656 1050 837 1108 crucis
859 1047 1153 1103 Dominica:
1170 1041 1384 1099 laudem
1411 1041 1667 1098 suavibus
1689 1050 1885 1094 canere

287 1150 562 1213 versibus,
588 1157 834 1215 opusque
865 1137 1113 1195 mirabile
1136 1134 1523 1206 redemptionis
1562 1142 1783 1197 nostrae,
1812 1129 1885 1185 si-

288 1241 404 1298 mul
424 1248 482 1294 et
504 1234 941 1294 consolationem
970 1230 1095 1285 vita:
1132 1228 1327 1282 futura:
1371 1224 1581 1281 devotis
1606 1223 1885 1279 celebrare

290 1333 570 1396 laudibus,
619 1327 746 1398 quia
774 1324 828 1379 in
867 1330 1055 1379 sancta
1084 1335 1251 1376 cruce
1298 1333 1444 1374 mors
1468 1316 1611 1370 victa
1636 1323 1721 1369 est
1746 1313 1888 1368 dire-

288 1426 564 1489 ctissima,
588 1431 646 1477 et
665 1426 1012 1491 peccatorum
1061 1422 1373 1470 nostrorum
1407 1410 1622 1465 vincula
1650 1417 1777 1464 sunt
1806 1422 1888 1462 re-

291 1520 492 1576 soluta.
526 1517 645 1571 Lux
694 1512 852 1568 nobis
900 1525 997 1580 per
1023 1506 1303 1563 Christum
1340 1502 1499 1558 rediit
1546 1499 1800 1572 pristino,
1835 1505 1890 1551 et

292 1600 487 1696 primit
516 1602 978 1679 praevaricationis
1008 1612 1270 1656 concessa
1305 1605 1388 1651 est
1413 1594 1591 1649 venia.
1624 1591 1757 1646 Nam
1780 1590 1889 1660 pri-

295 1680 648 1759 inus'Adam
694 1697 946 1752 decorem
975 1686 1397 1746 immortalitatis
1447 1683 1601 1739 nobis
1642 1680 1888 1743 abstulit,

292 1811 426 1853 cum
445 1805 668 1865 pomum
694 1787 826 1859 ligni
858 1784 1009 1841 vetiti
1037 1790 1228 1838 contra
1250 1785 1577 1850 praeceptum
1608 1771 1847 1845 gustavit
1872 1786 1886 1835 ;

1983 599 2233 654 ewlestes
2265 616 2278 652 :
2333 596 2569 651 exaltata
2596 595 2813 666 quidem
2863 592 3147 663 majestate
3196 607 3357 661 super
3381 594 3562 648 omnia

1983 690 2127 761 ligna
2177 689 2433 744 silvarum
2487 688 2823 744 honorabilis
2849 695 2905 742 et
2932 687 3129 742 decora
3177 687 3566 756 existis;quia

1984 780 2207 836 claritas
2252 779 2452 835 Christi
2482 779 2534 833 in
2567 787 2620 833 te
2670 779 2911 834 cruciﬁxi
2941 779 3232 849 gloriosam
3261 787 3316 835 et
3345 779 3561 849 specio-

1984 885 2099 925 sam
2129 878 2184 924 et
2210 868 2572 925 venerabilem
2601 870 2853 925 omnibus
2876 880 2929 925 te
2956 871 3219 926 exhibuit.
3274 870 3387 926 Hoc
3415 870 3567 942 quis-

1983 961 2106 1032 quis
2137 961 2190 1015 in
2224 960 2348 1015 ﬁdei
2377 959 2632 1015 ﬁrmitate
2661 960 2931 1026 consistit,
2957 959 3115 1029 plena
3145 960 3428 1015 devotione
3450 975 3572 1031 pro-

1986 1051 2204 1117 ﬁtetur,
2258 1052 2385 1110 licet
2432 1053 2691 1109 daemonis
2745 1054 2828 1110 vis
2876 1053 3096 1109 horrida
3146 1054 3377 1108 salutem
3431 1054 3571 1108 hanc

1985 1145 2218 1200 credere
2255 1152 2415 1215 atque
2445 1160 2774 1217 cognoscere
2830 1146 3082 1216 gentibus
3112 1144 3357 1199 invidens
3388 1144 3576 1199 hacte-

1989 1259 2099 1301 nus
2172 1237 2486 1292 reluctetur.
2515 1237 2707 1294 Varias
2731 1239 2948 1308 quidem
2991 1238 3251 1292 virtutum
3287 1236 3497 1307 species
3520 1236 3573 1290 in

1988 1329 2108 1383 sinu
2139 1338 2230 1384 tuo
2275 1330 2634 1395 demonstras,
2678 1338 2733 1385 et
2780 1328 3165 1383 abundantiam
3210 1326 3575 1398 spiritualium

1989 1420 2300 1475 divitiarum
2331 1430 2384 1475 te
2418 1421 2627 1474 habere
2657 1418 2933 1492 signiﬁcas
2963 1438 2974 1472 :
3029 1436 3096 1474 ex
3124 1418 3387 1486 sanguine
3416 1416 3577 1471 Chri-

1989 1511 2057 1566 sti
2082 1525 2353 1581 purpureo
2408 1509 2615 1581 fulgore
2668 1512 2825 1577 nites,
2860 1520 2915 1566 et
2969 1526 3069 1581 pro
3099 1509 3317 1564 Christo
3364 1508 3575 1562 animas

1991 1611 2204 1656 nostras
2251 1615 2454 1671 ponere
2504 1602 2719 1656 fortiter
2764 1603 2979 1657 suades.
3021 1602 3075 1655 In
3123 1610 3174 1655 te
3203 1600 3574 1655 Ecelesiarum

1992 1690 2275 1746 salvatoris
2302 1690 2568 1745 celsitudo
2616 1691 2885 1757 consistit,
2917 1699 2971 1745 ct
3019 1690 3201 1744 unitas
3251 1688 3487 1743 ﬁdelium
3522 1687 3579 1741 in

1994 1782 2098 1837 ﬁde
2128 1791 2183 1836 et
2211 1796 2343 1852 pace
2395 1780 2755 1851 permanebit,
2788 1780 2933 1849 quod
2960 1780 3126 1834 etiam
3160 1778 3367 1832 erectio
3395 1778 3577 1831 taber-

293 1896 353 1945 et
376 1864 652 1943 secundus
675 1881 870 1945 Adam.
895 1877 1135 1934 salvator
1162 1872 1414 1928 Videlicet
1443 1876 1647 1929 ηυδε-ω’.
1670 1880 1887 1921 omnem
1918 1864 1964 1923 Β
1992 1872 2166 1926 naculi
2221 1871 2464 1936 Mosaici,
2520 1887 2617 1927 seu
2650 1870 2938 1926 aediﬁcatio
3000 1868 3181 1937 templi
3246 1867 3579 1921 Salomonici

295 1984 645 2035 venustatem
674 1982 729 2027 et
754 1984 971 2027 omnem
1019 1966 1247 2035 gloriam
1299 1970 1461 2031 atque
1497 1959 1760 2014 honorem
1790 1970 1888 2009 su-

293 2086 486 2144 pernae
534 2066 801 2124 claritatis
860 2061 1018 2116 nobis
1080 2056 1374 2113 adveniens
1434 2067 1618 2109 secum
1682 2048 1883 2103 attulit.

299 2140 479 2222 Unius
526 2162 595 2216 ob
645 2172 841 2214 noxam
873 2153 1042 2209 multa
1094 2160 1150 2206 et
1184 2145 1595 2204 innumerabilia
1641 2140 1889 2214 perpessi

295 2268 494 2311 sumus
522 2250 683 2316 mala,
711 2256 768 2305 et
796 2243 1104 2316 temporalis
1140 2240 1330 2295 mortis
1384 2235 1489 2292 inci
1512 2236 1671 2290 limus
1695 2232 1888 2287 discri-

297 2338 452 2398 mina
479 2360 494 2394 :
525 2339 605 2395 sic
630 2348 685 2393 et
715 2336 877 2391 unius
916 2333 986 2388 ob
1009 2330 1239 2403 gratiam
1287 2327 1461 2383 ﬁdelia
1489 2324 1767 2380 salvantur
1795 2337 1891 2392 ag-

299 2432 454 2490 mina
482 2439 541 2487 et
589 2429 711 2484 luce
754 2426 1036 2498 potiuntur
1082 2430 1305 2477 teterna.
1340 2416 1582 2486 Denique
1629 2414 1770 2469 sicut
1797 2428 1895 2484 per

299 2523 512 2595 lignum
547 2516 1008 2592 praevaricationis
1044 2529 1190 2569 mors
1225 2509 1465 2565 introivit
1490 2508 1543 2562 in
1572 2514 1743 2561 totum
1790 2520 1884 2558 or-

301 2615 431 2671 bem
464 2625 757 2675 terrarum,
782 2618 839 2664 et
874 2608 927 2662 in
957 2606 1453 2677 infernumpmnes
1474 2598 1894 2662 descenderunt,

301 2706 475 2761 etiam
506 2704 607 2774 ipsi
638 2702 820 2767 electi,
856 2701 929 2755 ita
964 2706 1019 2753 et
1042 2713 1137 2767 per
1165 2696 1368 2766 lignum
1422 2693 1715 2748 Duminicae
1764 2705 1895 2761 pas-

302 2795 483 2853 sionis
516 2808 665 2850 mors
689 2790 962 2862 captivata
992 2795 1095 2848 est,
1125 2793 1182 2840 ct
1205 2784 1358 2839 multi
1383 2790 1678 2838 evaserunt
1703 2796 1770 2835 ex
1804 2794 1890 2844 ea,

303 2885 479 2941 etiam
505 2882 743 2954 peccatis
765 2877 1003 2936 obnoxii.
1057 2875 1321 2932 Universo
1344 2872 1551 2927 scilicet
1579 2870 1698 2926 orbi
1742 2868 1898 2926 Chri-

304 2985 430 3031 stus
456 2989 559 3045 per
586 2986 804 3029 crucem
831 2969 1036 3024 aditum
1083 2966 1205 3020 vita
1229 2963 1463 3035 aperuit,
1511 2970 1566 3016 et
1618 2961 1671 3015 in
1695 2975 1758 3015 ea
1804 2974 1900 3030 po-

234 3094 239 3101 -
305 3067 542 3123 tentiam
578 3063 793 3119 virtutis
820 3078 931 3117 sua:
975 3056 1386 3122 demonstravit,
1449 3056 1747 3126 ipsamque,
1779 3052 1902 3108 reli-

304 3158 417 3213 etis
474 3155 740 3212 idolorum
769 3152 1021 3215 cultibus,
1076 3148 1448 3205 honorabilem
1499 3162 1623 3202 esse
1644 3145 1899 3201 omnibus

1989 1962 2372 2034 pneﬁgurahat
2405 1981 2418 2016 :
2451 1962 2552 2017 hoc
2573 1970 2629 2018 et
2667 1962 2838 2017 altare
2871 1961 3166 2019 holocausti
3199 1961 3311 2015 sive
3348 1960 3581 2030 thymia-

1994 2055 2175 2120 matis,
2231 2061 2394 2123 atque
2424 2053 2563 2125 ignis
2592 2053 2644 2108 in
2687 2053 2767 2108 eis
2806 2066 3022 2122 semper
3057 2051 3252 2105 ardens
3304 2047 3581 2120 signiﬁca-

1993 2148 2085 2203 bat
2112 2166 2126 2214 ;
2159 2148 2261 2203 hoc
2291 2156 2346 2203 et
2374 2146 2757 2202 candelabrum
2786 2162 2906 2200 cum
2937 2152 3169 2213 quatuor
3191 2142 3446 2206 lucernis,
3477 2142 3582 2196 hoc

1995 2246 2050 2292 et
2076 2237 2285 2293 sabbati
2314 2238 2425 2292 otia
2454 2236 2788 2301 indicabant,
2819 2236 2943 2306 quia
2980 2236 3032 2289 in
3078 2234 3293 2290 Christo
3318 2233 3471 2305 Agno
3498 2234 3580 2287 vi-

1996 2328 2190 2384 delicet
2244 2328 2341 2385 Dei
2390 2327 2757 2394 immaculato,
2810 2342 2911 2398 pro
2957 2326 3131 2381 salute
3162 2334 3343 2380 nostra
3396 2325 3448 2379 in
3482 2340 3579 2379 ara

1996 2420 2177 2475 crucis
2207 2419 2507 2486 immolato,
2535 2427 2591 2475 et
2636 2418 2872 2474 ﬁdelium
2898 2426 2983 2473 est
3022 2416 3366 2482 illuminatio,
3415 2424 3471 2471 ct
3500 2430 3583 2470 re-

1998 2518 2154 2589 quies
2200 2524 2459 2588 perpctua
2506 2524 2837 2572 sanctorum.
2888 2514 3004 2584 Ipse
3057 2506 3140 2568 est
3194 2512 3261 2566 ad
3292 2512 3455 2566 vitam
3485 2525 3583 2582 per

1998 2610 2304 2682 passionem
2330 2607 2509 2664 crucis
2535 2596 2765 2677 praevius
2790 2615 2995 2670 noster,
3025 2603 3139 2675 ipse
3183 2602 3332 2658 salus
3358 2610 3584 2662 arterna,

2000 2700 2115 2770 ipse
2139 2700 2229 2754 lux
2260 2714 2407 2763 vera,
2433 2698 2548 2767 ipsc
2575 2697 2789 2752 bonitas
2824 2695 3084 2766 piissima,
3139 2694 3255 2763 ipse
3282 2690 3584 2762 redemptio

2000 2800 2206 2855 nostra,
2238 2790 2352 2861 ipse
2373 2798 2456 2844 est
2481 2797 2537 2844 ct
2570 2787 2680 2841 vita
2702 2786 3053 2857 sempiterna,
3079 2785 3193 2855 ipse
3221 2793 3304 2838 est
3328 2782 3584 2854 princeps

2002 2889 2260 2951 tanquam
2290 2878 2430 2934 ﬁlius
2453 2878 2507 2932 in
2529 2875 2690 2932 domo
2718 2892 2839 2942 sua,
2868 2874 3113 2931 Ecclesia
3159 2875 3407 2930 videlicet
3456 2889 3583 2928 san-

2002 2982 2089 3030 cta
2122 2991 2136 3027 :
2175 2973 2289 3042 ipse
2309 2979 2395 3026 est
2423 2985 2529 3041 pax
2580 2975 2788 3035 nostra,
2819 2969 2911 3038 qui
2942 2966 3069 3022 fecit
3118 2975 3347 3035 utraque
3374 2979 3538 3018 unum
3564 2979 3580 3029 ;

2004 3064 2118 3134 ipse
2144 3061 2504 3133 principatum
2553 3059 2749 3117 diaboli
2805 3057 3094 3122 destruxit,
3125 3065 3182 3112 et
3210 3062 3437 3111 conatus
3467 3052 3587 3124 ejus

2004 3152 2195 3209 noxios
2221 3150 2555 3207 retardavit:
2591 3150 2683 3221 qui
2711 3164 2810 3221 per
2832 3149 3005 3220 frigus
3042 3147 3380 3203 inﬁdelitatis
3408 3145 3587 3202 fervo-

308 3247 503 3302 VOMI-
531 3245 639 3302 Ρετ
669 3245 810 3300 hanc
837 3243 921 3298 sui
966 3240 1293 3296 sacramenti
1341 3238 1497 3293 ηουίδ
1528 3235 1785 3307 funereo“
1812 3251 1899 3289 π’
1926 3241 1972 3304 C
2005 3261 2118 3301 rem
2140 3243 2427 3299 charitatis
2461 3242 2809 3313 exstinguere
2838 3239 3038 3305 studet,
3082 3247 3136 3293 ct
3165 3252 3262 3308 per
3301 3235 3587 3291 illecebras

304 3353 533 3402 cauum,
559 3344 618 3391 et
645 3335 715 3390 ad
737 3332 1149 3389 custodiendum
1189 3328 1280 3398 jus
1320 3344 1431 3383 sua:
1474 3326 1769 3383 voluntatis
1793 3340 1894 3381 uo-

305 3428 524 3485 biscum
555 3426 869 3480 ﬁrmaverat
913 3431 1154 3494 pactum.
1206 3419 1421 3475 Primus
1444 3419 1626 3483 homo,
1657 3417 1722 3472 de
1752 3424 1897 3472 terra

306 3527 587 3582 ten-enus,
637 3524 906 3570 terrenam
963 3510 1243 3584 generavit
1290 3508 1554 3574 sobolem,
1592 3507 1680 3561 cui
1715 3513 1769 3562 et
1797 3506 1899 3561 im-

307 3612 503 3669 mitem
545 3609 886 3666 haareditavit
942 3616 1171 3663 mortem
1205 3625 1219 3659 ε
1250 3605 1522 3660 secundus
1554 3618 1793 3673 quoque,
1831 3601 1899 3657 de

304 3702 453 3758 celo
475 3700 735 3765 caelestis,
767 3699 1041 3755 caelestem
1056 3696 1258 3751 mundo
1285 3694 1462 3773 intulit
1492 3693 1900 3765 generationem

307 3802 369 3849 et
390 3801 654 3849 satemam
692 3791 805 3846 suis
831 3789 1082 3861 promisit
1125 3784 1529 3842 beatitudinem.
1566 3783 1661 3838 Hic
1682 3792 1768 3840 est
1796 3782 1901 3838 Do-

308 3884 493 3939 minus
520 3883 899 3938 universorum
926 3890 982 3936 et
1009 3888 1225 3935 creator
1265 3877 1509 3933 omnium
1553 3890 1733 3930 rerum
1761 3893 1773 3928 :
1810 3891 1898 3930 re-

308 3994 477 4050 gnum
500 3977 651 4033 solus
672 3992 796 4032 cum
826 3976 987 4031 Patre
1026 3982 1082 4029 et
1123 3972 1328 4043 Spiritu
1358 3977 1546 4025 sancto
1575 3977 1726 4025 tenet
1744 3976 1900 4023 aeter-

310 4084 466 4133 num,
496 4076 555 4121 et
598 4081 784 4122 secum
820 4080 1049 4136 regnare
1094 4062 1202 4116 vult
1234 4068 1410 4116 cretus
1464 4057 1726 4129 gloriosos
1773 4071 1901 4110 san-

308 4168 548 4214 ctorum.
588 4157 707 4228 Ipse
751 4156 915 4212 etiam
946 4168 1043 4225 pcr
1078 4168 1272 4208 nomen
1313 4150 1507 4214 Adam,
1536 4163 1644 4218 quo
1670 4140 1902 4217 quatuor

310 4249 503 4321 plagas
523 4248 675 4303 orbis
703 4248 1042 4319 persignatas
1077 4246 1258 4306 habet,
1310 4240 1598 4313 potestatis
1632 4255 1761 4304 sum,
1798 4255 1902 4309 qua

310 4326 630 4396 dominatur
651 4340 704 4394 in
733 4346 848 4394 toto
900 4339 1033 4393 orbe
1072 4346 1361 4400 terrarum,
1390 4335 1547 4389 nobis
1574 4334 1721 4389 dedit
1764 4332 1905 4387 indi-

309 4434 480 4489 cium.
504 4431 642 4487 Nam
662 4430 895 4496 anatole,
926 4430 1094 4501 dysis,
1126 4437 1302 4484 arctos
1322 4435 1378 4481 et
1401 4424 1744 4491 mesembria,
1774 4439 1906 4494 qua-

310 4537 441 4582 tuor
469 4525 655 4581 mundi
678 4534 862 4595 partes
890 4523 944 4576 in
973 4522 1242 4591 capitibus
1267 4518 1654 4574 vocabulorum
1682 4530 1904 4571 suorum

314 4618 422 4673 hoc
470 4588 753 4671 resonant.
807 4613 965 4670 Unde
1013 4588 1278 4667 condecet
1330 4618 1390 4663 ut
1435 4615 1629 4662 cuncta
1668 4588 1984 4660 viventiaD

312 4720 481 4780 atque
510 4705 861 4763 subsistentia
892 4703 1179 4759 Domimnn
1208 4716 1367 4755 suum
1399 4705 1810 4770 recognoscant,
1852 4703 1908 4750 et

315 4798 567 4854 laudibus
590 4796 800 4851 devotis
826 4794 1137 4856 concinant,
1174 4791 1317 4861 quod
1354 4787 1511 4844 Jesus
1540 4787 1792 4842 Christus
1816 4800 1906 4839 ve-

318 4908 414 4947 rus
434 4899 520 4946 est
550 4888 722 4944 Filius
749 4888 845 4942 Dei
874 4895 928 4942 et
954 4886 1297 4954 omnipotens
1326 4882 1546 4937 dextera
1575 4880 1752 4935 Patris
1791 4894 1908 4933 om-

314 4981 652 5054 nipotentis:
683 4977 839 5049 cujus
872 4977 1082 5034 curatio
1112 4977 1346 5034 salubris
1390 4984 1475 5030 est
1518 4982 1572 5030 et
1622 4978 1908 5028 contactus

318 5078 590 5135 medicina
612 5076 806 5133 salutis
826 5083 1063 5131 aeternae.

939 5206 1167 5263 CAPUT
1206 5205 1340 5261 XIII.

320 5301 399 5356 De
437 5302 604 5355 tertia:
652 5300 868 5353 decima:
919 5299 1124 5351 ratione
1173 5295 1380 5365 ﬁgam,
1428 5291 1664 5365 ubiiille
1707 5293 1911 5365 dierum

393 5387 645 5452 numerus
672 5370 1073 5437 comprehensus
1114 5360 1231 5438 quo
1259 5364 1496 5419 Christus
1530 5364 1587 5416 in
1615 5372 1760 5417 utero
1800 5360 1913 5415 Vir-

389 5450 531 5511 ginis
565 5450 803 5495 moratus
827 5450 926 5495 est.

395 5553 575 5606 Arbor
624 5551 809 5606 odoris
839 5549 1148 5606 suavissimi
1193 5556 1247 5602 et
1276 5546 1613 5616 expansionc
1662 5544 1913 5615 pulchra-

319 5660 447 5701 rum
480 5644 753 5700 frondium
792 5642 1077 5707 latissima,
1134 5641 1325 5695 hortus
1359 5636 1676 5692 deliciarum
1703 5635 1911 5688 incom-

320 5736 585 5807 parabilis
620 5736 871 5800 affluens,
926 5735 1174 5789 ubertate
1202 5731 1532 5802 largissima,
1564 5727 1783 5782 ﬁoribus
1806 5725 1913 5779 vir-

323 5835 499 5882 tutum
527 5835 582 5883 ct
618 5825 760 5882 foliis
789 5824 1074 5882 verborum
1122 5820 1539 5892 iucundissima,
1570 5834 1667 5888 per
1717 5814 1913 5885 pra-di-

2001 3337 2336 3407 voluptatum
2362 3334 2677 3391 felicitatem
2702 3347 2887 3389 veram
2914 3332 3259 3401 promittens,
3295 3329 3455 3383 fallax
3487 3328 3586 3383 de-

2000 3430 2165 3500 cepit,
2217 3436 2273 3482 et
2324 3442 2423 3497 per
2454 3427 2595 3481 hanc
2643 3424 2970 3479 dementiam
3000 3424 3116 3493 jam
3160 3420 3321 3492 quasi
3369 3429 3586 3490 captum

2001 3519 2257 3584 irridens,
2285 3516 2588 3573 manifestis
2615 3514 2870 3570 vitiorum
2900 3511 3128 3567 vinculis
3156 3519 3211 3566 et
3240 3509 3446 3566 catenis
3470 3523 3590 3578 pec-

2002 3620 2247 3667 catorum
2274 3609 2513 3679 stringit.
2560 3604 2605 3662 0
2627 3622 2760 3661 crux
2794 3612 2978 3660 sancta
3006 3603 3018 3656 !
3050 3618 3083 3658 ο
3112 3601 3274 3657 arbor
3300 3600 3545 3671 speciosa
3571 3599 3585 3652 ε

2001 3718 2122 3774 qua:
2148 3701 2330 3758 omnia
2355 3700 2641 3755 cedrorum
2671 3711 2896 3752 nemora
2944 3693 3229 3748 altitudine
3254 3699 3308 3746 et
3351 3688 3592 3761 pulchri-

2003 3792 2187 3849 tudine
2245 3788 2655 3860 incomparabili
2705 3802 2956 3857 supcras,
3006 3800 3074 3838 en
3112 3798 3348 3852 numero
3377 3795 3595 3850 compe-

2005 3884 2138 3941 tenti
2168 3884 2222 3938 in
2245 3882 2504 3939 cornibus
2548 3881 2653 3936 tuis
2701 3877 2931 3935 radianti
2984 3880 3123 3933 dona
3160 3875 3508 3932 serenissima
3537 3883 3595 3928 et

2005 3972 2324 4029 beatissima
2380 3987 2478 4042 per
2535 3970 2824 4025 adventum
2890 3967 3232 4023 Dominicum
3290 3964 3590 4033 portendis.

2005 4065 2262 4121 Ostendis
2307 4065 2452 4120 enim
2506 4061 2702 4119 seriem
2734 4061 2943 4116 dierum
2993 4059 3188 4130 quibus
3243 4055 3491 4111 Salvator
3538 4055 3597 4110 in

2006 4166 2160 4212 utero
2206 4155 2445 4227 Virginis
2492 4154 2810 4209 incarnatus
2856 4159 2960 4215 est,
2987 4158 3041 4204 et
3069 4165 3166 4220 per
3190 4150 3332 4204 hanc
3385 4163 3597 4202 moram

2006 4249 2279 4321 patientia:
2311 4257 2366 4304 et
2394 4246 2715 4303 humilitatis
2756 4245 2873 4315 ejus
2898 4245 3223 4299 documenta
3261 4239 3419 4295 nobis
3458 4253 3597 4309 pra:-

2007 4346 2103 4399 bes
2135 4361 2147 4395 :
2182 4350 2237 4397 ct
2273 4341 2398 4412 quia
2426 4356 2552 4396 cum
2584 4340 2806 4395 lenitate
2841 4347 2894 4394 et
2937 4335 3322 4406 tranquillitate
3347 4349 3445 4405 per
3468 4349 3595 4403 par-

2009 4443 2120 4489 tum
2149 4432 2218 4487 ad
2243 4448 2341 4488 nos
2379 4432 2544 4497 venit,
2576 4429 3042 4485 mansuetudinem
3071 4442 3224 4482 suam
3254 4434 3308 4481 et
3339 4425 3597 4481 obedien-

2012 4526 2165 4591 tiam,
2221 4539 2386 4594 quam
2444 4521 2705 4592 usquead
2758 4528 2988 4575 mortem
3036 4519 3088 4572 in
3120 4526 3173 4572 te
3224 4523 3596 4586 perpetratam

2010 4615 2287 4679 servabat,
2316 4612 2583 4683 designas.
2617 4610 2740 4665 Ideo
2784 4611 2909 4664 data
2940 4616 3027 4663 est
3072 4608 3121 4662 ei
3150 4606 3330 4661 omnis
3357 4613 3597 4675 potestas

2012 4707 2066 4761 in
2096 4706 2234 4762 coelo
2280 4714 2334 4761 et
2394 4707 2446 4761 in
2484 4714 2629 4760 terra
2677 4704 2975 4759 secundum
3027 4701 3447 4764 humanitatem,
3501 4700 3595 4769 qui

2009 4816 2131 4855 cum
2188 4798 2351 4853 Patre
2380 4807 2433 4853 ct
2470 4797 2676 4867 Spiritu
2730 4805 2919 4851 sancto
2974 4794 3169 4855 caelum
3198 4800 3255 4845 ct
3310 4800 3511 4844 terram
3538 4801 3597 4845 et

2010 4893 2192 4950 omnia
2219 4907 2338 4963 qua:
2373 4892 2426 4945 in
2460 4891 2538 4945 eis
2571 4898 2697 4945 sunt
2752 4887 2957 4943 creavit
3003 4884 3299 4941 secundum
3332 4898 3485 4937 suam
3518 4881 3599 4935 di-

2011 4985 2317 5049 vinitatem,
2372 4983 2511 5037 sicut
2537 4980 2710 5036 sancti
2739 4980 2938 5033 dudum
2996 4976 3243 5031 cecinere
3295 4974 3594 5044 prophetzc,

2013 5076 2154 5146 quod
2183 5075 2305 5131 (δίυΙί
2335 5082 2388 5128 et
2411 5082 2568 5128 terrae
2599 5070 2769 5125 factor
2796 5069 3051 5139 parvulus
3080 5066 3222 5121 ﬁlius
3250 5070 3595 5128 nasceretur,

2013 5168 2167 5239 cujus
2189 5165 2474 5237 imperium
2501 5178 2665 5233 super
2695 5163 2979 5216 humerum
3003 5163 3120 5230 ejus
3143 5163 3306 5213 esset.

2586 5273 2814 5331 CAPUT
2854 5272 2992 5327 XIV.

2017 5373 2093 5427 De
2114 5372 2285 5442 ﬁgura
2324 5380 2511 5439 quarta
2563 5368 2785 5442 decima,
2828 5366 2883 5442 in
2921 5381 3025 5434 qua
3057 5378 3304 5442 numerus
3334 5378 3594 5442 annorum

2086 5430 2393 5497 a'bvexord'io
2434 5439 2614 5492 nzundi
2639 5453 2797 5507 usque
2823 5436 2875 5488 in
2905 5430 3101 5488 annum
3139 5430 3413 5485 Passionis
3444 5430 3596 5486 Chri-

2086 5513 2151 5567 sti
2175 5522 2383 5567 notatus
2404 5519 2498 5564 cst.

2088 5628 2224 5682 Vere
2251 5625 2467 5693 dignum
2497 5636 2631 5689 opus
2656 5628 2760 5681 est,
2807 5633 2868 5671 ac
2895 5615 3214 5686 prmclarum
3267 5613 3448 5677 valde,
3483 5622 3594 5666 tro-

2016 5736 2189 5790 pamm
2232 5717 2469 5772 cwlcstis
2518 5713 2659 5783 regis
2706 5709 2981 5765 dulcisona
3019 5708 3383 5763 modulatione
3446 5706 3592 5775 pstil-

2017 5810 2165 5873 lerc;
2217 5803 2546 5874 triumphum
2589 5798 2941 5855 dominatoris
2974 5800 3163 5854 :rtcrni
3224 5804 3594 5870 competenter
