4002 6204
454 380 520 443 79
1067 382 1130 440 Β.
1173 384 1427 441 RABANI
1466 385 1686 445 MAURI
1723 386 2041 444 ARCHIEP.
2081 386 2391 445 MOGUNT.
2432 387 2718 449 OPERUM
2757 391 2936 450 PARS
2968 395 3009 449 Ι.

3586 403 3699 459 280

412 502 729 576 przedieare,
759 516 867 581 quo
914 500 1174 556 mundum
1206 502 1273 558 de
1332 510 1599 571 potestate
1645 503 1858 575 tyranni
1890 502 1996 558 eri-
2025 510 2075 568 Α
2101 503 2373 558 velatione
2403 504 2675 575 cognovit,
2703 514 2758 562 et
2783 506 2932 562 claro
2976 522 3229 564 sermone
3254 511 3571 582 praedicavit
3614 525 3696 570 ate

412 596 551 668 νυξὶ,
603 595 889 666 ipsumque
921 607 1085 663 regno
1116 592 1233 662 ejus
1281 594 1556 650 destructo
1587 608 1653 650 ae
1717 602 1992 664 reparato,

411 699 618 746 aeterno
646 704 871 745 carcere
902 689 1181 743 damnavit
1208 707 1221 741 :
1263 688 1315 742 in
1345 704 1451 758 quo
1481 689 1645 744 etiam
1674 689 1914 743 cmlestia
1943 696 1996 743 et

2101 606 2206 661 que
2227 594 2571 663 conscripsit.
2615 594 2693 650 lta
2723 596 2920 667 quippe
2957 598 3132 669 gratia
3178 598 3360 655 divina
3389 612 3696 672 praecane-

2100 684 2177 739 ris
2203 685 2548 756 evangelistis
2574 688 2770 743 collata
2794 697 2881 743 est
2904 688 3122 756 Joanni,
3160 701 3220 747 ut
3256 708 3379 748 cum
3409 692 3484 749 illi
3512 696 3695 752 incar-

412 781 693 836 terrestria
723 789 885 850 atque
908 780 1179 833 maritima
1210 794 1376 849 regno
1411 780 1512 835 sibi
1553 781 1817 850 acquisito
1844 779 1998 835 fulcit
2097 773 2333 829 nationis
2370 773 2671 832 Saivaloris
2690 786 2747 831 et
2785 777 3136 835 humanitatis
3164 780 3282 851 ejus
3337 797 3536 839 arcana
3568 802 3692 841 ma-

410 880 573 943 atque
602 880 890 928 sustentat.
940 870 1075 926 Nam
1102 872 1319 941 quando
1367 871 1484 941 ejus
1520 872 1778 927 exultatio
1834 872 1997 928 fuerit
2097 863 2242 916 xime
2270 864 2697 932 conscriberent,
2720 866 2823 921 iste
2860 867 3159 923 divinitatis
3185 868 3302 939 ejus
3343 884 3689 930 sacramenta

407 962 477 1016 ab
505 961 715 1030 origine
743 963 1019 1016 nascentis
1050 962 1256 1027 mundi,
1310 977 1607 1018 accurrens
1634 979 1756 1018 eum
1785 974 1992 1036 myste-

406 1054 490 1108 rio
519 1068 783 1107 annorum
830 1068 1087 1108 numerus
1135 1068 1233 1123 per
1280 1063 1435 1108 notas
1473 1053 1784 1110 Graecorum
1832 1056 1884 1110 in
1926 1056 1992 1109 ﬁ-

406 1160 538 1214 gura
568 1144 738 1215 ipsius
768 1145 1056 1214 dispositas
1086 1146 1364 1215 exprimit,
1403 1153 1460 1201 ct
1511 1145 1580 1201 ob
1626 1147 1727 1202 hoc
1757 1149 1987 1203 creden-

406 1236 541 1288 tium
567 1236 780 1313 devotio
806 1244 1050 1306 augetur,
1083 1252 1204 1291 eum
1227 1238 1485 1307 perspicit
1514 1238 1850 1294 conditorem
1873 1254 1990 1293 om-

403 1327 553 1380 nium
580 1343 762 1383 rerum
788 1336 896 1382 tam
921 1343 1158 1399 congrue
1192 1338 1247 1383 et
1277 1336 1387 1382 tam
1419 1330 1803 1386 convenienter
1826 1331 1988 1386 rebus

402 1416 534 1485 ipsis
566 1425 863 1488 temporum
891 1418 1083 1472 seriem
1117 1426 1371 1489 coaptare
1396 1436 1408 1471 :
1439 1420 1581 1488 quod
1612 1419 1781 1489 ﬁgura
1808 1420 1987 1476 crucis

400 1517 451 1564 et
490 1509 792 1580 redemptio
844 1511 896 1564 in
929 1525 992 1565 ea
1019 1519 1350 1580 perpetrata,
1384 1526 1449 1565 ac
1497 1511 1645 1567 salus
1685 1527 1784 1581 per
1838 1513 1977 1567 dona

398 1601 661 1656 virtutum
694 1602 942 1657 ﬁdelibus
995 1602 1211 1669 collata,
1244 1619 1368 1659 cum
1398 1618 1624 1659 numero
1670 1605 1841 1660 sacris
1866 1622 1983 1676 my-

398 1695 582 1749 steriis
607 1696 764 1765 pleno
791 1696 894 1751 rite
926 1697 980 1750 in
1034 1695 1286 1752 omnibus
1336 1699 1686 1753 concordent.
1736 1698 1979 1770 Denique

398 1786 722 1857 principium
778 1786 901 1842 libri
928 1786 1155 1842 Genesis
1183 1788 1625 1844 manifestissime
1662 1791 1978 1859 comprobat

2093 955 2361 1025 proftmdo
2417 973 2669 1014 sermone
2719 960 3008 1027 revelaret,
3039 961 3185 1031 quod
3232 962 3487 1019 videlicet
3510 964 3690 1020 factor

2094 1050 2339 1104 omnium
2372 1064 2555 1105 rerum
2601 1052 2837 1107 animam
2868 1062 2923 1108 et
2954 1069 3154 1124 corpus
3183 1052 3236 1110 in
3271 1071 3331 1110 se
3360 1061 3684 1130 sumpsisset

2092 1141 2408 1209 humanum,
2432 1136 2433 1145 “
2464 1151 2519 1197 et
2545 1143 2637 1213 qui
2687 1144 2741 1198 in
2769 1146 3035 1216 principio
3063 1147 3207 1203 Deus
3234 1164 3374 1205 unus
3405 1161 3526 1205 erat
3552 1168 3680 1209 cum

2090 1233 2201 1287 Deo
2230 1233 2413 1301 Patre,
2446 1236 2501 1290 in
2555 1236 2660 1291 ﬁne
2690 1246 2993 1308 temporum
3019 1241 3249 1296 visibilis
3303 1252 3590 1315 appareret
3623 1248 3681 1304 in

2088 1340 2271 1379 carne.
2303 1325 2458 1381 Hunc
2480 1328 2651 1398 ﬁgura
2673 1329 2845 1386 leonis
2883 1331 3152 1402 signiﬁcat
3180 1349 3383 1405 regem,
3419 1337 3564 1394 hunc
3596 1342 3683 1396 vi-

2091 1416 2230 1472 talus
2289 1418 2602 1491 praeﬁgurat
2660 1423 2990 1492 pontiﬁcem,
3045 1426 3170 1496 quia
3228 1429 3345 1498 ipse
3393 1440 3453 1486 ut
3505 1432 3592 1489 leo
3616 1445 3677 1492 et

2086 1506 2239 1573 quasi
2267 1508 2480 1563 catulus
2529 1508 2703 1565 leonis
2743 1513 3043 1567 certamine
3077 1514 3392 1587 conﬂigens,
3444 1523 3673 1592 opulen—

2087 1597 2351 1652 tissimam
2404 1600 2634 1670 arripuit
2662 1603 2923 1671 praedam,
2952 1614 3116 1676 atque
3143 1607 3285 1664 idem
3338 1616 3589 1672 sacerdos
3617 1627 3676 1674 et

2084 1690 2259 1744 hostia
2293 1689 2411 1745 ﬁeri
2451 1690 2724 1763 dignatus,
2750 1693 2978 1750 salutem
3008 1698 3165 1753 nobis
3219 1704 3489 1758 concessit
3512 1715 3674 1762 :eler-

2082 1795 2227 1845 nam,
2251 1780 2472 1850 suisque
2499 1782 2853 1852 participibus
2872 1784 3011 1839 dona
3037 1785 3265 1858 largitus
3284 1798 3369 1845 est
3381 1791 3666 1850 immensa.

396 1885 559 1946 atque
604 1877 895 1933 conﬁrmat
941 1879 1085 1950 quod
1136 1879 1396 1934 Dominus
1443 1881 1624 1949 prisca
1678 1882 1873 1937 smcula
1922 1877 2052 1936 etB
2082 1871 2293 1926 Marcus
2318 1886 2532 1941 (ιιιοψιθ
2579 1872 2632 1927 in
2660 1875 2919 1944 mysterio
2968 1886 3174 1948 Septem
3211 1895 3435 1950 Panum.
3463 1886 3665 1953 (Illibus

393 1978 701 2024 creaturam
729 1985 902 2035 suam,
937 1971 989 2024 in
1019 1971 1285 2040 principio
1325 1973 1393 2027 ab
1418 1973 1532 2042 ipso
1558 1975 1853 2040 conditam,
1878 1990 1975 2046 per

392 2069 638 2116 sanctam
668 2076 880 2116 crucem
905 2058 1060 2130 juxta
1086 2061 1248 2117 ﬁnem
1280 2070 1579 2133 temporum
1608 2067 1971 2130 renovaverit,

374 2156 519 2223 \quia
550 2154 675 2208 dum
706 2162 827 2223 post
853 2169 949 2209 sex
972 2155 1180 2209 dierum
1218 2171 1380 2224 opera
1418 2157 1801 2229 hominemque
1823 2175 1975 2214 crea-

394 2252 505 2298 tum
534 2245 875 2315 requiescere
902 2245 1047 2301 Deus
1069 2244 1271 2300 dicitur
1300 2247 1352 2300 in
1382 2256 1536 2302 sexta
1564 2255 1728 2303 aetate
1768 2250 1969 2317 saeculi,

389 2354 454 2393 ac
480 2348 632 2394 sexta
657 2338 795 2395 feria
824 2339 1033 2394 dierum
1057 2355 1157 2409 per
1182 2355 1402 2395 crucem
1451 2340 1670 2397 homine
1696 2354 1968 2413 reparato,

391 2428 628 2485 Sabhato
654 2429 708 2485 in
735 2432 984 2500 sepulcro
1028 2430 1359 2500 requievisse
1389 2430 1719 2503 Redemptor
1748 2434 1971 2489 demon-

389 2527 611 2577 stretur.
661 2518 851 2576 Divino
881 2537 1010 2593 ergo
1036 2530 1169 2577 nutu
1193 2522 1513 2592 dispositum
1564 2532 1666 2588 est,
1701 2525 1846 2594 quod
1872 2542 1969 2580 nu-

2075 1975 2304 2035 quatuor
2330 1969 2497 2024 millia
2524 1970 2802 2025 hominum
2852 1971 3011 2028 Jesus
3036 1975 3278 2040 satiavit,
3326 1979 3557 2048 mystice
3579 1995 3666 2036 se-

2075 2064 2220 2125 ptem
2250 2056 2392 2112 dona
2428 2060 2664 2130 Spiritus
2708 2063 2881 2116 sancti
2930 2064 3156 2131 indicat,
3195 2068 3396 2137 quibus
3427 2085 3662 2140 evange-
3718 2138 3723 2139 ί

2077 2146 2236 2201 licum
2258 2150 2514 2219 pupulum
2552 2150 2802 2208 Salvator
2824 2156 3066 2225 quotidie
3091 2158 3280 2214 reﬁcit.
3313 2160 3359 2216 0
3389 2170 3468 2227 tu,
3497 2178 3664 2219 evan.

2073 2238 2267 2308 gelista
2320 2240 2519 2307 Lucas,
2555 2259 2736 2314 regem
2789 2246 3148 2317 justissimum
3205 2252 3480 2308 victimam
3509 2255 3658 2311 salu-

2073 2329 2222 2384 brem
2249 2332 2504 2400 praedica,
2542 2334 2645 2389 hoc
2670 2334 2803 2391 ﬁdes
2851 2343 2995 2392 tenet
3020 2340 3312 2409 catholica,
3353 2353 3408 2399 et
3441 2348 3663 2415 pontiﬁ-

2073 2432 2190 2473 cem
2215 2420 2420 2476 elarum
2451 2425 2669 2494 scriptis
2720 2427 2826 2482 tuis
2862 2443 3078 2497 resona,
3111 2433 3202 2501 qui
3252 2436 3417 2491 totius
3469 2442 3659 2496 mundi

2071 2511 2209 2567 tollit
2244 2525 2486 2583 peccata.
2523 2516 2622 2572 Hic
2664 2534 2794 2588 ergo
2846 2536 2968 2576 cum
3016 2532 3160 2579 esset
3210 2540 3407 2582 manus
3451 2538 3659 2587 aeterna

384 2626 571 2666 ηιατυς
592 2611 655 2666 ν,
688 2611 792 2669 σε,
819 2612 987 2667 χχχ,
1022 2614 1062 2667 ι,
1112 2613 1297 2682 ﬁgam
1354 2622 1555 2671 sancta,
1613 2618 1791 2672 crucis
1844 2628 1969 2690 apte
2068 2603 2375 2699 Conditoris
2405 2617 2461 2663 et
2486 2610 2630 2664 Patri
2658 2621 2861 2669 aeterno
2908 2617 3406 2687 consubstantialis,
3441 2637 3570 2680 ecce
3599 2627 3695 2699 ini

383 2705 715 2770 conveniret,
756 2714 810 2762 et
839 2721 938 2777 per
964 2707 1067 2762 hoc
1096 2708 1496 2765 demonstraret
1525 2711 1794 2781 passionis
1818 2712 1968 2768 Chri-

383 2794 450 2848 sti
479 2804 898 2859 sacramentum,
927 2797 1073 2851 omni
1097 2796 1350 2865 nequitia:
1399 2798 1700 2854 dmmonum
1725 2816 1788 2855 ac
1818 2800 1966 2857 falsi-

2071 2694 2263 2750 diehus
2287 2696 2518 2754 Herodis
2550 2701 2693 2772 regis
2730 2711 2815 2758 est
2861 2716 3023 2760 natus
3055 2707 3107 2760 in
3138 2707 3414 2765 Bethleem
3451 2728 3519 2768 ex
3541 2715 3656 2770 Ma-

2067 2784 2145 2837 ria
2174 2795 2347 2841 matre
2400 2788 2580 2844 infa’ns
2633 2793 2988 2861 admirabilis,
3019 2796 3088 2850 ad
3128 2797 3359 2855 salutem
3398 2803 3655 2861 videlicet

385 2885 482 2939 tati
524 2900 814 2955 pravorum
865 2886 1146 2940 hominum
1176 2888 1478 2953 resisteret,
1528 2889 1964 2960 opprimeretque

2076 2879 2264 2935 missus
2295 2882 2460 2936 totius
2485 2883 2690 2937 mundi.
2722 2884 2929 2943 Nobilis
2958 2888 3073 2958 ipse
3097 2904 3249 2958 puer,
3287 2886 3378 2962 qui
3406 2903 3461 2949 et
3484 2893 3653 2952 Vetu-

381 2975 623 3046 potcntia
676 2983 731 3029 et
786 2984 1068 3045 superaret
1123 2976 1330 3046 justitia
1387 2993 1603 3033 omnem
1657 2979 1963 3049 quicunque

381 3066 573 3123 fraude
595 3084 658 3123 ac
686 3068 806 3123 dolo
828 3069 1113 3139 derogat-et
1138 3070 1524 3139 dispensationi
1550 3070 1845 3126 Dominicae
1875 3071 1959 3126 in-

380 3159 749 3226 carnationis,
797 3167 1107 3231 laceretque
1170 3161 1384 3231 penitus
1434 3161 1663 3215 veritate
1712 3163 1959 3217 convicta

2068 2974 2186 3023 stus
2227 2969 2433 3024 dierum
2467 2987 2563 3041 per
2589 2974 2911 3044 prophetam
2960 2977 3308 3047 describitur,
3356 2982 3447 3051 qui
3502 2987 3652 3040 venit

2063 3060 2129 3113 de
2174 3059 2366 3125 Edom,
2422 3062 2607 3117 tinctis
2662 3066 2900 3122 vestibus
2929 3069 2997 3122 de
3044 3068 3241 3136 Bozra,
3287 3072 3379 3141 qui
3411 3075 3653 3131 torcular

2061 3150 2242 3205 crucis
2271 3151 2417 3206 solus
2442 3152 2688 3219 calcavit,
2716 3164 2771 3209 et
2794 3155 2919 3211 licet
2949 3157 3118 3213 fuerit
3144 3161 3197 3214 in
3225 3177 3388 3217 cruce
3414 3179 3649 3235 suspen-

378 3250 1024 3322 omnisphilosopimrum
1076 3258 1238 3320 atque
1267 3252 1649 3306 luereticorum
1678 3252 1914 3307 versutia
1942 3270 1956 3319 ;
1988 3233 2032 3296 Ο
2065 3257 2177 3308 δυει
2211 3252 2389 3298 tamen
2416 3252 2563 3299 astra
2589 3249 2913 3302 sustentavit
2946 3251 3150 3306 arbiter
3190 3267 3474 3324 supernus.
3505 3256 3649 3312 Cru-

380 3342 473 3396 sed
499 3358 598 3398 nec
627 3343 768 3398 ultra
800 3342 963 3398 fallax
992 3342 1299 3399 Iudaeorum
1330 3343 1491 3399 factio
1522 3344 1698 3398 dirum
1749 3360 1811 3400 ac
1862 3346 1961 3399 im-

2076 3346 2180 3387 :em
2211 3334 2354 3388 enim
2393 3336 2606 3403 patiens
2635 3336 2748 3406 ipse
2793 3340 3174 3408 sanctiﬁeavit,
3224 3343 3543 3413 gloriﬁcavit
3591 3357 3649 3403 et

380 3433 564 3486 mitem
592 3431 840 3488 affectum
890 3432 1093 3488 Chl-isti
1141 3441 1441 3504 opponeret
1484 3434 1805 3505 Evangelia,
1836 3436 1960 3504 quia
2061 3425 2270 3480 caelesti
2324 3426 2701 3482 benedictione
2750 3429 2959 3483 ditavit.
3013 3431 3181 3503 igitur
3213 3432 3515 3501 Matthieus,
3550 3436 3648 3505 qui

378 3526 551 3593 ipsum
604 3524 777 3581 virtus
820 3525 914 3580 Dei
945 3532 1029 3581 est
1071 3525 1127 3579 in
1168 3525 1398 3580 salutem
1427 3525 1574 3579 omni
1609 3525 1875 3591 credenti,
1907 3533 1962 3578 et

2076 3518 2266 3572 )rimus
2315 3519 2371 3573 in
2401 3516 2588 3573 Judma
2641 3521 2859 3591 scripsit
2916 3522 3288 3593 Evangelium,
3346 3526 3646 3582 humanum

378 3629 474 3687 per
500 3615 603 3669 hoc
652 3615 880 3684 patescit
932 3614 1183 3671 voluntas
1212 3614 1505 3679 Creatoris,
1535 3623 1589 3670 et
1619 3616 1958 3671 demonstra-
2060 3609 2264 3663 “litum
2307 3609 2476 3681 ﬁgura
2530 3609 2813 3677 deuotam,
2868 3613 3196 3685 signiﬁcavit
3251 3615 3525 3671 Christum
3577 3618 3649 3674 de

379 3715 467 3758 tur
494 3712 739 3760 sanetam
783 3721 1000 3760 crucem
1041 3706 1223 3760 omnia
1276 3712 1517 3775 tempora
1555 3706 1740 3761 mundi
1768 3707 1822 3760 in
1846 3705 1959 3761 ele-
2060 3700 2227 3769 stirpe
2276 3700 2446 3755 David
2500 3703 2798 3758 secundum
2853 3704 3126 3760 hominem
3155 3720 3276 3762 esse
3310 3716 3514 3773 natum.
3540 3709 3647 3766 κιο-ο

377 3800 478 3855 etis
511 3798 628 3865 Dei,
669 3799 762 3869 qui
806 3800 874 3854 ab
906 3798 1059 3854 initio
1088 3798 1333 3865 fuerunt,
1385 3799 1748 3868 sanetiﬁcare,
1773 3808 1829 3856 et
1868 3817 1959 3856 re-

2076 3792 2491 3860 nonstravitque
2540 3807 2664 3848 eum
2718 3794 3096 3863 promissionis
3138 3813 3258 3853 esse
3296 3797 3485 3863 ﬁlium,
3517 3816 3649 3855 cum

376 3905 539 3961 gnum
585 3891 809 3947 caeleste
850 3893 1187 3962 promittere,
1234 3891 1375 3961 quod
1410 3907 1506 3961 per
1543 3892 1958 3963 Redemptorem

2076 3880 2330 3936 lbraham
2368 3883 2421 3937 in
2451 3884 2629 3954 capite
2674 3887 3039 3955 generationis
3073 3890 3272 3958 posuit,
3317 3900 3507 3947 contra
3536 3893 3649 3947 duo

378 3993 620 4040 ηοειι-υη,
675 3982 887 4040 cunctis
917 3983 1162 4039 ﬁdelibus
1212 3984 1499 4049 ιτίδυειωο,
1528 3985 1619 4053 qui
1647 3985 1812 4041 verbo
1843 3985 1960 4055 eius
2060 3975 2235 4030 ritiem
2275 3974 2484 4030 scilicet
2510 3984 2567 4030 et
2593 3976 2934 4033 obtusionem
2974 3980 3154 4036 cordis
3196 3981 3648 4054 inﬁdelium,qul

374 4077 689 4133 obedientes
739 4076 903 4134 corde
931 4074 1151 4131 credulo
1185 4083 1239 4130 et
1263 4088 1428 4146 Opere
1481 4077 1680 4132 mundo
1706 4076 1816 4133 Deo
1845 4077 1960 4147 pla-
2060 4075 2260 4139 negant
2292 4068 2569 4124 Christum
2602 4070 2670 4124 ad
2697 4069 2926 4125 salutem
2954 4070 3193 4140 gentium
3225 4087 3346 4127 esse
3396 4072 3644 4127 destina-

376 4187 501 4227 cere
528 4173 869 4228 studuerunt.
903 4171 1122 4242 Species
1152 4169 1351 4241 quippe
1375 4179 1577 4227 sancta:
1604 4173 1781 4227 crucis
1803 4160 1960 4242 gran-
2059 4171 2193 4216 ῑιιιη·
2253 4159 2387 4214 Nam
2437 4161 2542 4216 1100
2579 4160 2845 4216 advenins
2881 4160 3179 4255 Saii'aiofis
3224 4163 3642 4255 νθηείδδίητξιηι

374 4258 457 4323 dis
485 4263 781 4320 consolatio
809 4272 894 4320 est
924 4264 1188 4332 ﬁdelibus,
1221 4263 1510 4319 materiam
1544 4263 1734 4318 tribuit
1763 4263 1955 4328 laudis,
2058 4264 2141 4308 εει
2171 4254 2383 4324 signum
2410 4253 2554 4323 (ἰυοά
2579 4268 2678 4323 Per
2705 4253 3044 4323 Ρεῑΐίπεδδδ
3076 4252 3131 4308 εί
3158 4268 3313 4324 τεςθε
3335 4254 3511 4331 gemis
3534 4252 3645 4309 δυ’

371 4356 500 4425 quia
537 4355 832 4411 bonitatem
880 4372 980 4411 nos
1032 4356 1174 4411 scire
1209 4354 1340 4411 facit
1394 4352 1692 4419 Creatoris,
1747 4363 1803 4408 et
1842 4356 1957 4425 ipse
2059 4344 2187 4399 (³³3ίὲ
2220 4344 2579 4413 Βθηθτθῑίοηίε
2604 4344 2738 4399 ordo
2768 4344 3126 4410 descendens.
3152 4346 3220 4401 ad
3263 4346 3434 4415 ipsum
3464 4362 3645 4415 υείιιιθ

372 4447 524 4519 prius
553 4446 828 4502 hominem
872 4448 925 4500 in
958 4448 1209 4516 paradiso
1264 4445 1592 4501 formaverat
1640 4454 1869 4527 rectum,
1903 4456 1958 4501 et

2076 4438 2305 4492 iervcnit
2331 4436 2628 4502 Christum,
2659 4437 2751 4507 qui
2778 4445 2862 4491 est
2888 4436 3141 4493 Salvator
3185 4439 3437 4494 omnium.
3454 4439 3643 4495 homio

374 4552 518 4591 nunc
574 4536 763 4592 nolens
813 4552 936 4590 eum
964 4536 1140 4604 perire
1171 4535 1358 4590 fraude
1397 4537 1569 4591 hostis
1600 4536 1827 4606 antiqui,
1858 4554 1955 4607 per

2076 4543 2209 4592 ium,
2245 4529 2478 4582 maxime
2509 4527 2766 4583 ﬁdelium.

372 4643 589 4683 crucem
642 4627 791 4682 illum
856 4642 1182 4697 recuperans
1246 4625 1458 4681 reduxit
1494 4628 1562 4681 ad
1618 4629 1948 4697 paradisum.
1983 4625 2033 4653 υ
2641 4639 2869 4696 CAPUT
2905 4638 3043 4699 xv].

371 4717 517 4774 Crux
543 4719 739 4789 quippe
785 4727 869 4774 est
906 4734 1002 4774 arx
1035 4719 1290 4774 virtutum
1317 4727 1373 4773 et
1395 4720 1645 4776 remissio
1697 4735 1951 4792 peccato-
2057 4726 2135 4781 De
2155 4738 2299 4782 sexta
2329 4728 2533 4809 decima
2565 4729 2760 4809 forma,
2785 4731 2873 4783 ubi
2895 4731 2960 4785 de
2988 4740 3177 4801 septem
3201 4732 3353 4787 donis
3399 4731 3636 4805 Spirims

372 4826 516 4877 rum,
567 4811 684 4881 ipsa
716 4809 923 4866 scilicet
969 4810 1034 4865 de
1077 4809 1160 4866 his
1189 4810 1390 4866 inﬁmis
1432 4820 1595 4883 atque
1642 4814 1857 4869 caducis
1884 4817 1951 4870 ad

2368 4804 2373 4809 '
2590 4801 2760 4853 sancti
2791 4811 3062 4855 narratur.

373 4903 613 4958 cmlcstia
645 4911 701 4957 et
737 4918 970 4973 superna
1008 4904 1255 4972 provehit
1284 4918 1473 4960 omnes
1507 4920 1645 4974 quos
1668 4921 1766 4975 per
1789 4904 1950 4960 ﬁdem

2127 4890 2224 4955 Te,
2256 4900 2440 4947 sancte
2476 4891 2716 4961 Spiritus
2768 4892 3059 4961 paraelete,
3102 4895 3326 4964 supplex
3371 4894 3641 4965 deprecor

372 5003 427 5048 et
452 5009 601 5065 spem
623 5003 785 5066 atque
814 4994 1137 5049 eharitatem
1165 4995 1352 5066 dignos
1375 5010 1494 5051 esse
1517 5004 1719 5051 aeterna
1744 4997 1950 5052 visione
2054 4994 2110 5039 υῐ
2133 4984 2368 5039 εδίιιὶπίε
2396 4997 2559 5054 super
2598 4998 2699 5039 ποθ
2743 4998 2773 5038 ³
2802 4999 3037 5055 superno
3063 4985 3199 5040 50"“
3227 4986 3550 5049 descendas,
3580 4996 3642 5043 εί

373 5082 471 5145 Dei
498 5084 700 5145 Christi
723 5085 916 5143 electio
943 5085 1334 5157 comprobavit.
2057 5079 2150 5134 tibi
2173 5076 2390 5133 dedices
2431 5076 2693 5131 devotam“
2705 5084 2939 5131 mentem
2981 5076 3140 5139 vatis,
3186 5078 3465 5146 cordaque
3496 5078 3645 5134 bene

987 5197 1216 5255 CAPUT
1256 5198 1370 5255 xv.
2055 5170 2271 5225 credula
2311 5184 2374 5224 ac
2412 5168 2521 5223 ﬁda
2571 5167 2758 5255 facias,
2800 5168 2928 5237 quia
2974 5177 3030 5221 tu
3057 5184 3273 5239 quoque
3312 5167 3549 5238 Spiritus
3578 5183 3642 5224 es

379 5288 657 5365 υειιιιίηια
687 5290 1106 5365 ιιεείηιαθσιιηξι
1150 5290 1239 5365 ειθξ
1263 5287 1440 5359 Agnus
1468 5297 1772 5359 ετιιιιαιαον
1799 5303 1956 5342 ευαη·
2053 5260 2199 5365 ‘5‘?’
2240 5273 2513 5365 “3827.59
2548 5253 3189 5365 ίῗῗῗῗίτῗὲἷῗῗῗίῗθῗῧῗ
3236 5258 3638 5365 ciliis”???

829 5345 1027 5433 98135;“,
1045 5345 1237 5427 ἀέρεαε
1260 5345 1402 5413 sim.
1553 5345 1564 5359 '
2054 5349 2226 5403 virtus
2261 5357 2319 5402 et
2344 5346 2439 5403 Dei
2467 5347 2731 5417 sapientia
2778 5345 3055 5416 discipulis
3083 5348 3196 5402 suis
3223 5348 3440 5403 mittere
3470 5347 3641 5416 proli-

443 5454 612 5512 Filius
637 5452 732 5511 Dei
761 5453 939 5511 Patris
966 5452 1234 5516 altissimi,
1282 5450 1373 5520 qui
1402 5450 1518 5504 dira
1541 5447 1720 5516 jacula
1749 5448 1949 5504 inimici
2056 5446 2217 5503 tetur.
2245 5436 2443 5493 donum
2471 5436 2722 5492 videlicet
2745 5435 2876 5490 illud
2914 5451 3022 5505 quo
3046 5451 3237 5491 «mnes
3262 5443 3480 5490 sanch
3504 5452 3641 5491 suos

373 5544 576 5618 frangis
598 5546 939 5615 nequissimi,
964 5544 1028 5599 da
1073 5542 1205 5596 mihi
1235 5548 1433 5595 saneta:
1461 5539 1641 5593 crucis
1670 5538 1948 5592 victoriam

372 5638 612 5695 carmine
677 5636 956 5689 dulcisono
1009 5628 1294 5688 modulari.
1355 5628 1558 5697 Nempe
1621 5628 1949 5696 evangelista

370 5724 627 5791 Joannes,
661 5726 804 5780 velut
826 5724 1110 5780 altivolans
1143 5721 1341 5792 aquila,
1376 5719 1427 5773 in
1467 5720 1640 5789 ipsum
1670 5718 1835 5774 solem
1856 5717 1948 5787 ju-

374 5820 535 5885 stitiae
562 5818 729 5889 ﬁgens
759 5826 1034 5888 aSpeetum
1068 5813 1286 5883 mentis,
1316 5810 1535 5866 verbum
1589 5809 1679 5866 Dei
1709 5823 1835 5864 vera
1862 5823 1947 5895 rc-
2033 5886 2039 5891 ἢ

2055 5537 2180 5583 ante
2221 5528 2510 5584 adventant
2553 5535 2716 5596 atque
2756 5533 2880 5595 post
2920 5527 3212 5581 adventum
3258 5539 3416 5579 suum
3456 5524 3642 5579 admi-

2054 5619 2297 5675 rabiliter
2331 5618 2541 5682 ditavit,
2573 5632 2837 5686 suamque
2883 5630 3156 5686 sponsam,
3213 5613 3267 5667 id
3310 5621 3394 5669 est
3440 5612 3642 5668 Eccle-

2051 5714 2210 5776 siam,
2239 5711 2341 5768 sibi
2380 5713 2433 5766 in
2470 5709 2909 5780 peregrinatione
2936 5708 3094 5764 istius
3125 5707 3309 5761 mundi
3337 5707 3645 5776 desponsa-

2052 5805 2150 5873 vit,
2180 5813 2233 5859 et
2260 5802 2539 5876 sanguinis
2585 5801 2669 5858 sui
2696 5802 2873 5872 pretio
2922 5799 3283 5870 comparavit.
3319 5796 3643 5867 Cuicunque
