4002 6204
299 402 401 460 281

1288 392 1375 449 ne
1409 372 1752 449 musteus
1792 383 1851 444 s.
1892 382 2162 445 CRUCIS.
2198 418 2269 427 —
2303 369 2430 440 LIB.
2473 378 2537 438 tt.

3454 379 3562 434 282

299 534 434 592 ergo
455 525 515 572 tu
563 515 661 571 das
718 512 1068 578 intellectum,
1104 509 1360 582 mysteria
1405 507 1586 563 divina
1624 522 1724 577 per
1768 506 1879 559 siu-
1907 511 1956 567 Α
1984 506 2306 569 documenta
2336 499 2579 572 protulit,
2610 497 2868 553 nimirum
2903 510 3003 567 per
3052 506 3336 551 numerum
3384 495 3567 568 figurae

300 611 430 681 gula
470 605 783 662 testimonia
832 606 1111 673 utriusque
1153 599 1484 656 Testamenti
1510 597 1741 669 pleniter
1792 612 1887 651 ca-

300 702 404 770 pit,
445 707 502 753 et
531 698 721 751 intime
747 693 939 749 doctus
958 694 1140 748 omnia
1166 692 1440 762 sagaciter
1488 690 1796 759 investigat,
1830 695 1887 740 et

300 790 578 845 veraciter
602 794 796 859 pensat
827 784 1060 854 qualiter
1091 792 1143 838 te
1174 782 1354 837 divina
1411 780 1674 851 sapientia
1723 779 1883 834 Chri-

302 887 420 933 stus
450 878 507 933 in
531 880 717 932 orbem
759 875 990 937 miserit,
1035 884 1253 943 suamne
1301 886 1512 943 sponsa:
1555 870 1772 926 arrham
1798 871 1883 925 vel

301 972 500 1042 pignus
549 969 779 1033 dederit,
838 968 968 1023 dum
992 976 1291 1022 comternus
1336 960 1448 1019 Deo
1470 963 1623 1019 Patri
1649 971 1705 1019 et
1744 961 1884 1017 Filio

302 1076 356 1121 et
382 1062 870 1121 consubstantialis
907 1061 1085 1126 simul,
1119 1076 1242 1115 cum
1288 1060 1367 1115 eis
1408 1059 1648 1113 omnium
1701 1073 1881 1111 rerum

303 1157 499 1213 artifex
542 1155 753 1217 existis,
783 1163 837 1209 et
859 1153 1039 1207 omnia
1059 1159 1332 1222 penetras,
1371 1165 1468 1204 nec
1489 1156 1573 1204 est
1599 1148 1705 1203 ulla
1732 1163 1886 1202 crea-

302 1257 425 1302 tura
463 1245 755 1300 invisibilis
784 1244 836 1298 in
882 1251 1172 1312 conspectu
1206 1250 1319 1296 tuo.
1355 1241 1430 1295 Te
1455 1240 1672 1311 quidem
1717 1238 1885 1294 Isaias

298 1340 569 1412 propheta
595 1338 853 1393 divinitus
880 1337 1197 1406 inspiratus,
1228 1336 1281 1390 in
1310 1328 1516 1404 septem
1560 1332 1767 1402 species
1794 1348 1879 1386 no-

300 1424 511 1481 minum
549 1433 771 1496 propter
798 1424 1163 1478 diversitatem
1201 1423 1484 1484 donorum,
1518 1419 1608 1488 qui
1640 1434 1779 1473 unus
1802 1426 1884 1472 at-

299 1532 408 1587 que
432 1517 577 1571 idem
615 1530 691 1578 es,
725 1513 998 1569 distribuit
1026 1521 1189 1581 atque
1233 1511 1492 1580 Spiritum
1523 1509 1802 1578 sapientia:
1829 1516 1885 1563 et

300 1607 634 1670 intellectus,
668 1603 930 1675 Spiritum
979 1603 1190 1659 consilii
1238 1611 1295 1657 et
1326 1601 1679 1665 fortitudinis,
1713 1600 1884 1669 Spiri-

301 1712 417 1755 tum
447 1698 694 1754 scientia:
742 1705 796 1751 et
822 1695 1055 1765 pietatis,
1111 1700 1166 1749 et
1214 1693 1478 1763 Spiritum
1528 1691 1739 1746 timoris
1784 1690 1881 1745 Dei

299 1787 663 1859 nuncupavit.
725 1785 975 1842 Christus
1022 1785 1205 1853 itaque
1258 1782 1511 1837 Salvator
1558 1790 1766 1845 uoster,
1817 1795 1883 1835 ac

1988 607 2187 652 sancta:
2208 594 2389 649 crucis
2409 591 2746 662 aptissimum
2771 590 3022 655 innuens,
3040 612 3043 613 ν
3061 590 3188 659 quia
3212 601 3397 644 sancta
3430 604 3565 643 crux

1986 686 2236 741 collatrix
2266 685 2547 748 virtutum,
2575 689 2631 736 et
2654 680 2869 736 initium
2893 697 2958 736 ac
2982 681 3246 752 perfectio
3271 688 3354 736 est
3379 680 3568 735 salutis

1986 789 2206 844 nostrae,
2242 787 2294 834 et
2316 792 2415 849 per
2449 781 2623 850 ipsam.
2675 776 2735 831 fit
2764 776 2992 831 salvatio
3022 786 3076 829 et
3114 774 3444 829 resurrectio
3473 789 3567 828 uo-

1986 885 2115 928 stra.
2167 871 2255 929 Sic
2279 890 2409 944 ergo
2452 876 2730 940 condecet,
2781 882 2837 928 et
2878 872 2957 926 sic
2993 883 3026 922 ο
3058 866 3366 938 quicunque
3413 882 3473 921 es
3501 866 3569 921 de

1981 963 2250 1032 justorum
2276 979 2519 1028 numero,
2555 965 2792 1036 quandiu
2841 962 2930 1016 hic
2960 961 3054 1024 sis,
3096 959 3333 1014 divinam
3358 958 3568 1012 laudem

1986 1066 2108 1110 cum
2169 1058 2363 1111 timore
2409 1064 2465 1111 et
2509 1072 2696 1112 amore
2752 1054 2956 1127 profer,
2990 1053 3076 1106 fac
3117 1068 3278 1121 opera
3319 1049 3565 1118 justitiae,

1986 1149 2203 1203 inimico
2228 1158 2318 1202 tuo
2334 1149 2425 1218 qui
2455 1157 2503 1202 te
2525 1147 2867 1219 persequitur
2888 1144 3104 1214 indulge
3129 1153 3183 1196 et
3198 1150 3390 1210 praesta
3406 1141 3453 1193 ei
3472 1154 3556 1193 re-

1986 1239 2287 1311 frigerium,
2320 1257 2580 1311 pauperes
2605 1241 2805 1297 Christi
2830 1240 2921 1309 qui
2948 1253 3089 1292 nunc
3117 1238 3168 1291 in
3200 1236 3568 1305 prtescntisze~

1985 1332 2106 1386 culo
2128 1331 2332 1402 lugent,
2356 1340 2410 1385 et
2429 1333 2731 1386 esurientes
2753 1344 2818 1384 ac
2854 1329 3101 1383 sitientes
3117 1322 3379 1396 justitiam
3402 1324 3466 1377 ad
3492 1326 3570 1378 vi-

1985 1431 2093 1476 tam
2110 1421 2343 1476 futuram
2360 1430 2471 1476 toto
2489 1422 2756 1477 desiderio
2773 1419 3047 1481 anhelant,
3073 1417 3301 1486 benigne
3328 1415 3566 1485 suscipe,

1984 1513 2110 1581 quia
2139 1511 2237 1581 ipsi
2263 1512 2617 1581 inspiratione
2644 1511 2822 1565 divina
2863 1518 3315 1577 compunguutur,
3352 1521 3416 1559 ae
3442 1520 3564 1559 sur-

1985 1619 2102 1658 sum
2132 1603 2391 1656 habentes
2428 1618 2541 1665 cor,
2566 1599 2998 1670 contemplantur
3025 1599 3145 1668 quis
3169 1596 3391 1652 consilio
3411 1603 3568 1649 aeter-

1983 1713 2054 1752 no
2084 1696 2221 1766 regit
2251 1696 2451 1760 omnia,
2488 1702 2543 1747 et
2570 1695 2691 1763 quis
2716 1691 3063 1746 miseratione
3098 1690 3361 1743 immensa
3388 1685 3565 1740 indul-

1987 1796 2076 1859 get
2103 1794 2345 1857 peccata.
2380 1784 2494 1841 Hoc
2519 1799 2618 1856 ego
2658 1786 2824 1839 miser
2854 1782 3043 1837 Latina
3086 1781 3265 1851 lingua
3299 1778 3568 1841 describo,

302 1885 427 1938 vitae
452 1891 676 1937 aeternae
701 1880 878 1943 dator,
909 1876 1067 1933 factis
1095 1884 1257 1945 atque
1282 1875 1552 1930 mandatis
1577 1884 1630 1928 te
1661 1881 1881 1943 aposto-
1913 1861 1959 1919 Β
1988 1881 2195 1949 hocque
2223 1887 2349 1950 opto
2377 1887 2435 1931 ut
2464 1877 2578 1947 ipse
2616 1875 2837 1930 refectio
2866 1873 3062 1927 mentis
3089 1886 3222 1925 mea:
3251 1871 3322 1925 sit
3351 1871 3402 1924 in
3430 1884 3571 1938 pra:-

299 1973 367 2028 lis
417 1972 534 2027 suis
566 1971 654 2024 his
681 1970 808 2023 dare
856 1982 915 2022 se
941 1967 1201 2029 ostendit,
1261 1980 1381 2019 cum
1426 1966 1551 2020 bina
1599 1964 1886 2020 charitatis

299 2071 577 2135 praecepta
601 2059 905 2121 constituit,
938 2065 998 2111 ut
1040 2057 1207 2111 Deum
1231 2068 1299 2110 ex
1347 2062 1461 2110 toto
1499 2056 1659 2110 corde
1686 2055 1882 2125 diliga-

301 2168 446 2217 mus,
476 2151 799 2217 laudemque
841 2145 957 2215 ejus
1005 2147 1164 2217 pleno
1211 2145 1405 2201 aﬂ‘ectu
1451 2145 1882 2216 pronuntiemus,

300 2255 632 2310 omnemque
659 2237 941 2295 scientiam
986 2221 1223 2291 nostram
1267 2245 1428 2305 atque
1472 2235 1802 2290 intellectum
1833 2237 1887 2290 in

302 2333 541 2387 veritate
562 2331 682 2399 ejus
710 2329 899 2401 gratiae
923 2328 1261 2398 deputemus,
1293 2336 1347 2381 et
1369 2326 1644 2395 proximos
1674 2333 1887 2381 nostros

305 2432 565 2492 tanquam
590 2421 953 2490 nosmetipsos
1002 2434 1265 2474 amemus.
1307 2416 1441 2472 Nam
1489 2427 1611 2487 post
1644 2433 1888 2472 resurre-

305 2514 544 2568 ctionem
575 2528 730 2566 suam
764 2513 818 2566 in
873 2526 1000 2566 suos
1026 2510 1315 2581 discipulos
1368 2508 1610 2575 sufﬂans,
1642 2510 1887 2580 accipere

305 2603 571 2672 Spiritum
586 2611 832 2657 sanctum
848 2616 941 2656 eos
949 2602 1132 2671 jussit,
1150 2608 1203 2655 et
1228 2601 1356 2655 item
1372 2601 1426 2655 in
1442 2601 1526 2655 die
1539 2600 1890 2656 Pentecostes

306 2696 370 2751 de
405 2695 551 2750 coelo
576 2695 631 2748 in
670 2693 868 2763 linguis
893 2693 1065 2763 igneis
1092 2700 1442 2762 apparentem
1487 2691 1734 2746 eumdem
1765 2690 1887 2760 Spi-

303 2787 468 2840 ritum
484 2793 737 2839 sanctum
757 2799 920 2854 super
945 2798 1037 2839 eos
1060 2783 1228 2849 misit,
1247 2783 1391 2853 quod
1421 2781 1671 2837 videlicet
1698 2790 1888 2837 sancta

302 2892 439 2931 crux
479 2876 578 2930 Dei
621 2876 677 2930 in
706 2876 876 2947 ﬁgura
907 2890 1003 2930 sua
1033 2875 1188 2930 nobis
1211 2875 1566 2929 demonstrat.
1614 2872 1748 2927 Nam
1773 2886 1887 2927 ere-

304 2979 392 3025 cta
430 2968 550 3038 ejus
592 2984 723 3039 pars
768 2968 1030 3033 divinum,
1086 2975 1392 3022 transversa
1427 2982 1642 3036 quoque
1694 2966 1889 3020 frater-

302 3072 436 3113 num
467 3057 815 3112 commendat
855 3071 1114 3121 amorem,
1157 3054 1311 3124 cujus
1360 3056 1564 3111 amoris
1612 3055 1891 3124 integrita-

306 3158 418 3203 tem
457 3147 712 3204 Christus
755 3147 913 3201 nobis
950 3148 1208 3213 ostendit,
1238 3163 1303 3201 ac
1360 3162 1460 3203 suo
1502 3147 1750 3216 exemplo
1790 3159 1889 3200 nos

307 3239 589 3303 instruxit,
621 3239 714 3308 qui
743 3237 993 3293 dilectam
1022 3237 1256 3291 animam
1278 3252 1433 3292 suam
1477 3237 1530 3290 in
1573 3249 1736 3290 cruce
1773 3249 1916 3291 mo-L

305 3332 459 3385 tiens
488 3343 591 3400 pro
620 3329 812 3384 amicis
845 3329 958 3383 suis
988 3328 1189 3398 posuit,
1217 3337 1273 3382 et
1293 3344 1392 3383 nos
1423 3328 1567 3383 idem
1600 3326 1779 3383 facere
1795 3327 1890 3382 do-

304 3423 443 3478 cuit.
487 3420 645 3476 ﬂuuc
684 3436 926 3476 amorem
975 3435 1189 3491 semper
1235 3420 1539 3485 laudabilis,
1587 3427 1642 3476 et
1676 3434 1890 3489 semper

306 3511 631 3575 laudandus,
664 3519 852 3566 sancte
880 3511 1022 3565 Deus
1058 3509 1293 3580 Spiritus
1327 3519 1383 3565 tu
1405 3524 1547 3580 pone
1594 3511 1648 3564 in
1695 3524 1803 3574 me,
1835 3517 1892 3565 et

307 3606 475 3661 timor
518 3603 713 3659 noxius
752 3610 914 3671 atque
954 3601 1188 3656 carnalis
1245 3600 1469 3657 allectus
1518 3602 1706 3672 procul
1735 3615 1889 3656 rece-

306 3699 461 3761 dant,
489 3705 760 3767 quatenus
802 3694 970 3766 gloria
1021 3702 1224 3750 sanctae
1260 3694 1440 3749 crucis
1476 3703 1634 3749 aucta
1660 3708 1724 3748 ac
1753 3692 1890 3746 mul-

306 3789 573 3859 tiplicata,
605 3802 821 3842 mecum
862 3787 917 3841 in
938 3801 1068 3840 vera
1097 3786 1432 3856 professione
1459 3792 1515 3839 et
1549 3784 1710 3854 digna
1732 3783 1890 3839 laude

308 3880 363 3934 in
406 3889 673 3934 aeternum
700 3885 1030 3947 perseveret,
1068 3877 1192 3946 quia
1231 3884 1289 3930 tu
1317 3891 1378 3931 es
1415 3874 1632 3945 quidem
1672 3872 1760 3927 ille
1792 3872 1887 3942 qui

308 3984 372 4025 os
404 3969 592 4039 implet
624 3976 860 4035 mutum,
914 3974 971 4022 et
994 3966 1271 4022 caelestem
1317 3966 1447 4022 facit
1472 3968 1576 4021 rite
1629 3978 1890 4021 resonare

306 4066 549 4115 cautum.

876 4146 1103 4204 CAPUT
1137 4147 1303 4203 XVII.

306 4242 386 4298 De
412 4243 652 4314 septima?
685 4240 903 4314 decium
930 4241 1116 4311 ﬁgura:
1150 4242 1373 4305 ratione,
1398 4239 1488 4295 ubi
1516 4247 1631 4293 octo
1664 4235 1888 4291 beatitu-

771 4309 920 4366 dine:
932 4309 936 4310 ⁷
949 4309 1384 4365 annumerantur.

375 4422 424 4478 0
456 4431 645 4478 sancta
694 4430 752 4477 et
794 4422 976 4487 beata,
1030 4430 1223 4492 potens
1269 4429 1325 4477 et
1368 4420 1697 4477 venerabilis
1754 4435 1890 4475 crux

307 4512 533 4577 Christi,
561 4514 681 4568 laus
711 4514 837 4568 vita:
863 4512 1057 4567 futura:
1092 4521 1149 4567 et
1171 4512 1344 4582 gloria
1397 4510 1799 4582 Redemptoris,
1832 4521 1889 4566 tu

308 4604 528 4673 quidem
590 4619 852 4675 prospera
887 4603 1092 4659 functio
1124 4618 1203 4669 es,
1261 4612 1317 4659 et
1363 4603 1542 4658 vitalis
1583 4604 1794 4658 cunctis
1821 4603 1889 4658 ab

311 4696 466 4749 initio
511 4695 747 4757 saeculis,
806 4695 1035 4766 benigna
1082 4703 1138 4749 et
1177 4694 1532 4759 honorabilis,
1572 4695 1702 4764 quia
1766 4709 1889 4749 cum

310 4788 512 4842 Christi
550 4788 796 4842 membra
832 4789 885 4843 in
922 4797 972 4843 te
1003 4802 1264 4858 suspensa
1312 4788 1563 4856 passione
1602 4786 1886 4858 fatigabas,

314 4879 631 4933 innumeros
659 4878 887 4948 populos
928 4894 959 4933 a
1011 4880 1247 4935 tenebris
1282 4886 1625 4948 peccatorum
1667 4893 1890 4933 suorum

314 4971 615 5040 eripueras,
655 4979 711 5024 et
731 4970 854 5025 caeli
877 4986 1123 5042 regnum,
1177 4972 1320 5040 quod
1349 4985 1447 5041 per
1497 4969 1889 5040 transgressio-

315 5074 433 5113 nem
463 5060 706 5115 ablatum
731 5059 930 5125 fuerat,
951 5061 1376 5116 misericorditer
1397 5076 1495 5130 per
1515 5061 1742 5131 gratiam
1766 5061 1889 5115 red-

316 5148 494 5213 debas,
522 5152 781 5220 quoniam
805 5151 1021 5207 bonitas
1040 5140 1349 5207 Conditoris
1372 5166 1477 5206 non
1493 5166 1649 5222 passa
1671 5159 1755 5207 est
1767 5167 1891 5222 per-

319 5238 395 5292 ire
421 5239 545 5295 illos
584 5242 681 5311 qui
716 5257 865 5311 spem
894 5243 948 5297 in
974 5243 1062 5297 illa
1092 5244 1413 5314 jamdudum
1435 5246 1757 5310 habuerant,
1794 5245 1888 5301 sed

315 5339 485 5395 perte
533 5333 903 5389 remuneravit
950 5349 1138 5389 eorum
1172 5336 1315 5390 bona
1358 5336 1572 5401 merita,
1641 5335 1892 5392 videlicet

312 5428 573 5475 attentam
600 5423 682 5477 eis
712 5424 953 5479 tribuens
993 5440 1266 5481 coronam.
1295 5425 1429 5480 Nam
1456 5440 1639 5482 semen
1661 5441 1893 5498 evange-

312 5511 432 5569 licae
459 5516 744 5581 doctrinae,
768 5518 913 5586 quod
944 5517 997 5573 in
1025 5517 1411 5588 discipulorum
1438 5518 1603 5573 corda
1645 5518 1895 5573 Salvator

312 5605 623 5670 seminavit,
681 5608 977 5662 scrundum
1040 5624 1196 5664 suum
1255 5609 1515 5678 placitum
1580 5609 1632 5663 in
1705 5624 1895 5665 eorum

312 5708 479 5762 opere
501 5696 898 5766 multiplicavit,
940 5714 1063 5754 cum
1106 5700 1161 5754 in
1210 5711 1393 5754 monte
1445 5702 1639 5757 sedens
1667 5703 1895 5758 docebat

313 5801 431 5856 eos,
458 5796 513 5842 et
540 5788 808 5860 incipiens
849 5790 917 5847 ab
954 5800 1079 5848 octo
1120 5792 1544 5863 beatitudiuibus
1589 5793 1892 5864 largissima

778 5921 803 5946 ο

1987 1970 2126 2025 senti
2152 1977 2206 2023 et
2235 1969 2287 2022 in
2318 1967 2499 2021 futuro
2541 1966 2764 2020 satietas
2803 1971 3025 2018 aeterna.
3059 1961 3174 2015 Non
3206 1961 3572 2038 enim'super-

1986 2064 2085 2118 bus
2113 2064 2395 2134 quisquam
2421 2061 2549 2115 hinc
2589 2058 2980 2130 justificabitur
3016 2058 3159 2126 quod
3188 2072 3279 2111 ore
3303 2065 3357 2110 et
3384 2055 3569 2110 habitu

1987 2153 2347 2209 humilitatem
2374 2152 2629 2216 ostendit,
2661 2163 3061 2220 supernumque
3092 2155 3428 2217 regnatorem
3458 2145 3570 2199 sola

1986 2254 2291 2316 prostratus
2321 2246 2527 2309 adorat,
2559 2244 2686 2297 dum
2738 2242 2947 2295 interna
2982 2239 3160 2294 cordis
3190 2238 3306 2308 ejus
3337 2239 3566 2307 superbe

1989 2334 2248 2397 sentiunt,
2276 2339 2329 2386 et
2355 2346 2486 2401 opes
2509 2330 2720 2385 habens
2749 2329 3122 2398 eleemosynas
3158 2341 3263 2403 non
3294 2324 3441 2390 facit,
3470 2340 3571 2380 nec

1986 2440 2085 2494 per
2135 2422 2499 2477 valetudinem
2552 2419 2795 2488 corporis
2824 2418 2907 2472 sui
2956 2426 3101 2487 (eum
3137 2417 3346 2486 integer
3369 2416 3572 2469 viribus

1989 2512 2080 2584 sit)
2104 2528 2267 2583 opera
2300 2510 2428 2565 facit
2456 2509 2720 2578 justitize;
2757 2508 2881 2577 quia
2912 2516 3121 2561 certum
3148 2514 3203 2561 et
3227 2506 3570 2576 perspicuum

1988 2611 2073 2657 est
2100 2602 2241 2671 quod
2266 2601 2606 2655 omnitenens
2631 2598 2881 2653 conditor
2905 2613 3009 2652 non
3042 2597 3217 2651 solum
3250 2597 3431 2661 verba,
3475 2597 3571 2650 sed

1988 2702 2041 2748 et
2068 2693 2209 2748 facta
2236 2692 2375 2747 bona
2400 2699 2456 2746 et
2481 2691 2648 2745 vitam
2676 2691 2956 2744 honestam
2985 2690 3129 2743 omni
3162 2698 3402 2756 tempore
3427 2704 3574 2758 qum~

1989 2794 2091 2839 rat.
2122 2787 2289 2856 Igitur
2317 2786 2622 2856 quicunque
2656 2794 2914 2840 aeternam
2936 2784 3109 2839 lucem
3136 2783 3407 2837 veraciter
3423 2798 3572 2852 (μιξε-

1990 2880 2085 2944 rit,
2109 2885 2164 2931 et
2195 2878 2261 2932 ad
2297 2886 2551 2932 aeternam
2583 2877 2968 2932 beatitudinem
3002 2876 3113 2930 vult
3139 2875 3448 2946 pervenire,
3471 2890 3569 2929 nc—

1990 2985 2143 3026 cesse
2168 2978 2252 3024 est
2278 2978 2337 3023 ut
2382 2985 2478 3040 per
2524 2977 2646 3024 octo
2675 2969 2859 3023 titulos
2907 2969 3266 3038 evangelicos,
3298 2968 3349 3022 in
3379 2968 3574 3038 mribus

1991 3061 2199 3130 species
2222 3073 2364 3115 verte
2414 3060 2761 3115 beatitudinis
2795 3062 3197 3129 exprimuntur,
3230 3060 3295 3113 ad
3348 3074 3574 3129 regnum

1995 3151 2180 3205 tendat
2210 3166 2522 3219 supernum,
2563 3151 2687 3220 quia
2716 3159 2768 3205 et
2799 3151 2876 3204 int
2897 3151 3012 3220 ipso
3051 3166 3278 3206 numero
3330 3165 3575 3205 resurre-

1994 3240 2171 3295 ctione
2198 3240 2426 3307 geremli
2457 3247 2786 3309 perpetrata,
2844 3247 2964 3309 post
2995 3249 3270 3309 peractum
3308 3239 3576 3309 judicium

1993 3332 2165 3387 sancti
2194 3332 2289 3387 Dei
2331 3332 2535 3403 pariter
2562 3346 2685 3386 cum
2738 3330 2960 3384 Christo
3009 3345 3234 3400 regnum
3292 3330 3573 3383 intrabunt

1992 3433 2271 3479 :eternum.
2335 3424 2480 3479 Crux
2525 3438 2741 3494 quoque
2794 3422 2994 3478 Christi
3047 3425 3133 3477 via
3157 3433 3241 3477 est
3280 3422 3570 3493 justorum,

1993 3532 2250 3572 ascensus
2301 3517 2368 3571 ad
2417 3516 2635 3581 caelum,
2680 3524 2797 3570 rota
2832 3515 2900 3569 de
2936 3516 3137 3570 infimis
3173 3516 3238 3569 ad
3292 3516 3572 3587 superiora

1992 3625 2093 3664 nos
2135 3610 2377 3673 trahens,
2437 3608 2544 3662 dux
2588 3616 2644 3661 et
2680 3607 2849 3675 janua
2881 3608 3055 3678 regni,
3108 3607 3336 3661 victoria
3367 3615 3571 3661 nostra.

1993 3702 2098 3757 Per
2132 3702 2277 3757 illam
2306 3701 2475 3755 vitam
2505 3701 2903 3771 possidebimus
2950 3715 3157 3762 veram,
3184 3709 3237 3753 ct
3270 3699 3576 3752 mercedem

1990 3793 2349 3862 percipiemus
2374 3798 2654 3855 aeternam,
2684 3806 2804 3859 qua:
2829 3798 2884 3844 et
2914 3791 3122 3844 binario
3161 3796 3355 3857 quater
3375 3788 3572 3857 posito,

1991 3883 2329 3938 octonarium
2380 3882 2431 3935 in
2477 3896 2536 3936 se
2602 3880 2953 3945 concludens,
3000 3879 3269 3950 significat
3310 3878 3450 3947 quod
3480 3891 3578 3945 per

1993 3975 2100 4029 duo
2130 3981 2396 4042 praecepta
2431 3971 2737 4036 charitatis,
2768 3986 2890 4040 qua:
2926 3970 3082 4024 nobis
3129 3969 3303 4022 sancti
3341 3976 3576 4036 quatuor

1995 4062 2404 4133 Evangeliorum
2434 4060 2554 4115 lihri
2607 4060 3009 4123 commendant,
3055 4057 3351 4127 promereri
3381 4072 3575 4127 possu-

1995 4168 2116 4209 mus
2167 4153 2360 4223 gaudia
2408 4152 2759 4220 sempiterna.
2804 4149 2927 4204 Hoc
2968 4162 3182 4217 quoque
3236 4148 3577 4217 omnipotens

1992 4246 2088 4300 Dei
2112 4244 2495 4313 omnipotentis
2520 4241 2772 4310 Spiritus,
2799 4239 2889 4310 qui
2918 4255 3017 4294 nos
3043 4254 3140 4309 per
3166 4253 3354 4308 pacem
3380 4248 3433 4293 et
3451 4239 3577 4292 cha-

1993 4339 2207 4393 ritatem
2239 4351 2422 4391 veram
2452 4335 2518 4389 ad
2542 4348 2766 4405 regnum
2793 4333 2985 4387 invitat
3008 4330 3269 4395 futurum,
3292 4332 3344 4385 in
3368 4339 3576 4400 septem

1994 4429 2150 4485 donis
2176 4426 2365 4499 gratia:
2392 4440 2503 4482 sua:
2546 4439 2805 4480 ascensus
2852 4423 2907 4478 iu
2958 4422 3213 4478 cordibus
3243 4422 3442 4477 nostris
3475 4435 3575 4491 po-

1995 4521 2121 4582 suit,
2152 4528 2213 4574 ut
2236 4519 2632 4575 demonstraret
2653 4530 2717 4570 eo
2738 4515 2898 4569 modo
2918 4514 3022 4569 rite
3045 4528 3204 4584 posse
3227 4527 3443 4584 quoque
3464 4526 3578 4567 coeo

1993 4612 2103 4665 lum
2125 4609 2417 4665 ascendere
2448 4606 2651 4670 ﬁdeles,
2683 4606 2729 4662 si
2764 4606 2882 4675 ejus
2923 4605 3109 4675 grati-.1:
3139 4604 3430 4674 participes
3459 4602 3576 4657 fieri

1991 4718 2100 4758 non
2129 4702 2461 4772 neglexerint
2492 4718 2507 4753 :
2536 4708 2594 4755 et
2619 4700 2761 4769 quod
2787 4714 2880 4754 eos
2907 4705 3191 4768 exspectet
3225 4711 3439 4751 sursum
3472 4696 3580 4765 glo-

1993 4791 2074 4846 ria
2097 4799 2152 4844 et
2180 4805 2378 4845 corona
2409 4787 2554 4844 sedis
2579 4788 2754 4843 lucida
2791 4788 2845 4841 in
2890 4803 3023 4843 arce
3041 4801 3295 4857 superna,
3326 4800 3463 4855 quos
3489 4785 3579 4840 hic

1990 4879 2273 4935 irradiavit
2300 4894 2423 4933 cum
2448 4878 2649 4932 virtute
2683 4878 2924 4932 cbaritas
2948 4892 3095 4932 vera.

2555 4989 2784 5047 CAPUT
2822 4991 3003 5046 XVIII.

1995 5085 2074 5139 De
2098 5093 2280 5139 octava
2314 5082 2515 5137 decima
2542 5084 2726 5152 specie,
2753 5080 2841 5136 ubi
2858 5083 3308 5153 quadragenarius
3331 5093 3576 5135 numeras

2618 5155 2814 5223 positus
2844 5161 2938 5207 est.
3186 5163 3193 5169 ‘

2066 5246 2288 5316 Expone
2311 5246 2472 5302 modo
2494 5253 2547 5301 et
2575 5246 2799 5300 laudans
2825 5246 2945 5299 edic
2966 5283 2981 5310 ,
3020 5260 3054 5299 o
3082 5245 3264 5309 homo,
3299 5250 3413 5296 toto
3440 5239 3575 5296 all‘e-

1998 5350 2087 5397 ctu
2109 5355 2303 5395 ammte
2328 5348 2383 5395 et
2410 5340 2680 5395 universis
2704 5339 2949 5395 sensibus
2973 5338 3220 5407 corporis
3242 5336 3573 5404 triumphum

1999 5431 2234 5487 nobilem
2256 5432 2479 5486 victoris
2502 5431 2711 5495 :eterni,
2746 5445 2904 5499 quem
2933 5428 3102 5498 gloria
3132 5427 3425 5481 Dominicte
3456 5441 3580 5481 cru-

1998 5524 2079 5579 cis
2112 5526 2310 5593 ubique
2351 5523 2573 5591 expetit,
2596 5537 2758 5592 super
2782 5519 2924 5574 celsa
2952 5518 3209 5573 caelorum
3255 5517 3429 5571 sidera
3456 5558 3472 5582 ,
3519 5527 3576 5571 et

2000 5615 2189 5669 subtus
2212 5614 2391 5681 abyssi
2413 5611 2828 5681 profundissima
2856 5608 3184 5672 tartara,ubi
3207 5608 3340 5662 lucis
3359 5617 3579 5663 interna!

2001 5712 2279 5775 permanet
2312 5703 2517 5757 candor
2547 5742 2561 5765 ,
2611 5710 2667 5755 et
2694 5701 2782 5754 ubi
2816 5701 2987 5754 noctis
3015 5708 3285 5769 perpetua:
3324 5700 3581 5769 perdurat

2000 5796 2193 5849 horror
2230 5812 2242 5847 :
2286 5809 2382 5848 nec
2410 5807 2512 5847 non
2542 5801 2595 5846 et
2626 5806 2720 5860 per
2749 5800 2941 5847 cuncta
2977 5799 3242 5849 terrarum
3271 5793 3465 5861 spatia,
3491 5789 3582 5845 ubi
