4002 6204
445 381 552 445 233

1088 380 1148 438 Β.
1187 377 1437 439 RABAM
1478 371 1695 433 MAUlil
1734 370 2056 429 AllClllEP.
2099 368 2409 431 MOGUNT.
2452 374 2740 433 OPERUM
2780 374 2958 432 PARS
2994 377 3032 431 l.

3600 381 3729 476 ἰδὲ,

444 517 551 556 nox
573 492 793 570 diesque
830 499 943 554 suis
978 496 1272 553 iuconi‘usis
1317 494 1588 550 alternant
1629 491 1860 551 vicibus,
1886 503 2019 559 quo—
2045 488 2455 564 Ategritudiuis
2480 500 2675 547 vestra:
2713 509 2781 548 ne
2804 508 2899 548 vos
2925 492 3124 564 pudeat
3168 493 3245 548 illi
3274 495 3552 553 molestias
3583 513 3714 554 con-

444 610 617 664 usque
645 594 827 648 mundi
852 592 1102 648 adveniat
1147 590 1427 647 terminus.
1460 587 1575 644 Hoc
1616 601 1809 642 sensus
1857 582 2022 639 animi

444 685 666 753 cogitet,
697 684 800 737 hoc
822 690 1007 752 guttur
1039 695 1173 736 voce
1206 687 1461 742 resonet,
1506 677 1608 733 hoc
1637 675 1816 746 lingua
1845 674 1897 728 in
1927 688 2023 743 pa-

447 774 555 829 lato
583 780 892 842 concrepet,
920 773 1025 827 hoc
1067 785 1258 826 manus
1284 769 1480 824 litteris
1502 766 1725 831 scribat,
1750 766 1851 820 hoc
1877 762 2022 818 labia

443 863 625 918 verbis
652 863 976 932 exprimant,
1006 862 1110 917 hoc
1137 861 1251 930 ipsa
1286 860 1458 931 ﬁgura
1486 856 1714 912 metrico
1734 869 1897 925 opere
1922 853 2020 909 de-

443 952 645 1023 pictam
676 960 860 1006 notet:
898 966 1016 1021 qua:
1050 950 1177 1005 licet
1202 947 1508 1013 diiliculter,
1539 954 1720 1001 tamen
1747 944 2023 1000 ordinabi-

444 1042 569 1097 liter
610 1056 709 1112 per
744 1039 1230 1111 quadragenarium
1263 1039 1318 1093 in
1365 1046 1599 1108 quatuor
1626 1036 1856 1091 decades
1888 1034 2023 1091 divi-

444 1150 561 1189 sum
593 1145 644 1188 et
666 1131 1060 1203 exemplatum,
1110 1130 1255 1186 clara
1297 1136 1498 1186 sauctze
1523 1126 1703 1182 crucis
1751 1127 2021 1196 pncconia

443 1228 662 1298 promit,
689 1228 781 1297 qui
805 1241 1060 1283 numerus
1090 1227 1279 1297 plenus
1321 1226 1578 1297 mysterio
1614 1222 1940 1286 venerabili,
1967 1229 2023 1276 et

443 1336 678 1389 superno
730 1334 954 1374 serenus
998 1317 1235 1382 lumine,
1278 1317 1419 1372 inter
1447 1324 1641 1372 Caetera
1682 1321 2022 1371 sacramenta

443 1407 854 1479 siguiiicationis
884 1422 994 1463 suae
1044 1407 1326 1477 praesentis
1375 1406 1632 1477 temporis
1672 1412 1849 1483 gestat
1893 1403 2023 1476 ﬁgu-

446 1515 594 1563 ram;
627 1514 733 1568 quo
753 1506 941 1553 sancta
971 1496 1209 1552 Ecclesia
1234 1496 1333 1552 sub
1358 1496 1575 1552 Christo
1595 1497 1861 1568 principe,
1884 1512 2016 1551 eon-

447 1601 528 1647 tra
549 1590 859 1662 spirituales
888 1590 1159 1659 nequitias
1195 1597 1250 1643 et
1274 1596 1461 1644 contra
1493 1598 1762 1643 amatores
1796 1588 2017 1655 mundi,

444 1696 595 1743 scuto
618 1686 740 1741 ﬁdei
771 1693 827 1741 et
871 1684 1035 1741 lorica
1058 1679 1306 1754 justitize,
1347 1682 1498 1753 galea
1534 1681 1724 1737 salutis
1760 1689 1815 1735 et
1843 1681 2021 1752 gladio

445 1778 679 1849 Spiritus
704 1778 827 1847 (hoc
852 1785 958 1841 est,
991 1776 1155 1830 verbo
1182 1774 1300 1847 Dei)
1327 1773 1539 1830 fortiter
1566 1783 1621 1830 et
1648 1773 2020 1844 inseparabili-

2125 581 2300 649 qucri.
2330 581 2503 637 Verus
2527 594 2710 639 vester
2754 584 2997 640 medicus
3033 596 3114 642 est
3147 586 3277 653 iste,
3329 604 3492 660 quem
3520 604 3711 647 sancta

2122 686 2255 725 crux
2313 671 2366 725 iu
2423 673 2606 742 patulo
2657 674 2892 742 gestavit
2943 675 3416 748 stipitezipseque
3460 681 3714 737 manibus

2122 761 2236 816 suis
2260 762 2515 832 expansis
2558 763 2625 817 ad
2667 763 2928 819 medelam
2953 781 3048 821 vos
3085 766 3296 833 invitat,
3326 769 3415 838 qui
3439 770 3590 825 vobis
3617 788 3712 825 sa-

2122 852 2348 907 nitatem
2376 853 2638 924 integram
2665 854 2827 910 citius
2871 864 3110 924 praestat.
3139 857 3362 913 Pandite
3404 859 3480 913 illi
3514 861 3713 918 vulnus

2122 946 2338 1009 mentis,
2371 954 2425 1001 et
2459 946 2510 1001 in
2542 946 2720 1002 ulcere
2745 949 2987 1017 carperis
3009 949 3155 1004 virus
3183 949 3357 1006 latens
3387 951 3553 1007 nolite
3578 953 3710 1009 abs-

2122 1040 2384 1105 condere;
2418 1041 2625 1110 poscite
2653 1041 2918 1098 medelam
2958 1043 3137 1098 cordis
3165 1044 3471 1110 devotione,
3512 1055 3566 1098 et
3590 1046 3711 1116 pul-

2122 1142 2238 1188 sate
2260 1133 2527 1188 medichm
2554 1133 2608 1187 in
2630 1134 2896 1189 bonorum
2918 1149 3142 1205 operum
3166 1136 3509 1191 strenuitate.
3533 1136 3712 1206 ipsius

2120 1240 2249 1294 ergo
2277 1240 2465 1279 manus
2499 1224 2777 1281 salutifera
2812 1240 2921 1281 non
2952 1225 3008 1301 in
3033 1226 3293 1281 dilatione
3319 1227 3580 1297 temporis
3608 1239 3712 1282 no-

2120 1317 2198 1372 vit
2223 1319 2467 1379 tardare,
2524 1318 2618 1373 sed
2652 1320 2709 1374 in
2737 1318 3017 1375 velocitate
3061 1321 3320 1376 momenti
3367 1321 3560 1376 idonea
3584 1330 3706 1387 est,

2121 1409 2407 1464 sanitatem
2434 1420 2694 1485 przestare
2734 1411 3019 1478 omnibus,
3069 1413 3163 1482 qui
3220 1412 3512 1471 salubriter
3555 1422 3709 1468 metu

2121 1506 2459 1575 compuncti,
2502 1512 2702 1561 etcum
2731 1506 3034 1561 reverentia
3080 1506 3149 1562 ab
3190 1506 3306 1576 ipso
3333 1521 3465 1561 vero
3491 1507 3709 1562 medico

2120 1598 2300 1653 curari
2330 1605 2607 1668 appetunt,
2631 1598 2718 1653 cui
2741 1612 2950 1653 summa
2976 1604 3059 1652 est
3089 1598 3261 1651 virtus
3283 1597 3350 1652 ad
3370 1597 3708 1652 curationem

2120 1688 2524 1759 perﬁciendam,
2550 1697 2606 1744 et
2647 1689 2863 1759 sapiens
2885 1686 3169 1742 consilium
3213 1687 3280 1742 ad
3305 1686 3529 1742 salutem
3559 1703 3706 1758 pra:-

2122 1778 2402 1844 standam;
2434 1777 2528 1847 qui
2558 1779 2623 1833 de
2664 1778 2912 1848 supernis
2950 1785 3005 1831 et
3040 1777 3315 1858 perpetuis
3344 1777 3411 1831 ad
3440 1777 3624 1831 inﬁma
3650 1785 3710 1832 et

445 1841 528 1925 ter
554 1841 847 1940 p‘rtcliatur,
877 1876 934 1923 et
960 1866 1236 1922 conﬁdens
1270 1841 1353 1922 sui
1382 1865 1526 1936 regis
1550 1841 1813 1936 potentia,
1850 1865 2021 1919 virtu—
2048 1841 2095 1900 Β
2125 1841 2439 1937 temporalia
2452 1841 2761 1934 descendit,
2794 1877 2853 1921 ut
2895 1841 3074 1923 rerum
3115 1841 3365 1941 naturam
3393 1868 3535 1939 (qua:
3577 1884 3707 1923 cor-

447 1961 622 2030 iisque
655 1957 771 2028 ejus
798 1956 1037 2019 conscia,
1074 1955 1255 2011 omnia
1286 1954 1391 2010 tela
1436 1955 1606 2011 hostis
1635 1955 1843 2024 antiqui
1879 1953 2022 2009 fran-

412 2086 417 2091 -
443 2054 521 2123 git
552 2068 616 2107 ac
643 2058 939 2122 prosternit
966 2050 1153 2119 ignita.
1178 2048 1386 2105 Vexillo
1413 2048 1609 2118 quippe
1631 2047 1832 2114 crucis,
1858 2062 2021 2117 quam

443 2141 497 2200 in
528 2146 707 2201 fronte
748 2144 1014 2215 signatam
1046 2143 1162 2211 ipsa
1189 2141 1385 2224 victrix
1413 2140 1643 2214 gloriose
1677 2148 1874 2210 gestat,
1897 2155 2022 2210 par-

445 2238 512 2292 tis
539 2236 780 2291 adverste
800 2233 1079 2289 confundit
1105 2232 1337 2289 frontem
1356 2272 1372 2298 ,
1424 2240 1585 2301 atque
1618 2247 1813 2287 saevam
1842 2231 2022 2287 inimi-

441 2344 628 2385 corum
653 2328 831 2384 subito
852 2325 1135 2397 perturbat
1157 2326 1347 2380 aciem.
1378 2323 1520 2396 Ergo
1561 2324 1616 2378 in
1647 2333 1834 2379 sancta
1859 2340 2022 2380 cruce

443 2418 693 2476 Salvator
706 2427 891 2473 noster
902 2417 1183 2486 antiquum
1199 2416 1405 2471 hostem
1420 2414 1645 2480 vicerat,
1659 2422 1713 2467 et
1728 2414 1780 2468 in
1796 2431 2020 2470 numero

439 2510 558 2579 ejus
582 2512 766 2579 ﬁgurat
800 2510 902 2564 rite
930 2516 986 2563 et
1027 2515 1151 2577 apte
1178 2505 1514 2562 convenieuti
1536 2546 1550 2571 ,
1594 2506 2020 2575 quadragenario

440 2603 710 2667 videlicet,
727 2616 940 2657 sacrum
962 2595 1227 2670 jejunium
1256 2599 1310 2653 in
1332 2597 1546 2652 deserto
1564 2597 1936 2667 protendebat,
1963 2606 2022 2651 ut

442 2706 715 2768 raptorem
732 2692 1285 2750 i'raudulentissimum
1305 2691 1455 2761 prius
1473 2697 1788 2756 tentantem,
1810 2704 1906 2761 per
1927 2706 2022 2762 pa-

441 2790 690 2845 tientiam
712 2797 768 2843 et
810 2787 1170 2842 humilitatem
1215 2784 1493 2850 vinceret;
1526 2798 1591 2839 ac
1630 2783 1822 2840 deinde
1848 2784 1902 2838 in
1932 2799 2021 2840 ue-

440 2880 610 2951 quitia
636 2896 733 2936 sua
761 2879 1139 2949 persistentem
1187 2892 1253 2933 ac
1281 2876 1663 2947 perdurantem
1694 2914 1710 2940 ,
1768 2875 1882 2943 ipse
1908 2890 2022 2931 mo-

442 2974 589 3028 riens
610 2979 811 3024 aeterna
842 2978 1018 3024 morte
1052 2969 1200 3039 juste
1225 2968 1529 3022 damnaret.
1563 2964 1714 3020 Sicut
1735 2962 1880 3019 enim
1908 2979 2023 3020 ser-

336 3100 343 3113 .
439 3075 575 3132 peus
605 3061 693 3116 ille
717 3058 955 3115 lubricus
980 3066 1033 3114 et
1071 3051 1296 3115 callidus
1341 3058 1613 3114 hominem
1663 3059 1897 3129 primum
1923 3074 2023 3128 per

441 3149 641 3222 gulam,
670 3145 952 3204 avaritiam
990 3157 1046 3203 et
1069 3163 1260 3203 vanam
1294 3147 1519 3218 gloriam
1545 3148 1613 3204 ad
1650 3147 1858 3205 facinus
1902 3148 2019 3205 ille-
2045 3188 2089 3250 C

440 3243 540 3307 xit,
588 3250 644 3297 et
676 3242 749 3295 ita
778 3257 900 3296 eum
948 3241 1108 3296 morti
1137 3241 1428 3297 obnoxium
1484 3241 1748 3308 reddidit,
1796 3243 1878 3298 sic
1902 3250 1959 3297 et
1985 3258 2018 3298 e

441 3332 715 3389 contrario
743 3332 1171 3400 competentibus
1196 3333 1625 3400 medicamentis,
1653 3331 1904 3390 Salvator
1928 3351 2019 3391 no-

442 3432 556 3478 ster
591 3438 690 3493 per
716 3422 1121 3488 abstinentiam,
1143 3422 1528 3494 benignitatem
1561 3432 1724 3492 atque
1745 3424 2020 3480 humilitao

443 3521 550 3568 tem
603 3513 896 3568 humanum
935 3528 1105 3584 genus
1155 3515 1221 3569 ad
1251 3515 1414 3569 vitam
1440 3514 1650 3569 erexit:
1685 3515 1860 3586 ipsum
1885 3532 2021 3587 quo-

442 3620 548 3675 que
572 3612 848 3660 auctorem
874 3605 1083 3670 mortis,
1112 3606 1331 3660 aeternis
1358 3605 1690 3662 cruciatibus
1711 3622 1862 3662 reum
1884 3648 1899 3673 ,
1940 3604 2019 3663 vi-

441 3704 564 3749 ctor
596 3701 802 3753 tartaro
827 3691 1072 3762 subjecit.
1106 3694 1308 3750 Christi
1356 3708 1570 3763 quoque
1611 3710 1788 3766 pugna
1833 3706 2018 3752 nostra

440 3786 669 3843 victoria
691 3795 798 3854 est,
815 3785 1039 3856 ejusque
1068 3787 1372 3857 triumphus
1408 3795 1593 3844 nostra
1630 3789 1776 3844 salus
1796 3799 1899 3856 est,
1926 3791 2019 3863 qui

441 3878 595 3934 sedet
640 3879 693 3934 in
747 3878 1008 3934 ccelorum
1077 3890 1205 3933 arce
1248 3886 1305 3933 et
1353 3878 1614 3950 prospicit
1652 3879 1718 3951 in
1766 3880 2019 3937 inferiora

444 3976 624 4024 teme.
647 3968 898 4038 Cruxque
923 3970 1040 4040 ejus
1063 3969 1178 4039 ipsa
1201 3976 1286 4025 est
1311 3970 1475 4026 totius
1494 3971 1644 4026 orbis
1665 3972 1868 4038 honor;
1904 3973 2018 4042 ipsa

442 4068 611 4116 totum
664 4068 933 4114 sustentat
972 4060 1228 4115 mundum
1254 4100 1269 4127 ,
1324 4062 1548 4133 ipsaque
1590 4062 1724 4117 mihi
1775 4064 2019 4119 carmine

439 4167 654 4223 semper
676 4160 733 4207 et
756 4166 940 4208 amore
975 4153 1299 4209 venerabilis
1341 4164 1695 4224 permaneat:
1725 4170 1938 4225 semper
1963 4155 2016 4209 in

437 4259 534 4301 ure
562 4258 684 4300 meo
712 4243 830 4300 laus
854 4252 911 4300 et
936 4244 1223 4301 exsultatio
1249 4247 1303 4301 in
1332 4247 1494 4302 corde
1526 4256 1804 4318 perpetua.

1019 4354 1248 4411 CAPUT
1285 4354 1428 4411 XIX.

460 4445 538 4500 De
553 4444 724 4513 {arma
751 4461 889 4500 nona
923 4445 1126 4500 decima
1150 4484 1174 4568 ,1
1185 4445 1772 4567 .ubitquinquagenarii
1812 4452 2014 4506 numeri

1093 4531 1152 4567 ra
1179 4531 1229 4568 to
1260 4531 1312 4568 ea
1341 4552 1356 4567 .

1093 4531 1229 4568 rauo
1260 4531 1356 4568 εει.

507 4603 783 4661 Attendite
805 4603 978 4659 oculis
999 4612 1056 4658 et
1074 4603 1252 4660 videte
1280 4611 1479 4670 mente,
1509 4606 1689 4660 audite
1709 4607 1929 4664 auribus
1956 4620 2014 4666 et

434 4695 700 4766 percipite
720 4694 915 4760 corde,
958 4709 992 4748 ο
1028 4708 1216 4749 omnes
1244 4692 1428 4750 ﬁdeles
1451 4695 1506 4749 in
1554 4696 1749 4766 quibus
1775 4699 2012 4756 charitas

434 4791 641 4847 Christi
668 4801 724 4853 et
743 4808 897 4849 amor
920 4792 1197 4863 sapientia:
1225 4792 1415 4858 fervet,
1443 4794 1636 4862 quibus
1660 4810 1807 4851 cura:
1832 4806 1916 4853 est
1943 4799 2012 4854 ad

439 4890 614 4947 lucem
647 4900 905 4946 aeternam
941 4892 1224 4962 pervenire
1271 4900 1326 4946 et
1366 4892 1818 4964 incorruptionem
1850 4904 2012 4968 atque

435 4984 896 5042 immortalitatem
925 4986 1042 5042 sine
1069 4986 1175 5041 ﬁne
1221 4988 1517 5058 percipere.
1570 4986 1807 5044 Laudem
1836 4990 2015 5045 crucis

436 5080 640 5137 Christi
672 5080 910 5136 carmine
941 5081 1217 5151 depromo.
1251 5081 1348 5137 llic
1371 5080 1567 5138 summi
1589 5083 1796 5152 opiﬁcis
1839 5084 2012 5139 virtus

432 5171 760 5235 ostenditur,
790 5181 845 5228 et
879 5169 1020 5227 beati
1041 5174 1219 5243 operis
1244 5174 1407 5229 decor
1427 5175 1748 5243 exprimitur
1774 5176 2013 5245 artisque

436 5263 605 5332 ipsius
628 5262 880 5319 nobilitas
899 5263 1219 5319 declaratur.
1235 5265 1426 5320 Vester
1440 5265 1611 5319 honor
1625 5266 1798 5320 honor
1807 5272 1892 5322 est
1904 5282 2012 5321 non

432 5357 690 5424 caducus,
706 5356 801 5412 sed
819 5357 1113 5412 secundum
1145 5355 1529 5425 redemptionis
1554 5357 1800 5412 ordinem
1831 5365 2013 5413 manet

431 5457 758 5520 perpetuus;
783 5447 1107 5503 immortalis
1121 5454 1209 5502 est
1228 5455 1405 5501 vestra
1425 5446 1479 5501 in
1501 5446 1653 5501 cmlis
1673 5446 1866 5515 palma,
1881 5447 2007 5516 quia

435 5540 688 5595 Christus
717 5539 833 5608 ipse
861 5539 1012 5595 vobis
1055 5544 1140 5593 est
1184 5538 1408 5593 victoria
1441 5577 1455 5602 ,
1498 5537 1590 5607 qui
1632 5536 1777 5591 salus
1821 5548 2006 5595 nostra

435 5629 701 5684 veraciter
723 5629 981 5691 existens,
1007 5628 1298 5684 vindictam
1338 5628 1391 5681 in
1426 5626 1637 5682 hostem
1658 5628 1883 5683 detorsit
1906 5645 2005 5684 an—

432 5718 661 5786 tiquum,
685 5730 742 5773 et
776 5718 829 5773 in
850 5734 1011 5774 cruce
1030 5718 1319 5789 degustans
1345 5725 1596 5783 mortem,
1618 5718 1792 5788 ipsum
1819 5720 2008 5777 mortis

429 5806 629 5863 devicit
649 5790 943 5875 auctorem.
970 5806 1085 5863 lluc
1123 5822 1311 5863 omnes
1355 5807 1633 5865 convenite
1675 5808 1896 5876 a‘groti,
1951 5819 2007 5865 et

2122 1966 2279 2028 rupta
2301 1958 2403 2030 est)
2433 1959 2614 2015 divina
2638 1960 3036 2029 dispensatione
3066 1959 3419 2030 reintegraret
3440 1999 3455 2025 ,
3504 1967 3711 2015 metus~

2120 2065 2224 2118 que
2250 2049 2441 2104 mortis
2469 2049 2665 2114 abiret,
2702 2057 2757 2105 et
2802 2050 2959 2121 signa
3005 2048 3351 2107 beatitudinis
3380 2066 3477 2121 per
3505 2052 3710 2107 charis-

2121 2148 2265 2194 mata
2318 2140 2498 2195 divina
2536 2155 2752 2195 rursum
2801 2140 2856 2196 in
2914 2135 3130 2195 homine
3175 2140 3702 2197 demonstrarentur.

2118 2229 2165 2287 Ν
2170 2242 2411 2286 umerum
2424 2244 2552 2301 ergo
2564 2230 3085 2301 quinquagenarium
3098 2229 3392 2285 salutarem
3411 2229 3565 2285 nobis
3584 2246 3709 2286 esse

2119 2328 2320 2375 sanctae
2370 2320 2549 2375 crucis
2586 2319 2796 2390 species
2824 2319 2879 2374 in
2911 2320 3166 2376 cornibus
3208 2320 3319 2376 suis
3374 2320 3709 2391 descriptum

2120 2411 2498 2467 venerabiliter
2522 2419 2692 2476 notat,
2708 2420 2764 2466 et
2782 2411 3138 2467 sacramentis
3157 2411 3468 2469 cmlestibus
3484 2412 3706 2483 plenum

2120 2517 2239 2557 esse
2274 2502 2377 2558 rite
2405 2502 2672 2574 designat.
2718 2502 2778 2557 ln
2807 2502 2898 2557 illo
2920 2501 3065 2557 enim
3089 2503 3201 2557 veri
3232 2502 3435 2573 jubilaei
3459 2544 3474 2567 ,
3535 2503 3589 2557 id
3618 2513 3709 2559 est

2119 2594 2290 2666 plena:
2326 2598 2682 2665 remissionis,
2713 2600 2902 2655 notitia
2945 2599 3133 2662 datur,
3168 2600 3221 2654 in
3261 2600 3350 2655 illo
3378 2600 3584 2657 sabbati
3619 2616 3711 2655 re-

2120 2689 2275 2757 quies
2300 2689 2403 2745 rite
2439 2689 2763 2746 celebratur.
2795 2691 2887 2747 ille
2933 2691 3067 2763 legis
3108 2692 3308 2748 veteris
3332 2690 3549 2746 datione
3575 2692 3710 2746 insi-

2121 2780 2240 2852 gnis
2264 2789 2371 2848 est,
2400 2789 2455 2838 et
2474 2782 2528 2837 in
2559 2783 2791 2838 adventu
2824 2782 3055 2854 Spiritus
3082 2783 3340 2853 paracleti
3376 2798 3537 2854 super
3564 2800 3706 2854 apo-

2122 2872 2290 2929 stolos
2317 2873 2606 2944 insignior;
2649 2872 2737 2928 ille
2778 2874 2927 2945 pacis
2952 2882 3229 2943 auctorem
3258 2874 3469 2929 venisse
3503 2874 3706 2944 prodit,

2121 2975 2176 3020 et
2218 2966 2367 3035 pacis
2420 2966 2754 3038 signaculum
2802 2966 3039 3037 perfecta
3078 2966 3511 3022 reconciliatione
3559 2966 3709 3023 inter

2121 3058 2290 3113 Deum
2315 3068 2371 3113 et
2404 3059 2651 3114 homines
2671 3075 2767 3129 per
2795 3058 3028 3128 Spiritus
3064 3058 3239 3113 sancti
3271 3058 3497 3129 gratiam
3522 3068 3711 3113 osten-

2122 3149 2218 3204 dit.
2246 3147 2363 3218 lpse
2393 3149 2715 3205 venerabilis
2741 3149 2796 3204 in
2822 3149 3024 3219 specie,
3069 3149 3305 3204 salubris
3329 3149 3384 3205 in
3428 3148 3618 3220 ﬁgura,
3650 3158 3709 3204 et

2118 3238 2389 3310 perfectus
2408 3248 2494 3295 est
2517 3240 2571 3294 in
2597 3249 3057 3297 sacramentorum
3102 3240 3316 3297 decore.
3368 3239 3501 3295 Nam
3526 3241 3573 3296 Χ
3609 3242 3705 3296 lit-

2121 3339 2234 3390 tera
2271 3333 2457 3404 ﬁgura:
2500 3343 2704 3390 sancta:
2741 3336 2919 3390 crucis
2956 3336 3233 3406 aptissima
3259 3377 3276 3403 ,
3317 3345 3373 3392 et
3421 3337 3721 3393 denarium

2118 3441 2402 3482 numerum
2445 3425 2753 3496 designans,
2782 3440 2879 3495 per
2914 3426 3020 3483 duo
3053 3428 3169 3482 loca
3206 3429 3379 3499 posita
3408 3429 3476 3483 ad
3513 3444 3708 3484 exem-

2117 3515 2236 3586 plar
2256 3525 2457 3573 sancta
2484 3518 2684 3583 crucis,
2714 3518 2951 3588 quinque
2980 3518 3147 3574 libros
3182 3519 3316 3591 legis
3359 3536 3482 3575 cum
3509 3520 3705 3576 decem

2117 3608 2402 3677 praeceptis
2423 3608 2712 3679 signiﬁcat,
2741 3609 2865 3679 quia
2887 3610 3030 3679 quod
3056 3609 3138 3664 lex
3168 3618 3323 3664 vetus
3352 3625 3451 3680 per
3472 3609 3707 3680 ﬁguram

2117 3707 2173 3753 et
2200 3699 2449 3756 umbram
2475 3699 2869 3770 quodammodo
2896 3699 3171 3771 depinxit,
3213 3701 3316 3757 hoc
3346 3707 3518 3758 totum
3543 3701 3708 3756 Chri-

2118 3798 2237 3846 stus
2260 3806 2358 3861 per
2382 3806 2598 3847 crucem
2626 3792 2683 3847 in
2710 3792 2860 3848 Novo
2890 3792 3237 3849 Testamento
3279 3793 3578 3850 secundum
3605 3809 3703 3850 ve-

2119 3882 2334 3938 ritatem
2364 3883 2625 3954 implevit.
2656 3882 2850 3940 Omnia
2875 3885 3071 3955 quippe
3095 3892 3296 3940 sanctae
3319 3885 3468 3941 cruci
3503 3885 3706 3941 decen-

2120 3974 2330 4030 tissime
2356 3975 2702 4042 conveniunt,
2749 3983 2806 4030 et
2832 3975 3117 4030 character
3141 3975 3335 4031 littera:
3356 3982 3413 4030 et
3441 3989 3706 4031 numerus

2120 4064 2176 4119 in
2214 4079 2279 4119 ea
2302 4065 2609 4133 denotatus,
2645 4065 2777 4137 legis
2805 4066 3125 4138 mysterium
3149 4077 3205 4122 et
3228 4066 3485 4135 temporis
3515 4081 3705 4122 sacra-

2120 4165 2394 4223 mentum,
2452 4156 2760 4227 factumque
2806 4159 2861 4213 in
2891 4158 2995 4214 hoc
3039 4157 3379 4213 laudabiliter
3418 4167 3706 4228 perpetra-

2120 4254 2265 4313 tum;
2301 4247 2529 4318 ideoque
2553 4257 2765 4317 oportet
2784 4258 2846 4304 ut
2871 4263 3060 4305 omnes
3087 4256 3328 4304 sanctam
3346 4261 3566 4303 crucem
3587 4247 3705 4301 lau-

2120 4339 2308 4397 demus
2335 4342 2536 4412 pariter
2560 4353 2808 4409 ovantes,
2837 4342 3205 4411 cruciﬁxoque
3250 4341 3363 4411 regi
3401 4340 3705 4396 incessabi-

2118 4431 2245 4487 liter
2266 4433 2471 4502 gratias
2494 4447 2738 4502 agamus,
2766 4434 2860 4504 qui
2901 4432 3161 4503 sanguine
3204 4430 3423 4502 proprio
3447 4431 3702 4485 universa

2038 4531 2094 4619 Ὁ
2122 4525 2322 4581 laxavit
2355 4527 2535 4582 debita
2561 4526 2780 4580 mundo.

2714 4612 2942 4673 CAPUT
2982 4612 3099 4670 XX.

2116 4705 2194 4761 De
2219 4707 2458 4763 vicesima
2487 4700 2678 4773 forma,
2710 4708 2799 4761 ubi
2831 4706 3158 4761 centenarias
3195 4714 3244 4759 et
3269 4704 3567 4760 tricenarius
3594 4719 3698 4757 nu-

2634 4794 2807 4831 merus
2840 4776 3037 4831 inditus
3071 4786 3165 4830 est.

2189 4888 2326 4942 Ecce
2358 4888 2635 4958 sanguinis
2659 4887 2855 4944 Christi
2904 4888 2992 4958 pia
3030 4885 3253 4953 eil‘usio,
3309 4895 3363 4941 et
3385 4887 3530 4941 unda
3571 4887 3697 4951 illa,

2060 4984 2063 4991 '
2117 4994 2237 5050 qua:
2265 4981 2382 5050 ipso
2414 4980 2719 5036 dormiente
2742 4981 2798 5035 in
2828 4996 2991 5037 cruce
3018 4984 3085 5037 de
3114 4981 3285 5037 latere
3322 4981 3443 5049 ejus
3467 4996 3699 5036 emana-

2119 5076 2218 5139 vit,
2244 5074 2466 5128 mundat
2492 5088 2592 5129 nos
2635 5088 2666 5127 a
2716 5073 2965 5128 sordibus
2990 5074 3221 5139 cunctis,
3251 5073 3378 5143 quia
3425 5072 3541 5141 ipse
3584 5072 3699 5126 Re-

2119 5166 2366 5233 demptor
2397 5171 2571 5217 morte
2595 5177 2692 5217 sua
2717 5164 2875 5218 noxia
2904 5173 3096 5219 cuncta
3129 5178 3160 5217 a
3195 5162 3351 5218 nobis
3372 5161 3526 5225 tulit,
3569 5176 3699 5215 cum

2118 5253 2269 5308 labes
2308 5261 2649 5324 peccatorum
2684 5260 2991 5308 nostrorum
3017 5252 3284 5322 dempsit,
3334 5259 3389 5306 et
3422 5250 3701 5318 cbirogra~

2118 5344 2280 5414 phum
2294 5346 2437 5415 quod
2451 5352 2569 5400 erat
2584 5344 2738 5399 nobis
2754 5344 3085 5400 contrarium
3101 5360 3198 5414 per
3210 5343 3513 5414 passionem
3537 5355 3695 5395 suam

2100 5436 2331 5492 delevit.
2370 5433 2662 5491 Laudabile
2691 5435 2886 5505 quippe
2906 5434 3102 5506 dogma
3126 5430 3398 5504 Evangelii
3425 5429 3695 5496 condidit,

2113 5530 2256 5599 quod
2272 5537 2617 5599 peccatorum
2630 5528 2881 5584 tenebras
2906 5525 3097 5598 fugans
3117 5542 3277 5583 omne
3300 5525 3507 5581 facinus
3518 5530 3696 5589 vetat,

2115 5623 2487 5691 idolorumque
2521 5621 2765 5677 culturas
2795 5621 3012 5691 penitus
3042 5620 3294 5688 abnegat.
3334 5616 3486 5685 Quod
3512 5614 3698 5669 vitam

2111 5717 2311 5772 docens
2338 5716 2642 5778 honestam,
2669 5728 2765 5782 per
2785 5713 3044 5768 virtutum
3087 5709 3382 5781 potentiam
3418 5708 3473 5761 in
3499 5704 3701 5776 praedi-

2080 5882 2083 5889 ι
2113 5808 2388 5864 caloribus
2422 5806 2536 5862 suis
2564 5805 2907 5862 commendat
2928 5803 3197 5859 universis
3227 5801 3326 5857 sub
3348 5798 3485 5855 cmlo
3508 5795 3700 5851 natio.
