4002 6204
243 422 351 489 ,εὖ

1241 421 1330 482 DE
1368 417 1709 483 LAUDlBUS
1745 425 1802 481 S.
1844 421 2114 483 CRUCIS.
2156 459 2226 468 —
2257 422 2490 485 1.18.11.

3406 441 3515 499 286

243 548 427 603 nibus.
460 544 591 599 Post
622 543 996 599 ascensionem
1016 541 1557 612 quoqueSalvatoris
1577 540 1829 612 apostoli,
1859 542 1908 601 Α
1936 540 2014 594 ira
2059 541 2234 596 debita
2278 542 2483 597 solutus
2505 549 2619 609 est,
2642 552 2697 599 et
2721 540 2887 600 vitam
2931 555 3244 619 perpetuam
3272 562 3514 621 portuma

239 640 319 693 ab
345 639 459 708 ipsa
497 636 742 694 Veritate
790 635 1064 698 instructi,
1098 634 1453 704 praedicantes
1481 631 1830 702 Evangelium

239 728 506 799 mysteria
534 725 748 781 Veteris
768 724 1101 779 Testamenti
1126 739 1223 794 per
1237 723 1509 780 Christum
1533 724 1754 794 impleta
1776 730 1833 777 et

240 819 519 875 declarata
550 832 671 873 esse
692 816 875 871 testati
901 826 1047 881 sunt,
1077 824 1133 871 et
1159 816 1334 885 ipsum
1369 816 1530 871 ﬁnem
1552 832 1672 872 esse
1698 816 1832 886 legis

243 921 298 965 et
322 912 711 980 prophetarum
740 908 886 963 veris
913 908 1300 963 assertionibus
1323 909 1693 963 ﬁrmaverunt.
1723 908 1830 962 De-

245 982 413 1071 nique
435 1001 796 1056 centesimum
822 999 1140 1055 vicesimum
1173 1014 1457 1055 numerum
1480 999 1535 1053 in
1565 1008 1723 1053 :elate
1750 998 1831 1054 le—

242 1094 520 1165 gislatdris
547 1104 603 1149 et
625 1093 679 1147 in
707 1093 936 1147 adventu
965 1084 1200 1161 Spiritus
1228 1092 1401 1147 sancti
1429 1104 1592 1161 super
1618 1099 1833 1160 aposto-

243 1183 329 1241 los
356 1185 628 1255 insignem
668 1183 824 1238 lauda
875 1183 1055 1237 littera
1084 1224 1100 1247 ,
1155 1183 1450 1237 secundum
1479 1180 1830 1250 signiﬁcatio-

243 1284 372 1332 hem
406 1292 563 1331 suam
604 1284 797 1346 quater
828 1275 1023 1346 posita,
1054 1276 1107 1330 id
1128 1285 1244 1343 est,
1291 1275 1345 1328 in
1382 1274 1562 1329 crucis
1587 1272 1830 1338 ntodum,

240 1372 497 1426 nobiliter
527 1371 781 1441 complet,
802 1370 1045 1441 pandens
1076 1371 1196 1427 ﬁdei
1232 1374 1568 1427 sacramenta
1609 1378 1665 1425 et
1690 1378 1833 1424 vera:

239 1456 603 1517 beatitudinis
629 1461 1005 1517 demonstrans
1028 1461 1385 1533 gaudia,quia
1407 1461 1545 1515 sieut
1581 1476 1678 1531 per
1699 1475 1833 1530 qua-

241 1552 372 1607 tuor
396 1552 749 1607 characteres
793 1550 962 1605 lauda:
996 1558 1182 1606 sancta
1219 1562 1352 1606 crux
1386 1543 1440 1605 in
1483 1565 1648 1605 unum
1682 1539 1834 1605 colli-

238 1644 320 1715 git
341 1650 566 1698 centum
613 1650 669 1698 et
696 1642 884 1714 viginti
936 1643 1188 1707 unitates,
1222 1642 1295 1696 ita
1346 1634 1581 1712 Spiritus
1611 1648 1832 1694 sanetus

238 1734 544 1789 adveniens
576 1734 631 1788 in
662 1734 852 1789 notitia
896 1734 1137 1788 omnium
1171 1733 1473 1803 linguarum
1511 1732 1833 1788 coadunavit

237 1832 462 1878 centum
507 1832 565 1878 et
587 1824 774 1895 viginti
812 1825 1128 1880 credentes:
1161 1824 1300 1880 unde
1326 1833 1511 1895 aperte
1555 1840 1620 1881 ac
1654 1825 1834 1879 'manin

1933 649 2040 703 que
2077 626 2266 688 Salutis
2299 645 2355 689 et
2391 636 2588 705 quietis
2612 646 2828 694 teternze
2878 639 3115 708 invenit,
3135 651 3258 712 post
3296 648 3516 702 naufras

1931 724 2077 794 gium
2102 726 2350 781 videlicet
2380 720 2509 781 illud
2539 728 2683 796 quod
2711 730 2916 798 primus
2946 746 3142 801 parens
3189 743 3375 788 noster
3418 752 3516 805 per

1931 817 2426 885 praevaricationem
2449 808 2615 873 divini
2648 822 2902 889 praecepti
2949 837 3111 892 super
3137 840 3237 879 nos
3282 826 3510 882 induxit.

1932 905 2067 960 Nam
2092 907 2216 976 quia
2256 921 2352 977 per
2382 907 2584 978 lignum
2612 911 2838 963 vetitum
2866 925 3014 967 mors
3042 928 3180 968 saeva
3231 922 3399 968 totum
3429 930 3517 986 ge-

1934 1010 2033 1050 nus
2061 997 2350 1051 humanum
2390 998 2668 1053 absorbuit
2703 1015 2766 1054 ac
2805 1015 2902 1055 suo
2933 1001 3056 1069 jure
3085 1004 3373 1071 captivavit
3397 1044 3412 1069 ,
3456 1013 3516 1058 ut

1933 1088 2035 1142 hoc
2062 1104 2091 1141 a
2114 1097 2379 1158 potestate
2403 1087 2642 1156 ejusdem
2678 1091 2868 1146 mortis
2893 1093 3144 1162 eriperet,
3167 1090 3516 1164 Redemptori

1931 1188 2118 1234 uestro
2146 1180 2350 1248 placuit
2372 1180 2574 1250 lignum
2606 1190 2807 1238 sanctae
2829 1183 3008 1239 crucis
3031 1184 3082 1238 in
3112 1196 3255 1240 terra
3282 1187 3512 1256 erigere,

1931 1279 2195 1339 quatenus
2229 1272 2331 1326 hoc
2359 1274 2502 1342 quod
2532 1288 2630 1342 per
2674 1274 2811 1344 gulae
2859 1290 3055 1329 noxam
3101 1277 3274 1331 hostis
3308 1276 3396 1331 ille
3423 1279 3516 1332 de-

1931 1360 2237 1430 glutiverat,
2268 1362 2489 1432 cuspide
2515 1363 2646 1433 ligni
2680 1364 2859 1420 vitalis
2898 1365 3195 1435 perfossns,
3222 1383 3321 1438 per
3343 1369 3517 1422 conti:-

1932 1455 2127 1507 nentiaa
2152 1455 2377 1523 gratiam
2408 1465 2680 1511 evomeret
2711 1497 2725 1521 ,
2782 1458 3111 1528 meritasque
3159 1475 3347 1528 pinnas
3393 1460 3516 1515 inde

1928 1538 2102 1598 lueret
2129 1547 2268 1615 quod
2295 1555 2484 1602 contra
2513 1558 2674 1602 omne
2713 1540 2802 1617 jus
2834 1556 2887 1603 et
2915 1558 3075 1604 omne
3100 1549 3183 1603 fas
3211 1564 3397 1605 servus
3420 1565 3519 1604 ne-

1929 1637 2221 1705 quissimus
2265 1648 2318 1694 et
2367 1638 2452 1692 fur
2495 1634 2868 1695 dolosissimus
2927 1641 3031 1695 sibi
3074 1640 3409 1695 dominatum
3462 1641 3515 1694 in

1932 1728 2106 1784 alieno
2130 1744 2293 1799 opere
2321 1740 2697 1800 usurpaverat.
2739 1731 2853 1786 Hoc
2879 1739 2934 1786 et
2966 1723 3079 1801 jam
3127 1740 3316 1786 auctor
3357 1732 3518 1785 totius

1932 1828 2215 1883 creaturae,
2252 1828 2307 1874 et
2335 1819 2560 1890 largitor
2583 1820 2813 1876 duorum
2861 1822 3332 1877 Testamentorum
3378 1823 3518 1878 Deus

240 1907 381 1970 feste
409 1917 573 1971 datu‘r
600 1914 824 1986 intelligi
861 1926 1104 1972 sanctam
1130 1930 1348 1972 crucem
1374 1933 1556 1972 veram
1585 1933 1706 1973 esse
1737 1930 1833 1972 no-
1864 1891 1908 1949 Β
1936 1911 2188 1966 intimare
2209 1911 2417 1976 volens,
2440 1923 2575 1982 opus
2602 1913 3013 1968 saluberrimum
3043 1924 3244 1968 sanctae
3266 1915 3444 1969 crucis
3465 1916 3519 1969 et

240 2015 417 2060 suam
458 2005 883 2076 redemptionem
907 2046 923 2071 ,
963 2007 1100 2061 etin
1142 2007 1256 2076 ipsa
1284 2008 1551 2062 veraciter
1591 2015 1833 2062 nostram

239 2098 551 2152 consistere
570 2098 853 2152 unitatem.
881 2095 1145 2168 Percepto
1170 2101 1350 2170 itaque
1375 2090 1515 2155 dono
1541 2100 1594 2154 in
1622 2099 1831 2170 loquela

239 2187 490 2242 Omnium
518 2187 845 2259 linguarum,
878 2189 1057 2244 alacer
1085 2200 1260 2245 cmtus
1295 2191 1626 2245 credentium
1653 2189 1831 2244 lumen

240 2279 449 2347 sparsit
471 2278 676 2347 ubique
695 2279 997 2335 divinorum
1030 2281 1484 2342 testimoniorum,
1513 2290 1834 2336 coruscante

241 2369 407 2422 simul
439 2368 747 2438 frequentia
785 2371 1189 2438 miraculorum,
1211 2382 1265 2427 et
1292 2383 1406 2428 rete
1431 2372 1707 2443 Evangelii
1735 2372 1835 2427 mi-

241 2469 312 2513 sit
340 2458 396 2513 iu
427 2459 653 2532 pelagus
675 2461 832 2516 istius
865 2463 1073 2527 mundi,
1104 2472 1163 2517 ut
1188 2475 1386 2534 sagena
1418 2464 1631 2519 Domini
1662 2473 1834 2518 retra-

242 2550 400 2606 heret
428 2551 683 2607 homines
734 2552 804 2608 de
858 2548 1223 2623 profunditate
1248 2555 1450 2627 abyssi,
1481 2564 1537 2610 et
1568 2553 1835 2627 congluti-

242 2650 402 2698 naret
453 2644 525 2698 ad
573 2643 903 2700 soliditatem
942 2645 1208 2701 Dominici
1237 2647 1449 2712 vexilli;
1503 2657 1668 2716 utque
1708 2647 1835 2702 insi-

242 2734 367 2804 gnia
395 2734 582 2789 crucis
608 2733 807 2789 Christi
847 2736 1097 2791 omnibus
1128 2744 1365 2807 pateant,
1398 2737 1665 2807 quomodo
1695 2737 1834 2792 dona

241 2829 550 2899 spiritualia
578 2831 881 2901 quibusque
924 2833 1206 2904 consignet
1241 2834 1509 2895 ﬁdelibus,
1538 2842 1595 2890 et
1616 2834 1835 2905 prmmia

242 2928 364 2991 Quae
396 2912 715 2977 incarnatus
753 2913 1001 2979 Salvator
1024 2925 1131 2980 illis
1172 2925 1440 2996 promisit,
1468 2926 1580 2996 ipsa
1608 2926 1837 2981 ﬁdeliter

241 3026 339 3068 eos
366 3013 652 3084 percipere
682 3014 733 3068 in
775 3014 929 3070 caelis
958 3014 1140 3079 faciat,
1175 3032 1294 3086 qua:
1330 3017 1583 3072 videlicet
1611 3017 1833 3088 praemia

244 3102 297 3158 in
324 3113 490 3159 auctu
520 3105 816 3160 secundum
866 3108 1183 3163 meritorum
1229 3109 1541 3179 qualitatem
1580 3118 1705 3164 sunt
1745 3125 1838 3180 po-

243 3194 373 3258 sita,
408 3202 468 3249 et
499 3210 732 3264 sponsor
780 3208 942 3251 verus
983 3190 1230 3254 Christus
1270 3190 1441 3256 Filius
1492 3200 1680 3270 utique
1703 3201 1829 3264 Dei,

245 3285 408 3339 simul
439 3297 565 3340 cum
593 3285 756 3342 Patre
787 3288 897 3343 Deo
921 3297 977 3344 et
1003 3288 1207 3359 Spiritu
1251 3300 1443 3346 sancto
1474 3333 1488 3357 ,
1530 3291 1834 3362 quibusque

247 3376 426 3446 dignis
455 3377 775 3448 multiplicia
805 3379 859 3434 in
885 3382 1132 3450 supernis
1162 3392 1344 3437 servat
1367 3393 1421 3438 et
1452 3384 1717 3440 veraciter
1737 3385 1832 3440 do-

249 3479 341 3522 nat
370 3468 489 3524 Rex
519 3453 707 3541 regum
738 3471 791 3525 in
819 3482 1079 3528 :eternum
1108 3488 1357 3545 regnans,
1385 3484 1439 3531 et
1459 3476 1638 3531 omnia
1669 3488 1834 3549 regna

246 3560 454 3615 ditione
478 3562 697 3632 propria
722 3563 1048 3633 gubernans,
1080 3567 1172 3636 qui
1217 3566 1440 3622 dederat
1476 3560 1630 3624 nobis
1661 3561 1836 3638 Spiri-

247 3656 361 3708 tum
411 3655 748 3725 paracletum
770 3692 815 3721 ,-
841 3658 1031 3729 pignus
1070 3660 1257 3714 salutis
1288 3667 1343 3715 et
1381 3662 1708 3718 haereditatis
1739 3677 1837 3717 no-

246 3752 397 3810 strae,
431 3756 494 3800 ut
525 3761 627 3801 nos
649 3747 942 3802 secundum
970 3748 1297 3805 voluntatem
1325 3766 1477 3805 suam
1507 3768 1697 3823 regens
1723 3768 1839 3808 ser-

247 3844 359 3900 vet,
381 3837 737 3907 quoadusque
758 3847 984 3894 ovantes
1002 3841 1194 3910 gaudia
1220 3843 1345 3897 vitae
1385 3841 1550 3898 faciat
1585 3843 1833 3899 introire.

250 3920 474 3981 Psallite
523 3928 694 3982 vitam
733 3928 949 3996 devote,
976 3930 1113 3984 bene
1159 3931 1372 4001 psallite
1422 3933 1651 3987 Domino
1680 3927 1837 3988 Chri-

250 4029 335 4071 Sto
361 4025 557 4085 gentes
582 4033 793 4085 omnes,
830 4018 1003 4074 tribus
1031 4031 1087 4074 et
1116 4020 1307 4092 lingua:
1357 4023 1639 4086 universae,
1674 4032 1728 4077 et
1754 4038 1840 4078 co-

249 4108 492 4175 gnoscite
521 4122 707 4163 verum
736 4124 917 4180 regem
965 4119 1228 4177 vestrum,
1259 4113 1577 4182 sapientiam
1598 4121 1653 4167 et
1671 4113 1839 4167 virtu—

253 4204 360 4252 tem
390 4198 486 4253 Dei
510 4198 710 4265 Patris,
750 4199 905 4266 cujus
928 4202 1167 4270 potentia
1191 4218 1338 4258 mors
1370 4204 1509 4258 vieta
1531 4205 1834 4269 succubuit,

250 4301 302 4346 et
335 4294 603 4348 memoria
632 4295 823 4350 mortis
849 4295 1019 4350 deleta
1047 4304 1151 4353 est.
1176 4295 1417 4352 omnium
1441 4307 1619 4351 rerum
1647 4312 1839 4367 parenv

251 4392 358 4438 tem
388 4383 575 4439 Iesum
605 4387 933 4456 cognoscite.
980 4386 1105 4442 llaec
1141 4387 1298 4454 laus,
1354 4388 1477 4457 quia
1518 4402 1585 4442 ex
1623 4403 1750 4444 vero
1784 4399 1839 4445 et

253 4475 479 4543 probato
505 4475 715 4545 prolata
746 4485 828 4530 est
862 4477 1124 4547 genuine,
1163 4477 1323 4533 ﬁnem
1360 4486 1415 4532 et
1450 4478 1837 4548 perfectionem

1932 2016 2031 2071 per
2048 2000 2217 2072 legem
2249 2003 2535 2072 praedixit,
2581 2012 2637 2058 et
2688 2020 2785 2074 per
2808 2006 3099 2074 prephetas
3150 2006 3522 2074 promisitpet

1932 2106 2030 2160 per
2068 2091 2413 2161 Evangelium
2450 2108 2605 2147 suum
2632 2106 2691 2148 se
2736 2094 3035 2163 complesse
3076 2095 3293 2161 fatetur,
3320 2105 3380 2149 ut
3426 2097 3519 2150 ho-

1933 2179 2108 2234 mines
2136 2188 2436 2235 creatorem
2464 2195 2620 2235 suum
2652 2193 3125 2251 recognoscerent,
3160 2184 3519 2254 redemptori-

1932 2286 2039 2340 que
2059 2286 2158 2325 suo
2183 2272 2385 2343 gratias
2415 2280 2658 2343 agerent.
2706 2272 2948 2344 Denique
2976 2283 3161 2330 sancta
3194 2283 3357 2345 atque
3398 2291 3517 2330 ma-

1933 2362 2127 2433 gniﬁca
2171 2377 2302 2418 crus
2348 2362 2474 2419 hinc
2523 2377 2581 2419 se
2615 2370 2781 2418 totam
2826 2379 3017 2419 serena
3078 2364 3196 2418 luce
3234 2379 3516 2419 coruscam

1933 2453 2192 2519 ostendit,
2218 2467 2383 2524 seque
2406 2455 2548 2510 viam
2577 2463 2737 2523 atque
2764 2455 2953 2509 ducem
2984 2455 3051 2509 ad
3100 2461 3412 2524 perpetuam
3440 2454 3523 2507 vi-

1935 2552 2045 2598 tam
2080 2543 2233 2598 nobis
2256 2559 2376 2599 esse
2407 2546 2773 2610 demonstrat;
2828 2545 3051 2615 ideoque
3078 2544 3244 2599 radiis
3277 2545 3392 2598 suis
3421 2544 3517 2598 mi-

1933 2649 2065 2689 cans
2093 2634 2319 2702 lampas,
2349 2634 2485 2688 lucis
2518 2642 2735 2688 aeternae
2761 2648 2949 2689 omnes
2969 2642 3155 2705 gentes
3187 2649 3250 2693 ac
3296 2632 3521 2702 populos

1935 2725 2001 2779 ad
2037 2724 2277 2780 cmlestia
2308 2740 2471 2795 regna
2501 2732 2777 2794 provocat,
2804 2725 2869 2779 ab
2898 2725 3158 2792 hosteque
3205 2723 3520 2777 misericor-

1936 2815 2077 2870 diter
2109 2822 2294 2869 erutos
2320 2814 2655 2885 pronuntiat,
2677 2814 2862 2883 sicque
2888 2829 3032 2868 nunc
3074 2814 3126 2868 in
3169 2822 3327 2868 nocte
3367 2811 3523 2867 istius

1936 2906 2119 2961 mundi
2144 2906 2353 2977 positos
2400 2920 2496 2961 sua
2536 2905 2893 2960 illustratione
2924 2897 3160 2958 lmtlﬁcat
3189 2892 3351 2972 atque
3396 2902 3523 2956 hinc

1936 2998 2002 3052 ad
2029 2997 2138 3051 alta
2171 2996 2437 3053 calorum
2483 2997 2620 3052 bene
2666 2996 2890 3051 meritos
2940 2993 3281 3065 postmodum
3324 2993 3519 3048 elevat.

1936 3085 2046 3141 Nec
2068 3101 2197 3158 ergo
2229 3072 2524 3141 verendum
2566 3094 2650 3141 est
2693 3085 2836 3156 quod
2884 3084 2990 3139 ulla
3033 3084 3247 3139 fallacia
3289 3083 3524 3152 aliquem

1936 3177 2187 3248 decipiat,
2216 3178 2329 3242 sed,
2356 3176 2604 3247 principe
2641 3175 2801 3246 hujus
2837 3175 3024 3230 mundi
3061 3175 3191 3230 foris
3219 3173 3409 3242 ejecto,
3435 3188 3523 3228 ve-

1936 3271 2137 3333 raciter
2160 3285 2288 3326 vera
2316 3269 2511 3325 victrix
2539 3276 2747 3340 regnat.
2776 3260 2916 3324 Hinc
2938 3282 3152 3338 quoque
3178 3276 3263 3323 est
3289 3266 3432 3337 quod
3468 3266 3522 3321 in

1933 3362 2316 3434 praedicatione
2366 3362 2624 3433 potentiae
2668 3369 2723 3416 et
2760 3360 3143 3417 dominationis
3187 3358 3305 3429 ejus
3351 3359 3525 3414 sancti

1934 3454 2319 3523 prsedicatores
2358 3452 2634 3509 miraculis
2679 3460 2988 3517 coruscant,
3018 3459 3299 3520 totumque
3336 3450 3525 3506 orbem

1935 3549 2037 3604 sibi
2060 3540 2386 3617 subjiciam,
2438 3548 2853 3618 redemptosque
2902 3561 2999 3616 per
3048 3544 3252 3600 Christi
3293 3544 3524 3615 gratiam

1936 3643 2158 3700 devotos
2190 3641 2374 3706 corde,
2400 3640 2639 3710 placidos
2668 3639 2930 3702 moribus,
2959 3643 3272 3703 mansuetos
3311 3634 3522 3704 patien-

1936 3735 2009 3789 tia
2035 3775 2051 3801 ,
2100 3732 2525 3803 tranquillusque
2578 3730 2991 3785 conversatione
3032 3726 3336 3796 perﬁciant.
3384 3725 3525 3780 Ecce

1936 3835 2070 3897 quot
2094 3825 2288 3895 lingua:
2337 3830 2464 3878 sunt
2495 3822 2775 3878 nationum
2826 3821 2881 3875 in
2926 3818 3340 3888 septuagenario
3368 3827 3424 3871 et
3449 3817 3526 3871 bl-

1936 3916 2094 3973 nario
2120 3928 2346 3969 numero
2390 3927 2523 3967 crux
2564 3920 2751 3966 sancta
2798 3909 3101 3978 exemplata
3158 3908 3523 3970 demonstrat,

1935 4004 2293 4073 omnibusque
2329 4001 2580 4073 gentibus
2602 4016 2700 4071 per
2727 4002 2828 4055 boc
2861 4000 2997 4055 lucis
3015 4005 3224 4067 portam
3253 4003 3525 4065 patentem

1936 4092 2223 4163 signiﬁcat,
2252 4092 2463 4161 hocque
2492 4104 2588 4159 per
2621 4089 2963 4160 septuaginta
2995 4096 3051 4143 et
3077 4087 3184 4140 duo
3231 4083 3527 4154 discipulos

1939 4183 2188 4240 Salvator
2223 4181 2338 4251 ipse
2375 4180 2668 4251 przndicare
2709 4177 2964 4247 jusserat,
2995 4184 3412 4242 sanctorumque
3438 4187 3527 4225 ar-

1938 4276 2321 4348 changelorum
2353 4273 2626 4329 consortia
2660 4277 2782 4341 post
2828 4267 3279 4324 resurrectionem
3307 4280 3528 4336 genera~

1938 4370 2043 4426 lem
2073 4370 2128 4424 in
2154 4367 2307 4423 caelis
2343 4364 2705 4435 promiserat,
2749 4360 2893 4431 quod
2916 4359 3078 4414 etiam
3104 4358 3221 4427 ipse
3272 4370 3531 4410 numerus

1939 4464 2204 4534 designat.
2222 4458 2548 4515 Octonarius
2574 4470 2806 4526 namque
2833 4467 3089 4509 numerus
3104 4460 3160 4507 et
3183 4449 3527 4515 novenarius,

254 4541 415 4619 habet
438 4541 701 4620 teternam
746 4541 1007 4636 requiem.
1040 4541 1145 4623 Iste
1191 4570 1336 4624 enim
1383 4541 1590 4624 mlum
1637 4579 1837 4634 ηοειπω
1862 4594 1915 4652 D
1941 4554 1996 4608 in
2019 4567 2079 4607 se
2099 4549 2458 4620 multiplicati,
2484 4544 2954 4617 septuagenarium
2971 4552 3027 4598 et
3038 4541 3307 4598 binarium
3320 4546 3528 4603 creant,

255 4656 456 4713 inditus
488 4670 575 4713 est
604 4660 757 4722 ordo,
816 4668 859 4713 ιι
899 4660 1101 4715 indicta
1131 4677 1256 4716 cum
1302 4664 1603 4718 reverentia
1634 4675 1688 4719 et
1737 4672 1846 4721 tres

258 4762 405 4804 more
435 4758 639 4815 servet,
680 4758 735 4804 et
780 4751 834 4806 in
864 4750 1046 4807 futuro
1096 4762 1412 4821 perpetuam
1458 4758 1843 4812 remuneratio~

262 4855 377 4894 neut
404 4849 703 4910 exspectet.
733 4841 862 4897 Haec
882 4852 1096 4912 quoque
1122 4852 1205 4898 est
1225 4844 1393 4915 gloria
1417 4854 1626 4913 nostra,
1651 4848 1766 4903 haec
1789 4858 1847 4905 et

269 4933 449 4995 virtus,
478 4934 596 4988 lure
623 4948 753 4988 vera
792 4935 1056 4990 stabilitas
1085 4935 1282 5005 quietis
1327 4953 1547 4992 summa:
1568 4978 1582 5003 ,
1636 4940 1844 5011 isleqne

264 5024 374 5094 jura
403 5016 681 5098 religionis
705 5026 843 5081 bene
892 5037 1103 5093 servat,
1130 5037 1184 5082 et
1205 5029 1315 5083 rite
1343 5028 1572 5084 arbitrio
1613 5046 1711 5086 suo
1740 5033 1845 5087 uti-

271 5130 373 5185 tur,
395 5122 489 5192 qui
519 5123 660 5177 bona
697 5137 904 5176 summa
932 5136 1042 5192 pra:
1069 5121 1318 5178 omnibus
1340 5126 1544 5194 appetit
1582 5134 1636 5179 et
1671 5125 1843 5180 media

274 5215 659 5272 rationabiliter
673 5215 847 5293 _regit.

849 5364 1076 5426 CAPUT
1114 5364 1256 5424 ΧΧΙ.

278 5478 611 5542 Deviccsima
648 5487 819 5557 prima
858 5484 1063 5555 ﬁgura,
1114 5484 1295 5554 inqua
1340 5483 1766 5557 septuagenarius
1800 5493 1849 5537 et

525 5553 766 5611 bina'rius
800 5553 1048 5609 numerus
1074 5564 1149 5607 est
1172 5553 1593 5623 campreltensus.

341 5669 478 5741 Ergo
502 5669 590 5724 lex
615 5667 826 5723 Domini
851 5681 979 5721 vera
1003 5674 1056 5721 et
1087 5663 1594 5735 irrcprehensibilis,
1620 5665 1848 5719 duorum

275 5757 741 5816 Testamentomm
764 5757 917 5812 libris
946 5756 1271 5825 conscripta,
1297 5755 1350 5808 in
1377 5754 1599 5824 ﬁguram
1650 5764 1852 5809 sanctae

276 5858 442 5912 trucis
476 5854 726 5927 ponenda
756 5862 859 5917 est,
899 5867 997 5922 per
1024 5866 1186 5921 quam
1211 5859 1263 5904 et
1297 5848 1445 5904 orbis
1487 5854 1751 5903 terraruzn
1784 5847 1852 5901 ab

1946 4657 2176 4713 quorum
2201 4640 2514 4696 octonarius
2557 4637 2626 4692 ad
2660 4634 3071 4693 resurrectionis
3098 4642 3331 4703 tempus,
3368 4645 3535 4685 nove-

1946 4733 2133 4788 narius
2151 4746 2280 4786 vero
2319 4730 2387 4786 ad
2424 4744 2617 4785 novem
2641 4728 2862 4785 ordines
2888 4724 3198 4796 angelorum
3226 4729 3530 4793 respectat;

1946 4826 2134 4895 sicque
2162 4822 2426 4879 catholica
2454 4821 2592 4877 ﬁdes
2621 4826 2764 4875 tenet
2792 4816 2936 4888 quod
2962 4816 3014 4870 in
3054 4814 3160 4871 ﬁne
3199 4812 3405 4876 mundi,
3432 4812 3536 4866 hoc

1945 4928 2049 4985 est,
2071 4919 2126 4973 in
2155 4924 2350 4972 octava
2377 4922 2536 4968 aetate
2556 4910 2735 4967 δεξιουιί
2752 4947 2767 4975 ,
2797 4907 2969 4963 sancti
3006 4911 3343 4975 resurgentes
3370 4902 3423 4955 in
3448 4914 3531 4956 so‘

1945 5013 2196 5068 cietatem
2212 5013 2485 5064 transeant
2500 5002 2833 5073 angelorum.
2851 4999 3042 5054 Omnia
3057 5009 3289 5064 namque
3309 4997 3535 5061 peccata

1947 5107 2133 5163 mundi
2158 5104 2405 5160 Christus
2433 5101 2487 5155 in
2520 5097 2789 5169 passionis
2811 5110 2921 5150 suae
2959 5093 3152 5147 ardore
3179 5082 3533 5152 consumpsit,

1947 5198 2164 5270 quando
2186 5204 2253 5251 ex
2278 5203 2433 5265 parte
2458 5192 2642 5248 carnis
2688 5190 2741 5244 in
2783 5189 2897 5259 ipsa
2929 5192 3157 5240 mortem
3186 5174 3443 5270 gustavit,
3469 5181 3534 5270 ac

1948 5261 2046 5363 per
2074 5261 2372 5361 potentiam
2395 5284 2690 5341 divinitatis
2713 5297 2826 5339 suae
2850 5280 3049 5336 electos
3075 5290 3201 5330 suos
3226 5272 3294 5325 ab
3339 5261 3535 5322 inferni

1936 5397 2170 5449 carcere
2211 5381 2490 5445 liberavit,
2521 5387 2578 5433 et
2621 5373 2932 5433 sobrietatis
2959 5386 3024 5424 ac
3047 5366 3167 5421 ﬁdei
3216 5364 3395 5418 lumen
3438 5365 3536 5428 per

1952 5472 2222 5547 apostolos
2271 5489 2400 5529 suos
2434 5471 2616 5545 generi
2667 5470 2905 5523 humano
2934 5457 3217 5531 praadicari
3251 5452 3433 5523 jussit,
3461 5450 3535 5505 le.

1952 5586 2072 5642 gem
2094 5569 2345 5625 videlicet
2368 5582 2520 5622 suam
2550 5572 2788 5618 veterem
2816 5568 2871 5614 et
2899 5570 3115 5616 novam,
3137 5566 3303 5623 quam
3333 5549 3386 5602 in
3410 5548 3533 5606 hoc,

1952 5661 2094 5732 quod
2133 5668 2334 5714 sanctm
2354 5657 2532 5712 crucis
2554 5654 2739 5724 ﬁgura:
2781 5647 3047 5717 congruit,
3074 5644 3189 5699 leve
3214 5655 3352 5697 onus
3371 5648 3541 5708 atque

1949 5753 2135 5823 jngum
2157 5764 2322 5805 suave
2347 5762 2485 5807 esse,
2514 5753 2565 5798 et
2590 5743 2655 5796 ad
2686 5738 2857 5795 crelos
2880 5734 3107 5791 ducendi
3140 5734 3390 5789 idoneum
3419 5742 3531 5785 omn

1952 5845 2110 5900 nibus
2139 5838 2483 5898 credentibus
2506 5835 2606 5890 sibi
2643 5826 3051 5889 demonstravit.
