3994 6196
455 402 573 476 .287
701 370 717 386 Ι
880 420 885 425 ’
1124 411 1184 465 Β.
1230 405 1483 463 RABANI
1519 404 1737 461 MAURI
1781 401 2032 458 ARClllE

2179 399 2452 457 lOGL’NT.
2493 396 2784 454 OPERUM
2824 396 3004 452 PARS
3044 397 3083 451 l.
3636 403 3756 457 238

1045 517 1270 574 CAPUT
1312 516 1474 572 XXII.
2077 525 2124 580 Α
2154 511 2349 566 ritibus
2375 510 2635 579 angelicis
2674 510 2729 564 in
2756 509 2876 564 luce
2904 509 3141 579 perenni,
3170 509 3479 580 perfruetur
3507 530 3517 564 :
3560 513 3763 570 latules

462 618 538 673 De
568 617 808 673 vicesima
853 611 1082 667 secunda
1132 609 1306 680 ﬁgura
1333 649 1348 673 ,
1399 608 1455 661 in
1497 623 1601 677 qua
1652 619 2050 672 monogramma
2152 602 2429 673 psallendo
2450 601 2687 667 Christo,
2718 601 2991 656 canticum
3024 600 3211 670 utique
3263 618 3461 658 novum
3514 605 3763 661 Domino

1069 681 1328 751 depictum
1353 687 1449 732 εει·
1580 733 1592 745 .
2152 694 2424 750 cantando
2455 694 2507 748 in
2535 692 2777 749 Ecclesia
2803 702 3159 760 sanctorum‘,
3206 692 3260 748 in
3286 706 3403 764 quo
3441 696 3622 752 studio
3654 712 3762 766 po-

532 798 782 854 Christus
806 795 897 864 qui
946 802 1030 848 est
1060 806 1222 846 verus
1260 790 1569 863 redemptor
1599 795 1813 849 noster,
1862 786 1914 840 in
1944 799 2052 855 quo
2154 794 2269 842 stea
2292 801 2567 855 nunquam
2594 785 2893 842 lassescere
2929 785 3122 850 nescit,
3149 785 3276 856 quia
3323 785 3405 843 sic
3432 802 3597 859 regna
3620 787 3761 843 coeli

461 901 544 943 est
567 903 726 943 omne
760 884 1086 941 desiderium
1110 890 1377 945 nostrum,
1404 880 1497 950 qui
1521 895 1617 949 per
1652 878 1881 949 gratiam
1899 892 2052 932 suam
2155 878 2355 935 habere
2379 879 2765 949 perpetualiter
2789 878 3010 949 appetit.

462 981 566 1034 hoc
589 994 725 1049 opus
751 993 837 1033 me
871 977 1049 1030 facere
1095 972 1284 1037 voluit,
1315 987 1349 1026 ο
1374 972 1580 1025 utinam
1613 970 1729 1040 ipse
1756 967 1957 1021 laboris
1993 966 2055 1020 ﬁ-
2717 990 2945 1046 CAPUT
2987 989 3174 1045 χχιιι,

460 1074 571 1133 nis,
599 1070 818 1139 ipseque
852 1066 983 1120 mihi
1014 1065 1085 1119 sit
1110 1063 1340 1133 pretium
1382 1061 1643 1116 carminis
1668 1101 1684 1125 ,
1734 1060 1822 1115 cui
1875 1059 2037 1113 omni:

2184 1082 2236 1137 )e
2257 1085 2502 1138 vicesima
2542 1083 2697 1156 tertia
2726 1083 2932 1151 ﬁgura,
2985 1082 3039 1135 iu
3084 1099 3187 1156 qua
3218 1084 3513 1138 vicenariae
3537 1094 3585 1138 et
3613 1103 3761 1156 qua-

466 1160 604 1212 lzmia
632 1159 868 1228 placent,
899 1155 1024 1224 quia
1070 1155 1186 1223 ipse
1226 1152 1469 1207 omnium
1498 1151 1723 1221 largitor
1776 1158 1862 1205 est
1891 1151 2059 1205 houo-
2468 1153 2732 1208 ternarias
2764 1169 3011 1206 numerus
3036 1151 3318 1207 adnotatas
3341 1164 3437 1208 est.

465 1265 585 1304 runt
615 1252 626 1303 !
656 1249 757 1303 llic
784 1264 914 1317 ergo
960 1248 1207 1302 hortatur
1236 1244 1468 1298 iuvitans
1493 1257 1683 1298 omnes
1714 1241 1781 1296 ad
1815 1241 2058 1297 caalestia
2232 1246 2312 1300 En
2343 1245 2541 1301 nobilis
2597 1246 2686 1301 hic
2730 1245 2895 1301 micat
2933 1244 3050 1312 ﬂos,
3100 1255 3156 1301 et
3195 1248 3308 1301 veri
3334 1249 3495 1319 regis,
3533 1250 3639 1305 hoc
3668 1260 3764 1305 est

464 1333 1283 1408 duua,spondetquelnecfacilc
1310 1333 1602 1403 impetrare
1629 1346 1807 1401 posse,
1831 1331 1875 1385 si
1910 1345 2061 1399 spre—
2159 1334 2287 1392 Jesu
2316 1335 2561 1401 Christi,
2602 1336 2821 1392 nomine
2863 1337 3063 1406 pictus,
3114 1353 3276 1408 quem
3325 1338 3492 1403 ﬁgura
3542 1352 3759 1397 sanctae

467 1433 537 1487 tis
566 1432 777 1487 cunctis
805 1430 1192 1501 cupiditatibus
1244 1426 1400 1481 istius
1442 1424 1662 1489 mundi,
1716 1439 1814 1494 per
1865 1422 2059 1487 ﬁdem,
2161 1426 2340 1480 crucis
2371 1424 2628 1481 cornibus
2675 1427 2789 1481 suis
2830 1429 3171 1497 exemplatnr
3216 1429 3337 1483 laeta
3374 1429 3516 1485 facta
3545 1431 3760 1488 Chrisu

467 1538 619 1592 spem
659 1531 714 1576 et
740 1522 1061 1576 charitatem
1102 1518 1224 1589 quis
1247 1533 1312 1573 ea
1339 1518 1497 1587 digne
1542 1516 1875 1585 quaesiverit.
1934 1514 2061 1568 llaec
2164 1517 2605 1573 demonstrando.
2658 1516 2918 1573 Senarius
2952 1534 3083 1589 ergo
3126 1535 3420 1585 numerus,
3465 1536 3624 1590 quem
3652 1537 3762 1590 per

467 1615 684 1683 quidem
714 1613 853 1668 dona
891 1612 1006 1683 ipse
1044 1612 1098 1665 in
1125 1612 1268 1665 hunc
1296 1609 1553 1663 mundum
1581 1606 1826 1672 veniens,
1856 1615 1910 1659 et
1940 1621 2060 1660 car-
2164 1607 2375 1678 singula
2412 1623 2617 1664 cornua
2650 1615 2806 1664 terno
2847 1624 3007 1664 versu
3046 1609 3363 1678 dispositum
3393 1620 3577 1666 sancta
3611 1627 3754 1666 crux

466 1704 649 1759 nalcm
675 1718 916 1759 amorem
949 1702 1127 1774 gladio
1164 1701 1266 1770 pia:
1309 1700 1668 1771 separationis
1708 1699 2061 1764 interficiens,
2166 1704 2337 1762 notat,
2366 1695 2754 1766 perfectionem
2792 1698 3061 1767 passionis
3098 1696 3303 1754 Christi
3332 1708 3634 1768 nostmaque
3669 1715 3761 1753 re-

467 1810 565 1864 per
595 1793 871 1865 Evangelii
913 1794 992 1848 sui
1026 1793 1410 1863 prmdicatores
1437 1790 1826 1853 seminaverat,
1855 1795 1911 1843 et
1951 1787 2066 1842 fru-
2168 1788 2493 1858 demptionis
2528 1789 2778 1859 designat
2815 1807 2827 1842 :
2870 1790 2996 1858 quia
3025 1790 3167 1844 sicut
3192 1789 3246 1843 in
3272 1790 3488 1844 senario
3517 1804 3759 1844 numero

467 1894 614 1939 ctum
647 1884 1052 1954 pacatissimum
1102 1883 1155 1936 in
1189 1897 1321 1953 agro
1363 1895 1463 1936 suo
1489 1880 1911 1950 conquisiverat.
1954 1878 2067 1933 Hoc
2096 1875 2142 1933 B
2172 1882 2358 1936 mundi
2390 1890 2641 1936 creatura
2668 1880 2909 1951 perfecta
2953 1881 3305 1951 signiﬁcatur,
3346 1881 3420 1935 ita
3457 1889 3512 1935 et
3533 1881 3761 1935 senario

466 1978 683 2047 quidem
712 1992 927 2045 semper
962 1976 1197 2045 optimus
1235 1975 1495 2045 magister
1540 1974 1740 2038 docuit,
1768 1980 1957 2028 vetans
1998 1987 2067 2027 ne
2170 1989 2396 2028 numero
2423 1988 2521 2043 per
2549 1973 2861 2037 Christum,
2902 1974 2994 2042 qui
3030 1974 3082 2027 in
3112 1980 3264 2028 sexta
3295 1972 3433 2028 feria
3458 1973 3760 2028 cruciﬁxus

468 2069 536 2123 ad
562 2069 666 2123 ima
702 2076 757 2123 et
776 2067 1035 2137 proclivia
1060 2082 1117 2122 se
1144 2075 1438 2131 verterent,
1470 2065 1563 2121 sed
1598 2065 1770 2133 magis
1795 2064 1861 2118 ad
1891 2064 2062 2118 ardua
2174 2072 2257 2117 est
2280 2103 2293 2125 ,
2344 2062 2534 2116 mundi
2586 2063 2858 2130 reparatio
2909 2061 3146 2131 perfecta
3206 2061 3527 2118 insinuatur.
3590 2063 3762 2119 Clara

470 2175 527 2212 se
550 2158 842 2228 erigerent,
881 2166 1043 2227 atque
1074 2155 1348 2210 intellecto
1372 2154 1665 2225 Evangelio
1692 2169 1791 2208 suo
1823 2152 2069 2207 inclitam
2171 2168 2367 2223 nempe
2397 2153 2514 2207 dies
2540 2152 2630 2206 illa
2667 2152 2788 2220 fuit,
2841 2169 2945 2223 qua
2993 2152 3253 2209 Conditor
3279 2169 3415 2224 opus
3440 2171 3596 2210 suum
3631 2172 3769 2226 per-

469 2249 730 2304 saevitiam
769 2263 979 2303 morum
1024 2247 1377 2318 deponerent,
1408 2256 1464 2301 et
1495 2247 1655 2301 mites
1706 2260 1770 2299 ac
1801 2244 2068 2299 mansueti
2172 2241 2324 2307 fecit,
2352 2258 2453 2298 nec
2473 2243 2654 2297 minus
2680 2243 2785 2298 ista
2816 2242 2962 2298 clara
2989 2252 3095 2309 est,
3118 2259 3225 2313 qua
3268 2242 3596 2314 Redemptor
3618 2260 3767 2314 opus

468 2356 591 2395 esse
612 2340 902 2405 discerent,
931 2347 1199 2408 quatenus
1248 2339 1303 2392 in
1357 2338 1597 2393 secundo
1647 2351 1745 2391 suo
1797 2336 2066 2399 adventu,
2171 2348 2329 2387 suum
2361 2333 2713 2387 restaurando
2743 2332 3121 2388 sanctiﬁcavit.
3178 2333 3329 2388 Tunc
3371 2349 3499 2405 ergo
3538 2344 3767 2389 creator

470 2448 594 2488 cum
636 2431 915 2486 advenerit
942 2430 994 2485 in
1027 2430 1197 2501 gloria
1218 2430 1398 2486 Patris
1439 2430 1548 2495 sui,
1579 2445 1703 2485 cum
1733 2428 1938 2498 angelis
1957 2428 2072 2483 suis
2171 2435 2478 2481 creaturam
2508 2442 2662 2482 suam
2686 2428 2960 2497 operando
2986 2429 3302 2499 complevit,
3333 2437 3390 2485 et
3415 2446 3557 2485 nunc
3586 2431 3764 2485 etiam

476 2526 705 2580 reddere
726 2525 1014 2594 unicuique
1027 2525 1323 2581 secundum
1347 2540 1510 2595 opera
1533 2540 1652 2591 sua,
1674 2524 1806 2578 tales
1832 2522 2073 2595 inveniat
2172 2518 2346 2588 ipsam
2372 2519 2675 2587 reparando
2713 2517 3089 2574 benedictione
3132 2519 3339 2589 coalesti
3374 2520 3616 2590 replevit.
3656 2520 3763 2576 De-

469 2616 665 2686 quibus
690 2625 908 2686 propter
943 2616 1136 2670 merita
1167 2616 1307 2670 bona
1358 2623 1564 2670 aeterna
1612 2613 1803 2669 reddat
1829 2620 1885 2669 et
1931 2626 2072 2682 prze-
2172 2609 2336 2679 nique
2382 2609 2451 2664 ad
2488 2609 2873 2664 insinuaudum
2912 2611 3232 2681 mysterium
3277 2609 3475 2665 factum
3498 2618 3583 2666 est
3610 2612 3766 2681 quod

470 2712 600 2766 mia.
631 2711 737 2766 Iste
765 2711 980 2781 quidem
1018 2725 1298 2775 numerus,
1327 2724 1488 2779 quem
1540 2707 1822 2764 in-litteris
1863 2706 2070 2763 Graecis
2173 2699 2423 2754 senarius
2463 2699 2514 2753 in
2559 2708 2795 2769 quatuor
2848 2701 3104 2756 cornibus
3143 2701 3321 2757 crucis
3366 2702 3612 2772 positus.
3656 2718 3763 2773 per

470 2809 575 2861 hoc
601 2822 1011 2878 monogramma
1042 2806 1259 2877 ﬁgurat,
1289 2806 1500 2861 Domini
1534 2804 1829 2861 Salvatoris
1856 2815 2047 2861 utrum

2186 2792 2406 2861 1'uatuor
2428 2791 2612 2862 plagas
2638 2793 2821 2847 mundi
2844 2792 3032 2859 tendit,
3060 2808 3240 2848 rerum
3261 2794 3645 2864 perfectionem
3666 2797 3763 2853 de-

468 2911 576 2965 que
605 2895 873 2965 signiﬁcat
899 2895 1208 2961 adventum,
1226 2897 1328 2951 hoc
1348 2904 1450 2961 est,
1468 2896 1632 2958 illum,
1650 2896 1864 2965 quando
1879 2896 2071 2951 huma-
2170 2894 2501 2953 lmnslt‘anS.
2541 2887 2667 2956 quia
2710 2888 2825 2957 ipse
2850 2903 3109 2943 numerus
3126 2888 3334 2958 primus
3353 2889 3624 2959 perfectus
3648 2900 3760 2955 est.

471 2996 634 3043 natus
674 2990 973 3059 principem
1001 2990 1168 3058 hujus
1218 2991 1405 3045 mundi
1443 2991 1589 3046 foras
1618 2991 1798 3060 ejeeit,
1831 3000 1951 3063 post
1976 2992 2073 3047 ba-
2173 2980 2395 3049 ipseque
2437 2979 2579 3034 diem
2624 2978 2964 3034 artiﬁcialem
3012 2980 3279 3046 dimidiat,
3329 2989 3385 3036 et
3427 2981 3512 3036 bis
3548 2982 3767 3052 positus

471 3079 672 3149 ptisma
703 3080 910 3135 scilicet
945 3096 1100 3135 suum
1121 3122 1136 3146 ,
1186 3081 1490 3149 praedicans
1518 3081 1867 3153 Evangelium
1897 3084 2045 3154 regni

2185 3072 2438 3141 complet;
2463 3072 2579 3141 ipse
2613 3071 2776 3127 unius
2805 3073 3011 3127 mensis
3032 3080 3115 3127 est
3143 3088 3272 3142 pars
3298 3082 3449 3128 sexta
3466 3115 3481 3137 ,
3508 3083 3567 3128 et
3592 3074 3762 3129 totius

472 3176 528 3223 et
563 3184 761 3224 sanans
789 3185 1006 3226 omnem
1036 3171 1348 3242 languorem
1377 3182 1433 3228 et
1450 3188 1664 3228 omnem
1696 3174 2068 3231 inﬁrmitatem
2106 3233 2140 3242 Α
2175 3165 2305 3219 anni
2347 3164 2719 3235 sexagesima;
2750 3164 2864 3235 ipse
2902 3164 3255 3234 quadrantem
3294 3164 3624 3220 bissexlilem
3664 3180 3767 3218 nu-

474 3260 532 3313 in
566 3259 796 3330 populo;
827 3269 881 3315 et
905 3261 1077 3327 illum,
1100 3233 1315 3332 quando
1335 3264 1474 3320 idem
1498 3263 1679 3333 justus
1721 3264 1887 3334 judex
1910 3267 2051 3322 homt

2180 3264 2376 3322 merat,
2401 3264 2601 3311 etcum
2629 3255 2868 3325 quinque
2897 3255 3086 3310 diebus
3104 3254 3429 3324 superfluum
3454 3255 3757 3310 coadunat:

477 3349 727 3405 Christus
750 3349 928 3418 Jesus,
961 3351 1029 3407 de
1058 3353 1194 3408 solio
1227 3354 1319 3409 Dei
1350 3354 1531 3410 Patris
1577 3356 1631 3410 in
1668 3355 1822 3425 jussu
1847 3365 1904 3413 et
1939 3373 2054 3413 γορ(

2189 3347 2391 3402 )rdinat
2435 3354 2624 3401 :etates
2659 3346 2867 3412 mundi,
2918 3355 2973 3400 et
3024 3353 3322 3415 temporum
3360 3361 3580 3401 cursum
3606 3346 3766 3402 ﬁniet

475 3442 809 3512 archangeli,
841 3450 898 3497 et
923 3444 977 3497 in
1016 3444 1144 3499 tuba
1182 3444 1278 3500 Dei
1312 3445 1608 3511 descendit,
1650 3456 1704 3502 et
1732 3448 1952 3512 monui,
1980 3450 2071 3519 qui
2174 3439 2390 3508 quando
2412 3437 2528 3493 Rex
2556 3453 2745 3508 regum
2780 3438 2962 3493 veniet
2994 3439 3197 3493 sanctis
3230 3437 3344 3493 suis
3371 3432 3578 3507 placido
3606 3438 3765 3492 vultu

475 3532 531 3585 in
565 3530 783 3587 Christo
825 3542 986 3599 sunt,
1031 3543 1314 3606 resurgent
1362 3536 1429 3590 ad
1478 3535 1735 3606 gloriam,
1775 3538 2070 3592 secundum
2173 3541 2392 3603 peccata
2421 3532 2694 3587 dimittere
2731 3541 2787 3587 et
2822 3547 2988 3603 regna
3031 3531 3272 3586 ctelestia
3312 3531 3542 3585 tradere.
3594 3530 3762 3599 Ergo,

477 3624 811 3693 prteconium
836 3626 1009 3680 sancti
1035 3626 1311 3697 Evangelii
1341 3635 1396 3681 et
1441 3643 1605 3683 voces
1648 3630 2036 3698 prophetarum
2054 3671 2069 3695 ,
2174 3626 2316 3681 bone
2342 3640 2436 3680 rex
2463 3624 2679 3680 Christe
2707 3624 2855 3691 Jesu,
2886 3634 2942 3679 tu
2972 3626 3110 3680 bene
3135 3624 3241 3680 scis
3269 3622 3484 3678 famulis
3510 3624 3618 3677 tuis
3637 3639 3766 3678 cer-

475 3725 600 3784 quze
629 3721 899 3769 testantur
934 3725 1148 3771 sanctos
1200 3717 1294 3771 Dei
1332 3717 1545 3773 visuros
1587 3719 1730 3775 bona
1758 3720 1972 3774 Domini
2017 3721 2072 3775 in
2177 3726 2229 3772 ta
2255 3719 2475 3787 praemia
2511 3719 2662 3784 dare,
2691 3734 2827 3788 quos
2853 3733 2919 3773 ex
2942 3717 3088 3773 omni
3125 3719 3325 3773 mundo
3360 3734 3489 3774 vera
3516 3715 3637 3771 ﬁdei
3666 3717 3765 3772 lux

475 3812 625 3860 terra
649 3806 967 3874 viventium,
996 3809 1213 3879 quando
1251 3810 1470 3865 venient
1497 3818 1553 3865 et
1581 3811 1915 3880 apparebunt
1947 3820 2072 3867 ante
2176 3810 2502 3875 illuminans,
2534 3818 2590 3866 et
2617 3811 2773 3865 vivus
2812 3810 3091 3880 sapientiae
3125 3810 3355 3864 haustus
3385 3810 3636 3879 irrigans,
3672 3810 3767 3862 dc-

477 3898 675 3953 faciem
718 3899 834 3954 Dei.
866 3899 968 3967 Qui
992 3915 1126 3971 ergo
1152 3901 1279 3956 boni
1310 3901 1490 3956 meriti
1518 3910 1665 3967 sunt,
1692 3910 1821 3957 tunc
1850 3913 2071 3974 accepta
2175 3916 2270 3955 cor
2290 3900 2572 3955 charitatis
2606 3908 2661 3954 et
2702 3898 2929 3968 iustitiae
2978 3915 3142 3970 opera
3179 3901 3282 3955 rite
3316 3909 3572 3955 ornantes
3605 3899 3676 3953 ad
3710 3908 3764 3953 te

480 3988 684 4043 talenta
707 4003 832 4044 cum
861 3989 1013 4045 lucro
1038 3999 1318 4062 reportant
1340 3991 1407 4047 ad
1429 3992 1732 4057 Dominum,
1755 3994 1901 4049 etab
1923 3995 2072 4049 omni
2175 3992 2558 4069 perduxerant.
2599 3992 2842 4062 Denique
2868 3992 3158 4061 praedictus
3180 4006 3438 4045 innuerus
3459 3990 3605 4045 circa
3632 4005 3762 4043 cru-

477 4077 601 4133 labe
626 4088 974 4147 peccatorum
1004 4082 1246 4136 mandati
1276 4082 1549 4155 (laverunt
1567 4083 1714 4138 enim
1740 4084 1905 4141 stolas
1946 4100 2073 4140 suas
2175 4100 2294 4139 cem
2318 4085 2524 4153 positus
2570 4084 2775 4139 indicat
2810 4100 3133 4139 concursum
3178 4084 3412 4155 plebium
3453 4099 3485 4137 a
3522 4090 3761 4151 quatuor

477 4174 533 4222 et
556 4168 816 4225 candidas
839 4185 931 4226 eas
961 4170 1208 4227 fecerunt
1236 4173 1291 4227 in
1336 4173 1600 4244 sanguine
1624 4173 1784 4246 Agni)
1813 4175 1960 4230 illum
1990 4190 2075 4230 se-
2175 4175 2347 4247 plagis
2368 4175 2553 4229 mundi
2573 4175 2638 4229 ad
2654 4173 3068 4244 Redemptorcm
3090 4189 3265 4238 suum,
3281 4173 3399 4242 ejus
3420 4172 3760 4227 divinitatem

478 4258 568 4326 qui
600 4270 1037 4329 promeruerunt,
1070 4264 1368 4318 cantabunt
1399 4263 1511 4319 Deo
1543 4266 1811 4320 canticum
1838 4280 2070 4333 novum,
2175 4282 2274 4336 pro
2306 4275 2509 4321 aeterna
2535 4266 2708 4321 salute
2737 4266 3171 4334 deprecantium,
3204 4273 3264 4319 ut
3292 4265 3460 4334 ipsius
3488 4264 3762 4333 magnitu-

476 4347 706 4402 Alleluia
727 4350 974 4406 videlicet
994 4353 1294 4424 angelicum
1316 4369 1573 4419 carmen,
1599 4354 1685 4409 die
1720 4364 1990 4426 noctuque
2020 4356 2072 4410 in
2177 4357 2356 4412 dinem
2383 4371 2450 4411 ex
2475 4356 2717 4427 perfecto
2746 4354 3024 4429 Evangelii
3058 4358 3307 4428 dogmate
3336 4354 3492 4409 avide
3521 4355 3756 4418 discant,

480 4440 687 4509 templo
710 4452 897 4497 sancto
921 4443 1069 4512 ejus,
1107 4461 1206 4500 nec
1246 4446 1353 4499 erit
1398 4447 1471 4501 ibi
1510 4445 1687 4501 luctus
1736 4462 1911 4516 neque
1936 4447 2074 4504 nllus
2176 4456 2231 4504 et
2265 4448 2557 4519 perfectam
2590 4448 2748 4503 ﬁdem
2775 4448 3029 4518 perfectis
3058 4448 3311 4518 operibus
3336 4446 3584 4517 probent.
3629 4444 3763 4499 Om-

483 4527 656 4593 dolor,
688 4531 812 4599 quia
843 4534 1020 4600 prima
1056 4534 1345 4600 abierunt,
1393 4536 1686 4605 omniaque
1737 4536 1878 4593 facta
1912 4549 2074 4595 erunt
2100 4591 2149 4612 ἢ
2178 4542 2266 4596 nia
2312 4542 2528 4611 quidem
2565 4557 2729 4611 opera
2760 4541 2854 4596 Dei
2882 4541 3120 4612 perfecta
3146 4540 3445 4611 perfectum
3473 4538 3760 4591 insinuant

643 4591 651 4593 ρ
705 4591 720 4599 -
845 4591 860 4600 .
1332 4591 1344 4600 ,
1598 4591 1614 4605 ,
1869 4591 1877 4593 -
2178 4591 2266 4596 ,η-
2317 4591 2528 4611 -ι,------
2570 4591 2729 4611 -r___
2761 4591 3388 4612 ---τμηνηηηηηκ

480 4633 640 4675 nova.
678 4620 845 4691 Igitur
885 4639 1106 4680 necesse
1154 4635 1238 4680 est
1266 4635 1325 4679 ut
1350 4625 1519 4681 Deum
1567 4633 1624 4681 et
1664 4626 1948 4684 Dominum
1978 4591 2151 4686 no-D
2177 4644 2504 4701 creatorem,
2535 4636 2863 4705 proprioque
2901 4635 3094 4690 decore
3119 4633 3234 4702 ejus
3266 4633 3514 4687 decorem
3558 4629 3763 4682 intesti-

480 4719 654 4768 strum
681 4713 787 4770 ﬁde
823 4715 1003 4786 plena,
1024 4733 1145 4787 quae
1164 4719 1350 4789 utique
1377 4733 1476 4789 per
1504 4719 1849 4777 dilectionem
1882 4739 2073 4793 opera-
2176 4725 2429 4779 mahilem
2455 4733 2741 4780 testantur.
2785 4724 3047 4781 Universa
3090 4739 3211 4795 qua:
3259 4722 3313 4776 in
3350 4720 3502 4777 cadis
3523 4727 3671 4781 sunt,
3702 4727 3761 4773 et

483 4811 596 4869 tur,
616 4805 836 4875 placare
863 4811 1195 4877 Studeamus,
1224 4822 1495 4881 quatenus
1522 4813 1637 4883 ipse
1682 4824 1811 4872 tunc
1858 4818 2074 4887 adjutor
2176 4830 2297 4884 quae
2325 4816 2379 4869 in
2408 4823 2576 4880 terra,
2599 4823 2654 4870 et
2686 4830 2809 4883 quae
2848 4815 2903 4869 in
2939 4814 3099 4880 mari,
3127 4814 3388 4883 Optimum
3420 4809 3641 4865 laudant
3668 4824 3758 4862 ar-

481 4903 539 4949 et
577 4896 816 4954 salvator
857 4910 1043 4956 noster
1085 4903 1200 4958 ﬁeri
1230 4904 1503 4975 dignetur,
1536 4906 1752 4975 quando
1776 4911 2071 4966 secundum
2177 4907 2376 4961 tiﬁccm
2400 4924 2412 4961 :
2440 4915 2497 4960 at
2526 4921 2627 4961 nos
2646 4907 2895 4961 homines
2916 4947 2931 4973 ,
2972 4906 3065 4975 qui
3100 4903 3431 4973 aliquautula
3453 4916 3579 4971 pars
3603 4914 3759 4954 crea-

481 4982 795 5055 Scripturas
821 4989 886 5043 ad
916 4988 1181 5058 judicium
1228 4993 1467 5059 venerit,
1520 4994 1768 5066 ignisque
1793 5007 1921 5055 ante
1945 5016 2071 5056 eum
2177 5008 2313 5054 tura:
2347 4996 2465 5066 ejus
2509 5013 2698 5053 sumus
2721 5038 2739 5062 ,
2780 4997 2908 5052 licet
2935 5012 3040 5051 non
3070 4994 3424 5064 condignam,
3458 4999 3633 5044 tamen
3663 4989 3760 5043 de-

479 5078 713 5148 pmibit,
744 5087 799 5136 et
823 5080 1179 5139 inﬁammabit
1203 5085 1258 5140 in
1285 5086 1515 5141 circuitu
1542 5086 1794 5145 inimicos
1840 5090 1983 5161 ejus,
2015 5102 2072 5149 et
2174 5097 2357 5144 votam
2381 5095 2662 5143 cantemus
2691 5087 2917 5159 gloriam
2965 5085 3169 5141 nomini
3194 5082 3310 5152 ejus
3331 5122 3346 5147 ,
3389 5090 3444 5136 et
3472 5080 3674 5151 gratias
3707 5080 3759 5133 ei

482 5170 701 5227 venient
729 5173 963 5229 ministri
987 5173 1125 5244 ejus,
1157 5184 1214 5232 et
1249 5178 1502 5250 colligent
1531 5181 1596 5236 de
1626 5198 1794 5255 regno
1812 5181 1928 5251 ejus
1951 5199 2070 5239 om-
2176 5193 2399 5249 agamus
2425 5192 2527 5247 pro
2556 5177 2927 5247 redemptione
2968 5184 3152 5231 nostra
3176 5215 3189 5236 ,
3233 5172 3361 5243 quia
3405 5170 3494 5225 ille
3532 5168 3622 5239 qui
3654 5184 3758 5224 nos

485 5263 577 5319 uia
606 5266 883 5332 scandala,
905 5276 961 5322 et
989 5267 1285 5339 alligabunt
1304 5270 1512 5327 zizania
1540 5273 1808 5331 fasciculis
1836 5276 1903 5330 ad
1926 5292 2074 5332 com-
2178 5270 2306 5324 fecit
2335 5278 2390 5324 et
2417 5268 2826 5338 multiplicavit,
2872 5268 2987 5337 ipse
3027 5281 3126 5321 nos
3151 5264 3370 5336 proprio
3399 5261 3660 5332 sanguine
3689 5261 3760 5313 de

481 5352 806 5423 burendum,
838 5358 1074 5414 triticum
1102 5370 1281 5417 autem
1307 5365 1710 5436 congregahunt
1738 5367 1792 5420 in
1818 5367 2072 5422 horreum
2177 5361 2382 5416 inimici
2412 5368 2680 5430 potestate
2706 5360 2997 5415 liberavit:
3023 5360 3099 5414 sic
3122 5372 3335 5428 quoque
3354 5356 3407 5411 in
3431 5355 3533 5410 hoc
3553 5353 3756 5408 celebri

483 5445 697 5500 Domini
728 5449 830 5503 sui.
855 5449 900 5505 Ο
920 5451 1145 5508 nimium
1176 5454 1303 5509 felix
1324 5455 1631 5518 anima,cui
1657 5457 1784 5513 licet
1804 5473 1927 5512 cum
1956 5474 2071 5513 cor-
2174 5453 2421 5507 carmine
2445 5451 2564 5520 ejus
2599 5466 2863 5516 amorem,
2892 5466 3052 5521 quem
3077 5451 3130 5505 in
3158 5450 3315 5503 nobis
3344 5450 3458 5518 ipse
3495 5443 3753 5508 ostendit,

481 5547 616 5602 pore
639 5536 1034 5608 incorruptibili
1068 5543 1271 5598 intrare
1307 5544 1502 5613 januas
1549 5546 1706 5608 etcli,
1768 5556 1824 5601 et
1859 5549 2072 5603 mundis
2175 5546 2549 5614 przedicemus,
2590 5546 2717 5615 quia
2742 5545 2885 5600 hunc
2914 5542 3275 5599 inaestimabili
3297 5542 3502 5611 pietate
3527 5552 3758 5607 operan-

481 5623 657 5677 oculis
697 5628 874 5683 cordis
901 5639 1174 5686 auctorem
1201 5637 1516 5703 conspicere
1540 5636 1702 5691 lucis!
1735 5636 1900 5705 Cujus
1926 5640 2070 5694 desi-
2175 5636 2244 5690 do
2266 5636 2659 5691 demonstravit
2686 5676 2700 5699 ,
2740 5635 3072 5691 defcnsaudo
3119 5632 3446 5697 insinuavit,
3477 5628 3759 5684 suadendo

483 5709 698 5764 tlerium
739 5715 840 5768 rite
890 5726 1015 5773 tunc
1051 5722 1357 5789 iniplebitur
1386 5726 1602 5793 quando
1630 5741 1695 5780 ex
1725 5731 1873 5783 onmi
1917 5738 2070 5799 parte
2173 5742 2388 5795 quoque
2407 5736 2461 5780 et
2479 5727 2577 5782 sibi
2613 5727 2867 5796 placitum
2901 5742 3023 5783 esse
3056 5725 3387 5783 ostendendo
3422 5739 3518 5779 nos
3552 5722 3758 5778 habere

485 5800 725 5871 perfecta
751 5805 1005 5871 manebit,
1033 5817 1087 5861 et
1133 5818 1333 5865 aeterno
1362 5813 1556 5878 gaudio
1581 5829 1702 5869 cum
1729 5817 1931 5872 sanctis
1961 5818 2069 5884 spi-
2169 5819 2442 5887 pt‘ft't‘t‘vih
