4002 6204
218 194 321 249 289

782 298 1006 355 CAPUT
1059 294 1247 351 XXIV.

222 395 297 451 De
329 394 576 450 vicesima
603 400 798 462 quarta
830 389 1028 462 specie,
1077 386 1166 441 ubi
1194 385 1553 462 centenarias,
1583 380 1811 462 quadra-

325 463 577 536 genariae
606 455 653 516 ἐι
672 455 1050 532 quaternarius
1072 471 1321 511 numerus
1343 455 1579 524 signatus
1605 461 1705 506 est.

290 575 335 632 Ο
356 574 516 645 plebs
543 573 742 629 dilecta
785 572 917 634 Deo,
946 570 1321 625 sanctissimus
1350 568 1483 623 ordo
1520 565 1812 637 virginum,

214 664 531 722 benedicite
560 662 796 717 Domino
846 659 1087 723 Christo,
1130 666 1415 714 cantantes
1457 657 1509 713 ei
1538 655 1814 712 canticum

218 770 451 820 novum,
482 753 632 824 quod
658 751 872 807 caeteris
895 749 1148 806 omnibus
1176 758 1260 806 est
1289 746 1568 803 imitabile.
1594 747 1815 803 Psallite

221 850 390 904 decus
424 845 616 916 gloriae
650 842 976 899 immortalis
1020 849 1145 896 ante
1180 839 1364 896 sedem
1399 838 1690 893 Altithroni
1715 878 1730 902 ,
1760 844 1817 891 et

220 947 350 991 ante
369 942 611 1004 quatuor
627 932 902 997 animalia,
927 947 1047 1000 qua:
1076 931 1303 986 diversis
1323 928 1562 984 vultibus
1584 927 1814 982 formata

221 1032 392 1089 sunt,
442 1031 499 1075 et
544 1031 672 1076 ante
713 1021 905 1091 viginti
943 1026 1178 1090 quatuor
1204 1018 1450 1073 seniores
1479 1017 1728 1073 sedentes
1760 1016 1814 1071 in

221 1116 415 1187 viginti
457 1122 692 1184 quatuor
738 1113 1020 1168 sedilibus.
1078 1110 1189 1166 Vos
1225 1110 1359 1165 estis
1387 1110 1586 1179 sumpti
1615 1108 1682 1162 ab
1717 1108 1816 1163 ho-

222 1209 466 1263 minibus
486 1246 503 1271 ,
538 1203 795 1275 primitiae
824 1203 934 1257 Deo
963 1213 1019 1256 et
1042 1201 1218 1272 Agno,
1248 1199 1595 1270 pulchraeque
1621 1198 1817 1251 cohor-

222 1306 329 1361 tes,
366 1295 651 1366 sanguinis
693 1292 837 1349 illius
884 1291 1062 1362 pretio
1101 1298 1451 1361 comparatae,
1497 1289 1552 1343 in
1580 1288 1697 1359 ejus
1725 1303 1817 1342 ca-

222 1390 355 1442 stris
418 1384 740 1448 consistitis,
797 1398 861 1438 ac
915 1382 1263 1454 dignissimas
1314 1381 1502 1436 laudes
1554 1378 1814 1449 triumphi

222 1476 557 1531 nobilissimi
591 1474 842 1530 cantatis.
889 1473 1079 1528 Vestra
1125 1487 1318 1528 manus
1356 1471 1583 1527 citharis
1626 1470 1815 1526 modu-

222 1568 368 1631 lans,
415 1566 624 1620 vultum
666 1564 763 1619 Dei
809 1578 1062 1618 serenum
1087 1577 1152 1617 ac
1178 1560 1494 1632 placabilem
1532 1559 1817 1627 terrigenis

1229 183 1314 238 DE
1354 176 1702 237 LAUDIBUS
1742 175 1800 231 S.
1843 175 2115 233 CRUCIS.
2156 208 2227 218 —
2266 177 2393 233 LIB.
2433 174 2496 231 ll.

3390 170 3495 226 9.90

1838 291 1891 351 Α
1917 289 2052 345 dens
2081 289 2347 361 dignitate
2383 288 2744 359 quantitatem
2772 285 2970 342 virium
2996 293 3302 341 nostrarum
3334 289 3499 358 largi-

1916 381 2125 437 tionem
2145 395 2362 450 quoque
2407 394 2692 434 munerum
2724 387 3033 433 nostrorum
3058 376 3348 445 superasti.
3385 375 3499 433 Nec

1914 472 2140 536 mirum,
2169 488 2294 528 cum
2320 471 2486 526 etiam
2510 471 2754 526 caelestia
2777 468 2938 524 simul
2980 476 3039 523 et
3063 468 3344 524 terrestria
3367 483 3500 523 cun-

1916 573 2003 622 cta
2039 581 2298 635 superas,
2346 578 2447 620 nec
2490 565 2623 620 satis
2646 563 2791 618 valet
2821 563 2961 617 ullus
2995 561 3262 632 majestati
3292 568 3396 615 tua;
3421 559 3500 614 fa-

1914 672 2043 712 cere
2080 664 2174 711 aut
2222 656 2388 711 verba
2430 654 2699 726 condigna
2748 652 2942 707 honori
2981 660 3074 707 tuo
3111 658 3317 721 aptare.
3355 649 3503 718 Qua-

1914 758 2134 821 propter
2160 748 2363 803 tentavi
2390 762 2456 802 ex
2479 746 2794 801 coelestibus
2820 745 2939 800 odis
2966 744 3212 814 quzedam
3238 743 3401 798 verba
3433 740 3502 795 ad

1917 841 2242 897 laudandum
2272 849 2324 895 te
2365 854 2599 904 sumere,
2652 853 2772 907 qum
2810 837 2973 891 etiam
3004 834 3202 906 speciei
3235 842 3344 889 tua:
3366 833 3505 904 figu-

1916 949 2098 1003 raeque
2124 931 2512 987 convenirent:
2551 930 2789 999 disposui
2812 928 3003 983 eadem
3028 928 3191 983 verba
3217 927 3271 980 in
3306 925 3503 995 pagina

1915 1039 2167 1079 versuum
2207 1037 2315 1077 non
2356 1022 2745 1085 continuatim,
2793 1019 2883 1075 sed
2916 1021 3186 1089 disperse,
3218 1025 3275 1074 et
3301 1017 3504 1072 inserui

1918 1115 2188 1186 angelicos
2235 1122 2432 1169 cantus
2456 1153 2471 1178 ,
2512 1113 2686 1167 Amen
2733 1111 2983 1166 videlicet
3019 1111 3072 1164 in
3112 1109 3293 1163 medio
3327 1107 3506 1162 crucis

1917 1206 2210 1269 collocans,
2233 1213 2291 1259 et
2321 1220 2444 1260 cum
2472 1203 2699 1257 Alleluia
2726 1217 2931 1257 cornua
2960 1201 3102 1256 illius
3128 1200 3422 1271 complens,
3448 1207 3507 1251 ut

1918 1298 1997 1352 sic
2025 1312 2240 1367 quoque
2292 1296 2434 1350 hanc
2477 1310 2688 1350 sacram
2730 1293 2959 1364 effigiem
3008 1293 3216 1349 cmlesti
3261 1291 3506 1347 carmine

1918 1387 2219 1458 signarem,
2258 1394 2314 1440 et
2348 1386 2665 1456 mysterium
2702 1400 2804 1454 per
2830 1386 2933 1439 hoc
2964 1384 3315 1439 insinuarem.
3367 1382 3505 1437 Nam

1920 1478 2107 1534 fideles
2135 1478 2336 1548 quique
2364 1485 2419 1532 et
2439 1476 2569 1546 justi
2593 1475 2778 1530 famuli
2812 1474 2908 1529 Dei
2936 1474 3120 1528 mundi
3143 1482 3357 1543 sceptra
3379 1473 3508 1528 hinc

1921 1572 2295 1641 triumphant,
2345 1578 2400 1625 et
2426 1584 2707 1623 munerum
2748 1568 2894 1622 illius
2941 1568 3193 1621 decorem
3220 1576 3504 1636 spernunt,

223 1658 444 1720 reddet,
473 1670 596 1711 cum
626 1653 862 1709 clamore
887 1652 1063 1708 valido
1092 1652 1230 1707 atria
1253 1652 1446 1707 domus
1480 1650 1696 1705 Domini
1733 1665 1817 1703 re-
1845 1654 1892 1714 Β
1921 1667 2025 1720 hoc
2056 1664 2235 1733 palam
2266 1662 2657 1732 pmdicamcs‘,
2696 1662 2839 1730 quod
2873 1675 2967 1730 spe
2996 1669 3321 1715 {memorum
3346 1659 3511 1733 argm-

220 1748 405 1818 plens,
435 1754 693 1815 t.:nquam
725 1759 830 1800 vox
871 1743 1094 1797 tonitrui
1129 1742 1309 1814 magni
1335 1749 1486 1796 tonat
1510 1742 1565 1796 in
1591 1742 1814 1806 aethere,

225 1847 281 1892 et
310 1839 457 1891 sicut
493 1851 601 1890 vox
647 1843 934 1904 concrepat
962 1849 1224 1904 aquarum
1262 1833 1556 1888 multarum
1586 1833 1641 1887 in
1671 1831 1822 1886 valli-

223 1929 349 1987 bus.
408 1926 468 1981 In
512 1941 610 1981 ore
651 1942 866 1996 quoque
905 1934 1087 1982 vestro
1120 1941 1225 1981 non
1263 1933 1348 1981 est
1370 1925 1709 1981 mendacium
1740 1924 1823 1981 in-

222 2028 450 2074 ventum
478 2033 655 2087 neque
679 2019 733 2072 in
756 2018 918 2073 corde
941 2017 1117 2081 dolus,
1141 2018 1235 2073 sed
1260 2018 1348 2089 pia
1375 2016 1616 2072 carmina
1638 2026 1823 2086 aptan-

226 2123 333 2176 tes,
382 2109 582 2179 dignas
615 2108 803 2163 laudes
858 2117 984 2163 ante
1019 2109 1273 2163 thronum
1312 2107 1408 2163 Dei
1445 2107 1529 2162 die
1552 2116 1823 2177 noctuque

227 2202 548 2265 wncinitis,
590 2216 690 2271 per
730 2200 930 2255 indicia
970 2200 1299 2272 virginitatis
1343 2208 1507 2270 atque
1554 2198 1824 2254 castitatis

229 2295 487 2364 corporis
511 2302 677 2362 atque
710 2293 905 2346 animae
930 2333 945 2357 ,
985 2308 1104 2362 quae
1141 2293 1194 2347 in
1224 2293 1378 2348 vobis
1404 2307 1499 2347 rex
1529 2300 1710 2347 vester
1735 2307 1825 2347 su-

228 2401 326 2457 per
354 2385 548 2440 omnia
600 2384 793 2454 diligit.
834 2382 969 2437 Nam
1014 2383 1154 2437 hanc
1189 2384 1425 2438 animam
1462 2383 1616 2438 vobis
1645 2382 1825 2438 nullus

232 2476 367 2531 alius
388 2475 568 2541 dedit,
598 2490 762 2545 quam
787 2474 981 2529 ductor
1007 2481 1063 2529 et
1097 2473 1349 2529 conditor
1386 2482 1592 2538 vester,
1624 2482 1685 2528 ut
1708 2472 1826 2528 sine

230 2569 335 2624 ulla
366 2566 803 2639 reprehensione
830 2566 1072 2620 viventes
1099 2564 1155 2619 in
1181 2566 1364 2630 terris,
1406 2574 1664 2619 aeternam
1699 2563 1825 2619 inde

233 2657 737 2713 remunerationem
788 2655 1130 2724 postmodum
1192 2654 1513 2725 acciperetis
1559 2655 1613 2708 in
1648 2655 1820 2709 coelis.

235 2750 584 2821 Quapropter
637 2749 1054 2819 probatissimus
1100 2756 1156 2802 et
1205 2746 1637 2818 perfectissimus
1687 2746 1825 2801 ordo

231 2842 532 2913 virginum,
556 2842 651 2910 qui
686 2840 904 2894 diverso
931 2855 1063 2895 sexu
1111 2848 1165 2894 et
1203 2840 1257 2894 in
1306 2838 1553 2893 dissimili
1579 2846 1738 2893 :etate
1768 2838 1824 2893 in

231 2933 433 2990 mundo
472 2932 757 2988 cmlestem
803 2932 1271 2993 conversationem
1318 2933 1548 3001 agebas,
1578 2932 1647 2986 ab
1674 2931 1819 2986 omni

1921 1753 2045 1808 ﬁdei
2096 1769 2193 1823 per
2242 1768 2307 1807 os
2345 1752 2640 1807 electorum
2694 1766 2963 1806 resonans
3000 1750 3222 1821 praemia
3267 1726 3510 1804 cmle‘stia

1920 1844 2034 1898 suis
2065 1844 2410 1898 consortibus
2435 1850 2732 1913 praeparet,
2783 1850 2833 1896 et
2867 1841 3149 1911 antiquum
3180 1842 3389 1896 hostem
3415 1856 3512 1895 au-

1920 1934 2095 2005 fuget,
2125 1936 2216 2004 qui
2244 1935 2481 2004 primum
2507 1935 2745 1989 humano
2775 1934 2960 2004 generi
2988 1933 3339 1989 saevissimam
3370 1933 3513 1986 intu-

1922 2024 1985 2079 lit
2028 2033 2259 2080 mortem
2285 2066 2300 2091 ,
2346 2034 2403 2080 et
2456 2041 2487 2080 a
2534 2024 2880 2096 prowplastis
2921 2023 3238 2094 parentibus
3285 2023 3509 2089 nostris,

1922 2126 2090 2173 totam
2133 2118 2451 2187 progeniem
2496 2131 2666 2186 usque
2691 2117 2744 2170 in
2772 2117 3065 2171 adventum
3091 2114 3292 2171 Christi
3329 2115 3395 2170 ad
3427 2115 3511 2169 in-

1922 2208 2062 2265 ferni
2089 2209 2207 2264 loca
2230 2210 2562 2264 detraxerat.
2603 2208 2673 2262 At
2697 2224 2818 2274 nos,
2847 2224 2983 2278 quos
3004 2207 3331 2264 desiderium
3352 2215 3512 2261 teter-

1923 2318 2116 2358 norum
2147 2302 2215 2357 ad
2248 2300 2419 2356 ccelos
2458 2300 2639 2354 animo
2682 2298 2893 2365 elevat,
2937 2313 3377 2369 prmoccupemus
3420 2297 3508 2351 fa.

1924 2395 2063 2449 ciem
2092 2379 2307 2447 Dominl
2337 2390 2391 2445 in
2420 2389 2784 2454 confessione,
2814 2397 2867 2444 et
2896 2389 2951 2443 in
2978 2387 3203 2460 psalmis
3234 2387 3337 2442 rite
3358 2386 3509 2455 jubi-

1924 2489 2121 2550 iantes,
2157 2485 2384 2554 gratiam
2427 2484 2483 2538 in
2533 2491 2826 2552 conspectu
2855 2481 2972 2551 ejus
3014 2482 3258 2537 invenire
3293 2481 3511 2536 studea-

1924 2595 2046 2634 mus
2071 2597 2084 2631 :
2118 2577 2297 2631 taliter
2322 2570 2376 2629 in
2405 2575 2654 2629 laudibus
2675 2574 2846 2644 ipsius
2868 2573 3231 2636 exsultantes,
3274 2571 3512 2642 qualiter

1919 2666 2145 2736 iustitiae
2172 2666 2416 2735 exposcit
2438 2665 2593 2727 ordo,
2619 2675 2675 2719 et
2698 2672 3010 2718 sanctorum
3035 2663 3249 2733 agmina
3280 2661 3331 2715 in
3356 2659 3511 2717 crnlis

1924 2757 2311 2830 perpetualiter
2354 2756 2756 2811 concelebrant.
2818 2754 2931 2810 Hoc
2972 2763 3102 2810 tunc
3143 2754 3246 2808 rite
3289 2751 3418 2818 fiet,
3463 2752 3511 2807 si

1924 2852 2150 2921 implere
2192 2849 2634 2906 contenderimus
2672 2856 2941 2917 prtecepta
2968 2847 3261 2911 Tonantis,
3307 2855 3363 2900 et
3401 2860 3511 2900 nou

1927 2944 2100 3000 solum
2128 2942 2329 3012 lingua,
2366 2940 2460 2996 sed
2486 2940 2649 2996 etiam
2674 2940 2910 3010 cogitatu
2941 2947 3102 3009 atque
3134 2953 3295 3009 opere
3325 2936 3511 2992 laudes

233 3022 622 3080 fornicationis
676 3023 1086 3093 inquinamento
1144 3022 1351 3079 alienus
1386 3064 1402 3088 ,
1452 3031 1507 3078 et
1559 3023 1628 3078 ab
1675 3022 1823 3077 omni

1930 3033 2269 3106 gratissimas
2294 3031 2479 3087 dicere
2504 3031 2968 3086 decertaverimus
2989 3048 3003 3084 :
3028 3046 3152 3084 nam
3185 3044 3365 3084 sermo
3387 3027 3511 3083 fidei

237 3115 499 3186 spurcitia
530 3114 734 3169 diaboli
783 3114 1040 3169 immunis
1062 3155 1078 3179 ,
1115 3130 1213 3184 per
1245 3113 1477 3168 cilicium
1516 3112 1629 3167 oris
1651 3126 1715 3166 ac
1739 3111 1829 3166 de.

235 3207 512 3264 votionent
536 3204 765 3269 cordis,
813 3213 1134 3276 gestumque
1163 3205 1407 3274 corporis
1440 3203 1686 3273 placidus
1713 3202 1828 3256 lau-

242 3296 332 3349 des
354 3294 469 3351 Deo
501 3294 753 3349 decanta.
811 3294 948 3349 Ecce
996 3295 1255 3350 transitus
1298 3302 1478 3349 vester
1519 3294 1588 3347 ad
1628 3294 1827 3348 caelum

241 3386 480 3442 directus
505 3395 617 3451 est,
648 3385 740 3439 ubi
763 3400 973 3440 merces
993 3396 1196 3440 {eterna
1226 3384 1377 3441 vobis
1398 3394 1587 3453 parata
1616 3394 1720 3449 est,
1738 3385 1827 3440 ubi

242 3474 633 3531 immaculatus
668 3475 894 3545 virginis
934 3490 1104 3545 agnus
1146 3483 1303 3544 prata
1347 3475 1591 3545 depascit
1616 3474 1826 3541 ﬂorida,

241 3582 395 3638 quem
417 3580 476 3624 et
501 3583 603 3623 vos
632 3576 920 3637 sequentes
945 3583 1266 3638 quocunque
1294 3568 1419 3624 ierit
1453 3584 1669 3624 ammna
1703 3585 1828 3626 car-

241 3661 365 3729 pitis
389 3674 633 3730 pascua,
667 3658 907 3730 singulas
940 3660 1108 3715 stolas
1138 3676 1259 3715 cum
1293 3660 1452 3715 laude
1479 3661 1749 3717 castitatis
1772 3662 1827 3717 in

243 3751 535 3806 animabus
582 3749 783 3805 vestris
825 3750 939 3820 jam
992 3752 1216 3816 tenetis,
1276 3750 1411 3806 alias
1459 3750 1619 3821 juxta
1666 3751 1831 3807 finem

245 3844 431 3899 mundi
456 3843 514 3897 in
547 3841 865 3912 corporibus
888 3842 1282 3898 immortalibus
1306 3844 1604 3913 accepturi,
1635 3843 1832 3912 duplici

247 3934 452 3989 honore
494 3932 829 4005 gaudebitis.
869 3932 1211 4003 QuaprOpter
1245 3948 1465 3988 oramus
1492 3942 1548 3988 et
1576 3934 1834 3989 obsecra-

248 4040 369 4082 tuus
388 4040 511 4089 vos,
543 4039 578 4079 o
620 4024 803 4093 populi
832 4032 887 4078 et
929 4023 1145 4095 agmina
1186 4024 1426 4080 etelestis
1464 4024 1671 4079 militiae
1691 4064 1707 4090 ,
1738 4040 1836 4095 per

248 4133 446 4174 nomen
493 4116 892 4172 nobilissimum
939 4124 994 4171 et
1040 4116 1248 4188 insigne
1273 4116 1696 4174 famosissimum
1743 4117 1836 4173 de-

245 4209 392 4264 coris
425 4209 595 4264 vestri
621 4248 639 4273 ,
683 4216 744 4261 ut
771 4208 862 4262 ubi
895 4222 991 4262 vos
1027 4206 1143 4276 jam
1184 4208 1293 4263 lreti
1336 4224 1459 4265 cum
1490 4223 1615 4279 rege
1651 4217 1836 4264 vestro

246 4301 511 4371 tegimus,
564 4299 639 4354 ibi
669 4299 825 4353 nobis
855 4307 1057 4354 aeterna
1097 4300 1290 4371 gaudia
1326 4300 1622 4370 promereri
1661 4309 1836 4356 certe-

246 4392 346 4455 tis,
389 4399 667 4461 quatenus
706 4390 894 4460 Agnus
934 4388 1022 4445 ille
1060 4391 1165 4445 dux
1212 4399 1269 4445 et
1311 4390 1479 4462 gloria
1508 4399 1709 4454 vestra,
1742 4391 1835 4460 qui

243 4481 376 4536 celi
420 4472 741 4535 dominatur
781 4479 837 4534 in
884 4494 1041 4544 arce,
1087 4481 1350 4535 concedat
1372 4481 1530 4536 nobis
1561 4480 1736 4536 locum
1763 4482 1837 4537 ibi

245 4570 557 4641 spatiosum
598 4577 655 4624 et
694 4569 1128 4635 desiderabilem,
1154 4579 1214 4625 ut
1238 4579 1480 4628 vestrum
1517 4580 1735 4627 cantum
1759 4580 1839 4627 et-

235 4660 299 4713 si
329 4675 435 4713 non
464 4668 695 4715 cantare
717 4659 1008 4729 possimus,
1032 4661 1220 4715 saltem
1243 4676 1365 4717 cum
1386 4662 1725 4733 jocunditate
1744 4678 1839 4734 per

237 4751 449 4806 arcula
475 4751 785 4806 audiamus.

826 4843 1054 4901 CAPUT
1095 4844 1260 4901 XXV.

237 4931 335 4987 De
370 4932 619 4987 vicesima
648 4932 832 5003 quinta
869 4934 1064 5004 ﬁgura,
1093 4934 1185 4987 ubi
1228 4931 1457 4989 Alleluia
1482 4943 1533 4987 et
1560 4936 1725 4989 Amen
1748 4950 1844 5004 po-

921 5006 1023 5059 sita
1047 5014 1190 5060 sunt.

326 5115 374 5173 0
393 5118 513 5173 laus
531 5118 621 5188 pia
642 5124 699 5172 et
718 5126 974 5188 perpetua
998 5126 1198 5175 sancta:
1218 5116 1417 5182 crucis,
1442 5129 1605 5187 quam
1636 5126 1846 5172 sancto-

232 5227 378 5268 tum
401 5220 579 5265 cattus
604 5210 660 5264 in
699 5209 855 5265 caelis
898 5208 1236 5280 frequentat,
1268 5209 1417 5266 adsis
1447 5209 1753 5281 terrigenis,
1784 5216 1845 5262 ut

226 5304 463 5374 aliquid
484 5303 751 5359 decenter
775 5311 829 5359 et
856 5302 1015 5374 digne
1051 5304 1117 5358 de
1149 5311 1199 5358 te
1227 5301 1474 5374 proferre
1503 5301 1757 5367 valeant,
1789 5308 1845 5355 et

230 5399 420 5470 pleno
452 5412 552 5453 ore
599 5396 835 5469 gloriam
880 5406 1028 5451 tuam
1065 5397 1380 5467 praedicare.
1432 5396 1545 5467 Ego
1585 5409 1842 5465 namque,

227 5497 421 5564 prout
442 5488 613 5559 potui,
641 5497 717 5552 te,
736 5496 924 5544 saneta
944 5504 1104 5555 crux,
1121 5488 1351 5544 metrico
1371 5488 1480 5543 ritu
1494 5487 1691 5550 cecini,
1710 5485 1846 5541 mul-

230 5593 372 5640 tum
397 5581 491 5639 tibi
520 5580 840 5639 desiderans
869 5580 923 5635 in
954 5581 1058 5636 hoc
1097 5578 1413 5637 satisfacere
1431 5619 1446 5645 ,
1475 5578 1572 5636 sed
1603 5587 1659 5635 tu
1689 5593 1847 5636 exec-

1862 4352 1914 4411 D

1930 3134 2137 3181 tantum
2163 3138 2258 3180 ore
2285 3121 2561 3192 prolatus,
2608 3121 2725 3176 sine
2754 3119 3045 3176 concordia
3077 3119 3277 3175 mentis
3299 3125 3355 3172 et
3378 3132 3511 3186 ope-

1929 3217 2024 3281 ris,
2051 3230 2158 3271 non
2193 3213 2393 3269 sullicit
2418 3213 2485 3267 ad
2513 3212 2745 3267 salutem
2785 3228 2801 3266 :
2841 3212 2966 3281 quia
2999 3211 3124 3266 talis
3145 3209 3383 3265 laudatio
3406 3225 3513 3263 non

1926 3314 2013 3361 est
2055 3306 2166 3360 Deo
2207 3303 2426 3374 placita,
2468 3318 2588 3373 quae
2634 3303 2762 3357 licet
2807 3303 2910 3359 sibi
2953 3304 3180 3375 grandia
3206 3302 3510 3372 promittat,

1927 3411 2093 3466 parva
2124 3403 2306 3449 tamen
2334 3402 2571 3449 meretur
2606 3410 2620 3446 :
2655 3391 2782 3462 quia
2828 3393 3091 3461 scriptum
3128 3401 3213 3448 est
3242 3411 3255 3445 :
3283 3390 3399 3446 Non
3428 3396 3514 3444 est

1927 3487 2153 3557 pulchra
2183 3483 2420 3539 laudatio
2446 3484 2500 3538 in
2545 3498 2639 3539 ore
2673 3482 2993 3551 peccatoris.
3032 3481 3141 3538 Vos
3166 3482 3350 3553 igitur,
3394 3493 3514 3550 pre-

1930 3593 2046 3643 cor,
2079 3577 2330 3633 caelestes
2355 3575 2667 3645 angelorum
2693 3575 2878 3646 plebes
2906 3589 2970 3630 ac
2998 3574 3242 3644 spiritus,
3282 3572 3517 3627 animas-

1930 3684 2036 3739 que
2054 3666 2359 3736 justorum,
2409 3666 2502 3736 qui
2550 3666 2603 3720 in
2646 3648 2941 3735 conspecti:
2984 3664 3170 3734 glorize
3214 3661 3517 3729 majestatis

1932 3762 2127 3818 divina:
2151 3760 2423 3815 veraciter
2451 3758 2736 3814 exsultatis
2753 3797 2767 3820 .
2796 3767 2857 3811 ut
2885 3757 3026 3812 sicut
3051 3757 3169 3811 sine
3207 3754 3516 3809 cessatione

1931 3850 2160 3905 Alleluia
2210 3858 2266 3904 et
2314 3848 2487 3903 Amen
2544 3856 2864 3919 perpetuum
2892 3847 3144 3927 'Domino
3194 3843 3413 3899 Christo
3460 3843 3516 3897 in

1932 3949 2195 3996 aeternum
2219 3940 2486 4004 cantatis,
2536 3939 2612 3994 ita
2650 3946 2888 3994 nostram
2926 3953 3140 4008 quoque
3165 3942 3367 3991 sortem
3388 3948 3517 4004 pre-

1935 4032 2090 4086 cibus
2131 4031 2390 4100 adjuvare
2433 4028 2731 4095 studeatls,
2779 4039 3078 4100 quatenus,
3126 4025 3517 4081 beatitudinem

1935 4136 2145 4186 veram,
2173 4136 2334 4189 quam
2362 4136 2460 4176 vos
2495 4121 2604 4190 jam
2637 4120 2876 4190 perfecte
2917 4119 3109 4174 tenetis
3129 4159 3143 4184 ,
3174 4117 3390 4171 tandem
3420 4116 3521 4171 ali-

1937 4211 2154 4281 quando
2176 4224 2274 4281 per
2296 4209 2500 4265 Christi
2530 4210 2758 4279 gratiam
2782 4224 2880 4264 nos
2918 4209 3165 4279 accipere
3192 4222 3519 4264 mercamur.

2491 4319 2721 4376 CAPUT
2771 4317 2962 4375 XXVI.

1948 4413 2024 4468 De
2059 4413 2300 4467 vicesima
2347 4420 2495 4466 sexta
2540 4412 2736 4497 ﬁgura.
2768 4413 2822 4466 in
2853 4428 2954 4483 qua
2981 4410 3293 4497 prophetiae
3320 4418 3528 4463 senten-

2514 4483 2601 4536 ιὲίε
2623 4482 2958 4536 denotamur.

2016 4572 2093 4628 Te
2123 4572 2307 4644 igitur,
2338 4587 2373 4626 o
2399 4579 2584 4627 sancta
2624 4587 2757 4626 crux
2787 4570 3013 4638 Christi,
3038 4570 3260 4627 oracula
3302 4570 3538 4640 proplteo

1946 4673 2127 4720 tarum
2179 4665 2316 4720 bene
2368 4664 2670 4727 honorant,
2727 4662 2868 4717 facta
2924 4662 3244 4732 praedicant,
3300 4662 3534 4716 virtutes

1947 4755 2226 4818 exaltant,
2273 4755 2397 4823 quia
2440 4753 2702 4823 quidquid
2745 4753 2900 4823 plebs
2937 4752 3026 4807 illa
3060 4752 3445 4814 sacratissima,
3474 4759 3534 4807 et

1946 4844 2130 4900 divino
2174 4842 2378 4912 Spiritu
2427 4843 2689 4913 inapirata
2733 4843 3078 4899 vaticinando
3113 4844 3181 4899 de
3206 4843 3411 4899 Christi
3439 4841 3534 4897 ad-

1945 4948 2111 4996 ventu
2137 4937 2386 5010 protulit,
2415 4945 2518 4993 tua:
2545 4938 2801 5007 potentia:
2815 4939 3051 5008 gloriam
3080 4940 3135 4994 in
3164 4955 3229 4995 eo
3254 4937 3529 5000 revelavit,

1947 5046 2070 5086 cum
2100 5044 2206 5083 non
2241 5030 2309 5083 ob
2330 5028 2475 5084 aliud
2502 5029 2616 5099 ipse
2656 5028 2908 5084 Salvator
2941 5030 2995 5085 in
3033 5031 3236 5087 mundo
3262 5027 3533 5099 apparuit,

1947 5121 2052 5177 nisi
2080 5129 2141 5174 ut
2171 5134 2268 5190 per
2303 5128 2354 5174 te
2399 5118 2634 5175 salvaret
2674 5134 2844 5189 genus
2872 5120 3187 5174 humanum.
3244 5117 3535 5172 Videamus

1947 5228 2077 5285 ergo
2124 5211 2253 5283 quid
2300 5211 2564 5281 propheta
2604 5219 2661 5266 et
2701 5210 2981 5282 psalmista
3028 5208 3195 5264 David
3226 5206 3454 5269 dixerit,
3486 5206 3536 5261 si

1951 5302 2089 5358 forte
2116 5303 2395 5374 signanter
2432 5301 2635 5371 aliquid
2659 5301 2727 5357 de
2756 5309 2810 5357 te
2848 5301 3061 5357 locutus
3090 5300 3179 5354 sit.
3216 5297 3307 5352 Ait
3340 5296 3487 5352 enim
3516 5313 3530 5349 :

1949 5392 2223 5449 Fuderunt
2265 5410 2455 5449 manus
2500 5410 2644 5449 mea:
2692 5404 2740 5449 et
2766 5393 2921 5464 pedes
2948 5407 3119 5456 meos,
3168 5391 3538 5445 dinumerare-

1950 5499 2070 5542 runt
2092 5488 2269 5542 omnia
2293 5502 2414 5542 ossa
2446 5504 2585 5542 mea.
2625 5486 2763 5554 Quid
2792 5492 2877 5541 est
2911 5499 3042 5555 ergo
3068 5498 3262 5538 manus
3288 5491 3344 5537 et
3372 5481 3537 5552 pedes

1949 5579 2239 5636 confodere
2259 5614 2275 5646 ,
2305 5594 2537 5649 ossaque
2577 5579 2755 5635 omnia
2794 5576 3171 5642 dinumerare,
3199 5573 3305 5632 nisi
3334 5571 3538 5632 Christi
