3994 6196
490 240 591 295 291

1150 239 1211 294 Β.
1254 237 1506 295 RABANI
1547 238 1767 297 MAURI
1804 240 2128 297 ARCHIEP.
2173 241 2482 298 MOGUNT.
2524 240 2807 298 OPERUM
2846 240 3028 296 PARS
3065 239 3106 295 1.

3654 239 3773 297 292

494 354 744 411 membra
768 365 825 409 in
856 360 911 407 te
934 351 1173 425 distensa
1200 352 1369 407 clavis
1390 352 1698 424 conﬁgere?
1740 352 1870 417 ltem
1910 350 2080 407 David
2106 357 2154 415 Α
2182 354 2515 425 praecinuere
2548 352 2852 422 pmphctm;
2903 360 2959 406 et
2989 350 3058 406 ad
3095 350 3200 406 hoc
3227 358 3279 406 te
3305 361 3496 407 auctor
3517 354 3773 408 omnium

497 442 630 496 dicit
653 459 669 495 :
703 441 971 495 Dederunt
996 441 1052 495 in
1076 458 1248 496 escam
1274 459 1442 496 meam
1472 442 1561 511 fel,
1587 453 1633 497 et
1657 444 1712 497 in
1737 444 1826 498 siti
1855 460 1969 497 mea
1992 460 2081 511 po-

498 541 743 587 tat-erunt
764 548 847 585 me
869 542 1036 586 aceto.
1069 532 1183 587 Hoc
1203 533 1389 602 utique
1418 534 1728 604 signiﬁcans
1752 535 1897 604 quod
1922 549 2081 591 evan-

500 622 691 691 gelista
718 622 784 677 de
811 621 1031 677 Christo
1074 624 1324 692 exposuit
1368 622 1554 678 dicens
1588 640 1601 676 :
1635 622 1851 688 Postea,
1885 625 2078 693 inquit,

496 713 663 766 sciens
700 711 856 765 Iesus
896 712 1020 781 quia
1060 713 1179 780 jam
1208 713 1384 767 omnia
1427 723 1790 767 consummata
1835 722 1980 778 sunt,
2022 723 2081 769 ut

500 812 960 858 consttmrnaretur
983 803 1276 874 Scriptura,
1303 804 1436 859 dixit
1459 818 1477 855 :
1504 803 1656 858 Sitio.
1712 802 1811 858 Vas
1844 822 1965 875 ergo
1995 822 2083 875 po-

497 896 661 949 situm
702 904 813 947 erat
863 905 1008 947 aceto
1049 893 1278 963 plenum.
1347 893 1439 947 Illi
1474 904 1648 948 autem
1675 894 1945 964 spongiam
1973 893 2083 963 ple-

503 1002 622 1040 nam
658 995 803 1039 aceto
824 1025 838 1048 ,
884 984 1106 1054 hyssopo
1141 986 1619 1054 circumponentes,
1669 982 1965 1038 obtulerunt
2001 984 2081 1036 ori

499 1077 639 1146 ejus.
670 1076 737 1130 Et
762 1075 889 1130 alibi
916 1076 1175 1144 scriptum
1207 1084 1289 1129 est
1315 1094 1328 1128 :
1362 1075 1621 1129 Dederunt
1650 1076 1697 1131 ei
1726 1076 1899 1130 vinum
1913 1075 2083 1133 bibere

501 1184 619 1221 cum
648 1166 767 1235 felle
807 1166 1040 1219 mistum.
1086 1165 1223 1223 Hinc
1260 1181 1473 1235 quoque
1500 1166 1668 1225 Isaias
1699 1167 1958 1236 propheta
1985 1182 2081 1220 va-

503 1259 736 1313 ticinans
762 1259 838 1312 ait
866 1275 879 1309 :
915 1256 1176 1311 Parvulas
1217 1268 1371 1313 natus
1400 1267 1474 1311 est
1499 1257 1667 1321 nobis,
1691 1267 1739 1311 et
1760 1256 1903 1325 ﬁlius
1927 1257 2083 1313 datus

500 1361 575 1405 est
613 1350 780 1412 nobis,
827 1359 874 1403 et
922 1348 1095 1417 factus
1140 1361 1215 1403 est
1252 1350 1578 1420 principatus
1613 1366 1770 1419 super
1810 1351 2083 1404 humerum

498 1440 640 1509 ejus,
664 1447 719 1493 et
747 1439 973 1509 reliqua.
1012 1438 1078 1492 Et
1112 1439 1242 1493 item
1282 1454 1349 1492 ex
1380 1453 1612 1509 persona
1660 1437 1863 1493 Christi
1907 1437 2039 1494 dicit
2067 1456 2081 1493 :

499 1529 702 1600 Corpus
738 1544 910 1582 meum
942 1528 1062 1585 dedi
1088 1530 1522 1598 percutientibus,
1552 1539 1599 1583 et
1622 1546 1782 1600 genas
1808 1546 1950 1585 meas
1974 1530 2084 1585 vels-

501 1620 744 1674 lentibus.
786 1621 852 1675 Et
880 1620 1006 1675 item
1054 1638 1067 1674 :
1124 1618 1339 1676 Faciem
1386 1636 1556 1679 meam
1583 1637 1689 1677 non
1724 1620 1887 1675 averti
1908 1621 1974 1674 ab
1998 1621 2083 1675 in-

2130 488 2137 499 .
2181 458 2364 497 rerum
2411 443 2724 506 destinavit,
2772 449 2829 496 et
2878 441 3058 496 omnia
3088 442 3142 495 in
3177 449 3231 496 te
3266 441 3385 496 sine
3415 442 3522 495 ulla
3548 442 3777 503 dubita-

2183 536 2348 601 tione,
2377 550 2497 604 quae
2525 534 2592 590 de
2617 549 2681 589 eo
2704 534 2970 605 promissa
2995 541 3139 600 sunt,
3173 534 3289 605 ipse
3315 533 3564 604 perfecit.

2726 643 2953 705 CAPUT
2990 642 3205 698 XXVII.

2180 734 2259 790 De
2286 735 2527 790 vicesima
2555 735 2772 801 septima
2808 733 2997 799 forma,
3043 734 3096 786 in
3130 750 3234 797 qua
3264 733 3624 803 apostolorum
3653 754 3780 793 sen-

2701 804 2878 857 tentia:
2900 803 3249 856 collocantur.

2251 893 2368 948 Non
2397 894 2578 949 minus
2610 901 2697 948 tua
2719 894 2865 967 jura,
2913 908 2948 947 o
2976 901 3163 948 sancta
3203 907 3338 947 crux
3363 933 3379 958 ,
3409 900 3643 948 testatur
3682 895 3779 952 lit-

2182 996 2295 1042 tera
2326 987 2460 1042 Novi
2492 986 2822 1042 Testamentl
2861 1001 3021 1055 quam
3061 985 3329 1055 scriptura
3369 986 3503 1055 legis
3542 987 3775 1052 veteris,

2182 1079 2307 1148 quia
2333 1079 2473 1133 dona
2502 1079 2692 1147 gratim
2728 1077 2925 1132 divinze
2955 1092 3074 1147 qua:
3103 1077 3194 1131 illa
3217 1078 3521 1147 spondebat
3551 1077 3764 1144 futura,

2184 1170 2299 1225 haec
2331 1184 2429 1239 per
2474 1169 2901 1224 incarnationem
2947 1167 3247 1223 Salvatoris
3283 1168 3443 1223 docet
3467 1183 3588 1225 esse
3620 1186 3780 1225 com-

2182 1261 2357 1332 pleta;
2393 1262 2629 1332 indeque
2668 1261 2903 1315 maxime
2949 1261 3120 1315 claret
3154 1261 3296 1331 quod
3322 1260 3570 1317 Christus
3608 1263 3779 1320 Jesus

2186 1352 2445 1408 Dominus
2470 1361 2556 1407 est
2577 1352 2711 1423 legis
2733 1353 3043 1422 utriusque,
3080 1352 3206 1422 quia
3240 1354 3459 1423 proprio
3486 1369 3580 1410 ore
3604 1355 3780 1426 genii.-

2185 1460 2310 1499 nam
2351 1446 2555 1500 mundo
2596 1444 2929 1515 patefecerat
2975 1445 3251 1516 abyssum,
3298 1447 3471 1517 legem
3515 1448 3778 1504 videlicet

2184 1549 2460 1606 exponens
2508 1544 2563 1590 et
2611 1536 2957 1606 Evangelium
3010 1537 3299 1592 condens:
3347 1547 3778 1609 sanctorumque

2186 1626 2582 1682 desideriorum
2610 1635 2735 1681 voto
2759 1626 3037 1681 reﬁciebat
3059 1627 3341 1697 antiquos,
3369 1637 3425 1682 et
3454 1630 3776 1685 ostensione

499 1714 829 1782 crepantibus
852 1723 900 1766 ct
927 1713 1333 1782 conspuentibus
1371 1713 1427 1766 in
1448 1728 1550 1766 me.
1591 1712 1662 1766 Et
1686 1712 1876 1766 levabit
1904 1712 2089 1774 Domi:
2112 1698 2159 1757 Β
2188 1719 2427 1789 ipsarum
2477 1734 2659 1774 rerum
2718 1716 2954 1773 satiabat
2993 1727 3279 1788 posteros,
3330 1720 3524 1785 bonus,
3574 1736 3774 1783 verax,

503 1820 603 1858 nus
646 1804 855 1872 signum
898 1803 954 1855 in
1000 1801 1329 1867 nationibus,
1386 1810 1435 1856 et
1478 1802 1808 1873 congregabit
1834 1801 2087 1873 profugos

502 1892 695 1959 Israel,
724 1902 778 1949 et
808 1894 1038 1963 reliqua.
1080 1892 1139 1950 In
1168 1892 1253 1947 his
1282 1907 1411 1962 ergo
1437 1893 1691 1951 omnibus
1714 1894 2000 1949 sententiis
2032 1903 2089 1950 et

503 1986 579 2040 tui
610 1987 939 2042 erectiouem
970 1995 1027 2042 et
1053 1986 1322 2056 passionis
1344 1984 1545 2042 Christi
1564 1987 1848 2042 veritatem
1877 1986 2090 2043 Iudaeo—

500 2093 731 2148 rumque
759 2079 1026 2149 expressit
1057 2079 1340 2135 saevitiam.
1381 2076 1648 2135 Jeremias
1666 2092 1797 2133 vero
1830 2077 2090 2133 describit

500 2170 777 2227 Christum
802 2172 958 2242 quasi
984 2188 1183 2243 agnum
1209 2172 1550 2228 innocentem
1574 2174 1794 2229 ductum
1822 2174 1940 2230 sine
1954 2187 2088 2230 voce

503 2262 573 2316 ad
596 2262 1005 2328 immolandum,
1035 2263 1347 2335 lignumque
1375 2264 1429 2319 in
1457 2279 1653 2335 panem
1684 2265 1801 2336 ejus
1825 2266 2089 2322 missuros

500 2352 825 2418 incredulos,
853 2355 998 2424 quod
1028 2355 1301 2425 signiﬁcat
1336 2371 1530 2425 panem
1556 2357 1683 2411 vita:
1704 2357 1759 2411 in
1793 2366 1846 2412 te
1873 2356 2089 2413 elevan-

500 2448 651 2513 dum,
682 2455 1023 2519 mortemque
1050 2448 1231 2504 carnis
1256 2457 1623 2520 gustaturum.
1673 2448 1923 2509 Ezechiel
1960 2465 2089 2506 vero

505 2540 571 2606 'l‘,
602 2549 694 2595 tau
731 2540 1003 2606 litteram,
1060 2552 1208 2597 tuam
1253 2541 1482 2614 eﬂigiem
1525 2542 1874 2608 similantem,
1927 2557 2091 2613 super

501 2632 713 2690 frontes
746 2634 990 2690 virorum
1038 2635 1368 2707 gementium
1411 2643 1467 2691 et
1511 2634 1805 2691 dolentium
1840 2647 1961 2690 esse
1993 2648 2090 2703 po—

503 2729 663 2783 sitam
687 2738 1000 2793 asseverat,
1045 2731 1115 2786 ob
1154 2731 1532 2787 liberationem
1569 2729 1738 2786 cladis
1772 2728 2087 2784 vastatoris.

502 2818 597 2877 Sic
619 2827 672 2873 tu
694 2835 929 2891 quoque,
961 2828 1148 2877 sancta
1174 2836 1306 2876 crux
1324 2862 1339 2887 ,
1371 2836 1478 2877 non
1512 2821 1802 2879 inﬁrmitas
1824 2819 1911 2876 vel
1933 2820 2088 2891 igno-

502 2912 687 2969 bilitas
711 2927 832 2968 esse
858 2913 1064 2969 sanctis
1090 2913 1371 2984 prophetis
1408 2922 1628 2969 ostensa
1661 2927 1723 2970 es
1740 2954 1756 2980 ,
1794 2914 1889 2970 sed
1916 2914 2090 2969 virtus

508 3004 685 3105 ﬁrma,
718 3004 1163 3105 laus-praecipua,
1211 3014 1266 3062 et
1311 3006 1464 3105 navis
1501 3021 1596 3061 seu
1620 3013 1811 3105 portus
1838 3003 2090 3105 ﬁdelissi-
2117 3042 2163 3105 Ο

504 3109 626 3150 unus
656 3095 709 3148 in
740 3094 1071 3151 sublevando
1114 3096 1279 3151 totius
1330 3095 1481 3151 orbis
1523 3094 1885 3167 naufragium.
1951 3093 2089 3149 Nam

506 3184 693 3242 Daniel
717 3187 967 3256 praedixit
993 3185 1268 3243 Christum
1305 3187 1594 3243 Dominum
1633 3202 1664 3242 a
1689 3186 1912 3258 perﬁdis
1938 3186 2087 3242 occis-

505 3279 758 3339 dcndum,
790 3289 845 3334 et
873 3280 954 3335 sic
1001 3281 1210 3350 peccati
1247 3295 1447 3334 noxam
1480 3278 1793 3336 ﬁniendam.
1843 3278 1983 3335 Osee
2011 3278 2093 3333 in-

506 3370 880 3427 terfectionem
916 3372 1108 3426 mortis
1129 3412 1147 3437 ,
1193 3371 1653 3440 salvationemque
1697 3368 1954 3425 describit
1990 3384 2091 3440 po-

505 3462 655 3533 puli;
686 3471 741 3517 et
764 3460 880 3516 Joel
907 3460 1297 3516 obscuritatem
1326 3460 1563 3515 siderum
1602 3458 1656 3513 in
1687 3466 1864 3514 morte
1888 3457 2091 3519 Christi

504 3551 888 3622 prtenuntiavit
928 3550 1187 3607 futuram.
1224 3550 1392 3606 Amos
1431 3549 1753 3605 festivitates
1780 3549 2093 3620 iniquorum

502 3644 559 3704 in
580 3642 782 3697 luctum
814 3641 1243 3706 convertendos,
1274 3650 1328 3696 et
1366 3639 1552 3695 omnia
1586 3639 1794 3695 cantica
1824 3653 2013 3694 eorum
2036 3638 2090 3693 in

503 3731 802 3803 planctum.
842 3730 1043 3785 Abdias
1069 3730 1223 3785 dolos
1249 3728 1559 3786 Judmorum
1586 3739 1775 3785 contra
1803 3728 2091 3783 Dominum

506 3832 560 3878 et
608 3821 865 3877 Ecclesia:
912 3820 1264 3877 salvationem
1312 3820 1599 3889 expressit.
1672 3817 1839 3873 Jonas
1876 3833 2092 3889 quoque

503 3932 604 3974 suo
633 3916 885 3987 exemplo
907 3915 1211 3971 triduanam
1249 3914 1578 3985 sepulturam
1608 3912 1820 3968 Domini
1843 3911 2091 3983 praeﬁgu-

501 4010 662 4066 ravit.
705 4008 942 4064 Micheas
961 4006 1237 4062 Christum
1275 4014 1512 4060 montem
1542 4002 1754 4058 Domini
1792 4000 2089 4072 appellans,

506 4109 832 4158 conventum
877 4099 1200 4172 populorum
1250 4098 1315 4153 ad
1358 4097 1535 4166 ipsum
1580 4094 1853 4165 praedixit.
1918 4091 2090 4146 Naum

503 4193 735 4249 ultorem
765 4207 888 4248 esse
917 4190 1156 4246 futurum
1196 4188 1398 4259 impiis,
1444 4194 1502 4241 et
1535 4184 1928 4241 consolatorem
1961 4180 2087 4252 piis,

504 4285 791 4340 Dominum
818 4282 1087 4353 promisit.
1128 4280 1381 4335 Habacuc
1409 4292 1623 4347 quoque
1659 4274 1821 4345 plano
1844 4286 2092 4329 sermone

500 4391 704 4431 cornua
737 4383 849 4439 tua,
877 4389 911 4429 ο
942 4381 1128 4428 sancta
1152 4387 1310 4435 crux,
1330 4370 1385 4427 in
1411 4369 1660 4424 manibus
1687 4365 1889 4425 Christi
1913 4364 2089 4438 Splen-
2117 4402 2167 4460 υ

502 4468 727 4522 descere
780 4474 1048 4530 testatur;
1101 4473 1157 4518 et
1205 4461 1511 4532 Sophonias
1554 4458 1842 4513 adventum
1876 4454 2087 4517 Domini

503 4557 831 4631 praenuntiat
860 4555 1130 4618 futurum,
1154 4563 1210 4608 et
1240 4552 1382 4606 diem
1409 4546 1828 4605 resurrectionis
1855 4544 1975 4614 ejus
1996 4544 2090 4599 de-

502 4649 712 4705 scribit.
738 4647 967 4717 Aggtcus
993 4644 1191 4714 quippe
1218 4642 1273 4697 in
1295 4639 1654 4696 commotione
1692 4635 1815 4698 caeli
1842 4644 1898 4691 et
1928 4644 2084 4690 terrae

503 4737 879 4795 Desideratum
894 4728 1134 4790 omnium
1150 4731 1390 4804 gentium
1418 4728 1701 4784 advenisse
1720 4734 1968 4782 testatur.
1987 4726 2088 4780 Za-

501 4829 719 4885 charias
739 4827 885 4881 videt
910 4824 1092 4881 Iesum
1114 4825 1167 4880 in
1198 4823 1440 4879 vestibus
1470 4818 1703 4876 sordidis
1732 4818 2084 4875 mortalitatis

502 4929 724 4987 nostris,
747 4927 803 4974 et
826 4917 1012 4989 plagas
1033 4918 1085 4971 in
1109 4915 1358 4971 manibus
1383 4914 1500 4985 ejus
1526 4911 1680 4977 ﬁxas,
1706 4911 2089 4983 planctumque

505 5012 798 5068 umltorum
841 5024 1005 5080 super
1044 5023 1111 5065 eo
1157 5007 1313 5079 quasi
1354 5021 1519 5076 super
1560 5003 1869 5075 Unigenito.
1923 5000 2087 5055 Mala-

500 5107 656 5163 chias
684 5118 902 5176 quoque
949 5102 1076 5157 licet
1110 5100 1438 5156 novissimus
1475 5099 1529 5153 in
1571 5097 1763 5153 ordine
1803 5093 2085 5150 duodecim

502 5200 895 5273 prophetarum
922 5201 1175 5265 ponatur,
1220 5192 1521 5247 luculenter
1553 5197 1735 5244 tamen
1753 5227 1768 5253 ,
1793 5194 1855 5241 ut
1877 5184 2085 5249 caeteri,

505 5290 908 5351 Dominatorem
948 5295 1107 5341 terrae
1152 5285 1218 5340 ad
1265 5283 1522 5354 templum
1567 5296 1725 5337 suum
1770 5279 1959 5333 venire
1996 5276 2091 5331 de-

504 5380 717 5443 scribit,
748 5390 806 5433 et
827 5391 1060 5450 purgare
1087 5376 1368 5431 ministros
1397 5387 1526 5428 suos
1558 5368 1965 5426 examinatione
1986 5381 2088 5420 va-

505 5470 649 5535 lida,
702 5469 843 5540 quod
888 5468 1097 5538 possint
1148 5464 1251 5535 ipsi
1297 5462 1568 5517 sacriﬁcia
1603 5459 1799 5515 oll'erre
1840 5455 2086 5528 iustitiae.

510 5562 633 5616 llaec
658 5569 851 5615 cuncta
880 5559 1070 5614 salutis
1092 5558 1230 5611 dona
1274 5562 1329 5609 et
1367 5551 1544 5607 valida
1579 5549 1784 5619 judicia
1814 5547 1867 5601 in
1896 5554 1952 5601 te
1974 5561 2093 5616 per-

508 5652 791 5715 prtmuda,
825 5666 857 5704 o
893 5659 1079 5705 sancta
1111 5662 1243 5701 crux
1270 5644 1500 5707 Christi,
1544 5641 1718 5696 sancti
1741 5637 2089 5698 concorditer

2187 1809 2441 1869 omnibus
2465 1823 2670 1878 aequus.
2719 1806 2870 1863 Unde
2892 1808 2953 1862 ﬁt
2980 1794 3124 1878 quod
3152 1808 3481 1879 apostolicus
3503 1819 3680 1865 cmtus
3704 1812 3781 1866 de

2188 1910 2280 1957 tua
2321 1899 2661 1956 sanctissima
2717 1899 3124 1955 constructione
3191 1913 3498 1955 sermonem
3544 1899 3782 1971 protulit

2179 1990 2651 2060 iocundissimum,
2679 1988 2932 2060 factaque
2961 1999 3049 2044 tua
3087 1989 3373 2061 magniﬁca
3415 1988 3780 2045 saluberrimo

2187 2084 2424 2140 ostendit
2448 2082 2643 2137 relatu.
2671 2080 2807 2136 Nam
2830 2080 3023 2136 Petrus
3040 2121 3057 2148 ,
3089 2081 3180 2150 qui
3217 2080 3270 2134 in
3297 2079 3661 2150 apostolorum
3685 2095 3781 2135 or-

2188 2177 2313 2231 dine
2339 2176 2546 2246 primus
2575 2182 2690 2241 est,
2733 2172 2945 2236 fortiter
2970 2174 3037 2229 de
3061 2180 3115 2228 te
3147 2173 3515 2243 persuasionis
3542 2174 3785 2244 sumpsit

2192 2263 2524 2335 exemplum,
2551 2263 2625 2318 ita
2654 2263 2877 2320 dicens:
2907 2260 3150 2318 Christus
3177 2277 3270 2330 pro
3296 2262 3443 2320 nobis
3460 2278 3645 2333 passus
3674 2272 3779 2329 est,

2189 2356 2401 2426 fratres,
2433 2355 2573 2410 vobis
2601 2354 2897 2426 relinquens
2926 2352 3218 2423 exemplum
3240 2392 3257 2417 ,
3289 2361 3347 2406 ut
3374 2352 3667 2423 sequamini
3693 2370 3785 2408 ve.

2187 2449 2346 2521 stigia
2391 2449 2528 2519 ejus.
2597 2449 2666 2506 Et
2714 2448 2886 2504 item:
2919 2447 3161 2509 Peccata,
3211 2446 3417 2517 inquit,
3448 2455 3625 2502 nostra
3663 2448 3784 2518 ipse

2187 2539 2400 2610 pertulit
2429 2541 2486 2594 in
2512 2556 2728 2609 corpore
2754 2556 2851 2595 suo
2868 2555 3025 2610 super
3051 2536 3275 2608 lignum,
3303 2546 3360 2591 ut
3387 2539 3611 2608 peccatis
3631 2555 3785 2593 mor-

2189 2631 2287 2694 tui,
2317 2630 2546 2701 justitia:
2569 2631 2804 2685 vivamus
2830 2647 2848 2685 :
2878 2630 3032 2700 cujus
3061 2628 3221 2682 livore
3254 2629 3430 2682 sanati
3463 2629 3606 2683 estis.
3637 2627 3783 2687 "inc

2189 2735 2406 2791 quoque
2440 2719 2604 2775 credo
2649 2721 2792 2788 quod
2838 2720 2954 2789 ipse
2996 2717 3089 2788 qui
3125 2731 3225 2786 pro
3260 2717 3439 2787 impiis
3462 2726 3512 2772 et
3545 2718 3784 2789 ingratis

2191 2812 2426 2867 animam
2449 2825 2600 2867 suam
2639 2809 2850 2885 posuit,
2901 2809 2970 2866 ad
3005 2808 3319 2869 devotorum
3348 2814 3506 2877 atque
3534 2807 3779 2863 ﬁdelium

2191 2902 2292 2965 sibi
2323 2917 2514 2973 preces
2538 2915 2696 2956 aures
2730 2915 2841 2956 sua:
2873 2899 3090 2971 pietatis
3116 2897 3356 2958 inclinet,
3417 2898 3647 2955 Proinde
3673 2915 3782 2972 ego

2192 2991 2380 3060 miser,
2429 2992 2475 3047 si
2518 2989 2929 3047 honoriﬁcentia
2979 2987 3097 3058 ejus
3139 2988 3354 3058 aliquod
3395 2990 3782 3047 munusculum

2193 3081 2506 3154 dignabitur
2557 3081 2692 3136 artis
2735 3065 2985 3135 humana:
3028 3078 3296 3150 accipere,
3339 3080 3439 3135 hoc
3469 3094 3693 3135 carmen
3724 3080 3781 3143 ei

2191 3187 2403 3229 summo
2444 3172 2567 3233 nisu
2612 3179 2741 3247 opto
2780 3170 3014 3237 offerre,
3060 3171 3188 3242 quia
3234 3171 3288 3225 in
3325 3169 3443 3241 ejus
3474 3171 3778 3235 bonitatem

2191 3261 2404 3319 conﬁdo
2434 3262 2577 3333 quod
2605 3263 2709 3333 pia:
2729 3260 3035 3317 devotionis
3063 3275 3289 3316 munera
3319 3260 3421 3330 ipsi
3451 3276 3556 3316 non
3587 3261 3785 3332 displi—

2191 3363 2367 3419 ceant,
2398 3352 2441 3409 si
2469 3353 3000 3424 perseveraverimus
3040 3350 3096 3406 in
3138 3366 3268 3406 vera
3310 3349 3650 3406 confessione
3678 3367 3784 3408 no-

2191 3447 2355 3503 minis
2385 3446 2521 3518 ejus.
2570 3445 2670 3501 Ast
2710 3460 2811 3500 nos
2853 3444 3044 3500 beatus
3079 3441 3315 3500 Iacobus
3348 3440 3621 3512 apostolus
3646 3443 3786 3499 hinc

2190 3540 2532 3599 exhortatur,
2560 3535 2867 3607 exemplum
2896 3534 3173 3608 patientia:
3193 3532 3394 3589 Christi
3416 3533 3569 3588 nobis
3589 3542 3785 3588 ostenv

2191 3631 2325 3686 dens
2351 3647 2364 3683 :
2404 3626 2733 3699 Exemplum,
2765 3625 2961 3695 inquit,
2987 3624 3227 3694 accipite,
3255 3623 3469 3693 fratres,
3504 3622 3704 3677 laboris
3725 3631 3785 3676 et

2189 3722 2476 3793 patientiae,
2502 3719 2779 3791 prophetas
2798 3758 2814 3783 ,
2862 3716 2952 3789 qui
2996 3715 3156 3770 locuti
3183 3723 3308 3769 sunt
3348 3715 3404 3767 in
3433 3713 3642 3767 nomine
3670 3711 3787 3766 Do.-

2189 3813 2320 3867 mini
2343 3810 2471 3867 Iesu
2513 3808 2736 3865 Christi.
2790 3806 2927 3863 Ecce
2976 3804 3338 3875 beatiﬁcamus
3382 3804 3472 3874 qui
3515 3802 3788 3857 sustinue-

2192 3910 2333 3957 runt.
2393 3899 2765 3970 Su/j‘erentiam
2807 3896 2908 3952 Iob
2951 3895 3176 3950 audistis
3201 3934 3215 3958 ,
3260 3902 3310 3947 et
3352 3893 3508 3963 ﬁnem
3558 3892 3785 3946 Domini

2189 3992 2413 4050 vidistis.
2473 3990 2611 4046 Hinc
2644 3997 2700 4044 et
2746 3988 2974 4044 dilectus
3013 3985 3225 4040 Domini
3268 3983 3506 4055 Joannes
3549 3983 3616 4037 ad
3649 3998 3779 4037 mu-

2192 4092 2337 4139 tuam
2364 4079 2703 4140 dilectionem
2727 4092 2829 4134 nos
2848 4083 3126 4149 provocat,
3155 4074 3433 4131 Christum
3463 4074 3518 4129 in
3534 4073 3781 4135 medium

2190 4172 2499 4245 proferens,
2548 4176 2608 4224 ut
2656 4170 2799 4225 sicut
2844 4169 2961 4239 ipse
3010 4182 3110 4238 pro
3136 4165 3293 4222 nobis
3334 4166 3569 4220 animam
3615 4180 3782 4223 suam

2190 4262 2388 4333 posuit,
2420 4261 2495 4315 ita
2518 4269 2576 4315 et
2608 4273 2708 4315 nos
2734 4273 2835 4329 pro
2857 4257 3117 4312 fratribus
3137 4256 3339 4310 nostris
3367 4255 3577 4309 animas
3604 4269 3785 4324 pona-

2192 4368 2331 4411 mus.
2375 4350 2544 4408 Judas
2569 4363 2786 4419 quoque
2809 4362 2999 4403 servus
3019 4345 3221 4401 Christi
3239 4386 3252 4410 ,
3279 4344 3448 4400 frater
3474 4353 3655 4398 autem
3683 4342 3779 4398 Ja-

2192 4444 2311 4501 cobi
2331 4483 2347 4508 ,
2401 4440 2503 4497 sub
2530 4439 2776 4510 exemplo
2802 4437 2931 4493 Jcsu
2969 4436 3304 4492 successoris
3329 4435 3518 4507 Moysi,
3551 4436 3783 4490 demon-

2190 4533 2385 4589 stravit
2410 4531 2594 4588 Iesum
2626 4531 2906 4588 Christum
2934 4529 3189 4585 eduxisse
3218 4544 3315 4583 nos
3345 4542 3445 4597 per
3469 4542 3687 4582 crucem
3710 4528 3785 4583 de

2191 4624 2454 4696 spirituali
2481 4623 2741 4695 Egypto,
2775 4622 2828 4677 id
2862 4629 2977 4687 est,
3016 4620 3082 4675 de
3112 4626 3379 4690 potestate
3403 4617 3781 4683 tenebrarum,

2190 4724 2244 4772 et
2267 4713 2571 4770 incredulos
2595 4712 2912 4783 perdidisse.
2938 4710 3137 4767 Paulus
3163 4723 3294 4779 ergo
3328 4723 3434 4762 non
3471 4707 3778 4777 paululum,

2194 4812 2287 4868 sed
2312 4809 2598 4883 magniﬁce
2625 4809 2690 4863 de
2714 4816 2768 4863 te
2802 4807 3015 4863 locutus
3041 4814 3147 4866 est,
3174 4804 3265 4875 qui
3291 4802 3628 4858 auditoribus
3659 4803 3783 4856 suis

2191 4902 2303 4957 ait:
2334 4898 2460 4954 Non
2491 4900 2628 4953 enim
2648 4897 2832 4969 judico
2864 4913 2947 4951 me
2970 4896 3104 4949 inter
3139 4910 3229 4948 vos
3266 4890 3468 4961 aliquid
3510 4889 3642 4944 scire
3672 4890 3784 4949 nisi

2191 4991 2453 5046 Christum
2481 4989 2688 5054 Iesum,
2717 5000 2765 5044 et
2790 4990 2927 5043 hunc
2956 4988 3289 5057 cruciﬁxum.
3346 4983 3414 5038 Et
3437 4981 3781 5037 contradixit

2190 5082 2291 5139 sibi
2322 5081 2572 5154 gloriari,
2606 5081 2710 5135 nisi
2748 5081 2800 5135 in
2836 5094 2996 5135 cruce
3022 5077 3236 5133 Domini
3268 5074 3437 5130 nostri
3465 5071 3591 5128 Jesu
3618 5071 3786 5125 Chri—

2190 5174 2282 5239 sti,
2311 5188 2408 5243 per
2431 5187 2592 5243 quem
2618 5172 2693 5227 illi
2716 5172 2947 5227 mundus
2966 5168 3259 5225 cruciﬁxus
3283 5166 3374 5229 sit,
3399 5171 3455 5219 et
3476 5164 3592 5233 ipse
3617 5178 3788 5216 mun-

2190 5268 2279 5332 do,
2327 5266 2713 5334 Christumque
2762 5262 2997 5319 aﬂlrmat
3040 5267 3262 5331 propter
3311 5264 3544 5312 mortem
3595 5255 3790 5308 crucis

2192 5360 2467 5430 accepisse
2491 5367 2817 5430 potestatem
2853 5358 2906 5412 in
2938 5355 3077 5411 caelo
3116 5361 3171 5409 et
3212 5353 3267 5406 iu
3306 5357 3451 5405 terra
3490 5354 3546 5403 et
3584 5347 3791 5401 subtus

2190 5462 2413 5514 terram.
2446 5451 2522 5506 ita
2563 5461 2618 5504 ut
2659 5451 2716 5504 in
2753 5449 2961 5504 nomine
2984 5446 3114 5502 Iesu
3153 5460 3305 5499 omne
3342 5457 3477 5513 genu
3508 5440 3791 5510 ﬂectatur,

2191 5544 2498 5609 cwlestium,
2520 5544 2844 5597 terrestrium
2870 5549 2919 5595 et
2946 5538 3302 5610 infernarum,
3325 5543 3374 5588 et
3402 5531 3573 5586 omnis
3596 5528 3796 5598 lingua

2191 5633 2503 5703 conﬁteatur
2529 5633 2652 5705 quia
2683 5632 2938 5687 Dominus
2966 5629 3123 5685 Iesus
3160 5629 3214 5683 in
3243 5625 3411 5695 gloria
3448 5631 3522 5677 est
3548 5619 3650 5675 Dei
3680 5617 3806 5681 Pa.-
