4002 6204
295 271 401 327 ἓῖέδ

996 263 1082 319 DE
1120 262 1563 319 CLERICORUM
1601 260 2108 328 INSTITUTIONE,
2140 262 2303 318 ETC.
2343 293 2416 304 —
2455 260 2880 319 EPIGRAMMA.

3454 268 3555 326 ΞΜ

298 387 417 453 tris:
449 383 613 446 Ecce,
670 388 857 435 saneta
910 393 1044 433 crux
1100 377 1324 441 Christi,
1372 376 1701 447 apostolicus
1745 375 1881 432 ordo
1915 382 1957 440 Α
1985 373 2265 429 crucifixio
2315 370 2490 429 totum
2539 371 2684 442 quod
2722 372 2777 427 in
2830 386 2920 429 me
2968 372 3067 431 tibi
3115 377 3445 433 contrarium
3486 386 3558 437 sit

293 489 460 546 quam
479 471 746 527 concinne
768 467 1005 538 antiquis
1020 466 1296 536 prophetis
1312 474 1433 521 tuas
1448 465 1633 520 laudes
1652 464 1877 535 profert,

291 563 372 619 ita
408 570 471 617 ut
497 562 551 616 in
587 559 740 615 nullo
771 557 1075 621 dissentiat,
1112 571 1235 611 cum
1257 570 1319 609 ea
1347 569 1465 623 qua:
1494 554 1594 625 ipsi
1627 554 1880 624 praecine-

289 653 427 708 bant
463 651 688 713 futura,
735 646 822 702 isti
855 647 909 705 in
954 655 1006 700 te
1045 643 1309 715 completa
1350 642 1638 708 allirment,
1671 643 1796 712 quia
1825 650 1880 695 tu

286 757 437 798 verae
464 740 773 797 concordiae
798 740 1008 809 signum
1035 736 1280 792 cmlestia
1307 736 1467 792 simul
1496 745 1550 791 ct
1577 736 1877 803 terrestria,

289 845 478 892 vetera
509 843 565 888 et
591 848 730 888 nova
763 832 943 886 omnia
969 829 1238 902 perficias.

833 961 1062 1016 CAPUT
1112 960 1345 1016 XXVIII.

286 1082 363 1137 De
388 1082 566 1153 ﬁgura
609 1079 854 1133 vicesima
890 1088 1071 1130 octava
1101 1116 1116 1139 ,
1149 1076 1245 1153 _ubi
1290 1074 1466 1145 Opifex
1505 1078 1613 1146 ipse
1640 1086 1876 1131 sanctam

855 1162 1061 1201 crucem
1090 1146 1300 1199 adorat.

357 1282 723 1355 Omnipotens
748 1276 1027 1348 maiestas,
1063 1276 1235 1330 virtus
1257 1274 1493 1340 excelsa,
1525 1283 1742 1330 creator
1768 1291 1879 1332 coe-

289 1376 509 1431 lestium
539 1380 596 1427 et
619 1371 880 1426 formator
909 1367 1245 1423 terrestrium
1264 1406 1280 1431 ,
1324 1367 1584 1423 Dominus
1622 1365 1766 1421 Deus
1791 1383 1879 1422 sa-

289 1464 479 1528 baoth,
512 1463 605 1533 qui
630 1476 794 1517 verus
822 1459 1068 1514 conditor
1085 1465 1139 1512 et
1156 1457 1467 1528 redemptor
1486 1473 1546 1513 es
1572 1457 1874 1525 hominum,

285 1566 342 1610 tu
396 1557 517 1611 laus
571 1561 759 1608 nostra
789 1567 871 1617 es,
930 1559 987 1605 tu
1032 1550 1206 1605 virtus
1251 1557 1308 1605 et
1347 1549 1519 1620 gloria
1546 1565 1669 1606 cum
1701 1549 1878 1605 salute

283 1662 438 1709 vera,
474 1655 530 1701 tu
561 1653 623 1701 es
661 1644 778 1700 Rex
812 1657 1024 1714 regum,
1062 1651 1119 1696 tu
1154 1641 1343 1696 doctor
1375 1637 1757 1711 ignorantium,
1794 1655 1878 1697 re-

1979 474 2303 531 consumat,
2353 474 2409 520 ct
2453 464 2729 520 carnalem
2777 473 2970 520 aestum
2998 472 3274 536 temperet,
3305 469 3440 525 iram
3462 487 3556 527 ex-

1980 557 2246 628 stinguat,
2278 556 2515 626 linguam
2563 571 2593 610 a
2623 571 2790 625 pravo
2821 565 2878 611 et
2901 556 3207 626 vaniloquio
3232 571 3559 630 compescat,

1978 657 2034 702 et
2059 648 2278 718 pietatis
2298 648 2462 702 verba
2496 647 2548 701 in
2573 662 2636 702 os
2676 662 2856 702 meum
2892 658 3149 716 reponat;
3183 664 3399 706 omnem
3436 666 3561 721 per.

1980 739 2342 794 turbationem
2389 737 2587 792 mentis
2630 735 2915 806 pacificet,
2965 747 3021 791 et
3062 738 3230 794 vitam
3275 738 3559 795 honestam

1979 832 2227 887 deducat.
2267 831 2409 902 Ergo
2439 831 2654 901 quando
2682 830 3003 893 adveneris,
3039 831 3264 886 Domine
3291 831 3440 899 Jesu,
3473 831 3560 902 ju-

1979 924 2159 979 dicare
2185 924 2337 977 vivos
2381 939 2444 977 ac
2479 932 2725 977 mortuos
2763 938 2825 977 ac
2860 923 3109 978 accolam
3138 939 3232 992 per
3266 924 3470 993 ignem,
3503 933 3559 980 et

1977 1017 2376 1085 consumpserit
2403 1015 2617 1070 flamma
2662 1017 3005 1072 adversarios
3039 1026 3186 1084 tuos,
3237 1034 3426 1075 omnes
3464 1020 3556 1090 qui

1977 1107 2208 1165 oderunt
2250 1121 2446 1161 nomen
2492 1114 2641 1161 tuum
2688 1108 2740 1161 in
2786 1107 3080 1162 novissima
3113 1110 3237 1165 tuba
3265 1118 3321 1164 et
3351 1119 3555 1181 tempe-

1977 1205 2118 1251 state
2156 1197 2331 1251 valida
2355 1237 2371 1264 ,
2409 1197 2624 1267 quando
2671 1199 2966 1252 secundum
3012 1200 3360 1271 Evangelium
3402 1210 3555 1255 tuum

1977 1288 2259 1357 apparebit
2284 1287 2496 1356 signum
2529 1286 2623 1341 filii
2652 1287 2887 1342 hominis
2930 1288 2982 1342 in
3024 1289 3179 1353 coelo,
3220 1299 3275 1344 et
3301 1290 3556 1363 plangent

1977 1392 2139 1446 super
2162 1393 2221 1433 se
2256 1392 2445 1432 omnes
2490 1377 2663 1432 tribus
2709 1385 2899 1444 terrae,
2948 1378 3221 1435 intuentes
3266 1380 3320 1434 in
3343 1395 3466 1435 eum
3499 1382 3553 1441 in

1976 1482 2136 1537 quem
2162 1474 2505 1538 pupugerunt
2530 1486 2542 1522 :
2574 1468 2799 1523 obsecro
2829 1475 2883 1522 ut
2923 1477 3051 1523 tunc
3092 1484 3122 1524 a
3146 1469 3378 1526 ﬂammis
3398 1471 3559 1527 ultrio

1976 1558 2131 1613 cibus
2178 1566 2362 1613 sancta
2406 1574 2543 1613 crux
2591 1574 2679 1613 me
2723 1559 2960 1630 eripiat,
3012 1568 3174 1629 atque
3202 1563 3271 1616 ab
3306 1562 3388 1617 ira
3416 1561 3553 1634 Agni

1975 1649 2253 1720 proprium
2301 1657 2517 1719 poetam
2558 1649 2830 1716 defendat,
2872 1652 2957 1705 cui
2998 1667 3137 1707 cano
3173 1668 3389 1711 carmen
3418 1670 3556 1725 prae.

272 1748 408 1795 .ctor
442 1736 682 1792 fidelium
713 1745 766 1791 et
793 1735 1053 1805 magister
1078 1733 1432 1799 credentium,
1457 1742 1512 1788 tu
1548 1749 1793 1790 summus
1821 1742 1876 1790 et
1903 1732 1950 1791 B
1979 1755 2122 1806 sens,
2156 1748 2212 1795 et
2235 1741 2440 1794 utinam
2469 1755 2638 1809 usque
2668 1741 2720 1794 in
2751 1740 2912 1794 finem
2947 1742 3070 1796 vitae
3099 1755 3233 1797 meae
3253 1742 3450 1812 placita
3480 1743 3553 1799 illi

252 1824 544 1905 ‘priuceps
596 1841 657 1882 es
710 1833 1010 1897 pastorum,
1063 1831 1122 1879 tu
1170 1824 1289 1897 pius
1339 1831 1616 1896 protector
1660 1832 1874 1879 tuarum

280 1921 467 1976 ovium
492 1960 509 1984 ,
538 1927 596 1973 tu
624 1927 811 1974 sancte
835 1915 1085 1972 Salvator
1109 1924 1299 1971 auctor
1318 1931 1378 1971 es
1402 1916 1567 1972 totius
1587 1916 1734 1983 boui,
1768 1917 1876 1971 dux

279 2011 484 2073 bonus,
516 2009 605 2063 via
649 2014 818 2075 recta,
865 2006 958 2061 lux
980 2021 1111 2062 vera
1134 2014 1191 2061 et
1212 2007 1326 2061 vita
1358 2015 1640 2077 perpetua,
1666 2023 1876 2064 merces

283 2102 434 2159 clara
466 2110 524 2157 et
547 2101 749 2155 ostium
775 2098 964 2155 salutis
983 2106 1222 2155 :eternaz.
1270 2098 1349 2153 Ex
1379 2106 1433 2153 te
1460 2098 1637 2154 omnis
1660 2114 1873 2167 sensus,

281 2207 409 2255 vox,
442 2191 673 2247 verbum
705 2198 760 2245 et
792 2191 1054 2245 virtutum
1083 2188 1324 2243 omnium
1364 2188 1573 2245 fructus
1606 2189 1871 2260 procedit.

283 2285 443 2340 Ad'te
468 2298 603 2354 ergo
632 2283 803 2341 direxi
833 2298 1139 2341 sermonem
1166 2282 1221 2337 in
1246 2282 1543 2353 primordio
1562 2282 1724 2353 hujus
1740 2299 1873 2355 ope-

281 2377 383 2440 ris,
431 2384 491 2431 et
543 2391 878 2447 quzecunque
922 2375 977 2430 in
1021 2375 1372 2446 sequentibus
1400 2375 1601 2441 addidi,
1630 2376 1697 2429 ad
1727 2384 1873 2429 tuam

283 2468 498 2529 Iaudem
526 2470 813 2541 pervenire
832 2468 1033 2539 Optavi.
1071 2467 1181 2524 Cor
1202 2482 1381 2523 meum
1409 2468 1477 2522 ad
1509 2475 1561 2523 te
1589 2483 1648 2523 se
1675 2466 1869 2532 elevat,

285 2563 490 2619 mentis
524 2578 661 2621 mea:
712 2571 822 2619 tota
863 2562 1092 2618 intentio
1136 2561 1205 2618 ad
1258 2568 1313 2616 te
1357 2560 1583 2627 clamat,
1609 2559 1872 2631 quidquid

283 2672 516 2727 usquam
557 2655 741 2728 lingua
786 2663 948 2711 recta:
993 2652 1349 2710 confessionis
1378 2667 1471 2708 seu
1501 2667 1694 2706 manus
1716 2652 1872 2708 bonae

284 2747 626 2818 operationis
651 2762 774 2802 cum
797 2746 1080 2801 devotione
1098 2744 1201 2814 piae
1228 2744 1425 2799 mentis
1448 2741 1674 2814 profert,
1702 2749 1871 2796 totum

284 2837 355 2891 ad
384 2836 607 2893 laudem
629 2844 777 2891 tuam
805 2835 1060 2906 pertinet.
1099 2833 1289 2891 Omnia
1320 2847 1552 2904 namque
1584 2840 1639 2887 te
1671 2831 1873 2904 gloriﬁ-

284 2936 413 2981 cant
434 2935 492 2983 et
515 2927 861 2991 benedicunt,
907 2942 1029 2997 quae
1065 2926 1120 2980 in
1161 2924 1288 2980 imis
1324 2933 1380 2980 et
1406 2939 1526 2994 quae
1547 2923 1600 2978 in
1624 2922 1872 2994 supernis

285 3025 434 3083 sunt,
464 3032 570 3073 nec
595 3032 704 3071 non
739 3024 795 3072 et
820 3031 921 3088 ego
959 3030 1089 3089 pars
1116 3015 1342 3075 minima
1369 3023 1474 3070 tuae
1499 3021 1784 3079 creaturae,
1814 3021 1869 3068 te

1975 1841 2030 1887 et
2064 1830 2361 1889 honoriﬁca
2406 1845 2621 1902 semper
2671 1832 2971 1895 dccantem,
3018 1832 3275 1890 minimus
3312 1833 3555 1892 omnium

1942 1958 1959 1964 ο
1974 1938 2254 1981 servorum
2282 1932 2494 1979 tuorum
2519 1932 2573 1978 et
2595 1930 2849 1994 peccator
2870 1922 3124 1978 Rabanus
3139 1964 3154 1989 ,
3178 1924 3407 1996 hymnis,
3438 1923 3556 1980 Iau-

1975 2014 2151 2080 dibus,
2176 2014 2362 2080 corde,
2390 2028 2506 2080 ore,
2532 2029 2694 2068 manu
2719 2021 2776 2068 et
2797 2014 2964 2070 totius
2985 2021 3137 2085 gestu
3159 2014 3426 2085 corporis,
3449 2014 3554 2071 hoc

1974 2118 2190 2178 semper
2209 2118 2519 2161 memorans
2536 2143 2552 2170 ,
2597 2112 2798 2179 quapta
2826 2104 3067 2163 bonitate
3098 2118 3198 2160 nos
3226 2112 3283 2160 tu
3308 2106 3554 2162 conditor

1972 2204 2161 2253 noster
2181 2196 2404 2261 creasti,
2441 2203 2496 2251 et
2528 2204 2730 2265 quanta
2758 2196 2961 2268 pietate
2992 2196 3291 2265 redemisti,
3329 2212 3451 2252 cum
3482 2198 3552 2253 ab

1972 2284 2168 2340 inferni
2197 2299 2420 2341 carcere
2441 2291 2498 2340 et
2523 2286 2784 2356 gehennm
2810 2283 3027 2344 ﬂamma
3061 2301 3161 2342 nos
3183 2286 3445 2343 liberasti.
3486 2287 3554 2362 Et

1972 2390 2135 2441 nunc,
2169 2376 2313 2430 bone
2337 2372 2608 2439 Salvator,
2639 2375 2898 2446 deprecor
2922 2384 2984 2431 ut
3011 2377 3106 2433 des
3141 2376 3275 2431 mihi
3310 2378 3551 2448 requiem

1972 2467 2119 2522 illam
2144 2481 2307 2536 quam
2333 2466 2583 2526 ﬁdelibus
2611 2467 2720 2522 tuis
2766 2467 3096 2538 promiseras
3133 2476 3186 2523 te
3221 2469 3470 2523 daturum
3498 2467 3554 2527 in

1972 2571 2100 2613 arce
2125 2556 2395 2628 polorum,
2420 2556 2511 2611 ubi
2535 2571 2662 2612 vere
2689 2556 2918 2627 populus
2943 2566 3066 2611 tuus
3090 2556 3409 2621 sabbatizat,
3432 2556 3556 2611 sab-

1970 2647 2099 2706 bato
2138 2647 2365 2717 perenni
2405 2647 2612 2702 fruens.
2670 2646 2895 2701 Interim
2921 2660 3155 2718 quoque,
3184 2647 3421 2715 quandiu
3449 2645 3553 2701 sim

1969 2737 2025 2792 in
2064 2736 2167 2795 hoc
2205 2735 2565 2806 corpusculo,
2614 2734 2786 2806 dirige
2837 2749 2925 2790 me
2970 2736 3024 2788 in
3058 2734 3253 2793 semita
3299 2745 3445 2790 recta
3494 2734 3557 2788 ﬁ.

1971 2828 2057 2884 dei
2102 2826 2402 2892 catholicae,
2445 2832 2686 2883 sustenta
2727 2824 2909 2904 firma.
2934 2838 3050 2894 spe,
3090 2822 3251 2878 refice
3287 2830 3378 2877 tua
3416 2822 3551 2878 dile~

1970 2921 2170 2986 ctione,
2199 2927 2259 2974 ut
2286 2918 2401 2990 ipse
2426 2917 2558 2974 mihi
2585 2917 2658 2973 sis
2689 2916 3026 2988 refrigerium
3054 2916 3107 2973 in
3144 2915 3249 2981 via,
3273 2930 3435 2985 quem
3465 2928 3556 2969 τες

1971 3009 2151 3081 quiem
2200 3007 2449 3064 desidero
2491 3006 2691 3063 habere
2730 3006 2786 3065 in
2831 3005 3027 3077 patria.
3079 3005 3210 3064 Sine
3260 3005 3366 3063 ulla
3410 3006 3558 3062 enim

286 3110 576 3167 Dominum
627 3126 816 3167 verum
871 3108 1096 3180 supplex
1145 3117 1202 3164 et
1246 3107 1403 3164 hctus
1447 3106 1615 3165 adoro
1637 3147 1653 3173 ,
1703 3114 1868 3181 atqtre
1893 3090 1939 3154 C
1969 3097 2285 3164 difﬁdentia,
2310 3097 2491 3156 omnia
2514 3096 2781 3168 promissa
2811 3104 2900 3156 tua
2926 3095 3089 3150 credo
3114 3108 3235 3151 esse
3257 3094 3554 3161 verissima,

285 3205 433 3259 cruci
486 3211 594 3258 tua:
642 3203 911 3259 submisse
957 3210 1014 3258 et
1058 3201 1337 3258 humiliter
1376 3199 1618 3259 salutans
1638 3198 1762 3255 dico
1787 3216 1800 3254 :
1825 3197 1871 3255 0
1964 3192 2168 3263 judicia
2204 3200 2296 3247 tua
2336 3191 2658 3262 pertimesco
2702 3188 3025 3252 rectissima,
3066 3187 3207 3243 dona
3246 3195 3339 3241 tua
3367 3201 3562 3257 exspe.

283 3294 495 3366 lignum
525 3294 690 3350 vitale
725 3304 781 3350 et
814 3310 907 3350 ara
942 3294 1243 3362 salutifera,
1277 3302 1328 3349 te
1360 3294 1542 3359 adem,
1573 3307 1722 3363 spem
1747 3293 1872 3354 vita!

287 3394 504 3440 eterna:
536 3385 835 3455 deprecans
855 3427 870 3447 ,
916 3393 977 3440 ut
1023 3401 1124 3462 per
1153 3394 1205 3440 te
1231 3391 1561 3443 structuram
1599 3382 1875 3438 sanctissi-

288 3462 431 3534 mam
469 3480 652 3539 hostia
678 3490 830 3552 grata
858 3480 972 3537 Deo
994 3480 1211 3535 oblatus
1237 3479 1490 3536 existam.
1548 3478 1661 3534 Hoc
1691 3493 1873 3534 meum

287 3578 371 3625 est
402 3570 764 3637 desiderium,
792 3571 894 3627 hoc
914 3571 1125 3627 validus
1154 3570 1357 3626 amoris
1393 3568 1594 3635 fervor,
1636 3570 1738 3625 hoc
1760 3577 1873 3624 tota

292 3660 522 3716 intentio
546 3661 751 3716 mentis
789 3669 845 3717 et
874 3661 1072 3717 famiua
1114 3662 1313 3733 linguze
1336 3671 1584 3728 exorant,
1611 3662 1718 3718 hoc
1744 3677 1873 3717 esu-

293 3751 400 3806 ries
433 3753 621 3813 cordis
648 3762 706 3807 et
731 3753 851 3809 sitis
882 3763 962 3813 est
994 3755 1189 3810 anima:
1209 3796 1224 3821 ,
1267 3762 1330 3809 ut
1363 3770 1460 3825 per
1480 3753 1747 3824 passionis
1769 3761 1874 3809 tute

294 3844 526 3912 gratiam
553 3861 643 3900 me
677 3846 771 3901 tibi
801 3845 1042 3903 oblatum
1071 3844 1333 3905 famulum
1359 3846 1644 3916 suscipias,
1676 3853 1875 3915 tuaque

1972 3296 2064 3345 cto
2099 3284 2428 3343 dulcissima.
2475 3282 2679 3339 Praesta
2708 3290 2770 3338 ut
2795 3281 2846 3336 in
2875 3288 2927 3336 te
2951 3280 3188 3350 gaudens
3223 3286 3398 3334 tecum
3429 3289 3563 3347 'per-

1973 3394 2220 3438 maneam
2251 3380 2304 3435 in
2333 3387 2533 3435 aeterna
2561 3377 2765 3433 laetitia.
2809 3374 2854 3432 Ο
2890 3390 3024 3431 crux
3059 3372 3200 3427 alma
3240 3370 3360 3437 Dei,
3390 3383 3563 3440 usque

1974 3475 2102 3539 huc,
2137 3479 2400 3543 quantum
2440 3471 2611 3541 potui,
2658 3468 2871 3523 laudem
2911 3475 3055 3521 tuam
3082 3463 3283 3528 cecini;
3314 3461 3408 3516 sed
3431 3460 3558 3530 quia

1977 3566 2312 3637 triumphum
2347 3573 2623 3635 perpetem
2653 3561 2888 3632 expetis,
2925 3573 3085 3629 quem
3113 3557 3165 3611 in
3207 3554 3293 3611 his
3317 3550 3562 3608 mortali.

1978 3657 2079 3712 bus
2097 3655 2329 3728 pleniter
2353 3662 2407 3711 et
2431 3652 2666 3724 perfecte
2696 3667 2800 3707 non
2826 3651 3053 3713 invenis,
3079 3646 3264 3702 confer
3292 3653 3343 3699 te
3364 3642 3433 3698 ad
3453 3658 3564 3698 cce.

1978 3748 2133 3803 lestia
2172 3745 2483 3817 angelorum
2522 3743 2756 3815 agmina,
2794 3741 2976 3811 ibique
3014 3738 3109 3795 tibi
3150 3737 3268 3791 laus
3302 3740 3563 3807 perpetua

1977 3853 2075 3910 per
2101 3820 2300 3893 cuncta
2327 3833 2539 3890 sonabit
2559 3830 2777 3887 szecula.

1278 3956 3548 4011 Nam

300 3987 1343 4022 ψ

891 4124 1463 4235 ΒΕΔΤῙ
1537 4114 2286 4235 ΒΔΒΔΝῙ
2358 4107 2971 4226 MAUBI

1048 4353 1431 4411 FULDENSIS
1465 4350 1756 4408 ABBATIS
1791 4349 1879 4407 ET
1916 4344 2300 4404 MOGUNTINI
2335 4337 2855 4401 ARCHIEPISCOPI

655 4540 851 4665 DE
954 4532 1979 4664 CLERICORUM
2075 4520 3199 4656 INSTITUTIONE

1234 4746 1251 4755 ‘
1316 4768 1413 4823 Al)
1447 4763 1943 4824 HEISTULPIIUM
1979 4758 2581 4817 ARCHIEPISCOPUM

1482 4924 1698 4986 LIBRI
1742 4920 1964 4983 TRES.
2011 4919 2257 5000 (ANNO
2299 4918 2466 4998 819.)

1086 5157 1176 5214 AD
1214 5154 1535 5212 FRATRES
1573 5151 1980 5213 FULDENSES
2017 5118 2420 5206 EPIGRAMMA
2459 5130 2790 5199 EIUSDEM.

384 5388 601 5446 Cernite
622 5372 755 5456 quid
789 5382 979 5446 voluit,
1009 5380 1219 5441 fratres,
1247 5378 1513 5435 sententia
1536 5377 1692 5450 legis,

457 5481 586 5546 Quae
616 5475 840 5531 mandat
866 5473 973 5528 rite
1002 5487 1226 5529 noscere
1267 5471 1428 5526 verba
1455 5471 1571 5525 Dei.

388 5567 559 5621 Aures
583 5564 830 5635 quisquis
856 5562 1037 5625 habet,
1067 5562 1157 5617 hic
1181 5561 1389 5626 audiat,
1420 5560 1613 5630 inquit,
1653 5568 1889 5628 apertas,

455 5656 594 5721 Quid
619 5658 761 5712 dicat
793 5662 1012 5710 sanctus
1034 5653 1267 5721 Spiritus
1292 5652 1571 5707 Eeclesiis.

1914 5375 1968 5434 D
2061 5370 2159 5428 Cui
2188 5367 2471 5425 Psalmista
2493 5365 2612 5437 pari
2641 5361 2937 5420 concordat
2962 5364 3261 5432 grammate
3286 5354 3498 5425 plebem

2137 5462 2193 5517 In
2211 5461 2385 5532 legem
2412 5457 2625 5515 Domini
2649 5469 2872 5512 cernere
2900 5453 3002 5507 rite
3016 5450 3230 5519 jubens.

2070 5556 2161 5611 Sic
2174 5568 2388 5624 quoque
2407 5566 2507 5607 nos
2532 5562 2746 5618 semper
2768 5543 2939 5601 oculis
2960 5550 3122 5612 atque
3142 5540 3362 5597 auribus
3390 5550 3467 5597 est
3489 5538 3570 5596 fas

2142 5648 2384 5711 latentis,
2416 5639 2863 5703 fratres,discere
2887 5636 3048 5691 verba
3078 5633 3193 5689 Dei.
