  <div class='ocr_page' id='page_1' title='image "/cluster/home/n/w/nwhite01/storage/ocr_20150623/107/hvd.32044054759725/153.png"; bbox 0 0 4002 6204; ppageno 0'>
   <div class='ocr_carea' id='block_1_1' title="bbox 367 266 476 322">
    <p class='ocr_par' dir='ltr' id='par_1_1' title="bbox 367 266 476 322">
     <span class='ocr_line' id='line_1_1' title="bbox 367 266 476 322; baseline 0.028 -7"><span class='ocrx_word' id='word_1_1' title='bbox 367 266 476 322; x_wconf 69' lang='lat'><strong>293</strong></span> 
     </span>
    </p>
   </div>
   <div class='ocr_carea' id='block_1_2' title="bbox 437 360 1806 445">
    <p class='ocr_par' dir='ltr' id='par_1_2' title="bbox 437 360 1806 445">
     <span class='ocr_line' id='line_1_2' title="bbox 437 360 1806 445; baseline -0.012 -14"><span class='ocrx_word' id='word_1_2' title='bbox 437 376 577 445; x_wconf 87' lang='lat' dir='ltr'><strong>Quid</strong></span> <span class='ocrx_word' id='word_1_3' title='bbox 606 376 827 431; x_wconf 82' lang='lat' dir='ltr'><strong>mandet</strong></span> <span class='ocrx_word' id='word_1_4' title='bbox 852 371 1032 437; x_wconf 88' lang='lat' dir='ltr'><strong>dictis,</strong></span> <span class='ocrx_word' id='word_1_5' title='bbox 1063 369 1191 441; x_wconf 88' lang='lat' dir='ltr'><strong>quid</strong></span> <span class='ocrx_word' id='word_1_6' title='bbox 1218 367 1380 423; x_wconf 75' lang='lat' dir='ltr'><strong>factis</strong></span> <span class='ocrx_word' id='word_1_7' title='bbox 1408 364 1609 421; x_wconf 90' lang='lat' dir='ltr'><strong>indicet</strong></span> <span class='ocrx_word' id='word_1_8' title='bbox 1634 360 1767 433; x_wconf 89' lang='lat' dir='ltr'><strong>ipsis</strong></span> <span class='ocrx_word' id='word_1_9' title='bbox 1790 401 1806 424; x_wconf 97' lang='lat'><strong>,</strong></span> 
     </span>
    </p>
   </div>
   <div class='ocr_carea' id='block_1_3' title="bbox 509 455 1634 534">
    <p class='ocr_par' dir='ltr' id='par_1_3' title="bbox 509 455 1634 534">
     <span class='ocr_line' id='line_1_3' title="bbox 509 455 1634 534; baseline -0.013 -13"><span class='ocrx_word' id='word_1_10' title='bbox 509 466 640 533; x_wconf 63' lang='lat' dir='ltr'><strong>Quae</strong></span> <span class='ocrx_word' id='word_1_11' title='bbox 665 464 831 520; x_wconf 72' lang='lat' dir='ltr'><strong>codex</strong></span> <span class='ocrx_word' id='word_1_12' title='bbox 863 462 1093 534; x_wconf 88' lang='lat' dir='ltr'><strong>geminis</strong></span> <span class='ocrx_word' id='word_1_13' title='bbox 1119 459 1362 515; x_wconf 93' lang='lat' dir='ltr'><strong>continet</strong></span> <span class='ocrx_word' id='word_1_14' title='bbox 1387 457 1476 512; x_wconf 92' lang='lat' dir='ltr'><strong>ille</strong></span> <span class='ocrx_word' id='word_1_15' title='bbox 1502 455 1634 511; x_wconf 84' lang='lat' dir='ltr'><strong>suis.</strong></span> 
     </span>
    </p>
   </div>
   <div class='ocr_carea' id='block_1_4' title="bbox 438 543 1826 624">
    <p class='ocr_par' dir='ltr' id='par_1_4' title="bbox 438 543 1826 624">
     <span class='ocr_line' id='line_1_4' title="bbox 438 543 1826 624; baseline -0.012 -11"><span class='ocrx_word' id='word_1_16' title='bbox 438 557 577 624; x_wconf 83' lang='lat' dir='ltr'><strong>Quid</strong></span> <span class='ocrx_word' id='word_1_17' title='bbox 605 554 928 611; x_wconf 88' lang='lat' dir='ltr'><strong>celebrando</strong></span> <span class='ocrx_word' id='word_1_18' title='bbox 950 552 1054 623; x_wconf 86' lang='lat' dir='ltr'><strong>piis</strong></span> <span class='ocrx_word' id='word_1_19' title='bbox 1081 551 1260 622; x_wconf 87' lang='lat' dir='ltr'><strong>signet</strong></span> <span class='ocrx_word' id='word_1_20' title='bbox 1284 546 1607 603; x_wconf 85' lang='lat' dir='ltr'><strong>charissima</strong></span> <span class='ocrx_word' id='word_1_21' title='bbox 1627 543 1826 600; x_wconf 90' lang='lat' dir='ltr'><strong>Christi</strong></span> 
     </span>
    </p>
   </div>
   <div class='ocr_carea' id='block_1_5' title="bbox 512 636 1666 717">
    <p class='ocr_par' dir='ltr' id='par_1_5' title="bbox 512 636 1666 717">
     <span class='ocr_line' id='line_1_5' title="bbox 512 636 1666 717; baseline -0.011 -15"><span class='ocrx_word' id='word_1_22' title='bbox 512 648 720 717; x_wconf 82' lang='lat' dir='ltr'><strong>Sponsa</strong></span> <span class='ocrx_word' id='word_1_23' title='bbox 751 642 1133 707; x_wconf 82' lang='lat' dir='ltr'><strong>sacramentis,</strong></span> <span class='ocrx_word' id='word_1_24' title='bbox 1173 649 1228 695; x_wconf 89' lang='lat' dir='ltr'><strong>et</strong></span> <span class='ocrx_word' id='word_1_25' title='bbox 1260 638 1455 695; x_wconf 90' lang='lat' dir='ltr'><strong>studiis</strong></span> <span class='ocrx_word' id='word_1_26' title='bbox 1484 636 1666 691; x_wconf 86' lang='lat' dir='ltr'><strong>variis.</strong></span> 
     </span>
    </p>
   </div>
   <div class='ocr_carea' id='block_1_6' title="bbox 439 728 1863 808">
    <p class='ocr_par' dir='ltr' id='par_1_6' title="bbox 439 728 1863 808">
     <span class='ocr_line' id='line_1_6' title="bbox 439 728 1863 808; baseline -0.007 -14"><span class='ocrx_word' id='word_1_27' title='bbox 439 739 683 808; x_wconf 81' lang='lat' dir='ltr'><strong>Namque</strong></span> <span class='ocrx_word' id='word_1_28' title='bbox 714 735 1035 807; x_wconf 89' lang='lat' dir='ltr'><strong>poposcistis</strong></span> <span class='ocrx_word' id='word_1_29' title='bbox 1059 736 1172 789; x_wconf 75' lang='lat' dir='ltr'><strong>lucc</strong></span> <span class='ocrx_word' id='word_1_30' title='bbox 1191 733 1347 789; x_wconf 91' lang='lat' dir='ltr'><strong>vobis</strong></span> <span class='ocrx_word' id='word_1_31' title='bbox 1372 730 1596 786; x_wconf 89' lang='lat' dir='ltr'><strong>reddere</strong></span> <span class='ocrx_word' id='word_1_32' title='bbox 1622 728 1863 800; x_wconf 82' lang='lat' dir='ltr'><strong>scriptis,</strong></span> 
     </span>
    </p>
   </div>
   <div class='ocr_carea' id='block_1_7' title="bbox 513 821 1632 897">
    <p class='ocr_par' dir='ltr' id='par_1_7' title="bbox 513 821 1632 897">
     <span class='ocr_line' id='line_1_7' title="bbox 513 821 1632 897; baseline -0.01 -12"><span class='ocrx_word' id='word_1_33' title='bbox 513 829 743 885; x_wconf 78' lang='lat' dir='ltr'><strong>Exhibui</strong></span> <span class='ocrx_word' id='word_1_34' title='bbox 770 827 953 897; x_wconf 79' lang='lat' dir='ltr'><strong>parvis</strong></span> <span class='ocrx_word' id='word_1_35' title='bbox 982 827 1017 880; x_wconf 87' lang='lat' dir='ltr'><strong>h</strong></span> <span class='ocrx_word' id='word_1_36' title='bbox 1036 841 1096 880; x_wconf 78' lang='lat' dir='ltr'><strong>rc</strong></span> <span class='ocrx_word' id='word_1_37' title='bbox 1124 823 1296 878; x_wconf 84' lang='lat' dir='ltr'><strong>tribus</strong></span> <span class='ocrx_word' id='word_1_38' title='bbox 1325 824 1439 891; x_wconf 83' lang='lat' dir='ltr'><strong>ipse</strong></span> <span class='ocrx_word' id='word_1_39' title='bbox 1461 821 1632 876; x_wconf 85' lang='lat' dir='ltr'><strong>libris.</strong></span> 
     </span>
    </p>
   </div>
   <div class='ocr_carea' id='block_1_8' title="bbox 441 908 1957 990">
    <p class='ocr_par' dir='ltr' id='par_1_8' title="bbox 441 908 1957 990">
     <span class='ocr_line' id='line_1_8' title="bbox 441 908 1957 990; baseline -0.009 -15"><span class='ocrx_word' id='word_1_40' title='bbox 441 922 581 990; x_wconf 84' lang='lat' dir='ltr'><strong>Quid</strong></span> <span class='ocrx_word' id='word_1_41' title='bbox 612 920 822 974; x_wconf 83' lang='lat' dir='ltr'><strong>cultura</strong></span> <span class='ocrx_word' id='word_1_42' title='bbox 852 917 1020 981; x_wconf 90' lang='lat' dir='ltr'><strong>venit,</strong></span> <span class='ocrx_word' id='word_1_43' title='bbox 1076 913 1335 985; x_wconf 81' lang='lat' dir='ltr'><strong>gradibus</strong></span> <span class='ocrx_word' id='word_1_44' title='bbox 1382 912 1511 982; x_wconf 91' lang='lat' dir='ltr'><strong>quid</strong></span> <span class='ocrx_word' id='word_1_45' title='bbox 1539 911 1753 967; x_wconf 90' lang='lat' dir='ltr'><strong>nuntiet</strong></span> <span class='ocrx_word' id='word_1_46' title='bbox 1781 908 1957 974; x_wconf 90' lang='lat' dir='ltr'><strong>almis,</strong></span> 
     </span>
    </p>
   </div>
   <div class='ocr_carea' id='block_1_9' title="bbox 514 1002 1830 1080">
    <p class='ocr_par' dir='ltr' id='par_1_9' title="bbox 514 1002 1830 1080">
     <span class='ocr_line' id='line_1_9' title="bbox 514 1002 1830 1080; baseline -0.006 -16"><span class='ocrx_word' id='word_1_47' title='bbox 514 1012 652 1079; x_wconf 82' lang='lat' dir='ltr'><strong>Quid</strong></span> <span class='ocrx_word' id='word_1_48' title='bbox 682 1024 862 1080; x_wconf 86' lang='lat' dir='ltr'><strong>prece,</strong></span> <span class='ocrx_word' id='word_1_49' title='bbox 891 1008 1021 1078; x_wconf 89' lang='lat' dir='ltr'><strong>quid</strong></span> <span class='ocrx_word' id='word_1_50' title='bbox 1055 1006 1207 1061; x_wconf 83' lang='lat' dir='ltr'><strong>festis</strong></span> <span class='ocrx_word' id='word_1_51' title='bbox 1235 1012 1422 1059; x_wconf 89' lang='lat' dir='ltr'><strong>sancta</strong></span> <span class='ocrx_word' id='word_1_52' title='bbox 1447 1004 1541 1058; x_wconf 91' lang='lat' dir='ltr'><strong>Dei</strong></span> <span class='ocrx_word' id='word_1_53' title='bbox 1569 1002 1830 1058; x_wconf 83' lang='lat' dir='ltr'><strong>Ecclesia.</strong></span> 
     </span>
    </p>
   </div>
   <div class='ocr_carea' id='block_1_10' title="bbox 444 1092 1910 1174">
    <p class='ocr_par' dir='ltr' id='par_1_10' title="bbox 444 1092 1910 1174">
     <span class='ocr_line' id='line_1_10' title="bbox 444 1092 1910 1174; baseline -0.011 -14"><span class='ocrx_word' id='word_1_54' title='bbox 444 1107 706 1174; x_wconf 84' lang='lat' dir='ltr'><strong>Dogmata</strong></span> <span class='ocrx_word' id='word_1_55' title='bbox 736 1116 855 1170; x_wconf 65' lang='lat' dir='ltr'><strong>quae</strong></span> <span class='ocrx_word' id='word_1_56' title='bbox 883 1098 1095 1154; x_wconf 89' lang='lat' dir='ltr'><strong>cunctis</strong></span> <span class='ocrx_word' id='word_1_57' title='bbox 1121 1097 1208 1166; x_wconf 89' lang='lat' dir='ltr'><strong>pia</strong></span> <span class='ocrx_word' id='word_1_58' title='bbox 1239 1096 1449 1150; x_wconf 87' lang='lat' dir='ltr'><strong>discere</strong></span> <span class='ocrx_word' id='word_1_59' title='bbox 1475 1107 1662 1163; x_wconf 68' lang='lat' dir='ltr'><strong>quaeve</strong></span> <span class='ocrx_word' id='word_1_60' title='bbox 1692 1092 1910 1155; x_wconf 90' lang='lat' dir='ltr'><strong>docere,</strong></span> 
     </span>
    </p>
   </div>
   <div class='ocr_carea' id='block_1_11' title="bbox 517 1181 1676 1256">
    <p class='ocr_par' dir='ltr' id='par_1_11' title="bbox 517 1181 1676 1256">
     <span class='ocr_line' id='line_1_11' title="bbox 517 1181 1676 1256; baseline -0.011 -8"><span class='ocrx_word' id='word_1_61' title='bbox 517 1193 788 1248; x_wconf 88' lang='lat' dir='ltr'><strong>Coudecet</strong></span> <span class='ocrx_word' id='word_1_62' title='bbox 817 1188 1100 1245; x_wconf 90' lang='lat' dir='ltr'><strong>ordinibus</strong></span> <span class='ocrx_word' id='word_1_63' title='bbox 1126 1185 1354 1256; x_wconf 87' lang='lat' dir='ltr'><strong>mystica</strong></span> <span class='ocrx_word' id='word_1_64' title='bbox 1379 1183 1524 1240; x_wconf 86' lang='lat' dir='ltr'><strong>dicta</strong></span> <span class='ocrx_word' id='word_1_65' title='bbox 1558 1181 1676 1238; x_wconf 89' lang='lat' dir='ltr'><strong>Dei.</strong></span> 
     </span>
    </p>
   </div>
   <div class='ocr_carea' id='block_1_12' title="bbox 1034 240 1983 316">
    <p class='ocr_par' dir='ltr' id='par_1_12' title="bbox 1034 246 1979 316">
     <span class='ocr_line' id='line_1_12' title="bbox 1034 246 1979 316; baseline -0.012 -3"><span class='ocrx_word' id='word_1_66' title='bbox 1034 258 1095 313; x_wconf 86' lang='lat' dir='ltr'><strong>B.</strong></span> <span class='ocrx_word' id='word_1_67' title='bbox 1130 254 1384 312; x_wconf 71' lang='lat' dir='ltr'><strong>RABANI</strong></span> <span class='ocrx_word' id='word_1_68' title='bbox 1426 255 1642 316; x_wconf 72' lang='lat' dir='ltr'><strong>MAIle</strong></span> <span class='ocrx_word' id='word_1_69' title='bbox 1678 246 1979 306; x_wconf 69' lang='lat' dir='ltr'><strong>AlilllllEP</strong></span> 
     </span>
    </p>
   </div>
   <div class='ocr_carea' id='block_1_13' title="bbox 2081 240 2976 316">
    <p class='ocr_par' dir='ltr' id='par_1_13' title="bbox 2081 240 2976 303">
     <span class='ocr_line' id='line_1_13' title="bbox 2081 240 2976 303; baseline -0.004 -3"><span class='ocrx_word' id='word_1_70' title='bbox 2081 244 2351 303; x_wconf 66' lang='lat' dir='ltr'><strong>lOGUNT.</strong></span> <span class='ocrx_word' id='word_1_71' title='bbox 2393 244 2678 303; x_wconf 74' lang='lat' dir='ltr'><strong>OPEBUM</strong></span> <span class='ocrx_word' id='word_1_72' title='bbox 2715 240 2897 298; x_wconf 85' lang='lat' dir='ltr'><strong>PARS</strong></span> <span class='ocrx_word' id='word_1_73' title='bbox 2935 241 2976 296; x_wconf 84' lang='grc' dir='ltr'><strong>Ι.</strong></span> 
     </span>
    </p>
   </div>
   <div class='ocr_carea' id='block_1_14' title="bbox 3535 235 3648 295">
    <p class='ocr_par' dir='ltr' id='par_1_14' title="bbox 3535 235 3648 295">
     <span class='ocr_line' id='line_1_14' title="bbox 3535 235 3648 295; baseline -0.027 0"><span class='ocrx_word' id='word_1_74' title='bbox 3535 235 3648 295; x_wconf 70' lang='grc'><strong>906</strong></span> 
     </span>
    </p>
   </div>
   <div class='ocr_carea' id='block_1_15' title="bbox 1970 352 3509 426">
    <p class='ocr_par' dir='ltr' id='par_1_15' title="bbox 1970 352 3509 426">
     <span class='ocr_line' id='line_1_15' title="bbox 1970 352 3509 426; baseline -0.004 -13"><span class='ocrx_word' id='word_1_75' title='bbox 1970 363 2025 422; x_wconf 76' lang='grc' dir='ltr'><strong>Α</strong></span> <span class='ocrx_word' id='word_1_76' title='bbox 2122 358 2179 413; x_wconf 88' lang='lat' dir='ltr'><strong>Si</strong></span> <span class='ocrx_word' id='word_1_77' title='bbox 2201 358 2327 413; x_wconf 91' lang='lat' dir='ltr'><strong>licet</strong></span> <span class='ocrx_word' id='word_1_78' title='bbox 2355 358 2470 412; x_wconf 78' lang='lat' dir='ltr'><strong>lucc</strong></span> <span class='ocrx_word' id='word_1_79' title='bbox 2505 365 2619 411; x_wconf 89' lang='lat' dir='ltr'><strong>tota</strong></span> <span class='ocrx_word' id='word_1_80' title='bbox 2642 371 2749 410; x_wconf 89' lang='lat' dir='ltr'><strong>non</strong></span> <span class='ocrx_word' id='word_1_81' title='bbox 2776 369 2996 426; x_wconf 88' lang='lat' dir='ltr'><strong>possum</strong></span> <span class='ocrx_word' id='word_1_82' title='bbox 3020 365 3247 426; x_wconf 81' lang='lat' dir='ltr'><strong>carpere</strong></span> <span class='ocrx_word' id='word_1_83' title='bbox 3273 352 3509 422; x_wconf 87' lang='lat' dir='ltr'><strong>scriptis,</strong></span> 
     </span>
    </p>
   </div>
   <div class='ocr_carea' id='block_1_16' title="bbox 2199 440 3414 515">
    <p class='ocr_par' dir='ltr' id='par_1_16' title="bbox 2199 440 3414 515">
     <span class='ocr_line' id='line_1_16' title="bbox 2199 440 3414 515; baseline -0.006 -13"><span class='ocrx_word' id='word_1_84' title='bbox 2199 447 2439 503; x_wconf 85' lang='lat' dir='ltr'><strong>Plurima</strong></span> <span class='ocrx_word' id='word_1_85' title='bbox 2463 444 2777 515; x_wconf 77' lang='lat' dir='ltr'><strong>complexus</strong></span> <span class='ocrx_word' id='word_1_86' title='bbox 2809 443 2897 498; x_wconf 90' lang='lat' dir='ltr'><strong>hic</strong></span> <span class='ocrx_word' id='word_1_87' title='bbox 2920 452 3099 498; x_wconf 87' lang='lat' dir='ltr'><strong>tamen</strong></span> <span class='ocrx_word' id='word_1_88' title='bbox 3121 450 3240 496; x_wconf 90' lang='lat' dir='ltr'><strong>arte</strong></span> <span class='ocrx_word' id='word_1_89' title='bbox 3270 440 3414 496; x_wconf 89' lang='lat' dir='ltr'><strong>dedi.</strong></span> 
     </span>
    </p>
   </div>
   <div class='ocr_carea' id='block_1_17' title="bbox 2131 532 3387 610">
    <p class='ocr_par' dir='ltr' id='par_1_17' title="bbox 2131 532 3387 610">
     <span class='ocr_line' id='line_1_17' title="bbox 2131 532 3387 610; baseline -0.006 -13"><span class='ocrx_word' id='word_1_90' title='bbox 2131 541 2257 597; x_wconf 66' lang='lat' dir='ltr'><strong>Haec</strong></span> <span class='ocrx_word' id='word_1_91' title='bbox 2280 554 2381 610; x_wconf 90' lang='lat' dir='ltr'><strong>ego</strong></span> <span class='ocrx_word' id='word_1_92' title='bbox 2408 544 2661 608; x_wconf 89' lang='lat' dir='ltr'><strong>peccator</strong></span> <span class='ocrx_word' id='word_1_93' title='bbox 2688 535 2942 589; x_wconf 78' lang='lat' dir='ltr'><strong>Rabanus</strong></span> <span class='ocrx_word' id='word_1_94' title='bbox 2962 535 3101 589; x_wconf 91' lang='lat' dir='ltr'><strong>dona</strong></span> <span class='ocrx_word' id='word_1_95' title='bbox 3128 532 3387 597; x_wconf 79' lang='lat' dir='ltr'><strong>tonantis,</strong></span> 
     </span>
    </p>
   </div>
   <div class='ocr_carea' id='block_1_18' title="bbox 2208 623 3335 695">
    <p class='ocr_par' dir='ltr' id='par_1_18' title="bbox 2208 623 3335 695">
     <span class='ocr_line' id='line_1_18' title="bbox 2208 623 3335 695; baseline -0.006 -10"><span class='ocrx_word' id='word_1_96' title='bbox 2208 630 2494 685; x_wconf 79' lang='lat' dir='ltr'><strong>Vobiscum</strong></span> <span class='ocrx_word' id='word_1_97' title='bbox 2527 626 2747 695; x_wconf 87' lang='lat' dir='ltr'><strong>capiens</strong></span> <span class='ocrx_word' id='word_1_98' title='bbox 2772 641 2914 680; x_wconf 89' lang='lat' dir='ltr'><strong>nunc</strong></span> <span class='ocrx_word' id='word_1_99' title='bbox 2935 624 3022 693; x_wconf 87' lang='lat' dir='ltr'><strong>pia</strong></span> <span class='ocrx_word' id='word_1_100' title='bbox 3048 623 3335 695; x_wconf 90' lang='lat' dir='ltr'><strong>participo.</strong></span> 
     </span>
    </p>
   </div>
   <div class='ocr_carea' id='block_1_19' title="bbox 2134 714 3612 793">
    <p class='ocr_par' dir='ltr' id='par_1_19' title="bbox 2134 714 3612 793">
     <span class='ocr_line' id='line_1_19' title="bbox 2134 714 3612 793; baseline -0.009 -14"><span class='ocrx_word' id='word_1_101' title='bbox 2134 721 2371 793; x_wconf 77' lang='lat' dir='ltr'><strong>Supplex</strong></span> <span class='ocrx_word' id='word_1_102' title='bbox 2397 735 2493 774; x_wconf 90' lang='lat' dir='ltr'><strong>vos</strong></span> <span class='ocrx_word' id='word_1_103' title='bbox 2517 732 2701 788; x_wconf 88' lang='lat' dir='ltr'><strong>posco,</strong></span> <span class='ocrx_word' id='word_1_104' title='bbox 2729 725 2933 772; x_wconf 90' lang='lat' dir='ltr'><strong>testans</strong></span> <span class='ocrx_word' id='word_1_105' title='bbox 2962 731 3059 786; x_wconf 92' lang='lat' dir='ltr'><strong>per</strong></span> <span class='ocrx_word' id='word_1_106' title='bbox 3085 724 3301 785; x_wconf 88' lang='lat' dir='ltr'><strong>sceptra</strong></span> <span class='ocrx_word' id='word_1_107' title='bbox 3328 714 3612 779; x_wconf 82' lang='lat' dir='ltr'><strong>Tonantis,</strong></span> 
     </span>
    </p>
   </div>
   <div class='ocr_carea' id='block_1_20' title="bbox 2210 807 3457 877">
    <p class='ocr_par' dir='ltr' id='par_1_20' title="bbox 2210 807 3457 877">
     <span class='ocr_line' id='line_1_20' title="bbox 2210 807 3457 877; baseline -0.005 -11"><span class='ocrx_word' id='word_1_108' title='bbox 2210 813 2290 866; x_wconf 81' lang='lat' dir='ltr'><strong>Me</strong></span> <span class='ocrx_word' id='word_1_109' title='bbox 2317 821 2375 866; x_wconf 90' lang='lat' dir='ltr'><strong>ut</strong></span> <span class='ocrx_word' id='word_1_110' title='bbox 2396 809 2783 865; x_wconf 73' lang='lat' dir='ltr'><strong>commendetis</strong></span> <span class='ocrx_word' id='word_1_111' title='bbox 2813 823 2909 862; x_wconf 89' lang='lat' dir='ltr'><strong>vos</strong></span> <span class='ocrx_word' id='word_1_112' title='bbox 2934 808 3184 877; x_wconf 88' lang='lat' dir='ltr'><strong>precibus</strong></span> <span class='ocrx_word' id='word_1_113' title='bbox 3211 807 3457 862; x_wconf 91' lang='lat' dir='ltr'><strong>Domino.</strong></span> 
     </span>
    </p>
   </div>
   <div class='ocr_carea' id='block_1_21' title="bbox 2132 897 3397 971">
    <p class='ocr_par' dir='ltr' id='par_1_21' title="bbox 2132 897 3397 971">
     <span class='ocr_line' id='line_1_21' title="bbox 2132 897 3397 971; baseline -0.005 -13"><span class='ocrx_word' id='word_1_114' title='bbox 2132 903 2410 971; x_wconf 90' lang='lat' dir='ltr'><strong>Quatenus</strong></span> <span class='ocrx_word' id='word_1_115' title='bbox 2441 900 2554 971; x_wconf 90' lang='lat' dir='ltr'><strong>ipse</strong></span> <span class='ocrx_word' id='word_1_116' title='bbox 2584 899 2703 969; x_wconf 92' lang='lat' dir='ltr'><strong>pius</strong></span> <span class='ocrx_word' id='word_1_117' title='bbox 2726 898 2986 953; x_wconf 86' lang='lat' dir='ltr'><strong>concedat</strong></span> <span class='ocrx_word' id='word_1_118' title='bbox 3014 898 3155 951; x_wconf 89' lang='lat' dir='ltr'><strong>dona</strong></span> <span class='ocrx_word' id='word_1_119' title='bbox 3184 897 3397 962; x_wconf 90' lang='lat' dir='ltr'><strong>salutis,</strong></span> 
     </span>
    </p>
   </div>
   <div class='ocr_carea' id='block_1_22' title="bbox 2205 987 3308 1059">
    <p class='ocr_par' dir='ltr' id='par_1_22' title="bbox 2205 987 3308 1059">
     <span class='ocr_line' id='line_1_22' title="bbox 2205 987 3308 1059; baseline -0.006 -12"><span class='ocrx_word' id='word_1_120' title='bbox 2205 992 2493 1047; x_wconf 80' lang='lat' dir='ltr'><strong>Vobiscum</strong></span> <span class='ocrx_word' id='word_1_121' title='bbox 2517 989 2754 1044; x_wconf 86' lang='lat' dir='ltr'><strong>mihimet</strong></span> <span class='ocrx_word' id='word_1_122' title='bbox 2793 1004 2956 1059; x_wconf 88' lang='lat' dir='ltr'><strong>regna</strong></span> <span class='ocrx_word' id='word_1_123' title='bbox 2995 989 3153 1042; x_wconf 89' lang='lat' dir='ltr'><strong>beata</strong></span> <span class='ocrx_word' id='word_1_124' title='bbox 3181 987 3308 1057; x_wconf 84' lang='lat' dir='ltr'><strong>poli.</strong></span> 
     </span>
    </p>
   </div>
   <div class='ocr_carea' id='block_1_23' title="bbox 2135 1081 3660 1145">
    <p class='ocr_par' dir='ltr' id='par_1_23' title="bbox 2135 1081 3660 1145">
     <span class='ocr_line' id='line_1_23' title="bbox 2135 1081 3660 1145; baseline -0.005 -3"><span class='ocrx_word' id='word_1_125' title='bbox 2135 1086 2385 1142; x_wconf 87' lang='lat' dir='ltr'><strong>Christus</strong></span> <span class='ocrx_word' id='word_1_126' title='bbox 2399 1084 2503 1137; x_wconf 86' lang='lat' dir='ltr'><strong>dux</strong></span> <span class='ocrx_word' id='word_1_127' title='bbox 2530 1092 2729 1145; x_wconf 90' lang='lat' dir='ltr'><strong>vester,</strong></span> <span class='ocrx_word' id='word_1_128' title='bbox 2753 1081 3003 1137; x_wconf 88' lang='lat' dir='ltr'><strong>Christus</strong></span> <span class='ocrx_word' id='word_1_129' title='bbox 3030 1098 3142 1143; x_wconf 83' lang='lat' dir='ltr'><strong>rex,</strong></span> <span class='ocrx_word' id='word_1_130' title='bbox 3160 1081 3407 1136; x_wconf 90' lang='lat' dir='ltr'><strong>Christus</strong></span> <span class='ocrx_word' id='word_1_131' title='bbox 3419 1090 3660 1137; x_wconf 79' lang='lat' dir='ltr'><strong>amator.</strong></span> 
     </span>
    </p>
   </div>
   <div class='ocr_carea' id='block_1_24' title="bbox 2209 1171 3451 1244">
    <p class='ocr_par' dir='ltr' id='par_1_24' title="bbox 2209 1171 3451 1244">
     <span class='ocr_line' id='line_1_24' title="bbox 2209 1171 3451 1244; baseline -0.003 -14"><span class='ocrx_word' id='word_1_132' title='bbox 2209 1173 2437 1244; x_wconf 88' lang='lat' dir='ltr'><strong>Semper</strong></span> <span class='ocrx_word' id='word_1_133' title='bbox 2461 1188 2558 1228; x_wconf 90' lang='lat' dir='ltr'><strong>vos</strong></span> <span class='ocrx_word' id='word_1_134' title='bbox 2585 1171 2756 1227; x_wconf 88' lang='lat' dir='ltr'><strong>salvet</strong></span> <span class='ocrx_word' id='word_1_135' title='bbox 2782 1187 3027 1226; x_wconf 87' lang='lat' dir='ltr'><strong>summus</strong></span> <span class='ocrx_word' id='word_1_136' title='bbox 3054 1173 3107 1225; x_wconf 91' lang='lat' dir='ltr'><strong>in</strong></span> <span class='ocrx_word' id='word_1_137' title='bbox 3131 1188 3263 1228; x_wconf 81' lang='lat' dir='ltr'><strong>arce</strong></span> <span class='ocrx_word' id='word_1_138' title='bbox 3289 1173 3451 1228; x_wconf 89' lang='lat' dir='ltr'><strong>Deus.</strong></span> 
     </span>
    </p>
   </div>
   <div class='ocr_carea' id='block_1_25' title="bbox 378 1372 3665 1421">
    <p class='ocr_par' dir='ltr' id='par_1_25' title="bbox 378 1372 3665 1421">
     <span class='ocr_line' id='line_1_25' title="bbox 378 1372 3665 1421; baseline -0.003 -22"><span class='ocrx_word' id='word_1_139' title='bbox 378 1372 3665 1421; x_wconf 48' lang='grc' dir='ltr'>Μ</span> 
     </span>
    </p>
   </div>
   <div class='ocr_carea' id='block_1_26' title="bbox 1747 1515 2277 1600">
    <p class='ocr_par' dir='ltr' id='par_1_26' title="bbox 1747 1515 2277 1600">
     <span class='ocr_line' id='line_1_26' title="bbox 1747 1515 2277 1600; baseline -0.017 -1"><span class='ocrx_word' id='word_1_140' title='bbox 1747 1515 2277 1600; x_wconf 73' lang='grc' dir='ltr'><strong>ΡΒιἘΡΑΤΙΟ</strong></span> 
     </span>
    </p>
   </div>
   <div class='ocr_carea' id='block_1_27' title="bbox 457 1801 3664 1889">
    <p class='ocr_par' dir='ltr' id='par_1_27' title="bbox 457 1801 3664 1889">
     <span class='ocr_line' id='line_1_27' title="bbox 457 1801 3664 1889; baseline -0.008 -5"><span class='ocrx_word' id='word_1_141' title='bbox 457 1828 686 1884; x_wconf 79' lang='lat' dir='ltr'><strong>Domino</strong></span> <span class='ocrx_word' id='word_1_142' title='bbox 720 1820 1174 1880; x_wconf 89' lang='lat' dir='ltr'><strong>reverendissimo</strong></span> <span class='ocrx_word' id='word_1_143' title='bbox 1200 1835 1264 1875; x_wconf 91' lang='lat' dir='ltr'><strong>ac</strong></span> <span class='ocrx_word' id='word_1_144' title='bbox 1291 1816 1696 1889; x_wconf 84' lang='lat' dir='ltr'><strong>religiosissime</strong></span> <span class='ocrx_word' id='word_1_145' title='bbox 1709 1814 1974 1869; x_wconf 77' lang='lat' dir='ltr'><strong>HEISTUL-</strong></span> <span class='ocrx_word' id='word_1_146' title='bbox 2001 1816 2050 1875; x_wconf 84' lang='grc' dir='ltr'>Β</span> <span class='ocrx_word' id='word_1_147' title='bbox 2080 1809 2306 1866; x_wconf 87' lang='lat' dir='ltr'><strong>resibus.</strong></span> <span class='ocrx_word' id='word_1_148' title='bbox 2363 1804 2578 1860; x_wconf 86' lang='lat' dir='ltr'><strong>Tertius</strong></span> <span class='ocrx_word' id='word_1_149' title='bbox 2605 1819 2735 1859; x_wconf 85' lang='lat' dir='ltr'><strong>vero</strong></span> <span class='ocrx_word' id='word_1_150' title='bbox 2786 1802 2922 1857; x_wconf 87' lang='lat' dir='ltr'><strong>liber</strong></span> <span class='ocrx_word' id='word_1_151' title='bbox 2968 1801 3161 1857; x_wconf 83' lang='lat' dir='ltr'><strong>edocet</strong></span> <span class='ocrx_word' id='word_1_152' title='bbox 3186 1801 3457 1871; x_wconf 85' lang='lat' dir='ltr'><strong>quomodo</strong></span> <span class='ocrx_word' id='word_1_153' title='bbox 3477 1805 3664 1887; x_wconf 79' lang='lat' dir='ltr'><strong>omnia</strong></span> 
     </span>
    </p>
   </div>
   <div class='ocr_carea' id='block_1_28' title="bbox 384 1892 1966 1986">
    <p class='ocr_par' dir='ltr' id='par_1_28' title="bbox 384 1892 1966 1986">
     <span class='ocr_line' id='line_1_28' title="bbox 384 1892 1966 1986; baseline -0.011 -10"><span class='ocrx_word' id='word_1_154' title='bbox 384 1935 485 1976; x_wconf 77' lang='lat' dir='ltr'><strong>ruo</strong></span> <span class='ocrx_word' id='word_1_155' title='bbox 515 1916 919 1986; x_wconf 83' lang='lat' dir='ltr'><strong>archiepiscopo</strong></span> <span class='ocrx_word' id='word_1_156' title='bbox 945 1913 1216 1977; x_wconf 59' lang='lat' dir='ltr'><strong>Russus,</strong></span> <span class='ocrx_word' id='word_1_157' title='bbox 1256 1910 1511 1964; x_wconf 90' lang='lat' dir='ltr'><strong>minimus</strong></span> <span class='ocrx_word' id='word_1_158' title='bbox 1539 1892 1821 1963; x_wconf 73' lang='lat' dir='ltr'><strong>servorum</strong></span> <span class='ocrx_word' id='word_1_159' title='bbox 1849 1904 1966 1967; x_wconf 92' lang='lat' dir='ltr'><strong>Dei,</strong></span> 
     </span>
    </p>
   </div>
   <div class='ocr_carea' id='block_1_29' title="bbox 384 2002 1729 2075">
    <p class='ocr_par' dir='ltr' id='par_1_29' title="bbox 384 2002 1729 2075">
     <span class='ocr_line' id='line_1_29' title="bbox 384 2002 1729 2075; baseline -0.018 -4"><span class='ocrx_word' id='word_1_160' title='bbox 384 2022 645 2072; x_wconf 62' lang='lat' dir='ltr'><strong>attentam</strong></span> <span class='ocrx_word' id='word_1_161' title='bbox 666 2010 721 2063; x_wconf 90' lang='lat' dir='ltr'><strong>in</strong></span> <span class='ocrx_word' id='word_1_162' title='bbox 744 2008 960 2063; x_wconf 86' lang='lat' dir='ltr'><strong>Christo</strong></span> <span class='ocrx_word' id='word_1_163' title='bbox 983 2013 1132 2075; x_wconf 89' lang='lat' dir='ltr'><strong>optat</strong></span> <span class='ocrx_word' id='word_1_164' title='bbox 1152 2002 1405 2059; x_wconf 84' lang='lat' dir='ltr'><strong>salutem.</strong></span> <span class='ocrx_word' id='word_1_165' title='bbox 1704 2036 1729 2047; x_wconf 77' lang='lat'><strong>-</strong></span> 
     </span>
    </p>
   </div>
   <div class='ocr_carea' id='block_1_30' title="bbox 456 2086 1971 2165">
    <p class='ocr_par' dir='ltr' id='par_1_30' title="bbox 456 2086 1971 2165">
     <span class='ocr_line' id='line_1_30' title="bbox 456 2086 1971 2165; baseline -0.012 -6"><span class='ocrx_word' id='word_1_166' title='bbox 456 2104 590 2160; x_wconf 92' lang='lat' dir='ltr'><strong>Cum</strong></span> <span class='ocrx_word' id='word_1_167' title='bbox 625 2109 695 2163; x_wconf 92' lang='lat' dir='ltr'><strong>te,</strong></span> <span class='ocrx_word' id='word_1_168' title='bbox 726 2104 912 2153; x_wconf 85' lang='lat' dir='ltr'><strong>sancte</strong></span> <span class='ocrx_word' id='word_1_169' title='bbox 939 2095 1123 2160; x_wconf 90' lang='lat' dir='ltr'><strong>Pater,</strong></span> <span class='ocrx_word' id='word_1_170' title='bbox 1146 2109 1245 2165; x_wconf 89' lang='lat' dir='ltr'><strong>pro</strong></span> <span class='ocrx_word' id='word_1_171' title='bbox 1278 2092 1472 2147; x_wconf 89' lang='lat' dir='ltr'><strong>merito</strong></span> <span class='ocrx_word' id='word_1_172' title='bbox 1499 2104 1725 2147; x_wconf 75' lang='lat' dir='ltr'><strong>summa:</strong></span> <span class='ocrx_word' id='word_1_173' title='bbox 1753 2086 1971 2159; x_wconf 88' lang='lat' dir='ltr'><strong>pietatis</strong></span> 
     </span>
    </p>
   </div>
   <div class='ocr_carea' id='block_1_31' title="bbox 386 2180 1973 2266">
    <p class='ocr_par' dir='ltr' id='par_1_31' title="bbox 386 2180 1973 2266">
     <span class='ocr_line' id='line_1_31' title="bbox 386 2180 1973 2266; baseline -0.011 -16"><span class='ocrx_word' id='word_1_174' title='bbox 386 2193 603 2266; x_wconf 89' lang='lat' dir='ltr'><strong>plurimi</strong></span> <span class='ocrx_word' id='word_1_175' title='bbox 633 2180 977 2253; x_wconf 80' lang='lat' dir='ltr'><strong>venerentur,</strong></span> <span class='ocrx_word' id='word_1_176' title='bbox 1018 2194 1074 2240; x_wconf 87' lang='lat' dir='ltr'><strong>et</strong></span> <span class='ocrx_word' id='word_1_177' title='bbox 1113 2184 1367 2240; x_wconf 90' lang='lat' dir='ltr'><strong>omnibus</strong></span> <span class='ocrx_word' id='word_1_178' title='bbox 1393 2180 1638 2237; x_wconf 90' lang='lat' dir='ltr'><strong>ﬁdelibus</strong></span> <span class='ocrx_word' id='word_1_179' title='bbox 1667 2194 1832 2234; x_wconf 90' lang='lat' dir='ltr'><strong>causa</strong></span> <span class='ocrx_word' id='word_1_180' title='bbox 1859 2194 1973 2233; x_wconf 88' lang='lat' dir='ltr'><strong>ma-</strong></span> 
     </span>
    </p>
   </div>
   <div class='ocr_carea' id='block_1_32' title="bbox 389 2272 1974 2359">
    <p class='ocr_par' dir='ltr' id='par_1_32' title="bbox 389 2272 1974 2359">
     <span class='ocr_line' id='line_1_32' title="bbox 389 2272 1974 2359; baseline -0.012 -18"><span class='ocrx_word' id='word_1_181' title='bbox 389 2302 506 2359; x_wconf 76' lang='lat' dir='ltr'><strong>gnte</strong></span> <span class='ocrx_word' id='word_1_182' title='bbox 524 2283 655 2338; x_wconf 83' lang='lat' dir='ltr'><strong>ﬁdei</strong></span> <span class='ocrx_word' id='word_1_183' title='bbox 687 2290 743 2336; x_wconf 90' lang='lat' dir='ltr'><strong>et</strong></span> <span class='ocrx_word' id='word_1_184' title='bbox 790 2294 935 2334; x_wconf 85' lang='lat' dir='ltr'><strong>sanae</strong></span> <span class='ocrx_word' id='word_1_185' title='bbox 972 2276 1231 2331; x_wconf 65' lang='lat' dir='ltr'><strong>doctrinae</strong></span> <span class='ocrx_word' id='word_1_186' title='bbox 1280 2272 1612 2329; x_wconf 85' lang='lat' dir='ltr'><strong>honorabilis</strong></span> <span class='ocrx_word' id='word_1_187' title='bbox 1642 2280 1803 2341; x_wconf 90' lang='lat' dir='ltr'><strong>atque</strong></span> <span class='ocrx_word' id='word_1_188' title='bbox 1826 2283 1974 2324; x_wconf 88' lang='lat' dir='ltr'><strong>ama-</strong></span> 
     </span>
    </p>
   </div>
   <div class='ocr_carea' id='block_1_33' title="bbox 390 2361 1974 2440">
    <p class='ocr_par' dir='ltr' id='par_1_33' title="bbox 390 2361 1974 2440">
     <span class='ocr_line' id='line_1_33' title="bbox 390 2361 1974 2440; baseline -0.011 -9"><span class='ocrx_word' id='word_1_189' title='bbox 390 2377 513 2433; x_wconf 80' lang='lat' dir='ltr'><strong>bilis</strong></span> <span class='ocrx_word' id='word_1_190' title='bbox 541 2374 767 2436; x_wconf 87' lang='lat' dir='ltr'><strong>existas,</strong></span> <span class='ocrx_word' id='word_1_191' title='bbox 796 2382 1092 2440; x_wconf 89' lang='lat' dir='ltr'><strong>congruum</strong></span> <span class='ocrx_word' id='word_1_192' title='bbox 1115 2380 1236 2420; x_wconf 92' lang='lat' dir='ltr'><strong>esse</strong></span> <span class='ocrx_word' id='word_1_193' title='bbox 1256 2363 1493 2433; x_wconf 88' lang='lat' dir='ltr'><strong>judicavi</strong></span> <span class='ocrx_word' id='word_1_194' title='bbox 1524 2371 1580 2417; x_wconf 91' lang='lat' dir='ltr'><strong>ut</strong></span> <span class='ocrx_word' id='word_1_195' title='bbox 1601 2377 1703 2433; x_wconf 86' lang='lat' dir='ltr'><strong>ego</strong></span> <span class='ocrx_word' id='word_1_196' title='bbox 1731 2361 1785 2415; x_wconf 91' lang='lat' dir='ltr'><strong>in</strong></span> <span class='ocrx_word' id='word_1_197' title='bbox 1812 2374 1974 2431; x_wconf 86' lang='lat' dir='ltr'><strong>quem</strong></span> 
     </span>
    </p>
   </div>
   <div class='ocr_carea' id='block_1_34' title="bbox 389 2452 1977 2539">
    <p class='ocr_par' dir='ltr' id='par_1_34' title="bbox 389 2452 1977 2539">
     <span class='ocr_line' id='line_1_34' title="bbox 389 2452 1977 2539; baseline -0.009 -17"><span class='ocrx_word' id='word_1_198' title='bbox 389 2468 683 2539; x_wconf 88' lang='lat' dir='ltr'><strong>plurimum</strong></span> <span class='ocrx_word' id='word_1_199' title='bbox 731 2471 945 2517; x_wconf 89' lang='lat' dir='ltr'><strong>tuorum</strong></span> <span class='ocrx_word' id='word_1_200' title='bbox 996 2457 1383 2514; x_wconf 87' lang='lat' dir='ltr'><strong>beneﬁciorum</strong></span> <span class='ocrx_word' id='word_1_201' title='bbox 1417 2456 1712 2521; x_wconf 89' lang='lat' dir='ltr'><strong>contulisti,</strong></span> <span class='ocrx_word' id='word_1_202' title='bbox 1759 2452 1977 2523; x_wconf 84' lang='lat' dir='ltr'><strong>aliquod</strong></span> 
     </span>
    </p>
   </div>
   <div class='ocr_carea' id='block_1_35' title="bbox 392 2546 1975 2620">
    <p class='ocr_par' dir='ltr' id='par_1_35' title="bbox 392 2546 1975 2620">
     <span class='ocr_line' id='line_1_35' title="bbox 392 2546 1975 2620; baseline -0.008 -7"><span class='ocrx_word' id='word_1_203' title='bbox 392 2556 771 2613; x_wconf 84' lang='lat' dir='ltr'><strong>munusculum</strong></span> <span class='ocrx_word' id='word_1_204' title='bbox 804 2553 930 2608; x_wconf 88' lang='lat' dir='ltr'><strong>licet</strong></span> <span class='ocrx_word' id='word_1_205' title='bbox 958 2566 1063 2606; x_wconf 92' lang='lat' dir='ltr'><strong>non</strong></span> <span class='ocrx_word' id='word_1_206' title='bbox 1090 2550 1437 2620; x_wconf 90' lang='lat' dir='ltr'><strong>condignum,</strong></span> <span class='ocrx_word' id='word_1_207' title='bbox 1471 2557 1674 2612; x_wconf 88' lang='lat' dir='ltr'><strong>tamen,</strong></span> <span class='ocrx_word' id='word_1_208' title='bbox 1702 2556 1761 2601; x_wconf 92' lang='lat' dir='ltr'><strong>ut</strong></span> <span class='ocrx_word' id='word_1_209' title='bbox 1788 2546 1975 2611; x_wconf 85' lang='lat' dir='ltr'><strong>credo,</strong></span> 
     </span>
    </p>
   </div>
   <div class='ocr_carea' id='block_1_36' title="bbox 393 2635 1979 2716">
    <p class='ocr_par' dir='ltr' id='par_1_36' title="bbox 393 2635 1979 2716">
     <span class='ocr_line' id='line_1_36' title="bbox 393 2635 1979 2716; baseline -0.008 -14"><span class='ocrx_word' id='word_1_210' title='bbox 393 2663 500 2702; x_wconf 91' lang='lat' dir='ltr'><strong>non</strong></span> <span class='ocrx_word' id='word_1_211' title='bbox 531 2646 805 2716; x_wconf 87' lang='lat' dir='ltr'><strong>ingratum</strong></span> <span class='ocrx_word' id='word_1_212' title='bbox 855 2651 961 2696; x_wconf 67' lang='lat' dir='ltr'><strong>tua:</strong></span> <span class='ocrx_word' id='word_1_213' title='bbox 1010 2639 1349 2695; x_wconf 90' lang='lat' dir='ltr'><strong>venerationi</strong></span> <span class='ocrx_word' id='word_1_214' title='bbox 1400 2635 1689 2702; x_wconf 78' lang='lat' dir='ltr'><strong>deferrem,</strong></span> <span class='ocrx_word' id='word_1_215' title='bbox 1722 2636 1855 2691; x_wconf 88' lang='lat' dir='ltr'><strong>nihil</strong></span> <span class='ocrx_word' id='word_1_216' title='bbox 1886 2651 1979 2690; x_wconf 80' lang='lat' dir='ltr'><strong>ve-</strong></span> 
     </span>
    </p>
   </div>
   <div class='ocr_carea' id='block_1_37' title="bbox 395 2725 1980 2806">
    <p class='ocr_par' dir='ltr' id='par_1_37' title="bbox 395 2725 1980 2806">
     <span class='ocr_line' id='line_1_37' title="bbox 395 2725 1980 2806; baseline -0.009 -13"><span class='ocrx_word' id='word_1_217' title='bbox 395 2753 521 2793; x_wconf 86' lang='lat' dir='ltr'><strong>rens</strong></span> <span class='ocrx_word' id='word_1_218' title='bbox 546 2735 614 2790; x_wconf 89' lang='lat' dir='ltr'><strong>de</strong></span> <span class='ocrx_word' id='word_1_219' title='bbox 644 2734 844 2806; x_wconf 89' lang='lat' dir='ltr'><strong>pretio,</strong></span> <span class='ocrx_word' id='word_1_220' title='bbox 876 2731 1000 2802; x_wconf 89' lang='lat' dir='ltr'><strong>quia</strong></span> <span class='ocrx_word' id='word_1_221' title='bbox 1027 2730 1241 2785; x_wconf 90' lang='lat' dir='ltr'><strong>animus</strong></span> <span class='ocrx_word' id='word_1_222' title='bbox 1266 2729 1321 2782; x_wconf 90' lang='lat' dir='ltr'><strong>in</strong></span> <span class='ocrx_word' id='word_1_223' title='bbox 1348 2727 1589 2783; x_wconf 87' lang='lat' dir='ltr'><strong>bonitate</strong></span> <span class='ocrx_word' id='word_1_224' title='bbox 1630 2727 1778 2782; x_wconf 88' lang='lat' dir='ltr'><strong>dives</strong></span> <span class='ocrx_word' id='word_1_225' title='bbox 1806 2725 1980 2794; x_wconf 85' lang='lat' dir='ltr'><strong>magis</strong></span> 
     </span>
    </p>
   </div>
   <div class='ocr_carea' id='block_1_38' title="bbox 393 2815 1979 2887">
    <p class='ocr_par' dir='ltr' id='par_1_38' title="bbox 393 2815 1979 2887">
     <span class='ocr_line' id='line_1_38' title="bbox 393 2815 1979 2887; baseline -0.009 -4"><span class='ocrx_word' id='word_1_226' title='bbox 393 2828 628 2883; x_wconf 79' lang='lat' dir='ltr'><strong>:estimat</strong></span> <span class='ocrx_word' id='word_1_227' title='bbox 648 2823 986 2879; x_wconf 77' lang='lat' dir='ltr'><strong>devotionem</strong></span> <span class='ocrx_word' id='word_1_228' title='bbox 1013 2819 1289 2874; x_wconf 84' lang='lat' dir='ltr'><strong>oll&#39;erentis</strong></span> <span class='ocrx_word' id='word_1_229' title='bbox 1320 2832 1484 2887; x_wconf 91' lang='lat' dir='ltr'><strong>quam</strong></span> <span class='ocrx_word' id='word_1_230' title='bbox 1530 2817 1761 2880; x_wconf 90' lang='lat' dir='ltr'><strong>donum;</strong></span> <span class='ocrx_word' id='word_1_231' title='bbox 1793 2823 1848 2869; x_wconf 90' lang='lat' dir='ltr'><strong>et</strong></span> <span class='ocrx_word' id='word_1_232' title='bbox 1876 2815 1979 2869; x_wconf 90' lang='lat' dir='ltr'><strong>hac</strong></span> 
     </span>
    </p>
   </div>
   <div class='ocr_carea' id='block_1_39' title="bbox 396 2906 1982 2980">
    <p class='ocr_par' dir='ltr' id='par_1_39' title="bbox 396 2906 1982 2980">
     <span class='ocr_line' id='line_1_39' title="bbox 396 2906 1982 2980; baseline -0.009 -8"><span class='ocrx_word' id='word_1_233' title='bbox 396 2917 588 2972; x_wconf 84' lang='lat' dir='ltr'><strong>ﬁducia</strong></span> <span class='ocrx_word' id='word_1_234' title='bbox 616 2929 781 2969; x_wconf 90' lang='lat' dir='ltr'><strong>ausus</strong></span> <span class='ocrx_word' id='word_1_235' title='bbox 812 2928 931 2966; x_wconf 88' lang='lat' dir='ltr'><strong>sum</strong></span> <span class='ocrx_word' id='word_1_236' title='bbox 971 2920 1180 2980; x_wconf 83' lang='lat' dir='ltr'><strong>partem</strong></span> <span class='ocrx_word' id='word_1_237' title='bbox 1209 2908 1410 2963; x_wconf 88' lang='lat' dir='ltr'><strong>laboris</strong></span> <span class='ocrx_word' id='word_1_238' title='bbox 1434 2907 1558 2972; x_wconf 86' lang='lat' dir='ltr'><strong>mei,</strong></span> <span class='ocrx_word' id='word_1_239' title='bbox 1600 2921 1762 2976; x_wconf 90' lang='lat' dir='ltr'><strong>quam</strong></span> <span class='ocrx_word' id='word_1_240' title='bbox 1788 2906 1842 2959; x_wconf 92' lang='lat' dir='ltr'><strong>in</strong></span> <span class='ocrx_word' id='word_1_241' title='bbox 1869 2918 1982 2960; x_wconf 87' lang='lat' dir='ltr'><strong>stu-</strong></span> 
     </span>
    </p>
   </div>
   <div class='ocr_carea' id='block_1_40' title="bbox 396 2995 1983 3066">
    <p class='ocr_par' dir='ltr' id='par_1_40' title="bbox 396 2995 1983 3066">
     <span class='ocr_line' id='line_1_40' title="bbox 396 2995 1983 3066; baseline -0.009 -3"><span class='ocrx_word' id='word_1_242' title='bbox 396 3009 485 3064; x_wconf 86' lang='lat' dir='ltr'><strong>dio</strong></span> <span class='ocrx_word' id='word_1_243' title='bbox 515 3021 684 3061; x_wconf 65' lang='lat' dir='ltr'><strong>sacra:</strong></span> <span class='ocrx_word' id='word_1_244' title='bbox 713 3001 963 3058; x_wconf 88' lang='lat' dir='ltr'><strong>lectionis</strong></span> <span class='ocrx_word' id='word_1_245' title='bbox 990 2997 1285 3062; x_wconf 84' lang='lat' dir='ltr'><strong>elaboravi,</strong></span> <span class='ocrx_word' id='word_1_246' title='bbox 1328 2996 1445 3060; x_wconf 91' lang='lat' dir='ltr'><strong>tibi,</strong></span> <span class='ocrx_word' id='word_1_247' title='bbox 1470 3011 1631 3064; x_wconf 91' lang='lat' dir='ltr'><strong>quem</strong></span> <span class='ocrx_word' id='word_1_248' title='bbox 1659 2995 1983 3066; x_wconf 83' lang='lat' dir='ltr'><strong>benignissi-</strong></span> 
     </span>
    </p>
   </div>
   <div class='ocr_carea' id='block_1_41' title="bbox 396 3083 1985 3164">
    <p class='ocr_par' dir='ltr' id='par_1_41' title="bbox 396 3083 1985 3164">
     <span class='ocr_line' id='line_1_41' title="bbox 396 3083 1985 3164; baseline -0.009 -10"><span class='ocrx_word' id='word_1_249' title='bbox 396 3113 542 3154; x_wconf 88' lang='lat' dir='ltr'><strong>mum</strong></span> <span class='ocrx_word' id='word_1_250' title='bbox 569 3104 730 3164; x_wconf 85' lang='lat' dir='ltr'><strong>atquc</strong></span> <span class='ocrx_word' id='word_1_251' title='bbox 755 3090 1119 3162; x_wconf 87' lang='lat' dir='ltr'><strong>aequissimum</strong></span> <span class='ocrx_word' id='word_1_252' title='bbox 1143 3102 1263 3143; x_wconf 91' lang='lat' dir='ltr'><strong>esse</strong></span> <span class='ocrx_word' id='word_1_253' title='bbox 1303 3087 1435 3149; x_wconf 90' lang='lat' dir='ltr'><strong>scio,</strong></span> <span class='ocrx_word' id='word_1_254' title='bbox 1474 3085 1593 3140; x_wconf 84' lang='lat' dir='ltr'><strong>vice</strong></span> <span class='ocrx_word' id='word_1_255' title='bbox 1621 3084 1861 3140; x_wconf 89' lang='lat' dir='ltr'><strong>muneris</strong></span> <span class='ocrx_word' id='word_1_256' title='bbox 1905 3083 1985 3139; x_wconf 91' lang='lat' dir='ltr'><strong>di-</strong></span> 
     </span>
    </p>
   </div>
   <div class='ocr_carea' id='block_1_42' title="bbox 2070 1878 3668 1969">
    <p class='ocr_par' dir='ltr' id='par_1_42' title="bbox 2070 1878 3668 1969">
     <span class='ocr_line' id='line_1_42' title="bbox 2070 1878 3668 1969; baseline -0.005 -15"><span class='ocrx_word' id='word_1_257' title='bbox 2070 1915 2192 1969; x_wconf 76' lang='lat' dir='ltr'><strong>quze</strong></span> <span class='ocrx_word' id='word_1_258' title='bbox 2221 1897 2274 1952; x_wconf 93' lang='lat' dir='ltr'><strong>in</strong></span> <span class='ocrx_word' id='word_1_259' title='bbox 2303 1895 2500 1951; x_wconf 80' lang='lat' dir='ltr'><strong>divinis</strong></span> <span class='ocrx_word' id='word_1_260' title='bbox 2545 1893 2698 1949; x_wconf 85' lang='lat' dir='ltr'><strong>libris</strong></span> <span class='ocrx_word' id='word_1_261' title='bbox 2730 1892 2933 1963; x_wconf 90' lang='lat' dir='ltr'><strong>scripta</strong></span> <span class='ocrx_word' id='word_1_262' title='bbox 2958 1899 3104 1955; x_wconf 85' lang='lat' dir='ltr'><strong>sunt,</strong></span> <span class='ocrx_word' id='word_1_263' title='bbox 3136 1878 3668 1961; x_wconf 42' lang='lat' dir='ltr'><strong>investiganda&#39;sunt</strong></span> 
     </span>
    </p>
   </div>
   <div class='ocr_carea' id='block_1_43' title="bbox 2069 1980 3669 2059">
    <p class='ocr_par' dir='ltr' id='par_1_43' title="bbox 2069 1980 3669 2059">
     <span class='ocr_line' id='line_1_43' title="bbox 2069 1980 3669 2059; baseline -0.006 -17"><span class='ocrx_word' id='word_1_264' title='bbox 2069 1997 2233 2059; x_wconf 88' lang='lat' dir='ltr'><strong>atque</strong></span> <span class='ocrx_word' id='word_1_265' title='bbox 2253 1984 2533 2050; x_wconf 89' lang='lat' dir='ltr'><strong>discenda,</strong></span> <span class='ocrx_word' id='word_1_266' title='bbox 2572 1998 2672 2039; x_wconf 91' lang='lat' dir='ltr'><strong>nec</strong></span> <span class='ocrx_word' id='word_1_267' title='bbox 2696 1998 2803 2038; x_wconf 90' lang='lat' dir='ltr'><strong>non</strong></span> <span class='ocrx_word' id='word_1_268' title='bbox 2827 1991 2884 2037; x_wconf 91' lang='lat' dir='ltr'><strong>et</strong></span> <span class='ocrx_word' id='word_1_269' title='bbox 2904 1997 2970 2036; x_wconf 91' lang='lat' dir='ltr'><strong>ea</strong></span> <span class='ocrx_word' id='word_1_270' title='bbox 2997 1996 3118 2052; x_wconf 77' lang='lat' dir='ltr'><strong>quae</strong></span> <span class='ocrx_word' id='word_1_271' title='bbox 3146 1981 3200 2034; x_wconf 92' lang='lat' dir='ltr'><strong>in</strong></span> <span class='ocrx_word' id='word_1_272' title='bbox 3230 1980 3513 2051; x_wconf 89' lang='lat' dir='ltr'><strong>gentilium</strong></span> <span class='ocrx_word' id='word_1_273' title='bbox 3545 1990 3669 2036; x_wconf 78' lang='lat' dir='ltr'><strong>stu-</strong></span> 
     </span>
    </p>
   </div>
   <div class='ocr_carea' id='block_1_44' title="bbox 2069 2074 3667 2134">
    <p class='ocr_par' dir='ltr' id='par_1_44' title="bbox 2069 2074 3667 2134">
     <span class='ocr_line' id='line_1_44' title="bbox 2069 2074 3667 2134; baseline -0.002 0"><span class='ocrx_word' id='word_1_274' title='bbox 2069 2079 2175 2134; x_wconf 89' lang='lat' dir='ltr'><strong>diis</strong></span> <span class='ocrx_word' id='word_1_275' title='bbox 2200 2088 2257 2133; x_wconf 93' lang='lat' dir='ltr'><strong>et</strong></span> <span class='ocrx_word' id='word_1_276' title='bbox 2297 2076 2510 2131; x_wconf 85' lang='lat' dir='ltr'><strong>artibus</strong></span> <span class='ocrx_word' id='word_1_277' title='bbox 2536 2074 2908 2132; x_wconf 89' lang='lat' dir='ltr'><strong>ecclesiastico</strong></span> <span class='ocrx_word' id='word_1_278' title='bbox 2936 2074 3054 2128; x_wconf 90' lang='lat' dir='ltr'><strong>viro</strong></span> <span class='ocrx_word' id='word_1_279' title='bbox 3080 2074 3310 2128; x_wconf 87' lang='lat' dir='ltr'><strong>scrutari</strong></span> <span class='ocrx_word' id='word_1_280' title='bbox 3339 2074 3489 2129; x_wconf 88' lang='lat' dir='ltr'><strong>utilia</strong></span> <span class='ocrx_word' id='word_1_281' title='bbox 3515 2083 3667 2131; x_wconf 88' lang='lat' dir='ltr'><strong>sunt.</strong></span> 
     </span>
    </p>
   </div>
   <div class='ocr_carea' id='block_1_45' title="bbox 2071 2163 3667 2235">
    <p class='ocr_par' dir='ltr' id='par_1_45' title="bbox 2071 2163 3667 2235">
     <span class='ocr_line' id='line_1_45' title="bbox 2071 2163 3667 2235; baseline -0.003 -12"><span class='ocrx_word' id='word_1_282' title='bbox 2071 2167 2374 2223; x_wconf 83' lang='lat' dir='ltr'><strong>Novissime</strong></span> <span class='ocrx_word' id='word_1_283' title='bbox 2403 2181 2532 2222; x_wconf 90' lang='lat' dir='ltr'><strong>vero</strong></span> <span class='ocrx_word' id='word_1_284' title='bbox 2556 2165 2692 2221; x_wconf 90' lang='lat' dir='ltr'><strong>liber</strong></span> <span class='ocrx_word' id='word_1_285' title='bbox 2744 2164 2862 2235; x_wconf 89' lang='lat' dir='ltr'><strong>ipse</strong></span> <span class='ocrx_word' id='word_1_286' title='bbox 2899 2164 3123 2233; x_wconf 80' lang='lat' dir='ltr'><strong>exponit</strong></span> <span class='ocrx_word' id='word_1_287' title='bbox 3150 2163 3421 2232; x_wconf 89' lang='lat' dir='ltr'><strong>quomodo</strong></span> <span class='ocrx_word' id='word_1_288' title='bbox 3447 2172 3667 2234; x_wconf 88' lang='lat' dir='ltr'><strong>oportet</strong></span> 
     </span>
    </p>
   </div>
   <div class='ocr_carea' id='block_1_46' title="bbox 2073 2256 3673 2331">
    <p class='ocr_par' dir='ltr' id='par_1_46' title="bbox 2073 2256 3673 2331">
     <span class='ocr_line' id='line_1_46' title="bbox 2073 2256 3673 2331; baseline -0.004 -12"><span class='ocrx_word' id='word_1_289' title='bbox 2073 2277 2168 2319; x_wconf 89' lang='lat' dir='ltr'><strong>eos</strong></span> <span class='ocrx_word' id='word_1_290' title='bbox 2215 2261 2310 2331; x_wconf 86' lang='lat' dir='ltr'><strong>qui</strong></span> <span class='ocrx_word' id='word_1_291' title='bbox 2361 2259 2585 2315; x_wconf 88' lang='lat' dir='ltr'><strong>docendi</strong></span> <span class='ocrx_word' id='word_1_292' title='bbox 2616 2257 2852 2313; x_wconf 79' lang='lat' dir='ltr'><strong>cilicium</strong></span> <span class='ocrx_word' id='word_1_293' title='bbox 2899 2264 3097 2326; x_wconf 87' lang='lat' dir='ltr'><strong>gerunt</strong></span> <span class='ocrx_word' id='word_1_294' title='bbox 3121 2256 3366 2312; x_wconf 89' lang='lat' dir='ltr'><strong>diversos</strong></span> <span class='ocrx_word' id='word_1_295' title='bbox 3393 2257 3673 2312; x_wconf 85' lang='lat' dir='ltr'><strong>auditores</strong></span> 
     </span>
    </p>
   </div>
   <div class='ocr_carea' id='block_1_47' title="bbox 2075 2348 3666 2414">
    <p class='ocr_par' dir='ltr' id='par_1_47' title="bbox 2075 2348 3666 2414">
     <span class='ocr_line' id='line_1_47' title="bbox 2075 2348 3666 2414; baseline -0.004 -3"><span class='ocrx_word' id='word_1_296' title='bbox 2075 2354 2305 2411; x_wconf 89' lang='lat' dir='ltr'><strong>diversis</strong></span> <span class='ocrx_word' id='word_1_297' title='bbox 2326 2351 2743 2407; x_wconf 90' lang='lat' dir='ltr'><strong>allocutionibus</strong></span> <span class='ocrx_word' id='word_1_298' title='bbox 2779 2350 3094 2414; x_wconf 88' lang='lat' dir='ltr'><strong>admonere,</strong></span> <span class='ocrx_word' id='word_1_299' title='bbox 3137 2356 3192 2403; x_wconf 86' lang='lat' dir='ltr'><strong>et</strong></span> <span class='ocrx_word' id='word_1_300' title='bbox 3219 2349 3272 2402; x_wconf 91' lang='lat' dir='ltr'><strong>in</strong></span> <span class='ocrx_word' id='word_1_301' title='bbox 3303 2348 3551 2404; x_wconf 89' lang='lat' dir='ltr'><strong>doctrina</strong></span> <span class='ocrx_word' id='word_1_302' title='bbox 3579 2362 3666 2404; x_wconf 86' lang='lat' dir='ltr'><strong>ec-</strong></span> 
     </span>
    </p>
   </div>
   <div class='ocr_carea' id='block_1_48' title="bbox 2075 2438 3675 2510">
    <p class='ocr_par' dir='ltr' id='par_1_48' title="bbox 2075 2438 3675 2510">
     <span class='ocr_line' id='line_1_48' title="bbox 2075 2438 3675 2510; baseline -0.002 -11"><span class='ocrx_word' id='word_1_303' title='bbox 2075 2442 2379 2500; x_wconf 86' lang='lat' dir='ltr'><strong>clesiastica</strong></span> <span class='ocrx_word' id='word_1_304' title='bbox 2413 2441 2648 2497; x_wconf 89' lang='lat' dir='ltr'><strong>ﬁdeliter</strong></span> <span class='ocrx_word' id='word_1_305' title='bbox 2674 2440 2909 2497; x_wconf 87' lang='lat' dir='ltr'><strong>erudire.</strong></span> <span class='ocrx_word' id='word_1_306' title='bbox 2944 2440 3012 2493; x_wconf 87' lang='lat' dir='ltr'><strong>Et</strong></span> <span class='ocrx_word' id='word_1_307' title='bbox 3040 2438 3168 2510; x_wconf 85' lang='lat' dir='ltr'><strong>quia</strong></span> <span class='ocrx_word' id='word_1_308' title='bbox 3196 2438 3313 2495; x_wconf 78' lang='lat' dir='ltr'><strong>lucc</strong></span> <span class='ocrx_word' id='word_1_309' title='bbox 3335 2441 3516 2495; x_wconf 90' lang='lat' dir='ltr'><strong>omnia</strong></span> <span class='ocrx_word' id='word_1_310' title='bbox 3546 2456 3675 2510; x_wconf 69' lang='lat' dir='ltr'><strong>qua</strong></span> 
     </span>
    </p>
   </div>
   <div class='ocr_carea' id='block_1_49' title="bbox 2077 2530 3676 2602">
    <p class='ocr_par' dir='ltr' id='par_1_49' title="bbox 2077 2530 3676 2602">
     <span class='ocr_line' id='line_1_49' title="bbox 2077 2530 3676 2602; baseline -0.001 -14"><span class='ocrx_word' id='word_1_311' title='bbox 2077 2533 2312 2589; x_wconf 80' lang='lat' dir='ltr'><strong>diximus</strong></span> <span class='ocrx_word' id='word_1_312' title='bbox 2351 2530 2417 2586; x_wconf 90' lang='lat' dir='ltr'><strong>ad</strong></span> <span class='ocrx_word' id='word_1_313' title='bbox 2462 2532 2785 2589; x_wconf 78' lang='lat' dir='ltr'><strong>clericorum</strong></span> <span class='ocrx_word' id='word_1_314' title='bbox 2822 2530 3057 2585; x_wconf 80' lang='lat' dir='ltr'><strong>cilicium</strong></span> <span class='ocrx_word' id='word_1_315' title='bbox 3095 2531 3331 2588; x_wconf 77' lang='lat' dir='ltr'><strong>maxime</strong></span> <span class='ocrx_word' id='word_1_316' title='bbox 3373 2532 3676 2602; x_wconf 86' lang='lat' dir='ltr'><strong>pertinent,</strong></span> 
     </span>
    </p>
   </div>
   <div class='ocr_carea' id='block_1_50' title="bbox 2078 2620 3675 2694">
    <p class='ocr_par' dir='ltr' id='par_1_50' title="bbox 2078 2620 3675 2694">
     <span class='ocr_line' id='line_1_50' title="bbox 2078 2620 3675 2694; baseline 0.001 -17"><span class='ocrx_word' id='word_1_317' title='bbox 2078 2625 2171 2694; x_wconf 88' lang='lat' dir='ltr'><strong>qui</strong></span> <span class='ocrx_word' id='word_1_318' title='bbox 2216 2620 2393 2679; x_wconf 82' lang='lat' dir='ltr'><strong>locum</strong></span> <span class='ocrx_word' id='word_1_319' title='bbox 2425 2622 2704 2693; x_wconf 88' lang='lat' dir='ltr'><strong>regiminis</strong></span> <span class='ocrx_word' id='word_1_320' title='bbox 2738 2622 2792 2676; x_wconf 92' lang='lat' dir='ltr'><strong>in</strong></span> <span class='ocrx_word' id='word_1_321' title='bbox 2837 2620 3079 2677; x_wconf 81' lang='lat' dir='ltr'><strong>Ecclesia</strong></span> <span class='ocrx_word' id='word_1_322' title='bbox 3132 2629 3339 2689; x_wconf 88' lang='lat' dir='ltr'><strong>tenent,</strong></span> <span class='ocrx_word' id='word_1_323' title='bbox 3369 2632 3426 2678; x_wconf 89' lang='lat' dir='ltr'><strong>et</strong></span> <span class='ocrx_word' id='word_1_324' title='bbox 3451 2624 3518 2679; x_wconf 91' lang='lat' dir='ltr'><strong>de</strong></span> <span class='ocrx_word' id='word_1_325' title='bbox 3543 2626 3675 2679; x_wconf 85' lang='lat' dir='ltr'><strong>uni-</strong></span> 
     </span>
    </p>
   </div>
   <div class='ocr_carea' id='block_1_51' title="bbox 2079 2717 3677 2792">
    <p class='ocr_par' dir='ltr' id='par_1_51' title="bbox 2079 2717 3677 2792">
     <span class='ocr_line' id='line_1_51' title="bbox 2079 2717 3677 2792; baseline -0.001 -16"><span class='ocrx_word' id='word_1_326' title='bbox 2079 2720 2253 2776; x_wconf 86' lang='lat' dir='ltr'><strong>versis</strong></span> <span class='ocrx_word' id='word_1_327' title='bbox 2280 2720 2535 2792; x_wconf 85' lang='lat' dir='ltr'><strong>legitimis</strong></span> <span class='ocrx_word' id='word_1_328' title='bbox 2556 2717 2653 2773; x_wconf 90' lang='lat' dir='ltr'><strong>Dei</strong></span> <span class='ocrx_word' id='word_1_329' title='bbox 2688 2717 2945 2789; x_wconf 90' lang='lat' dir='ltr'><strong>populum</strong></span> <span class='ocrx_word' id='word_1_330' title='bbox 2976 2718 3247 2774; x_wconf 79' lang='lat' dir='ltr'><strong>instruere</strong></span> <span class='ocrx_word' id='word_1_331' title='bbox 3283 2719 3499 2785; x_wconf 88' lang='lat' dir='ltr'><strong>debent,</strong></span> <span class='ocrx_word' id='word_1_332' title='bbox 3552 2719 3677 2790; x_wconf 78' lang='lat' dir='ltr'><strong>pla—</strong></span> 
     </span>
    </p>
   </div>
   <div class='ocr_carea' id='block_1_52' title="bbox 2080 2813 3677 2887">
    <p class='ocr_par' dir='ltr' id='par_1_52' title="bbox 2080 2813 3677 2887">
     <span class='ocr_line' id='line_1_52' title="bbox 2080 2813 3677 2887; baseline -0.001 -15"><span class='ocrx_word' id='word_1_333' title='bbox 2080 2818 2193 2873; x_wconf 87' lang='lat' dir='ltr'><strong>cuit</strong></span> <span class='ocrx_word' id='word_1_334' title='bbox 2229 2818 2376 2887; x_wconf 90' lang='lat' dir='ltr'><strong>ipsos</strong></span> <span class='ocrx_word' id='word_1_335' title='bbox 2403 2815 2570 2871; x_wconf 90' lang='lat' dir='ltr'><strong>libros</strong></span> <span class='ocrx_word' id='word_1_336' title='bbox 2617 2815 2683 2869; x_wconf 92' lang='lat' dir='ltr'><strong>de</strong></span> <span class='ocrx_word' id='word_1_337' title='bbox 2724 2813 3065 2869; x_wconf 87' lang='lat' dir='ltr'><strong>Institutione</strong></span> <span class='ocrx_word' id='word_1_338' title='bbox 3110 2814 3433 2870; x_wconf 89' lang='lat' dir='ltr'><strong>clericorum</strong></span> <span class='ocrx_word' id='word_1_339' title='bbox 3461 2832 3677 2871; x_wconf 67' lang='lat' dir='ltr'><strong>nuncu~</strong></span> 
     </span>
    </p>
   </div>
   <div class='ocr_carea' id='block_1_53' title="bbox 2079 2904 3677 2978">
    <p class='ocr_par' dir='ltr' id='par_1_53' title="bbox 2079 2904 3677 2978">
     <span class='ocr_line' id='line_1_53' title="bbox 2079 2904 3677 2978; baseline -0.001 -16"><span class='ocrx_word' id='word_1_340' title='bbox 2079 2908 2220 2978; x_wconf 90' lang='lat' dir='ltr'><strong>pari,</strong></span> <span class='ocrx_word' id='word_1_341' title='bbox 2250 2907 2302 2962; x_wconf 91' lang='lat' dir='ltr'><strong>id</strong></span> <span class='ocrx_word' id='word_1_342' title='bbox 2332 2914 2435 2973; x_wconf 92' lang='lat' dir='ltr'><strong>est,</strong></span> <span class='ocrx_word' id='word_1_343' title='bbox 2467 2921 2592 2961; x_wconf 91' lang='lat' dir='ltr'><strong>cum</strong></span> <span class='ocrx_word' id='word_1_344' title='bbox 2625 2919 2732 2975; x_wconf 89' lang='lat' dir='ltr'><strong>qua</strong></span> <span class='ocrx_word' id='word_1_345' title='bbox 2766 2919 2826 2959; x_wconf 88' lang='lat' dir='ltr'><strong>se</strong></span> <span class='ocrx_word' id='word_1_346' title='bbox 2852 2904 2938 2958; x_wconf 92' lang='lat' dir='ltr'><strong>vel</strong></span> <span class='ocrx_word' id='word_1_347' title='bbox 2972 2905 3073 2959; x_wconf 92' lang='lat' dir='ltr'><strong>sibi</strong></span> <span class='ocrx_word' id='word_1_348' title='bbox 3111 2905 3355 2961; x_wconf 88' lang='lat' dir='ltr'><strong>subditos</strong></span> <span class='ocrx_word' id='word_1_349' title='bbox 3393 2906 3459 2960; x_wconf 88' lang='lat' dir='ltr'><strong>ad</strong></span> <span class='ocrx_word' id='word_1_350' title='bbox 3496 2908 3677 2961; x_wconf 79' lang='lat' dir='ltr'><strong>servi-</strong></span> 
     </span>
    </p>
   </div>
   <div class='ocr_carea' id='block_1_54' title="bbox 2083 2994 3677 3065">
    <p class='ocr_par' dir='ltr' id='par_1_54' title="bbox 2083 2994 3677 3065">
     <span class='ocr_line' id='line_1_54' title="bbox 2083 2994 3677 3065; baseline 0 -12"><span class='ocrx_word' id='word_1_351' title='bbox 2083 2999 2215 3055; x_wconf 90' lang='lat' dir='ltr'><strong>tium</strong></span> <span class='ocrx_word' id='word_1_352' title='bbox 2246 2998 2489 3054; x_wconf 90' lang='lat' dir='ltr'><strong>divinum</strong></span> <span class='ocrx_word' id='word_1_353' title='bbox 2520 2996 2789 3052; x_wconf 87' lang='lat' dir='ltr'><strong>instruere</strong></span> <span class='ocrx_word' id='word_1_354' title='bbox 2813 2995 3029 3050; x_wconf 88' lang='lat' dir='ltr'><strong>debent.</strong></span> <span class='ocrx_word' id='word_1_355' title='bbox 3079 2994 3312 3052; x_wconf 81' lang='lat' dir='ltr'><strong>Pmiude</strong></span> <span class='ocrx_word' id='word_1_356' title='bbox 3338 2997 3567 3053; x_wconf 90' lang='lat' dir='ltr'><strong>obsecro</strong></span> <span class='ocrx_word' id='word_1_357' title='bbox 3596 3007 3677 3065; x_wconf 92' lang='lat' dir='ltr'><strong>tc,</strong></span> 
     </span>
    </p>
   </div>
   <div class='ocr_carea' id='block_1_55' title="bbox 2086 3086 3680 3158">
    <p class='ocr_par' dir='ltr' id='par_1_55' title="bbox 2086 3086 3680 3158">
     <span class='ocr_line' id='line_1_55' title="bbox 2086 3086 3680 3158; baseline 0.001 -14"><span class='ocrx_word' id='word_1_358' title='bbox 2086 3098 2273 3144; x_wconf 87' lang='lat' dir='ltr'><strong>sancte</strong></span> <span class='ocrx_word' id='word_1_359' title='bbox 2291 3088 2472 3149; x_wconf 88' lang='lat' dir='ltr'><strong>Pater,</strong></span> <span class='ocrx_word' id='word_1_360' title='bbox 2501 3100 2562 3141; x_wconf 86' lang='lat' dir='ltr'><strong>ut</strong></span> <span class='ocrx_word' id='word_1_361' title='bbox 2594 3086 2833 3141; x_wconf 85' lang='lat' dir='ltr'><strong>oblatum</strong></span> <span class='ocrx_word' id='word_1_362' title='bbox 2863 3086 2957 3141; x_wconf 88' lang='lat' dir='ltr'><strong>tibi</strong></span> <span class='ocrx_word' id='word_1_363' title='bbox 2986 3102 3121 3155; x_wconf 85' lang='lat' dir='ltr'><strong>opus</strong></span> <span class='ocrx_word' id='word_1_364' title='bbox 3150 3087 3433 3158; x_wconf 88' lang='lat' dir='ltr'><strong>suscipias,</strong></span> <span class='ocrx_word' id='word_1_365' title='bbox 3479 3105 3543 3144; x_wconf 91' lang='lat' dir='ltr'><strong>ac</strong></span> <span class='ocrx_word' id='word_1_366' title='bbox 3586 3093 3680 3158; x_wconf 84' lang='lat' dir='ltr'><strong>pie</strong></span> 
     </span>
    </p>
   </div>
   <div class='ocr_carea' id='block_1_56' title="bbox 397 3175 3681 3255">
    <p class='ocr_par' dir='ltr' id='par_1_56' title="bbox 397 3175 3681 3255">
     <span class='ocr_line' id='line_1_56' title="bbox 397 3175 3681 3255; baseline -0.002 -15"><span class='ocrx_word' id='word_1_367' title='bbox 397 3187 595 3255; x_wconf 83' lang='lat' dir='ltr'><strong>rigere,</strong></span> <span class='ocrx_word' id='word_1_368' title='bbox 625 3198 654 3237; x_wconf 88' lang='lat' dir='ltr'><strong>a</strong></span> <span class='ocrx_word' id='word_1_369' title='bbox 679 3191 729 3236; x_wconf 89' lang='lat' dir='ltr'><strong>te</strong></span> <span class='ocrx_word' id='word_1_370' title='bbox 757 3179 1143 3251; x_wconf 82' lang='lat' dir='ltr'><strong>qualiscunque</strong></span> <span class='ocrx_word' id='word_1_371' title='bbox 1170 3176 1241 3231; x_wconf 90' lang='lat' dir='ltr'><strong>sit</strong></span> <span class='ocrx_word' id='word_1_372' title='bbox 1276 3175 1608 3245; x_wconf 88' lang='lat' dir='ltr'><strong>reciperetur</strong></span> <span class='ocrx_word' id='word_1_373' title='bbox 1627 3214 1643 3240; x_wconf 92' lang='lat'><strong>,</strong></span> <span class='ocrx_word' id='word_1_374' title='bbox 1669 3190 1735 3229; x_wconf 90' lang='lat' dir='ltr'><strong>ac</strong></span> <span class='ocrx_word' id='word_1_375' title='bbox 1773 3182 1865 3228; x_wconf 88' lang='lat' dir='ltr'><strong>tuo</strong></span> <span class='ocrx_word' id='word_1_376' title='bbox 1892 3188 1975 3228; x_wconf 80' lang='lat' dir='ltr'><strong>sa-</strong></span> <span class='ocrx_word' id='word_1_377' title='bbox 2005 3175 2048 3236; x_wconf 94' lang='lat' dir='ltr'><strong>C</strong></span> <span class='ocrx_word' id='word_1_378' title='bbox 2082 3178 2347 3248; x_wconf 85' lang='lat' dir='ltr'><strong>relegens,</strong></span> <span class='ocrx_word' id='word_1_379' title='bbox 2378 3175 2665 3247; x_wconf 82' lang='lat' dir='ltr'><strong>diligenter</strong></span> <span class='ocrx_word' id='word_1_380' title='bbox 2689 3175 2817 3230; x_wconf 90' lang='lat' dir='ltr'><strong>illud</strong></span> <span class='ocrx_word' id='word_1_381' title='bbox 2857 3177 3165 3240; x_wconf 84' lang='lat' dir='ltr'><strong>examines,</strong></span> <span class='ocrx_word' id='word_1_382' title='bbox 3193 3185 3247 3231; x_wconf 92' lang='lat' dir='ltr'><strong>ct</strong></span> <span class='ocrx_word' id='word_1_383' title='bbox 3278 3177 3351 3232; x_wconf 88' lang='lat' dir='ltr'><strong>ita</strong></span> <span class='ocrx_word' id='word_1_384' title='bbox 3375 3193 3493 3248; x_wconf 66' lang='lat' dir='ltr'><strong>qua?</strong></span> <span class='ocrx_word' id='word_1_385' title='bbox 3523 3179 3579 3232; x_wconf 86' lang='lat' dir='ltr'><strong>in</strong></span> <span class='ocrx_word' id='word_1_386' title='bbox 3606 3193 3681 3236; x_wconf 88' lang='lat' dir='ltr'><strong>eo</strong></span> 
     </span>
    </p>
   </div>
   <div class='ocr_carea' id='block_1_57' title="bbox 398 3264 1982 3345">
    <p class='ocr_par' dir='ltr' id='par_1_57' title="bbox 398 3264 1982 3345">
     <span class='ocr_line' id='line_1_57' title="bbox 398 3264 1982 3345; baseline -0.009 -13"><span class='ocrx_word' id='word_1_387' title='bbox 398 3294 495 3332; x_wconf 93' lang='lat' dir='ltr'><strong>cro</strong></span> <span class='ocrx_word' id='word_1_388' title='bbox 511 3275 717 3345; x_wconf 82' lang='lat' dir='ltr'><strong>judicio</strong></span> <span class='ocrx_word' id='word_1_389' title='bbox 745 3273 1083 3341; x_wconf 78' lang='lat' dir='ltr'><strong>probaretur,</strong></span> <span class='ocrx_word' id='word_1_390' title='bbox 1127 3278 1290 3337; x_wconf 89' lang='lat' dir='ltr'><strong>atque</strong></span> <span class='ocrx_word' id='word_1_391' title='bbox 1326 3266 1392 3323; x_wconf 86' lang='lat' dir='ltr'><strong>ad</strong></span> <span class='ocrx_word' id='word_1_392' title='bbox 1422 3280 1616 3336; x_wconf 89' lang='lat' dir='ltr'><strong>purum</strong></span> <span class='ocrx_word' id='word_1_393' title='bbox 1641 3264 1982 3321; x_wconf 76' lang='lat' dir='ltr'><strong>examinare-</strong></span> 
     </span>
    </p>
   </div>
   <div class='ocr_carea' id='block_1_58' title="bbox 400 3356 1979 3432">
    <p class='ocr_par' dir='ltr' id='par_1_58' title="bbox 400 3356 1979 3432">
     <span class='ocr_line' id='line_1_58' title="bbox 400 3356 1979 3432; baseline -0.008 -11"><span class='ocrx_word' id='word_1_394' title='bbox 400 3377 508 3421; x_wconf 91' lang='lat' dir='ltr'><strong>tur.</strong></span> <span class='ocrx_word' id='word_1_395' title='bbox 535 3362 933 3432; x_wconf 67' lang='lat' dir='ltr'><strong>Quaestionibus</strong></span> <span class='ocrx_word' id='word_1_396' title='bbox 957 3375 1086 3430; x_wconf 87' lang='lat' dir='ltr'><strong>ergo</strong></span> <span class='ocrx_word' id='word_1_397' title='bbox 1129 3358 1357 3413; x_wconf 88' lang='lat' dir='ltr'><strong>diversis</strong></span> <span class='ocrx_word' id='word_1_398' title='bbox 1394 3356 1623 3412; x_wconf 78' lang='lat' dir='ltr'><strong>fratrum</strong></span> <span class='ocrx_word' id='word_1_399' title='bbox 1651 3366 1979 3431; x_wconf 68' lang='lat' dir='ltr'><strong>nostrorum,</strong></span> 
     </span>
    </p>
   </div>
   <div class='ocr_carea' id='block_1_59' title="bbox 400 3449 1981 3522">
    <p class='ocr_par' dir='ltr' id='par_1_59' title="bbox 400 3449 1981 3522">
     <span class='ocr_line' id='line_1_59' title="bbox 400 3449 1981 3522; baseline -0.007 -9"><span class='ocrx_word' id='word_1_400' title='bbox 400 3469 456 3513; x_wconf 90' lang='lat' dir='ltr'><strong>et</strong></span> <span class='ocrx_word' id='word_1_401' title='bbox 501 3457 736 3512; x_wconf 77' lang='lat' dir='ltr'><strong>maxime</strong></span> <span class='ocrx_word' id='word_1_402' title='bbox 761 3468 949 3510; x_wconf 89' lang='lat' dir='ltr'><strong>eorum</strong></span> <span class='ocrx_word' id='word_1_403' title='bbox 978 3453 1071 3522; x_wconf 87' lang='lat' dir='ltr'><strong>qui</strong></span> <span class='ocrx_word' id='word_1_404' title='bbox 1097 3452 1150 3506; x_wconf 93' lang='lat' dir='ltr'><strong>in</strong></span> <span class='ocrx_word' id='word_1_405' title='bbox 1177 3451 1350 3507; x_wconf 87' lang='lat' dir='ltr'><strong>sacris</strong></span> <span class='ocrx_word' id='word_1_406' title='bbox 1382 3450 1666 3506; x_wconf 87' lang='lat' dir='ltr'><strong>ordinibus</strong></span> <span class='ocrx_word' id='word_1_407' title='bbox 1686 3449 1981 3520; x_wconf 89' lang='lat' dir='ltr'><strong>pollebant,</strong></span> 
     </span>
    </p>
   </div>
   <div class='ocr_carea' id='block_1_60' title="bbox 403 3540 1984 3619">
    <p class='ocr_par' dir='ltr' id='par_1_60' title="bbox 403 3540 1984 3619">
     <span class='ocr_line' id='line_1_60' title="bbox 403 3540 1984 3619; baseline -0.008 -13"><span class='ocrx_word' id='word_1_408' title='bbox 403 3549 727 3619; x_wconf 88' lang='lat' dir='ltr'><strong>respondere</strong></span> <span class='ocrx_word' id='word_1_409' title='bbox 747 3543 1125 3615; x_wconf 87' lang='lat' dir='ltr'><strong>compellebar,</strong></span> <span class='ocrx_word' id='word_1_410' title='bbox 1161 3543 1252 3613; x_wconf 93' lang='lat' dir='ltr'><strong>qui</strong></span> <span class='ocrx_word' id='word_1_411' title='bbox 1284 3558 1371 3597; x_wconf 90' lang='lat' dir='ltr'><strong>me</strong></span> <span class='ocrx_word' id='word_1_412' title='bbox 1398 3544 1464 3598; x_wconf 91' lang='lat' dir='ltr'><strong>de</strong></span> <span class='ocrx_word' id='word_1_413' title='bbox 1499 3540 1673 3598; x_wconf 73' lang='lat' dir='ltr'><strong>cilicio</strong></span> <span class='ocrx_word' id='word_1_414' title='bbox 1694 3557 1794 3597; x_wconf 88' lang='lat' dir='ltr'><strong>suo</strong></span> <span class='ocrx_word' id='word_1_415' title='bbox 1814 3552 1869 3596; x_wconf 90' lang='lat' dir='ltr'><strong>et</strong></span> <span class='ocrx_word' id='word_1_416' title='bbox 1892 3557 1984 3594; x_wconf 90' lang='lat' dir='ltr'><strong>va-</strong></span> 
     </span>
    </p>
   </div>
   <div class='ocr_carea' id='block_1_61' title="bbox 403 3630 1986 3703">
    <p class='ocr_par' dir='ltr' id='par_1_61' title="bbox 403 3630 1986 3703">
     <span class='ocr_line' id='line_1_61' title="bbox 403 3630 1986 3703; baseline -0.006 -8"><span class='ocrx_word' id='word_1_417' title='bbox 403 3641 499 3695; x_wconf 88' lang='lat' dir='ltr'><strong>riis</strong></span> <span class='ocrx_word' id='word_1_418' title='bbox 541 3635 1010 3693; x_wconf 87' lang='lat' dir='ltr'><strong>observationibus</strong></span> <span class='ocrx_word' id='word_1_419' title='bbox 1051 3647 1169 3703; x_wconf 83' lang='lat' dir='ltr'><strong>quae</strong></span> <span class='ocrx_word' id='word_1_420' title='bbox 1198 3633 1251 3688; x_wconf 92' lang='lat' dir='ltr'><strong>in</strong></span> <span class='ocrx_word' id='word_1_421' title='bbox 1300 3631 1541 3687; x_wconf 84' lang='lat' dir='ltr'><strong>Ecclesia</strong></span> <span class='ocrx_word' id='word_1_422' title='bbox 1589 3630 1686 3686; x_wconf 90' lang='lat' dir='ltr'><strong>Dei</strong></span> <span class='ocrx_word' id='word_1_423' title='bbox 1719 3630 1986 3687; x_wconf 86' lang='lat' dir='ltr'><strong>decentis-</strong></span> 
     </span>
    </p>
   </div>
   <div class='ocr_carea' id='block_1_62' title="bbox 402 3724 1986 3796">
    <p class='ocr_par' dir='ltr' id='par_1_62' title="bbox 402 3724 1986 3796">
     <span class='ocr_line' id='line_1_62' title="bbox 402 3724 1986 3796; baseline -0.008 -8"><span class='ocrx_word' id='word_1_424' title='bbox 402 3733 537 3789; x_wconf 90' lang='lat' dir='ltr'><strong>sime</strong></span> <span class='ocrx_word' id='word_1_425' title='bbox 588 3730 967 3792; x_wconf 85' lang='lat' dir='ltr'><strong>observantur,</strong></span> <span class='ocrx_word' id='word_1_426' title='bbox 1021 3726 1317 3796; x_wconf 80' lang='lat' dir='ltr'><strong>saepissime</strong></span> <span class='ocrx_word' id='word_1_427' title='bbox 1361 3732 1417 3780; x_wconf 91' lang='lat' dir='ltr'><strong>et</strong></span> <span class='ocrx_word' id='word_1_428' title='bbox 1452 3724 1878 3795; x_wconf 82' lang='lat' dir='ltr'><strong>interrogabant,</strong></span> <span class='ocrx_word' id='word_1_429' title='bbox 1931 3729 1986 3776; x_wconf 92' lang='lat' dir='ltr'><strong>et</strong></span> 
     </span>
    </p>
   </div>
   <div class='ocr_carea' id='block_1_63' title="bbox 403 3814 1987 3896">
    <p class='ocr_par' dir='ltr' id='par_1_63' title="bbox 403 3814 1987 3896">
     <span class='ocr_line' id='line_1_63' title="bbox 403 3814 1987 3896; baseline -0.008 -16"><span class='ocrx_word' id='word_1_430' title='bbox 403 3827 670 3896; x_wconf 83' lang='lat' dir='ltr'><strong>aliquibus</strong></span> <span class='ocrx_word' id='word_1_431' title='bbox 691 3837 876 3879; x_wconf 88' lang='lat' dir='ltr'><strong>eorum</strong></span> <span class='ocrx_word' id='word_1_432' title='bbox 905 3820 1083 3885; x_wconf 89' lang='lat' dir='ltr'><strong>dictis,</strong></span> <span class='ocrx_word' id='word_1_433' title='bbox 1109 3818 1378 3887; x_wconf 85' lang='lat' dir='ltr'><strong>aliquibus</strong></span> <span class='ocrx_word' id='word_1_434' title='bbox 1408 3830 1536 3871; x_wconf 88' lang='lat' dir='ltr'><strong>vero</strong></span> <span class='ocrx_word' id='word_1_435' title='bbox 1557 3814 1793 3885; x_wconf 88' lang='lat' dir='ltr'><strong>scriptis,</strong></span> <span class='ocrx_word' id='word_1_436' title='bbox 1824 3821 1987 3883; x_wconf 89' lang='lat' dir='ltr'><strong>prout</strong></span> 
     </span>
    </p>
   </div>
   <div class='ocr_carea' id='block_1_64' title="bbox 403 3902 1986 3990">
    <p class='ocr_par' dir='ltr' id='par_1_64' title="bbox 403 3902 1986 3990">
     <span class='ocr_line' id='line_1_64' title="bbox 403 3902 1986 3990; baseline -0.012 -17"><span class='ocrx_word' id='word_1_437' title='bbox 403 3914 779 3990; x_wconf 86' lang='lat' dir='ltr'><strong>opportunitas</strong></span> <span class='ocrx_word' id='word_1_438' title='bbox 815 3911 919 3967; x_wconf 88' lang='lat' dir='ltr'><strong>loci</strong></span> <span class='ocrx_word' id='word_1_439' title='bbox 973 3924 1036 3964; x_wconf 91' lang='lat' dir='ltr'><strong>ac</strong></span> <span class='ocrx_word' id='word_1_440' title='bbox 1068 3907 1325 3977; x_wconf 90' lang='lat' dir='ltr'><strong>temporis</strong></span> <span class='ocrx_word' id='word_1_441' title='bbox 1376 3913 1512 3971; x_wconf 88' lang='lat' dir='ltr'><strong>erat,</strong></span> <span class='ocrx_word' id='word_1_442' title='bbox 1568 3902 1864 3959; x_wconf 90' lang='lat' dir='ltr'><strong>secundum</strong></span> <span class='ocrx_word' id='word_1_443' title='bbox 1891 3916 1986 3955; x_wconf 88' lang='lat' dir='ltr'><strong>au-</strong></span> 
     </span>
    </p>
   </div>
   <div class='ocr_carea' id='block_1_65' title="bbox 405 3994 1987 4074">
    <p class='ocr_par' dir='ltr' id='par_1_65' title="bbox 405 3994 1987 4074">
     <span class='ocr_line' id='line_1_65' title="bbox 405 3994 1987 4074; baseline -0.011 -11"><span class='ocrx_word' id='word_1_444' title='bbox 405 4008 709 4063; x_wconf 86' lang='lat' dir='ltr'><strong>ctoritatem</strong></span> <span class='ocrx_word' id='word_1_445' title='bbox 756 4013 811 4059; x_wconf 92' lang='lat' dir='ltr'><strong>et</strong></span> <span class='ocrx_word' id='word_1_446' title='bbox 855 4001 1053 4074; x_wconf 77' lang='lat' dir='ltr'><strong>stylum</strong></span> <span class='ocrx_word' id='word_1_447' title='bbox 1104 3997 1366 4066; x_wconf 88' lang='lat' dir='ltr'><strong>majorum</strong></span> <span class='ocrx_word' id='word_1_448' title='bbox 1411 3996 1478 4051; x_wconf 92' lang='lat' dir='ltr'><strong>ad</strong></span> <span class='ocrx_word' id='word_1_449' title='bbox 1526 3994 1875 4065; x_wconf 62' lang='lat' dir='ltr'><strong>interrogata,</strong></span> <span class='ocrx_word' id='word_1_450' title='bbox 1903 4007 1987 4047; x_wconf 89' lang='lat' dir='ltr'><strong>re-</strong></span> 
     </span>
    </p>
   </div>
   <div class='ocr_carea' id='block_1_66' title="bbox 404 4084 1988 4170">
    <p class='ocr_par' dir='ltr' id='par_1_66' title="bbox 404 4084 1988 4170">
     <span class='ocr_line' id='line_1_66' title="bbox 404 4084 1988 4170; baseline -0.011 -15"><span class='ocrx_word' id='word_1_451' title='bbox 404 4098 615 4170; x_wconf 87' lang='lat' dir='ltr'><strong>spondi,</strong></span> <span class='ocrx_word' id='word_1_452' title='bbox 649 4096 742 4152; x_wconf 90' lang='lat' dir='ltr'><strong>sed</strong></span> <span class='ocrx_word' id='word_1_453' title='bbox 768 4110 873 4150; x_wconf 92' lang='lat' dir='ltr'><strong>non</strong></span> <span class='ocrx_word' id='word_1_454' title='bbox 898 4094 952 4148; x_wconf 93' lang='lat' dir='ltr'><strong>in</strong></span> <span class='ocrx_word' id='word_1_455' title='bbox 984 4093 1086 4147; x_wconf 91' lang='lat' dir='ltr'><strong>hoc</strong></span> <span class='ocrx_word' id='word_1_456' title='bbox 1110 4089 1244 4145; x_wconf 90' lang='lat' dir='ltr'><strong>satis</strong></span> <span class='ocrx_word' id='word_1_457' title='bbox 1271 4088 1349 4143; x_wconf 91' lang='lat' dir='ltr'><strong>eis</strong></span> <span class='ocrx_word' id='word_1_458' title='bbox 1372 4086 1549 4142; x_wconf 80' lang='lat' dir='ltr'><strong>facere</strong></span> <span class='ocrx_word' id='word_1_459' title='bbox 1578 4086 1745 4156; x_wconf 85' lang='lat' dir='ltr'><strong>potui,</strong></span> <span class='ocrx_word' id='word_1_460' title='bbox 1776 4084 1868 4155; x_wconf 92' lang='lat' dir='ltr'><strong>qui</strong></span> <span class='ocrx_word' id='word_1_461' title='bbox 1900 4098 1988 4138; x_wconf 92' lang='lat' dir='ltr'><strong>me</strong></span> 
     </span>
    </p>
   </div>
   <div class='ocr_carea' id='block_1_67' title="bbox 403 4173 1988 4255">
    <p class='ocr_par' dir='ltr' id='par_1_67' title="bbox 403 4173 1988 4255">
     <span class='ocr_line' id='line_1_67' title="bbox 403 4173 1988 4255; baseline -0.01 -12"><span class='ocrx_word' id='word_1_462' title='bbox 403 4187 793 4245; x_wconf 90' lang='lat' dir='ltr'><strong>instantissime</strong></span> <span class='ocrx_word' id='word_1_463' title='bbox 819 4182 1179 4255; x_wconf 89' lang='lat' dir='ltr'><strong>postulabant,</strong></span> <span class='ocrx_word' id='word_1_464' title='bbox 1230 4178 1340 4233; x_wconf 89' lang='lat' dir='ltr'><strong>imo</strong></span> <span class='ocrx_word' id='word_1_465' title='bbox 1369 4177 1656 4248; x_wconf 89' lang='lat' dir='ltr'><strong>cogebant,</strong></span> <span class='ocrx_word' id='word_1_466' title='bbox 1706 4184 1765 4229; x_wconf 90' lang='lat' dir='ltr'><strong>ut</strong></span> <span class='ocrx_word' id='word_1_467' title='bbox 1805 4173 1988 4230; x_wconf 90' lang='lat' dir='ltr'><strong>omnia</strong></span> 
     </span>
    </p>
   </div>
   <div class='ocr_carea' id='block_1_68' title="bbox 407 4267 1987 4342">
    <p class='ocr_par' dir='ltr' id='par_1_68' title="bbox 407 4267 1987 4342">
     <span class='ocr_line' id='line_1_68' title="bbox 407 4267 1987 4342; baseline -0.008 -10"><span class='ocrx_word' id='word_1_468' title='bbox 407 4280 523 4333; x_wconf 79' lang='lat' dir='ltr'><strong>lucc</strong></span> <span class='ocrx_word' id='word_1_469' title='bbox 553 4277 607 4330; x_wconf 91' lang='lat' dir='ltr'><strong>in</strong></span> <span class='ocrx_word' id='word_1_470' title='bbox 637 4291 803 4330; x_wconf 91' lang='lat' dir='ltr'><strong>unum</strong></span> <span class='ocrx_word' id='word_1_471' title='bbox 826 4274 1076 4328; x_wconf 91' lang='lat' dir='ltr'><strong>volumen</strong></span> <span class='ocrx_word' id='word_1_472' title='bbox 1103 4284 1473 4342; x_wconf 87' lang='lat' dir='ltr'><strong>congererem,</strong></span> <span class='ocrx_word' id='word_1_473' title='bbox 1503 4277 1564 4322; x_wconf 91' lang='lat' dir='ltr'><strong>ut</strong></span> <span class='ocrx_word' id='word_1_474' title='bbox 1581 4267 1846 4323; x_wconf 88' lang='lat' dir='ltr'><strong>haberent</strong></span> <span class='ocrx_word' id='word_1_475' title='bbox 1881 4282 1987 4335; x_wconf 91' lang='lat' dir='ltr'><strong>quo</strong></span> 
     </span>
    </p>
   </div>
   <div class='ocr_carea' id='block_1_69' title="bbox 408 4357 1989 4436">
    <p class='ocr_par' dir='ltr' id='par_1_69' title="bbox 408 4357 1989 4436">
     <span class='ocr_line' id='line_1_69' title="bbox 408 4357 1989 4436; baseline -0.007 -16"><span class='ocrx_word' id='word_1_476' title='bbox 408 4368 587 4436; x_wconf 88' lang='lat' dir='ltr'><strong>aliquo</strong></span> <span class='ocrx_word' id='word_1_477' title='bbox 625 4367 783 4421; x_wconf 88' lang='lat' dir='ltr'><strong>modo</strong></span> <span class='ocrx_word' id='word_1_478' title='bbox 834 4362 1272 4433; x_wconf 87' lang='lat' dir='ltr'><strong>inquisitionihus</strong></span> <span class='ocrx_word' id='word_1_479' title='bbox 1317 4360 1430 4414; x_wconf 89' lang='lat' dir='ltr'><strong>suis</strong></span> <span class='ocrx_word' id='word_1_480' title='bbox 1472 4358 1712 4412; x_wconf 78' lang='lat' dir='ltr'><strong>facerent</strong></span> <span class='ocrx_word' id='word_1_481' title='bbox 1740 4357 1891 4419; x_wconf 89' lang='lat' dir='ltr'><strong>satis,</strong></span> <span class='ocrx_word' id='word_1_482' title='bbox 1933 4363 1989 4411; x_wconf 90' lang='lat' dir='ltr'><strong>et</strong></span> 
     </span>
    </p>
   </div>
   <div class='ocr_carea' id='block_1_70' title="bbox 408 4446 1989 4519">
    <p class='ocr_par' dir='ltr' id='par_1_70' title="bbox 408 4446 1989 4519">
     <span class='ocr_line' id='line_1_70' title="bbox 408 4446 1989 4519; baseline -0.006 -10"><span class='ocrx_word' id='word_1_483' title='bbox 408 4456 463 4510; x_wconf 92' lang='lat' dir='ltr'><strong>in</strong></span> <span class='ocrx_word' id='word_1_484' title='bbox 488 4470 593 4508; x_wconf 85' lang='lat' dir='ltr'><strong>uno</strong></span> <span class='ocrx_word' id='word_1_485' title='bbox 617 4454 800 4508; x_wconf 92' lang='lat' dir='ltr'><strong>codice</strong></span> <span class='ocrx_word' id='word_1_486' title='bbox 824 4452 982 4507; x_wconf 90' lang='lat' dir='ltr'><strong>simul</strong></span> <span class='ocrx_word' id='word_1_487' title='bbox 1002 4451 1260 4519; x_wconf 88' lang='lat' dir='ltr'><strong>scriptum</strong></span> <span class='ocrx_word' id='word_1_488' title='bbox 1301 4448 1621 4517; x_wconf 90' lang='lat' dir='ltr'><strong>reperirent,</strong></span> <span class='ocrx_word' id='word_1_489' title='bbox 1661 4446 1805 4515; x_wconf 86' lang='lat' dir='ltr'><strong>quod</strong></span> <span class='ocrx_word' id='word_1_490' title='bbox 1830 4454 1989 4500; x_wconf 90' lang='lat' dir='ltr'><strong>antea</strong></span> 
     </span>
    </p>
   </div>
   <div class='ocr_carea' id='block_1_71' title="bbox 2085 3264 3682 3341">
    <p class='ocr_par' dir='ltr' id='par_1_71' title="bbox 2085 3264 3682 3341">
     <span class='ocr_line' id='line_1_71' title="bbox 2085 3264 3682 3341; baseline 0.003 -19"><span class='ocrx_word' id='word_1_491' title='bbox 2085 3264 2479 3323; x_wconf 79' lang='lat' dir='ltr'><strong>rationabiliter</strong></span> <span class='ocrx_word' id='word_1_492' title='bbox 2502 3265 2775 3320; x_wconf 89' lang='lat' dir='ltr'><strong>inveneris</strong></span> <span class='ocrx_word' id='word_1_493' title='bbox 2803 3266 3023 3331; x_wconf 84' lang='lat' dir='ltr'><strong>dictata,</strong></span> <span class='ocrx_word' id='word_1_494' title='bbox 3060 3266 3109 3320; x_wconf 91' lang='lat' dir='ltr'><strong>ei</strong></span> <span class='ocrx_word' id='word_1_495' title='bbox 3141 3266 3246 3322; x_wconf 89' lang='lat' dir='ltr'><strong>hoc</strong></span> <span class='ocrx_word' id='word_1_496' title='bbox 3283 3268 3488 3324; x_wconf 87' lang='lat' dir='ltr'><strong>tribuas</strong></span> <span class='ocrx_word' id='word_1_497' title='bbox 3508 3285 3540 3323; x_wconf 92' lang='lat' dir='ltr'><strong>a</strong></span> <span class='ocrx_word' id='word_1_498' title='bbox 3565 3286 3682 3341; x_wconf 86' lang='lat' dir='ltr'><strong>quo</strong></span> 
     </span>
    </p>
   </div>
   <div class='ocr_carea' id='block_1_72' title="bbox 2085 3356 3683 3430">
    <p class='ocr_par' dir='ltr' id='par_1_72' title="bbox 2085 3356 3683 3430">
     <span class='ocr_line' id='line_1_72' title="bbox 2085 3356 3683 3430; baseline 0.001 -15"><span class='ocrx_word' id='word_1_499' title='bbox 2085 3369 2171 3415; x_wconf 85' lang='lat' dir='ltr'><strong>est</strong></span> <span class='ocrx_word' id='word_1_500' title='bbox 2198 3358 2336 3412; x_wconf 86' lang='lat' dir='ltr'><strong>ratio</strong></span> <span class='ocrx_word' id='word_1_501' title='bbox 2368 3365 2590 3422; x_wconf 87' lang='lat' dir='ltr'><strong>creata;</strong></span> <span class='ocrx_word' id='word_1_502' title='bbox 2639 3357 2685 3412; x_wconf 91' lang='lat' dir='ltr'><strong>si</strong></span> <span class='ocrx_word' id='word_1_503' title='bbox 2715 3373 2821 3426; x_wconf 89' lang='lat' dir='ltr'><strong>qua</strong></span> <span class='ocrx_word' id='word_1_504' title='bbox 2861 3372 2992 3411; x_wconf 89' lang='lat' dir='ltr'><strong>vero</strong></span> <span class='ocrx_word' id='word_1_505' title='bbox 3024 3356 3421 3414; x_wconf 87' lang='lat' dir='ltr'><strong>inconsiderate</strong></span> <span class='ocrx_word' id='word_1_506' title='bbox 3458 3375 3683 3430; x_wconf 56' lang='lat' dir='ltr'><strong>repere.</strong></span> 
     </span>
    </p>
   </div>
   <div class='ocr_carea' id='block_1_73' title="bbox 2085 3448 3682 3517">
    <p class='ocr_par' dir='ltr' id='par_1_73' title="bbox 2085 3448 3682 3517">
     <span class='ocr_line' id='line_1_73' title="bbox 2085 3448 3682 3517; baseline 0.004 -15"><span class='ocrx_word' id='word_1_507' title='bbox 2085 3448 2161 3502; x_wconf 85' lang='lat' dir='ltr'><strong>ris</strong></span> <span class='ocrx_word' id='word_1_508' title='bbox 2186 3448 2418 3517; x_wconf 87' lang='lat' dir='ltr'><strong>prolata,</strong></span> <span class='ocrx_word' id='word_1_509' title='bbox 2471 3456 2564 3501; x_wconf 92' lang='lat' dir='ltr'><strong>tuo</strong></span> <span class='ocrx_word' id='word_1_510' title='bbox 2614 3448 2793 3502; x_wconf 91' lang='lat' dir='ltr'><strong>studio</strong></span> <span class='ocrx_word' id='word_1_511' title='bbox 2835 3448 2995 3503; x_wconf 92' lang='lat' dir='ltr'><strong>citius</strong></span> <span class='ocrx_word' id='word_1_512' title='bbox 3021 3448 3217 3505; x_wconf 87' lang='lat' dir='ltr'><strong>reddas</strong></span> <span class='ocrx_word' id='word_1_513' title='bbox 3247 3450 3336 3504; x_wconf 88' lang='lat' dir='ltr'><strong>illa</strong></span> <span class='ocrx_word' id='word_1_514' title='bbox 3362 3453 3682 3509; x_wconf 86' lang='lat' dir='ltr'><strong>emendata.</strong></span> 
     </span>
    </p>
   </div>
   <div class='ocr_carea' id='block_1_74' title="bbox 2086 3539 3682 3611">
    <p class='ocr_par' dir='ltr' id='par_1_74' title="bbox 2086 3539 3682 3611">
     <span class='ocr_line' id='line_1_74' title="bbox 2086 3539 3682 3611; baseline 0.006 -19"><span class='ocrx_word' id='word_1_515' title='bbox 2086 3539 2202 3597; x_wconf 87' lang='lat' dir='ltr'><strong>Tuo</strong></span> <span class='ocrx_word' id='word_1_516' title='bbox 2226 3539 2370 3593; x_wconf 87' lang='lat' dir='ltr'><strong>enim</strong></span> <span class='ocrx_word' id='word_1_517' title='bbox 2399 3539 2713 3609; x_wconf 86' lang='lat' dir='ltr'><strong>magisterio</strong></span> <span class='ocrx_word' id='word_1_518' title='bbox 2754 3553 2969 3611; x_wconf 89' lang='lat' dir='ltr'><strong>semper</strong></span> <span class='ocrx_word' id='word_1_519' title='bbox 3009 3555 3096 3595; x_wconf 90' lang='lat' dir='ltr'><strong>me</strong></span> <span class='ocrx_word' id='word_1_520' title='bbox 3127 3541 3300 3596; x_wconf 88' lang='lat' dir='ltr'><strong>libens</strong></span> <span class='ocrx_word' id='word_1_521' title='bbox 3328 3542 3555 3598; x_wconf 88' lang='lat' dir='ltr'><strong>subdam</strong></span> <span class='ocrx_word' id='word_1_522' title='bbox 3579 3584 3596 3608; x_wconf 94' lang='lat'><strong>,</strong></span> <span class='ocrx_word' id='word_1_523' title='bbox 3648 3561 3682 3601; x_wconf 88' lang='lat' dir='ltr'><strong>a</strong></span> 
     </span>
    </p>
   </div>
   <div class='ocr_carea' id='block_1_75' title="bbox 2085 3632 3681 3703">
    <p class='ocr_par' dir='ltr' id='par_1_75' title="bbox 2085 3632 3681 3703">
     <span class='ocr_line' id='line_1_75' title="bbox 2085 3632 3681 3703; baseline 0.003 -18"><span class='ocrx_word' id='word_1_524' title='bbox 2085 3647 2191 3701; x_wconf 89' lang='lat' dir='ltr'><strong>quo</strong></span> <span class='ocrx_word' id='word_1_525' title='bbox 2219 3632 2474 3687; x_wconf 78' lang='lat' dir='ltr'><strong>recordor</strong></span> <span class='ocrx_word' id='word_1_526' title='bbox 2500 3647 2585 3686; x_wconf 89' lang='lat' dir='ltr'><strong>me</strong></span> <span class='ocrx_word' id='word_1_527' title='bbox 2606 3632 2876 3703; x_wconf 89' lang='lat' dir='ltr'><strong>accepisse</strong></span> <span class='ocrx_word' id='word_1_528' title='bbox 2903 3632 3215 3702; x_wconf 82' lang='lat' dir='ltr'><strong>dignitatem</strong></span> <span class='ocrx_word' id='word_1_529' title='bbox 3230 3633 3681 3690; x_wconf 87' lang='lat' dir='ltr'><strong>ecclesiasticam.</strong></span> 
     </span>
    </p>
   </div>
   <div class='ocr_carea' id='block_1_76' title="bbox 2085 3720 3684 3794">
    <p class='ocr_par' dir='ltr' id='par_1_76' title="bbox 2085 3720 3684 3794">
     <span class='ocr_line' id='line_1_76' title="bbox 2085 3720 3684 3794; baseline 0.003 -18"><span class='ocrx_word' id='word_1_530' title='bbox 2085 3720 2310 3777; x_wconf 88' lang='lat' dir='ltr'><strong>Conﬁdo</strong></span> <span class='ocrx_word' id='word_1_531' title='bbox 2338 3731 2517 3791; x_wconf 80' lang='lat' dir='ltr'><strong>tamen</strong></span> <span class='ocrx_word' id='word_1_532' title='bbox 2550 3721 2934 3790; x_wconf 89' lang='lat' dir='ltr'><strong>omnipotentis</strong></span> <span class='ocrx_word' id='word_1_533' title='bbox 2959 3721 3053 3775; x_wconf 92' lang='lat' dir='ltr'><strong>Dei</strong></span> <span class='ocrx_word' id='word_1_534' title='bbox 3081 3724 3289 3792; x_wconf 59' lang='lat' dir='ltr'><strong>gratia),</strong></span> <span class='ocrx_word' id='word_1_535' title='bbox 3325 3725 3469 3794; x_wconf 90' lang='lat' dir='ltr'><strong>quod</strong></span> <span class='ocrx_word' id='word_1_536' title='bbox 3515 3724 3684 3781; x_wconf 85' lang='lat' dir='ltr'><strong>ﬁdem</strong></span> 
     </span>
    </p>
   </div>
   <div class='ocr_carea' id='block_1_77' title="bbox 2085 3810 3685 3886">
    <p class='ocr_par' dir='ltr' id='par_1_77' title="bbox 2085 3810 3685 3886">
     <span class='ocr_line' id='line_1_77' title="bbox 2085 3810 3685 3886; baseline 0.001 -17"><span class='ocrx_word' id='word_1_537' title='bbox 2085 3822 2141 3869; x_wconf 86' lang='lat' dir='ltr'><strong>et</strong></span> <span class='ocrx_word' id='word_1_538' title='bbox 2167 3827 2384 3869; x_wconf 90' lang='lat' dir='ltr'><strong>sensum</strong></span> <span class='ocrx_word' id='word_1_539' title='bbox 2415 3810 2738 3867; x_wconf 90' lang='lat' dir='ltr'><strong>catholicum</strong></span> <span class='ocrx_word' id='word_1_540' title='bbox 2767 3812 2820 3866; x_wconf 91' lang='lat' dir='ltr'><strong>in</strong></span> <span class='ocrx_word' id='word_1_541' title='bbox 2843 3811 3095 3867; x_wconf 80' lang='lat' dir='ltr'><strong>omnibus</strong></span> <span class='ocrx_word' id='word_1_542' title='bbox 3122 3814 3410 3880; x_wconf 86' lang='lat' dir='ltr'><strong>tenuerim,</strong></span> <span class='ocrx_word' id='word_1_543' title='bbox 3440 3830 3543 3870; x_wconf 91' lang='lat' dir='ltr'><strong>nec</strong></span> <span class='ocrx_word' id='word_1_544' title='bbox 3576 3830 3685 3886; x_wconf 85' lang='lat' dir='ltr'><strong>per</strong></span> 
     </span>
    </p>
   </div>
   <div class='ocr_carea' id='block_1_78' title="bbox 2086 3901 3687 3973">
    <p class='ocr_par' dir='ltr' id='par_1_78' title="bbox 2086 3901 3687 3973">
     <span class='ocr_line' id='line_1_78' title="bbox 2086 3901 3687 3973; baseline 0.001 -14"><span class='ocrx_word' id='word_1_545' title='bbox 2086 3920 2173 3959; x_wconf 90' lang='lat' dir='ltr'><strong>me</strong></span> <span class='ocrx_word' id='word_1_546' title='bbox 2198 3903 2351 3973; x_wconf 88' lang='lat' dir='ltr'><strong>quasi</strong></span> <span class='ocrx_word' id='word_1_547' title='bbox 2379 3918 2443 3957; x_wconf 81' lang='lat' dir='ltr'><strong>cx</strong></span> <span class='ocrx_word' id='word_1_548' title='bbox 2473 3917 2558 3956; x_wconf 94' lang='lat' dir='ltr'><strong>me</strong></span> <span class='ocrx_word' id='word_1_549' title='bbox 2580 3917 2645 3957; x_wconf 92' lang='lat' dir='ltr'><strong>ea</strong></span> <span class='ocrx_word' id='word_1_550' title='bbox 2672 3901 2912 3972; x_wconf 91' lang='lat' dir='ltr'><strong>protuli,</strong></span> <span class='ocrx_word' id='word_1_551' title='bbox 2946 3903 3039 3957; x_wconf 89' lang='lat' dir='ltr'><strong>sed</strong></span> <span class='ocrx_word' id='word_1_552' title='bbox 3080 3903 3389 3958; x_wconf 89' lang='lat' dir='ltr'><strong>auctoritati</strong></span> <span class='ocrx_word' id='word_1_553' title='bbox 3440 3903 3687 3963; x_wconf 81' lang='lat' dir='ltr'><strong>innitens</strong></span> 
     </span>
    </p>
   </div>
   <div class='ocr_carea' id='block_1_79' title="bbox 2086 3991 3680 4066">
    <p class='ocr_par' dir='ltr' id='par_1_79' title="bbox 2086 3991 3680 4066">
     <span class='ocr_line' id='line_1_79' title="bbox 2086 3991 3680 4066; baseline 0.001 -17"><span class='ocrx_word' id='word_1_554' title='bbox 2086 3995 2372 4066; x_wconf 89' lang='lat' dir='ltr'><strong>majorum,</strong></span> <span class='ocrx_word' id='word_1_555' title='bbox 2420 4008 2518 4063; x_wconf 91' lang='lat' dir='ltr'><strong>per</strong></span> <span class='ocrx_word' id='word_1_556' title='bbox 2543 3993 2723 4046; x_wconf 89' lang='lat' dir='ltr'><strong>omnia</strong></span> <span class='ocrx_word' id='word_1_557' title='bbox 2768 3991 2984 4047; x_wconf 89' lang='lat' dir='ltr'><strong>illorum</strong></span> <span class='ocrx_word' id='word_1_558' title='bbox 3013 3994 3243 4064; x_wconf 88' lang='lat' dir='ltr'><strong>vestigia</strong></span> <span class='ocrx_word' id='word_1_559' title='bbox 3289 4009 3408 4048; x_wconf 90' lang='lat' dir='ltr'><strong>sum</strong></span> <span class='ocrx_word' id='word_1_560' title='bbox 3426 3998 3680 4050; x_wconf 78' lang='lat' dir='ltr'><strong>&#39;secutus.</strong></span> 
     </span>
    </p>
   </div>
   <div class='ocr_carea' id='block_1_80' title="bbox 2086 4082 3687 4156">
    <p class='ocr_par' dir='ltr' id='par_1_80' title="bbox 2086 4082 3687 4156">
     <span class='ocr_line' id='line_1_80' title="bbox 2086 4082 3687 4156; baseline 0.001 -15"><span class='ocrx_word' id='word_1_561' title='bbox 2086 4085 2414 4156; x_wconf 80' lang='lat' dir='ltr'><strong>Cyprianum</strong></span> <span class='ocrx_word' id='word_1_562' title='bbox 2436 4084 2557 4139; x_wconf 88' lang='lat' dir='ltr'><strong>dico</strong></span> <span class='ocrx_word' id='word_1_563' title='bbox 2588 4090 2751 4153; x_wconf 90' lang='lat' dir='ltr'><strong>atque</strong></span> <span class='ocrx_word' id='word_1_564' title='bbox 2776 4082 3061 4150; x_wconf 89' lang='lat' dir='ltr'><strong>llilarium,</strong></span> <span class='ocrx_word' id='word_1_565' title='bbox 3096 4084 3463 4150; x_wconf 79' lang='lat' dir='ltr'><strong>Ambrosium,</strong></span> <span class='ocrx_word' id='word_1_566' title='bbox 3491 4084 3687 4142; x_wconf 81' lang='lat' dir='ltr'><strong>Hiero-</strong></span> 
     </span>
    </p>
   </div>
   <div class='ocr_carea' id='block_1_81' title="bbox 2088 4174 3686 4245">
    <p class='ocr_par' dir='ltr' id='par_1_81' title="bbox 2088 4174 3686 4245">
     <span class='ocr_line' id='line_1_81' title="bbox 2088 4174 3686 4245; baseline 0.001 -15"><span class='ocrx_word' id='word_1_567' title='bbox 2088 4191 2329 4245; x_wconf 84' lang='lat' dir='ltr'><strong>nymum,</strong></span> <span class='ocrx_word' id='word_1_568' title='bbox 2360 4174 2741 4245; x_wconf 84' lang='lat' dir='ltr'><strong>Augustinum,</strong></span> <span class='ocrx_word' id='word_1_569' title='bbox 2789 4174 3133 4245; x_wconf 84' lang='lat' dir='ltr'><strong>Gregorium,</strong></span> <span class='ocrx_word' id='word_1_570' title='bbox 3169 4174 3452 4243; x_wconf 84' lang='lat' dir='ltr'><strong>Joannem,</strong></span> <span class='ocrx_word' id='word_1_571' title='bbox 3478 4177 3686 4232; x_wconf 81' lang='lat' dir='ltr'><strong>Dama-</strong></span> 
     </span>
    </p>
   </div>
   <div class='ocr_carea' id='block_1_82' title="bbox 2088 4265 3684 4340">
    <p class='ocr_par' dir='ltr' id='par_1_82' title="bbox 2088 4265 3684 4340">
     <span class='ocr_line' id='line_1_82' title="bbox 2088 4265 3684 4340; baseline 0.006 -21"><span class='ocrx_word' id='word_1_572' title='bbox 2088 4281 2229 4330; x_wconf 88' lang='lat' dir='ltr'><strong>sum,</strong></span> <span class='ocrx_word' id='word_1_573' title='bbox 2276 4265 2682 4331; x_wconf 87' lang='lat' dir='ltr'><strong>Cassiodorum,</strong></span> <span class='ocrx_word' id='word_1_574' title='bbox 2740 4274 2795 4320; x_wconf 92' lang='lat' dir='ltr'><strong>ct</strong></span> <span class='ocrx_word' id='word_1_575' title='bbox 2824 4275 3049 4322; x_wconf 68' lang='lat' dir='ltr'><strong>cancros</strong></span> <span class='ocrx_word' id='word_1_576' title='bbox 3098 4268 3401 4335; x_wconf 89' lang='lat' dir='ltr'><strong>nonnullos,</strong></span> <span class='ocrx_word' id='word_1_577' title='bbox 3447 4286 3684 4340; x_wconf 88' lang='lat' dir='ltr'><strong>quorum</strong></span> 
     </span>
    </p>
   </div>
   <div class='ocr_carea' id='block_1_83' title="bbox 2088 4355 3688 4429">
    <p class='ocr_par' dir='ltr' id='par_1_83' title="bbox 2088 4355 3688 4429">
     <span class='ocr_line' id='line_1_83' title="bbox 2088 4355 3688 4429; baseline 0.004 -19"><span class='ocrx_word' id='word_1_578' title='bbox 2088 4355 2233 4410; x_wconf 90' lang='lat' dir='ltr'><strong>dicta</strong></span> <span class='ocrx_word' id='word_1_579' title='bbox 2271 4355 2469 4411; x_wconf 89' lang='lat' dir='ltr'><strong>alicubi</strong></span> <span class='ocrx_word' id='word_1_580' title='bbox 2499 4356 2551 4409; x_wconf 93' lang='lat' dir='ltr'><strong>in</strong></span> <span class='ocrx_word' id='word_1_581' title='bbox 2589 4355 2703 4425; x_wconf 91' lang='lat' dir='ltr'><strong>ipso</strong></span> <span class='ocrx_word' id='word_1_582' title='bbox 2725 4371 2888 4425; x_wconf 88' lang='lat' dir='ltr'><strong>opere</strong></span> <span class='ocrx_word' id='word_1_583' title='bbox 2928 4357 3000 4411; x_wconf 87' lang='lat' dir='ltr'><strong>ita</strong></span> <span class='ocrx_word' id='word_1_584' title='bbox 3026 4366 3084 4411; x_wconf 93' lang='lat' dir='ltr'><strong>ut</strong></span> <span class='ocrx_word' id='word_1_585' title='bbox 3121 4358 3188 4412; x_wconf 90' lang='lat' dir='ltr'><strong>ab</strong></span> <span class='ocrx_word' id='word_1_586' title='bbox 3212 4360 3291 4413; x_wconf 92' lang='lat' dir='ltr'><strong>eis</strong></span> <span class='ocrx_word' id='word_1_587' title='bbox 3321 4360 3521 4429; x_wconf 90' lang='lat' dir='ltr'><strong>scripta</strong></span> <span class='ocrx_word' id='word_1_588' title='bbox 3547 4371 3688 4418; x_wconf 85' lang='lat' dir='ltr'><strong>sunt</strong></span> 
     </span>
    </p>
   </div>
   <div class='ocr_carea' id='block_1_84' title="bbox 2091 4446 3682 4519">
    <p class='ocr_par' dir='ltr' id='par_1_84' title="bbox 2091 4446 3682 4519">
     <span class='ocr_line' id='line_1_84' title="bbox 2091 4446 3682 4519; baseline 0.004 -18"><span class='ocrx_word' id='word_1_589' title='bbox 2091 4463 2189 4517; x_wconf 88' lang='lat' dir='ltr'><strong>per</strong></span> <span class='ocrx_word' id='word_1_590' title='bbox 2210 4446 2641 4502; x_wconf 87' lang='lat' dir='ltr'><strong>convenientiam</strong></span> <span class='ocrx_word' id='word_1_591' title='bbox 2668 4447 2845 4516; x_wconf 91' lang='lat' dir='ltr'><strong>posui,</strong></span> <span class='ocrx_word' id='word_1_592' title='bbox 2876 4446 3069 4501; x_wconf 90' lang='lat' dir='ltr'><strong>alicubi</strong></span> <span class='ocrx_word' id='word_1_593' title='bbox 3102 4463 3316 4519; x_wconf 89' lang='lat' dir='ltr'><strong>quoque</strong></span> <span class='ocrx_word' id='word_1_594' title='bbox 3343 4454 3527 4504; x_wconf 70' lang='lat' dir='ltr'><strong>eorum</strong></span> <span class='ocrx_word' id='word_1_595' title='bbox 3557 4467 3682 4507; x_wconf 59' lang='lat' dir='ltr'><strong>seu.</strong></span> 
     </span>
    </p>
   </div>
   <div class='ocr_carea' id='block_1_85' title="bbox 409 4516 3685 4611">
    <p class='ocr_par' dir='ltr' id='par_1_85' title="bbox 409 4516 3685 4611">
     <span class='ocr_line' id='line_1_85' title="bbox 409 4516 3685 4611; baseline -0.004 -2"><span class='ocrx_word' id='word_1_596' title='bbox 409 4561 517 4601; x_wconf 80' lang='grc' dir='ltr'><strong>ιιθη</strong></span> <span class='ocrx_word' id='word_1_597' title='bbox 567 4543 745 4607; x_wconf 64' lang='lat' dir='ltr'><strong>Simul.</strong></span> <span class='ocrx_word' id='word_1_598' title='bbox 799 4543 893 4597; x_wconf 68' lang='lat' dir='ltr'><strong>sed</strong></span> <span class='ocrx_word' id='word_1_599' title='bbox 923 4540 1202 4609; x_wconf 72' lang='grc' dir='ltr'><strong>ερθοίίιῑίηι</strong></span> <span class='ocrx_word' id='word_1_600' title='bbox 1256 4538 1448 4608; x_wconf 70' lang='grc' dir='ltr'><strong>δίηευιί</strong></span> <span class='ocrx_word' id='word_1_601' title='bbox 1498 4543 1658 4607; x_wconf 76' lang='grc' dir='ltr'><strong>ιπουι</strong></span> <span class='ocrx_word' id='word_1_602' title='bbox 1686 4536 1987 4606; x_wconf 65' lang='grc' dir='ltr'><strong>ίηῑθιτοείι-</strong></span> <span class='ocrx_word' id='word_1_603' title='bbox 2016 4516 2068 4575; x_wconf 81' lang='lat' dir='ltr'><strong>D</strong></span> <span class='ocrx_word' id='word_1_604' title='bbox 2094 4516 2211 4594; x_wconf 81' lang='lat' dir='ltr'><strong>sum</strong></span> <span class='ocrx_word' id='word_1_605' title='bbox 2240 4538 2374 4594; x_wconf 89' lang='lat' dir='ltr'><strong>meis</strong></span> <span class='ocrx_word' id='word_1_606' title='bbox 2399 4537 2582 4592; x_wconf 89' lang='lat' dir='ltr'><strong>verbis</strong></span> <span class='ocrx_word' id='word_1_607' title='bbox 2619 4547 2838 4611; x_wconf 86' lang='lat' dir='ltr'><strong>propter</strong></span> <span class='ocrx_word' id='word_1_608' title='bbox 2862 4516 3180 4595; x_wconf 85' lang='lat' dir='ltr'><strong>brevitatem</strong></span> <span class='ocrx_word' id='word_1_609' title='bbox 3223 4516 3403 4610; x_wconf 81' lang='lat' dir='ltr'><strong>operis</strong></span> <span class='ocrx_word' id='word_1_610' title='bbox 3444 4542 3685 4597; x_wconf 75' lang='lat' dir='ltr'><strong>strictim</strong></span> 
     </span>
    </p>
   </div>
   <div class='ocr_carea' id='block_1_86' title="bbox 410 4627 1990 4699">
    <p class='ocr_par' dir='ltr' id='par_1_86' title="bbox 410 4627 1990 4699">
     <span class='ocr_line' id='line_1_86' title="bbox 410 4627 1990 4699; baseline -0.006 -9"><span class='ocrx_word' id='word_1_611' title='bbox 410 4637 562 4699; x_wconf 80' lang='lat' dir='ltr'><strong>bant,</strong></span> <span class='ocrx_word' id='word_1_612' title='bbox 602 4635 654 4688; x_wconf 93' lang='lat' dir='ltr'><strong>in</strong></span> <span class='ocrx_word' id='word_1_613' title='bbox 680 4631 821 4687; x_wconf 78' lang='lat' dir='ltr'><strong>foliis</strong></span> <span class='ocrx_word' id='word_1_614' title='bbox 867 4633 1067 4699; x_wconf 88' lang='lat' dir='ltr'><strong>scripta</strong></span> <span class='ocrx_word' id='word_1_615' title='bbox 1094 4630 1375 4683; x_wconf 88' lang='lat' dir='ltr'><strong>haberent.</strong></span> <span class='ocrx_word' id='word_1_616' title='bbox 1406 4627 1609 4693; x_wconf 89' lang='lat' dir='ltr'><strong>Quibus</strong></span> <span class='ocrx_word' id='word_1_617' title='bbox 1636 4627 1904 4691; x_wconf 88' lang='lat' dir='ltr'><strong>consensi,</strong></span> <span class='ocrx_word' id='word_1_618' title='bbox 1934 4635 1990 4681; x_wconf 92' lang='lat' dir='ltr'><strong>et</strong></span> 
     </span>
    </p>
   </div>
   <div class='ocr_carea' id='block_1_87' title="bbox 410 4716 1991 4795">
    <p class='ocr_par' dir='ltr' id='par_1_87' title="bbox 410 4716 1991 4795">
     <span class='ocr_line' id='line_1_87' title="bbox 410 4716 1991 4795; baseline -0.004 -16"><span class='ocrx_word' id='word_1_619' title='bbox 410 4726 555 4795; x_wconf 87' lang='lat' dir='ltr'><strong>quod</strong></span> <span class='ocrx_word' id='word_1_620' title='bbox 586 4724 847 4794; x_wconf 82' lang='lat' dir='ltr'><strong>rogabant</strong></span> <span class='ocrx_word' id='word_1_621' title='bbox 872 4721 973 4775; x_wconf 84' lang='lat' dir='ltr'><strong>feci</strong></span> <span class='ocrx_word' id='word_1_622' title='bbox 1001 4728 1260 4789; x_wconf 89' lang='lat' dir='ltr'><strong>quantum</strong></span> <span class='ocrx_word' id='word_1_623' title='bbox 1288 4717 1457 4788; x_wconf 90' lang='lat' dir='ltr'><strong>potui.</strong></span> <span class='ocrx_word' id='word_1_624' title='bbox 1490 4716 1624 4771; x_wconf 85' lang='lat' dir='ltr'><strong>Nam</strong></span> <span class='ocrx_word' id='word_1_625' title='bbox 1655 4716 1722 4771; x_wconf 88' lang='lat' dir='ltr'><strong>de</strong></span> <span class='ocrx_word' id='word_1_626' title='bbox 1751 4717 1853 4771; x_wconf 90' lang='lat' dir='ltr'><strong>hoc</strong></span> <span class='ocrx_word' id='word_1_627' title='bbox 1880 4725 1991 4773; x_wconf 90' lang='lat' dir='ltr'><strong>tres</strong></span> 
     </span>
    </p>
   </div>
   <div class='ocr_carea' id='block_1_88' title="bbox 411 4807 1989 4880">
    <p class='ocr_par' dir='ltr' id='par_1_88' title="bbox 411 4807 1989 4880">
     <span class='ocr_line' id='line_1_88' title="bbox 411 4807 1989 4880; baseline -0.005 -9"><span class='ocrx_word' id='word_1_628' title='bbox 411 4817 578 4872; x_wconf 87' lang='lat' dir='ltr'><strong>libros</strong></span> <span class='ocrx_word' id='word_1_629' title='bbox 600 4813 763 4870; x_wconf 90' lang='lat' dir='ltr'><strong>edidi.</strong></span> <span class='ocrx_word' id='word_1_630' title='bbox 808 4811 1047 4879; x_wconf 90' lang='lat' dir='ltr'><strong>Quorum</strong></span> <span class='ocrx_word' id='word_1_631' title='bbox 1100 4808 1309 4880; x_wconf 89' lang='lat' dir='ltr'><strong>primus</strong></span> <span class='ocrx_word' id='word_1_632' title='bbox 1333 4808 1401 4863; x_wconf 88' lang='lat' dir='ltr'><strong>de</strong></span> <span class='ocrx_word' id='word_1_633' title='bbox 1429 4807 1813 4863; x_wconf 90' lang='lat' dir='ltr'><strong>ecclesiasticis</strong></span> <span class='ocrx_word' id='word_1_634' title='bbox 1841 4809 1989 4863; x_wconf 88' lang='lat' dir='ltr'><strong>ordi-</strong></span> 
     </span>
    </p>
   </div>
   <div class='ocr_carea' id='block_1_89' title="bbox 409 4898 1992 4973">
    <p class='ocr_par' dir='ltr' id='par_1_89' title="bbox 409 4898 1992 4973">
     <span class='ocr_line' id='line_1_89' title="bbox 409 4898 1992 4973; baseline -0.007 -8"><span class='ocrx_word' id='word_1_635' title='bbox 409 4909 590 4973; x_wconf 91' lang='lat' dir='ltr'><strong>nibus,</strong></span> <span class='ocrx_word' id='word_1_636' title='bbox 640 4914 697 4961; x_wconf 91' lang='lat' dir='ltr'><strong>et</strong></span> <span class='ocrx_word' id='word_1_637' title='bbox 741 4906 806 4961; x_wconf 89' lang='lat' dir='ltr'><strong>de</strong></span> <span class='ocrx_word' id='word_1_638' title='bbox 847 4911 996 4959; x_wconf 90' lang='lat' dir='ltr'><strong>veste</strong></span> <span class='ocrx_word' id='word_1_639' title='bbox 1024 4898 1342 4957; x_wconf 75' lang='lat' dir='ltr'><strong>sacerdotali</strong></span> <span class='ocrx_word' id='word_1_640' title='bbox 1389 4899 1718 4955; x_wconf 88' lang='lat' dir='ltr'><strong>continetur.</strong></span> <span class='ocrx_word' id='word_1_641' title='bbox 1764 4898 1894 4953; x_wconf 86' lang='lat' dir='ltr'><strong>item</strong></span> <span class='ocrx_word' id='word_1_642' title='bbox 1924 4899 1992 4954; x_wconf 90' lang='lat' dir='ltr'><strong>de</strong></span> 
     </span>
    </p>
   </div>
   <div class='ocr_carea' id='block_1_90' title="bbox 411 4989 1990 5070">
    <p class='ocr_par' dir='ltr' id='par_1_90' title="bbox 411 4989 1990 5070">
     <span class='ocr_line' id='line_1_90' title="bbox 411 4989 1990 5070; baseline -0.006 -17"><span class='ocrx_word' id='word_1_643' title='bbox 411 5007 645 5070; x_wconf 89' lang='lat' dir='ltr'><strong>quatuor</strong></span> <span class='ocrx_word' id='word_1_644' title='bbox 690 4993 1107 5051; x_wconf 90' lang='lat' dir='ltr'><strong>cbarismatibus</strong></span> <span class='ocrx_word' id='word_1_645' title='bbox 1143 4990 1415 5055; x_wconf 64' lang='lat' dir='ltr'><strong>Ecclesiae,</strong></span> <span class='ocrx_word' id='word_1_646' title='bbox 1467 4989 1521 5044; x_wconf 89' lang='lat' dir='ltr'><strong>id</strong></span> <span class='ocrx_word' id='word_1_647' title='bbox 1550 4999 1654 5054; x_wconf 90' lang='lat' dir='ltr'><strong>est,</strong></span> <span class='ocrx_word' id='word_1_648' title='bbox 1702 4989 1990 5059; x_wconf 88' lang='lat' dir='ltr'><strong>baptismo,</strong></span> 
     </span>
    </p>
   </div>
   <div class='ocr_carea' id='block_1_91' title="bbox 411 5082 1991 5155">
    <p class='ocr_par' dir='ltr' id='par_1_91' title="bbox 411 5082 1991 5155">
     <span class='ocr_line' id='line_1_91' title="bbox 411 5082 1991 5155; baseline -0.006 -9"><span class='ocrx_word' id='word_1_649' title='bbox 411 5101 465 5147; x_wconf 88' lang='lat' dir='ltr'><strong>et</strong></span> <span class='ocrx_word' id='word_1_650' title='bbox 492 5090 825 5154; x_wconf 89' lang='lat' dir='ltr'><strong>chrismate,</strong></span> <span class='ocrx_word' id='word_1_651' title='bbox 872 5099 1099 5155; x_wconf 91' lang='lat' dir='ltr'><strong>corpore</strong></span> <span class='ocrx_word' id='word_1_652' title='bbox 1149 5092 1203 5138; x_wconf 90' lang='lat' dir='ltr'><strong>et</strong></span> <span class='ocrx_word' id='word_1_653' title='bbox 1246 5082 1507 5154; x_wconf 85' lang='lat' dir='ltr'><strong>sanguine</strong></span> <span class='ocrx_word' id='word_1_654' title='bbox 1556 5082 1803 5147; x_wconf 89' lang='lat' dir='ltr'><strong>Domini,</strong></span> <span class='ocrx_word' id='word_1_655' title='bbox 1846 5083 1991 5138; x_wconf 90' lang='lat' dir='ltr'><strong>etde</strong></span> 
     </span>
    </p>
   </div>
   <div class='ocr_carea' id='block_1_92' title="bbox 413 5171 1988 5238">
    <p class='ocr_par' dir='ltr' id='par_1_92' title="bbox 413 5171 1988 5238">
     <span class='ocr_line' id='line_1_92' title="bbox 413 5171 1988 5238; baseline -0.007 0"><span class='ocrx_word' id='word_1_656' title='bbox 413 5181 589 5238; x_wconf 81' lang='lat' dir='ltr'><strong>cilicio</strong></span> <span class='ocrx_word' id='word_1_657' title='bbox 618 5180 797 5235; x_wconf 89' lang='lat' dir='ltr'><strong>missae</strong></span> <span class='ocrx_word' id='word_1_658' title='bbox 843 5174 1136 5231; x_wconf 90' lang='lat' dir='ltr'><strong>secundum</strong></span> <span class='ocrx_word' id='word_1_659' title='bbox 1164 5188 1370 5228; x_wconf 86' lang='lat' dir='ltr'><strong>morem</strong></span> <span class='ocrx_word' id='word_1_660' title='bbox 1415 5172 1671 5228; x_wconf 77' lang='lat' dir='ltr'><strong>Romana:</strong></span> <span class='ocrx_word' id='word_1_661' title='bbox 1715 5171 1988 5227; x_wconf 73' lang='lat' dir='ltr'><strong>Ecclesizn.</strong></span> 
     </span>
    </p>
   </div>
   <div class='ocr_carea' id='block_1_93' title="bbox 415 5263 1993 5350">
    <p class='ocr_par' dir='ltr' id='par_1_93' title="bbox 415 5263 1993 5350">
     <span class='ocr_line' id='line_1_93' title="bbox 415 5263 1993 5350; baseline -0.007 -21"><span class='ocrx_word' id='word_1_662' title='bbox 415 5273 697 5329; x_wconf 86' lang='lat' dir='ltr'><strong>Secundus</strong></span> <span class='ocrx_word' id='word_1_663' title='bbox 722 5278 901 5325; x_wconf 89' lang='lat' dir='ltr'><strong>autem</strong></span> <span class='ocrx_word' id='word_1_664' title='bbox 949 5267 1084 5323; x_wconf 89' lang='lat' dir='ltr'><strong>liber</strong></span> <span class='ocrx_word' id='word_1_665' title='bbox 1109 5267 1349 5350; x_wconf 68' lang='lat' dir='ltr'><strong>continet</strong></span> <span class='ocrx_word' id='word_1_666' title='bbox 1376 5266 1441 5321; x_wconf 89' lang='lat' dir='ltr'><strong>de</strong></span> <span class='ocrx_word' id='word_1_667' title='bbox 1483 5263 1659 5320; x_wconf 85' lang='lat' dir='ltr'><strong>oﬁicio</strong></span> <span class='ocrx_word' id='word_1_668' title='bbox 1707 5264 1993 5319; x_wconf 88' lang='lat' dir='ltr'><strong>canonica-</strong></span> 
     </span>
    </p>
   </div>
   <div class='ocr_carea' id='block_1_94' title="bbox 416 5356 1991 5429">
    <p class='ocr_par' dir='ltr' id='par_1_94' title="bbox 416 5356 1991 5429">
     <span class='ocr_line' id='line_1_94' title="bbox 416 5356 1991 5429; baseline -0.007 -9"><span class='ocrx_word' id='word_1_669' title='bbox 416 5380 535 5421; x_wconf 87' lang='lat' dir='ltr'><strong>rum</strong></span> <span class='ocrx_word' id='word_1_670' title='bbox 565 5365 842 5427; x_wconf 84' lang='lat' dir='ltr'><strong>horarum,</strong></span> <span class='ocrx_word' id='word_1_671' title='bbox 897 5368 954 5415; x_wconf 92' lang='lat' dir='ltr'><strong>et</strong></span> <span class='ocrx_word' id='word_1_672' title='bbox 980 5360 1045 5415; x_wconf 91' lang='lat' dir='ltr'><strong>de</strong></span> <span class='ocrx_word' id='word_1_673' title='bbox 1081 5357 1309 5429; x_wconf 85' lang='lat' dir='ltr'><strong>jejunio,</strong></span> <span class='ocrx_word' id='word_1_674' title='bbox 1351 5366 1406 5412; x_wconf 93' lang='lat' dir='ltr'><strong>et</strong></span> <span class='ocrx_word' id='word_1_675' title='bbox 1450 5358 1515 5412; x_wconf 90' lang='lat' dir='ltr'><strong>de</strong></span> <span class='ocrx_word' id='word_1_676' title='bbox 1544 5356 1881 5412; x_wconf 80' lang='lat' dir='ltr'><strong>confessione</strong></span> <span class='ocrx_word' id='word_1_677' title='bbox 1927 5372 1991 5410; x_wconf 92' lang='lat' dir='ltr'><strong>ac</strong></span> 
     </span>
    </p>
   </div>
   <div class='ocr_carea' id='block_1_95' title="bbox 418 5447 1989 5527">
    <p class='ocr_par' dir='ltr' id='par_1_95' title="bbox 418 5447 1989 5527">
     <span class='ocr_line' id='line_1_95' title="bbox 418 5447 1989 5527; baseline -0.006 -17"><span class='ocrx_word' id='word_1_678' title='bbox 418 5456 755 5527; x_wconf 75' lang='lat' dir='ltr'><strong>pmnitentia,</strong></span> <span class='ocrx_word' id='word_1_679' title='bbox 804 5455 871 5509; x_wconf 90' lang='lat' dir='ltr'><strong>de</strong></span> <span class='ocrx_word' id='word_1_680' title='bbox 903 5452 1154 5523; x_wconf 88' lang='lat' dir='ltr'><strong>legitimis</strong></span> <span class='ocrx_word' id='word_1_681' title='bbox 1178 5464 1394 5521; x_wconf 89' lang='lat' dir='ltr'><strong>quoque</strong></span> <span class='ocrx_word' id='word_1_682' title='bbox 1421 5447 1657 5518; x_wconf 78' lang='lat' dir='ltr'><strong>jejuniis,</strong></span> <span class='ocrx_word' id='word_1_683' title='bbox 1694 5456 1750 5503; x_wconf 91' lang='lat' dir='ltr'><strong>et</strong></span> <span class='ocrx_word' id='word_1_684' title='bbox 1784 5447 1989 5503; x_wconf 81' lang='lat' dir='ltr'><strong>festivi-</strong></span> 
     </span>
    </p>
   </div>
   <div class='ocr_carea' id='block_1_96' title="bbox 419 5537 1993 5607">
    <p class='ocr_par' dir='ltr' id='par_1_96' title="bbox 419 5537 1993 5607">
     <span class='ocr_line' id='line_1_96' title="bbox 419 5537 1993 5607; baseline -0.006 -6"><span class='ocrx_word' id='word_1_685' title='bbox 419 5547 619 5601; x_wconf 83' lang='lat' dir='ltr'><strong>tatibus</strong></span> <span class='ocrx_word' id='word_1_686' title='bbox 646 5546 837 5607; x_wconf 89' lang='lat' dir='ltr'><strong>variis,</strong></span> <span class='ocrx_word' id='word_1_687' title='bbox 888 5543 954 5599; x_wconf 88' lang='lat' dir='ltr'><strong>de</strong></span> <span class='ocrx_word' id='word_1_688' title='bbox 1004 5539 1324 5597; x_wconf 90' lang='lat' dir='ltr'><strong>lectionibus</strong></span> <span class='ocrx_word' id='word_1_689' title='bbox 1371 5547 1428 5593; x_wconf 89' lang='lat' dir='ltr'><strong>et</strong></span> <span class='ocrx_word' id='word_1_690' title='bbox 1475 5539 1689 5595; x_wconf 78' lang='lat' dir='ltr'><strong>cantico</strong></span> <span class='ocrx_word' id='word_1_691' title='bbox 1739 5537 1993 5593; x_wconf 88' lang='lat' dir='ltr'><strong>ecclesia-</strong></span> 
     </span>
    </p>
   </div>
   <div class='ocr_carea' id='block_1_97' title="bbox 421 5627 1994 5701">
    <p class='ocr_par' dir='ltr' id='par_1_97' title="bbox 421 5627 1994 5701">
     <span class='ocr_line' id='line_1_97' title="bbox 421 5627 1994 5701; baseline -0.004 -9"><span class='ocrx_word' id='word_1_692' title='bbox 421 5637 579 5699; x_wconf 87' lang='lat' dir='ltr'><strong>stico,</strong></span> <span class='ocrx_word' id='word_1_693' title='bbox 611 5638 676 5692; x_wconf 87' lang='lat' dir='ltr'><strong>de</strong></span> <span class='ocrx_word' id='word_1_694' title='bbox 701 5638 803 5693; x_wconf 87' lang='lat' dir='ltr'><strong>ﬁde</strong></span> <span class='ocrx_word' id='word_1_695' title='bbox 832 5638 1094 5692; x_wconf 85' lang='lat' dir='ltr'><strong>catholica</strong></span> <span class='ocrx_word' id='word_1_696' title='bbox 1116 5674 1131 5701; x_wconf 95' lang='lat'><strong>,</strong></span> <span class='ocrx_word' id='word_1_697' title='bbox 1166 5641 1222 5688; x_wconf 89' lang='lat' dir='ltr'><strong>et</strong></span> <span class='ocrx_word' id='word_1_698' title='bbox 1248 5648 1279 5688; x_wconf 89' lang='lat' dir='ltr'><strong>e</strong></span> <span class='ocrx_word' id='word_1_699' title='bbox 1305 5627 1586 5689; x_wconf 84' lang='lat' dir='ltr'><strong>contrario</strong></span> <span class='ocrx_word' id='word_1_700' title='bbox 1603 5636 1668 5686; x_wconf 85' lang='lat' dir='ltr'><strong>de</strong></span> <span class='ocrx_word' id='word_1_701' title='bbox 1696 5629 1860 5689; x_wconf 73' lang='lat' dir='ltr'><strong>vasiis</strong></span> <span class='ocrx_word' id='word_1_702' title='bbox 1884 5636 1994 5685; x_wconf 69' lang='lat' dir='ltr'><strong>hsc-</strong></span> 
     </span>
    </p>
   </div>
   <div class='ocr_carea' id='block_1_98' title="bbox 2091 4629 3684 4696">
    <p class='ocr_par' dir='ltr' id='par_1_98' title="bbox 2091 4629 3684 4696">
     <span class='ocr_line' id='line_1_98' title="bbox 2091 4629 3684 4696; baseline 0.001 -12"><span class='ocrx_word' id='word_1_703' title='bbox 2091 4629 2389 4684; x_wconf 90' lang='lat' dir='ltr'><strong>cnuntiavi.</strong></span> <span class='ocrx_word' id='word_1_704' title='bbox 2416 4629 2691 4683; x_wconf 87' lang='lat' dir='ltr'><strong>Interdum</strong></span> <span class='ocrx_word' id='word_1_705' title='bbox 2713 4643 2838 4683; x_wconf 93' lang='lat' dir='ltr'><strong>vero</strong></span> <span class='ocrx_word' id='word_1_706' title='bbox 2863 4629 2955 4684; x_wconf 86' lang='lat' dir='ltr'><strong>ubi</strong></span> <span class='ocrx_word' id='word_1_707' title='bbox 2983 4644 3201 4685; x_wconf 90' lang='lat' dir='ltr'><strong>necesse</strong></span> <span class='ocrx_word' id='word_1_708' title='bbox 3233 4629 3356 4696; x_wconf 80' lang='lat' dir='ltr'><strong>fuit,</strong></span> <span class='ocrx_word' id='word_1_709' title='bbox 3382 4632 3684 4686; x_wconf 88' lang='lat' dir='ltr'><strong>secundum</strong></span> 
     </span>
    </p>
   </div>
   <div class='ocr_carea' id='block_1_99' title="bbox 2092 4721 3680 4793">
    <p class='ocr_par' dir='ltr' id='par_1_99' title="bbox 2092 4721 3680 4793">
     <span class='ocr_line' id='line_1_99' title="bbox 2092 4721 3680 4793; baseline -0.003 -13"><span class='ocrx_word' id='word_1_710' title='bbox 2092 4723 2369 4793; x_wconf 78' lang='lat' dir='ltr'><strong>exemplar</strong></span> <span class='ocrx_word' id='word_1_711' title='bbox 2396 4738 2584 4779; x_wconf 90' lang='lat' dir='ltr'><strong>eorum</strong></span> <span class='ocrx_word' id='word_1_712' title='bbox 2611 4721 2855 4793; x_wconf 69' lang='lat' dir='ltr'><strong>quaedam</strong></span> <span class='ocrx_word' id='word_1_713' title='bbox 2885 4737 3046 4777; x_wconf 91' lang='lat' dir='ltr'><strong>sensu</strong></span> <span class='ocrx_word' id='word_1_714' title='bbox 3076 4736 3198 4777; x_wconf 89' lang='lat' dir='ltr'><strong>meo</strong></span> <span class='ocrx_word' id='word_1_715' title='bbox 3222 4722 3439 4792; x_wconf 89' lang='lat' dir='ltr'><strong>protuli.</strong></span> <span class='ocrx_word' id='word_1_716' title='bbox 3476 4723 3534 4777; x_wconf 90' lang='lat' dir='ltr'><strong>ln</strong></span> <span class='ocrx_word' id='word_1_717' title='bbox 3555 4739 3680 4777; x_wconf 65' lang='lat' dir='ltr'><strong>om-</strong></span> 
     </span>
    </p>
   </div>
   <div class='ocr_carea' id='block_1_100' title="bbox 2094 4811 3681 4877">
    <p class='ocr_par' dir='ltr' id='par_1_100' title="bbox 2094 4811 3681 4877">
     <span class='ocr_line' id='line_1_100' title="bbox 2094 4811 3681 4877; baseline -0.001 -7"><span class='ocrx_word' id='word_1_718' title='bbox 2094 4815 2251 4870; x_wconf 90' lang='lat' dir='ltr'><strong>nibus</strong></span> <span class='ocrx_word' id='word_1_719' title='bbox 2282 4822 2480 4877; x_wconf 90' lang='lat' dir='ltr'><strong>tamen,</strong></span> <span class='ocrx_word' id='word_1_720' title='bbox 2512 4812 2568 4867; x_wconf 92' lang='lat' dir='ltr'><strong>ni</strong></span> <span class='ocrx_word' id='word_1_721' title='bbox 2598 4811 2772 4877; x_wconf 83' lang='lat' dir='ltr'><strong>fallor,</strong></span> <span class='ocrx_word' id='word_1_722' title='bbox 2802 4811 3124 4867; x_wconf 87' lang='lat' dir='ltr'><strong>catholicam</strong></span> <span class='ocrx_word' id='word_1_723' title='bbox 3167 4812 3409 4868; x_wconf 90' lang='lat' dir='ltr'><strong>imitatus</strong></span> <span class='ocrx_word' id='word_1_724' title='bbox 3438 4828 3556 4868; x_wconf 90' lang='lat' dir='ltr'><strong>sum</strong></span> <span class='ocrx_word' id='word_1_725' title='bbox 3585 4829 3681 4869; x_wconf 51' lang='lat' dir='ltr'><strong>ve.</strong></span> 
     </span>
    </p>
   </div>
   <div class='ocr_carea' id='block_1_101' title="bbox 2095 4904 3688 4977">
    <p class='ocr_par' dir='ltr' id='par_1_101' title="bbox 2095 4904 3688 4977">
     <span class='ocr_line' id='line_1_101' title="bbox 2095 4904 3688 4977; baseline 0 -16"><span class='ocrx_word' id='word_1_726' title='bbox 2095 4907 2334 4972; x_wconf 89' lang='lat' dir='ltr'><strong>ritatem,</strong></span> <span class='ocrx_word' id='word_1_727' title='bbox 2359 4921 2390 4960; x_wconf 88' lang='lat' dir='ltr'><strong>a</strong></span> <span class='ocrx_word' id='word_1_728' title='bbox 2418 4920 2523 4976; x_wconf 90' lang='lat' dir='ltr'><strong>qua</strong></span> <span class='ocrx_word' id='word_1_729' title='bbox 2553 4905 2618 4976; x_wconf 91' lang='lat' dir='ltr'><strong>(si</strong></span> <span class='ocrx_word' id='word_1_730' title='bbox 2647 4904 2906 4959; x_wconf 90' lang='lat' dir='ltr'><strong>Dominus</strong></span> <span class='ocrx_word' id='word_1_731' title='bbox 2927 4904 3212 4977; x_wconf 87' lang='lat' dir='ltr'><strong>adjuverit)</strong></span> <span class='ocrx_word' id='word_1_732' title='bbox 3239 4921 3345 4961; x_wconf 92' lang='lat' dir='ltr'><strong>non</strong></span> <span class='ocrx_word' id='word_1_733' title='bbox 3370 4906 3547 4976; x_wconf 84' lang='lat' dir='ltr'><strong>patior</strong></span> <span class='ocrx_word' id='word_1_734' title='bbox 3570 4906 3688 4961; x_wconf 88' lang='lat' dir='ltr'><strong>ullo</strong></span> 
     </span>
    </p>
   </div>
   <div class='ocr_carea' id='block_1_102' title="bbox 2098 4996 3689 5069">
    <p class='ocr_par' dir='ltr' id='par_1_102' title="bbox 2098 4996 3689 5069">
     <span class='ocr_line' id='line_1_102' title="bbox 2098 4996 3689 5069; baseline -0.002 -14"><span class='ocrx_word' id='word_1_735' title='bbox 2098 4999 2257 5055; x_wconf 85' lang='lat' dir='ltr'><strong>modo</strong></span> <span class='ocrx_word' id='word_1_736' title='bbox 2299 4996 2496 5059; x_wconf 89' lang='lat' dir='ltr'><strong>divelli,</strong></span> <span class='ocrx_word' id='word_1_737' title='bbox 2529 5011 2687 5065; x_wconf 86' lang='lat' dir='ltr'><strong>quam</strong></span> <span class='ocrx_word' id='word_1_738' title='bbox 2716 5006 2772 5050; x_wconf 91' lang='lat' dir='ltr'><strong>et</strong></span> <span class='ocrx_word' id='word_1_739' title='bbox 2803 5004 2854 5050; x_wconf 89' lang='lat' dir='ltr'><strong>te</strong></span> <span class='ocrx_word' id='word_1_740' title='bbox 2875 5012 2987 5066; x_wconf 77' lang='lat' dir='ltr'><strong>pra:</strong></span> <span class='ocrx_word' id='word_1_741' title='bbox 3016 4996 3265 5052; x_wconf 86' lang='lat' dir='ltr'><strong>omnibus</strong></span> <span class='ocrx_word' id='word_1_742' title='bbox 3290 4996 3486 5052; x_wconf 89' lang='lat' dir='ltr'><strong>habere</strong></span> <span class='ocrx_word' id='word_1_743' title='bbox 3513 5006 3689 5069; x_wconf 86' lang='lat' dir='ltr'><strong>atque</strong></span> 
     </span>
    </p>
   </div>
   <div class='ocr_carea' id='block_1_103' title="bbox 2097 5087 3691 5159">
    <p class='ocr_par' dir='ltr' id='par_1_103' title="bbox 2097 5087 3691 5159">
     <span class='ocr_line' id='line_1_103' title="bbox 2097 5087 3691 5159; baseline 0 -14"><span class='ocrx_word' id='word_1_744' title='bbox 2097 5105 2282 5145; x_wconf 91' lang='lat' dir='ltr'><strong>amare</strong></span> <span class='ocrx_word' id='word_1_745' title='bbox 2308 5087 2551 5155; x_wconf 88' lang='lat' dir='ltr'><strong>conﬁdo;</strong></span> <span class='ocrx_word' id='word_1_746' title='bbox 2577 5096 2630 5143; x_wconf 91' lang='lat' dir='ltr'><strong>et</strong></span> <span class='ocrx_word' id='word_1_747' title='bbox 2655 5088 2775 5144; x_wconf 89' lang='lat' dir='ltr'><strong>ideo</strong></span> <span class='ocrx_word' id='word_1_748' title='bbox 2800 5096 2888 5142; x_wconf 90' lang='lat' dir='ltr'><strong>tua</strong></span> <span class='ocrx_word' id='word_1_749' title='bbox 2924 5088 3176 5159; x_wconf 77' lang='lat' dir='ltr'><strong>suﬁ‘ragia</strong></span> <span class='ocrx_word' id='word_1_750' title='bbox 3197 5088 3415 5158; x_wconf 87' lang='lat' dir='ltr'><strong>supplex</strong></span> <span class='ocrx_word' id='word_1_751' title='bbox 3443 5097 3591 5157; x_wconf 88' lang='lat' dir='ltr'><strong>peto,</strong></span> <span class='ocrx_word' id='word_1_752' title='bbox 3620 5098 3691 5145; x_wconf 90' lang='lat' dir='ltr'><strong>ut</strong></span> 
     </span>
    </p>
   </div>
   <div class='ocr_carea' id='block_1_104' title="bbox 2097 5179 3684 5252">
    <p class='ocr_par' dir='ltr' id='par_1_104' title="bbox 2097 5179 3684 5252">
     <span class='ocr_line' id='line_1_104' title="bbox 2097 5179 3684 5252; baseline -0.001 -17"><span class='ocrx_word' id='word_1_753' title='bbox 2097 5182 2213 5252; x_wconf 88' lang='lat' dir='ltr'><strong>ipsa</strong></span> <span class='ocrx_word' id='word_1_754' title='bbox 2256 5180 2471 5235; x_wconf 72' lang='lat' dir='ltr'><strong>Veritas</strong></span> <span class='ocrx_word' id='word_1_755' title='bbox 2527 5179 2769 5234; x_wconf 88' lang='lat' dir='ltr'><strong>omnium</strong></span> <span class='ocrx_word' id='word_1_756' title='bbox 2818 5179 3053 5233; x_wconf 87' lang='lat' dir='ltr'><strong>creatrix</strong></span> <span class='ocrx_word' id='word_1_757' title='bbox 3085 5187 3247 5249; x_wconf 90' lang='lat' dir='ltr'><strong>atque</strong></span> <span class='ocrx_word' id='word_1_758' title='bbox 3303 5179 3684 5250; x_wconf 81' lang='lat' dir='ltr'><strong>gubernatrix,</strong></span> 
     </span>
    </p>
   </div>
   <div class='ocr_carea' id='block_1_105' title="bbox 2095 5268 3692 5338">
    <p class='ocr_par' dir='ltr' id='par_1_105' title="bbox 2095 5268 3692 5338">
     <span class='ocr_line' id='line_1_105' title="bbox 2095 5268 3692 5338; baseline 0 -15"><span class='ocrx_word' id='word_1_759' title='bbox 2095 5270 2221 5325; x_wconf 88' lang='lat' dir='ltr'><strong>licet</strong></span> <span class='ocrx_word' id='word_1_760' title='bbox 2244 5284 2350 5324; x_wconf 90' lang='lat' dir='ltr'><strong>non</strong></span> <span class='ocrx_word' id='word_1_761' title='bbox 2379 5268 2513 5324; x_wconf 87' lang='lat' dir='ltr'><strong>meis</strong></span> <span class='ocrx_word' id='word_1_762' title='bbox 2540 5268 2767 5333; x_wconf 89' lang='lat' dir='ltr'><strong>meritis,</strong></span> <span class='ocrx_word' id='word_1_763' title='bbox 2796 5275 2976 5322; x_wconf 89' lang='lat' dir='ltr'><strong>tamen</strong></span> <span class='ocrx_word' id='word_1_764' title='bbox 3002 5277 3221 5338; x_wconf 88' lang='lat' dir='ltr'><strong>propter</strong></span> <span class='ocrx_word' id='word_1_765' title='bbox 3248 5278 3393 5323; x_wconf 90' lang='lat' dir='ltr'><strong>tuam</strong></span> <span class='ocrx_word' id='word_1_766' title='bbox 3423 5269 3692 5323; x_wconf 86' lang='lat' dir='ltr'><strong>sacratis-</strong></span> 
     </span>
    </p>
   </div>
   <div class='ocr_carea' id='block_1_106' title="bbox 2030 5358 3689 5427">
    <p class='ocr_par' dir='ltr' id='par_1_106' title="bbox 2030 5358 3689 5427">
     <span class='ocr_line' id='line_1_106' title="bbox 2030 5358 3689 5427; baseline -0.002 -11"><span class='ocrx_word' id='word_1_767' title='bbox 2030 5400 2039 5415; x_wconf 93' lang='lat'><strong>.</strong></span> <span class='ocrx_word' id='word_1_768' title='bbox 2096 5363 2288 5416; x_wconf 87' lang='lat' dir='ltr'><strong>simam</strong></span> <span class='ocrx_word' id='word_1_769' title='bbox 2309 5359 2609 5415; x_wconf 91' lang='lat' dir='ltr'><strong>orationem</strong></span> <span class='ocrx_word' id='word_1_770' title='bbox 2641 5374 2728 5417; x_wconf 89' lang='lat' dir='ltr'><strong>me</strong></span> <span class='ocrx_word' id='word_1_771' title='bbox 2750 5360 2806 5427; x_wconf 80' lang='lat' dir='ltr'><strong>in</strong></span> <span class='ocrx_word' id='word_1_772' title='bbox 2840 5372 2897 5413; x_wconf 91' lang='lat' dir='ltr'><strong>se</strong></span> <span class='ocrx_word' id='word_1_773' title='bbox 2934 5360 3049 5414; x_wconf 83' lang='lat' dir='ltr'><strong>sine</strong></span> <span class='ocrx_word' id='word_1_774' title='bbox 3075 5359 3182 5415; x_wconf 86' lang='lat' dir='ltr'><strong>ullo</strong></span> <span class='ocrx_word' id='word_1_775' title='bbox 3202 5359 3358 5413; x_wconf 88' lang='lat' dir='ltr'><strong>devio</strong></span> <span class='ocrx_word' id='word_1_776' title='bbox 3392 5358 3590 5417; x_wconf 70' lang='lat' dir='ltr'><strong>erroris</strong></span> <span class='ocrx_word' id='word_1_777' title='bbox 3621 5358 3689 5413; x_wconf 84' lang='lat' dir='ltr'><strong>in</strong></span> 
     </span>
    </p>
   </div>
   <div class='ocr_carea' id='block_1_107' title="bbox 2095 5449 3686 5520">
    <p class='ocr_par' dir='ltr' id='par_1_107' title="bbox 2095 5449 3686 5520">
     <span class='ocr_line' id='line_1_107' title="bbox 2095 5449 3686 5520; baseline -0.001 -16"><span class='ocrx_word' id='word_1_778' title='bbox 2095 5458 2357 5504; x_wconf 83' lang='lat' dir='ltr'><strong>aeternum</strong></span> <span class='ocrx_word' id='word_1_779' title='bbox 2397 5464 2722 5504; x_wconf 86' lang='lat' dir='ltr'><strong>conservare</strong></span> <span class='ocrx_word' id='word_1_780' title='bbox 2768 5450 3037 5520; x_wconf 85' lang='lat' dir='ltr'><strong>dignetur.</strong></span> <span class='ocrx_word' id='word_1_781' title='bbox 3094 5449 3481 5506; x_wconf 82' lang='lat' dir='ltr'><strong>Beatitudinem</strong></span> <span class='ocrx_word' id='word_1_782' title='bbox 3526 5457 3686 5502; x_wconf 81' lang='lat' dir='ltr'><strong>tuam</strong></span> 
     </span>
    </p>
   </div>
   <div class='ocr_carea' id='block_1_108' title="bbox 2095 5540 3689 5609">
    <p class='ocr_par' dir='ltr' id='par_1_108' title="bbox 2095 5540 3689 5609">
     <span class='ocr_line' id='line_1_108' title="bbox 2095 5540 3689 5609; baseline -0.001 -14"><span class='ocrx_word' id='word_1_783' title='bbox 2095 5549 2221 5607; x_wconf 81' lang='lat' dir='ltr'><strong>opto</strong></span> <span class='ocrx_word' id='word_1_784' title='bbox 2250 5554 2464 5609; x_wconf 86' lang='lat' dir='ltr'><strong>semper</strong></span> <span class='ocrx_word' id='word_1_785' title='bbox 2491 5540 2626 5596; x_wconf 88' lang='lat' dir='ltr'><strong>bene</strong></span> <span class='ocrx_word' id='word_1_786' title='bbox 2653 5540 2834 5596; x_wconf 89' lang='lat' dir='ltr'><strong>valere</strong></span> <span class='ocrx_word' id='word_1_787' title='bbox 2864 5542 2917 5596; x_wconf 92' lang='lat' dir='ltr'><strong>in</strong></span> <span class='ocrx_word' id='word_1_788' title='bbox 2958 5542 3231 5609; x_wconf 86' lang='lat' dir='ltr'><strong>omnibus,</strong></span> <span class='ocrx_word' id='word_1_789' title='bbox 3277 5550 3461 5599; x_wconf 83' lang='lat' dir='ltr'><strong>sancte</strong></span> <span class='ocrx_word' id='word_1_790' title='bbox 3490 5540 3689 5609; x_wconf 80' lang='lat' dir='ltr'><strong>Pater,</strong></span> 
     </span>
    </p>
   </div>
   <div class='ocr_carea' id='block_1_109' title="bbox 2098 5632 2612 5691">
    <p class='ocr_par' dir='ltr' id='par_1_109' title="bbox 2098 5632 2612 5691">
     <span class='ocr_line' id='line_1_109' title="bbox 2098 5632 2612 5691; baseline -0.004 -4"><span class='ocrx_word' id='word_1_791' title='bbox 2098 5644 2393 5687; x_wconf 87' lang='lat' dir='ltr'><strong>memorem</strong></span> <span class='ocrx_word' id='word_1_792' title='bbox 2422 5632 2612 5691; x_wconf 84' lang='lat' dir='ltr'><strong>nostri.</strong></span> 
     </span>
    </p>
   </div>
  </div>
