2001 3102
215 141 268 169 299

540 141 569 168 Β.
591 141 718 169 RABANI
738 141 847 170 MAUBI
868 139 1027 170 ARCHIEP.

1047 139 1200 168 MOGUNT.
1219 139 1362 168 OPEBUM
1381 139 1471 168 PARS
1488 140 1508 168 Ι.
1808 140 1864 168 500

208 199 325 235 poribus
346 199 427 227 etiam
453 207 530 228 coma
545 204 712 228 sanctorum.
737 199 806 227 Nam
824 204 853 228 et
866 198 1012 234 Apostolus
1025 197 1051 228 Α
1062 196 1220 232 primusque
1231 198 1266 224 ad
1291 197 1370 225 tidem
1396 196 1522 232 populum
1538 197 1636 225 virtute
1650 205 1707 225 sine
1725 197 1857 233 pradica-

212 252 318 273 comam
335 252 384 280 pro
403 245 554 273 velamento
567 253 627 273 esse
642 245 716 273 dicit.
741 245 858 273 Proinde
871 244 928 279 jam
953 252 1006 272 non

213 294 320 326 oportet
339 294 369 318 ut
388 290 510 318 velentur
525 291 647 319 crinibus
671 291 760 326 capita
780 298 873 318 eorum
887 289 932 325 qui
952 290 1006 317 Do-

208 342 289 369 Amino
303 344 507 374 consecrantur,
533 340 581 368 sed
595 343 699 367 tantum
712 342 743 366 ut
755 340 923 370 revelentur,
942 336 1007 380 quia

209 389 287 424 quod
301 392 361 417 erat
373 388 510 416 occultum
531 387 558 415 in
580 391 751 415 sacramento
774 385 934 422 prophetiae,
949 383 1006 417 jam

209 434 242 461 in
257 432 404 468 Evangelio
425 432 590 461 declaratum
613 435 665 459 est.
692 431 761 458 Sunt
776 438 882 465 quoque
897 429 1006 463 quidam

209 479 368 512 doctorum,
386 478 431 512 qui
455 480 581 505 asserunt
602 476 723 504 diversas
738 476 772 503 ob
787 483 883 511 causas
897 474 1006 501 Petrum

215 524 366 559 apostolum
388 524 461 551 hunc
477 524 559 551 ritum
572 522 689 558 primum
711 522 858 556 sumpsisse
871 520 1005 555 primitus,

209 575 246 597 ait
263 569 377 598 formam
393 574 421 597 et
432 568 634 597 similitudinem
652 568 752 596 Christi
779 569 805 595 in
820 568 907 602 capite
920 572 1008 602 gesta-

213 617 273 647 ret,
296 615 358 642 dum
373 621 421 650 pro
437 613 623 649 redemptione
640 618 731 641 nostra
753 614 842 640 crucis
859 613 1008 648 patibulum

214 660 393 691 subditurus,
418 667 434 686 a
454 658 568 686 nefanda
587 658 740 686 Iudaeorum
762 664 840 694 gente
854 659 939 686 acutis
954 658 1009 693 spi-

210 711 313 731 «narum
336 703 438 731 aculeis
466 702 612 731 crudeliter
640 708 829 731 coronaretur.
856 703 956 730 Deinde
979 707 1008 729 ut

216 749 375 777 sacerdotes
387 749 493 776 Veteris
505 752 534 776 et
549 747 618 776 Novi
632 748 798 777 Testamenti
816 749 842 775 in
857 753 966 776 tonsura
982 752 1008 775 et

213 794 311 822 habitu
325 794 551 822 discernerentur.
571 794 712 822 Postremo
736 799 764 821 ut
781 794 853 821 idem
867 793 1008 828 Apostolus

216 839 313 874 suique
322 846 492 867 successores
504 844 532 867 et
545 839 703 874 sequipedes
716 839 888 867 ridiculosum
906 847 1006 874 ganna-

212 891 287 915 -ιιιιτε
299 886 444 914 ludibrium
457 887 484 914 in
497 886 595 922 populo
606 887 726 913 Romano
741 890 889 921 portarent,
905 886 968 920 quia
983 890 1011 912 et

212 931 314 960 illorum
336 932 452 960 barones
467 932 559 959 hostes
573 932 710 959 exercitus
731 936 872 966 superatos
900 931 950 958 sub
965 939 1012 957 co-

217 984 285 1005 rona
299 977 416 1005 vendere
426 976 560 1005 solebant.
586 976 639 1005 Sed
652 977 686 1005 de
699 977 741 1003 his
761 977 824 1011 quid
840 977 1011 1011 suscipiatur,

210 1021 327 1050 lectoris
339 1021 443 1056 judicio
458 1021 680 1057 derelinquimus.
701 1022 848 1049 Veniamus
862 1028 926 1055 ergo
942 1028 1013 1047 nunc

219 1067 255 1094 ad
278 1067 479 1095 sacratissimos
511 1067 621 1094 ordines
649 1065 828 1099 clericorum,
865 1073 1013 1100 eorumque

215 1112 353 1147 originem
366 1115 393 1140 et
407 1111 509 1147 gradus
520 1111 696 1148 singulariter
710 1112 935 1139 demonstremus.

532 1166 645 1195 CAPUT
659 1167 702 1195 ιγ.

428 1202 467 1230 De
479 1202 604 1238 gradibus
616 1201 806 1230 ecclesiasticis.

254 1244 325 1275 Sunt
337 1252 428 1275 autem
438 1247 540 1283 gradus
549 1247 726 1275 ecclesiastici
743 1250 816 1279 octo,
834 1253 947 1281 quorum
963 1254 1012 1273 no-

216 1293 293 1320 .mina
312 1292 371 1320 haec
390 1296 470 1320 sunt:
495 1292 639 1326 Ostiarius,
663 1292 813 1328 psalmista,
842 1292 899 1319 sive
917 1292 1012 1324 lector,

218 1338 368 1371 exorcista,
388 1337 539 1374 acolythus,
557 1337 755 1370 subdiaconus,
775 1337 913 1369 diaconus,
937 1345 1015 1371 prcs-

216 1383 308 1419 byter,
329 1386 411 1418 atque
421 1383 571 1418 episcopus.
585 1382 692 1410 Initium
707 1382 814 1416 quidem
831 1382 971 1409 sacerdotii
987 1381 1013 1407 in

221 1429 313 1458 Veteri
326 1429 500 1457 Testamento
512 1430 603 1456 Aaron
617 1428 669 1456 fuit
678 1449 685 1462 ,
697 1436 850 1463 quanquam
866 1432 892 1455 et
904 1427 1012 1454 Melchi-

220 1476 320 1504 sedech
340 1476 417 1511 prior
439 1475 569 1503 obtulerit
593 1474 776 1507 sacriﬁcium,
802 1479 830 1502 et
854 1479 914 1509 post
942 1474 1013 1500 hunc

220 1520 464 1553 Abrahaszaac,
474 1525 502 1548 et
508 1519 601 1548 Jacob.
613 1517 723 1555 Legitur
732 1519 821 1547 etNoe
836 1519 919 1546 altare
930 1518 1014 1546 aediﬁ-

1060 241 1141 269 tionis
1153 242 1273 270 adduxit.
1290 241 1430 276 Siquidem
1455 242 1546 269 czcteri
1570 242 1684 277 apostoli
1698 250 1759 270 cum
1775 243 1857 270 Petro

1057 285 1117 321 pari
1132 286 1269 313 consortio
1285 285 1397 313 honoris
1418 290 1446 313 et
1462 287 1604 321 potestatis
1616 286 1703 314 etl'ecti
1720 291 1793 319 sunt,
1808 287 1857 322 qui

1057 330 1140 357 etiam
1154 330 1182 359 in
1197 334 1254 358 toto
1276 331 1343 359 orbe
1360 331 1475 366 dispersi
1491 332 1665 367 Evangelium
1688 333 1857 367 praedicave-

1058 378 1130 407 runt,
1145 375 1244 410 quibus
1254 375 1448 406 decedentibus
1461 379 1653 404 successerunt
1668 377 1797 412 episcopi,
1808 377 1856 411 qui

1058 425 1120 447 sunt
1136 420 1275 447 constituti
1290 428 1338 454 per
1354 425 1438 447 totum
1466 421 1596 448 mundum
1623 421 1649 448 in
1667 421 1775 449 sedibus
1788 430 1855 455 apo-

1059 465 1199 498 stolorum,
1223 465 1268 499 qui
1290 465 1345 500 jam
1368 473 1421 492 non
1443 473 1541 500 gcncrc
1563 467 1652 493 carnis
1665 471 1693 493 et
1716 468 1858 501 sanguinis

1058 510 1204 546 eliguntur,
1228 511 1297 538 sicut
1312 511 1428 546 primum
1445 512 1592 539 secundum
1615 513 1736 540 ordinem
1753 514 1856 546 Aaron,

1059 557 1104 583 sed
1121 564 1170 591 pro
1185 556 1394 591 uniuscujusque
1411 558 1507 584 merito
1517 578 1524 590 ,
1539 558 1590 585 ﬁde
1606 563 1633 585 et
1648 559 1781 593 doctrina,
1796 568 1858 594 qua:

1060 604 1085 629 in
1098 611 1161 630 eum
1176 603 1260 637 gratia
1275 603 1364 630 divina
1379 604 1534 631 contulerit.
1557 604 1632 637 Quod
1645 612 1709 632 vero
1731 614 1778 640 per
1798 615 1861 632 ma-

1059 658 1110 676 nus
1127 650 1326 684 impositionem
1342 658 1356 676 a
1372 650 1617 684 pnndcccssoribus
1643 651 1687 677 Dei
1706 652 1858 679 sacerdoti-

1059 694 1110 720 bus
1123 695 1240 729 episcopi
1256 695 1425 727 ordinantur,
1441 695 1551 729 antiqua
1563 699 1605 722 est
1620 696 1763 723 institutio.
1780 697 1859 724 Isaac

1059 739 1131 766 enim
1145 739 1298 774 patriarcha
1315 744 1436 772 sanctus,
1465 748 1568 775 ponens
1588 748 1697 768 manum
1721 749 1796 769 suam
1812 750 1860 769 su-

1060 792 1109 818 per
1127 789 1207 819 caput
1232 783 1315 811 Iacob
1338 784 1477 811 benedixit
1502 786 1537 817 ei,
1564 790 1592 813 et
1606 785 1690 814 Jacob
1714 787 1776 814 filiis
1790 787 1857 814 suis.

1061 830 1115 857 Sed
1128 835 1155 857 et
1178 830 1282 865 Moyses
1296 838 1376 865 super
1392 835 1473 865 caput
1487 830 1550 858 .lcsu
1569 831 1641 860 Nave
1657 840 1765 860 manum
1780 841 1859 860 suam

1024 873 1047 902 B
1063 875 1204 909 imponens
1215 895 1221 907 ,
1243 875 1317 902 dedit
1332 875 1356 902 ei
1369 876 1492 910 spiritum
1508 877 1617 904 virtutis
1640 882 1666 905 ct
1681 878 1807 906 ducatum
1832 880 1859 906 in

1063 921 1162 956 populo
1185 922 1277 954 lsrael,
1304 922 1343 949 sic
1358 926 1385 949 et
1408 922 1533 957 impletor
1546 923 1612 958 legis
1625 928 1650 951 et
1666 925 1860 960 prophetarum

1064 967 1194 994 Dominus
1212 972 1305 994 noster
1317 966 1395 994 Jesus
1411 968 1550 1002 Christus,
1569 977 1617 1004 per
1639 978 1735 997 manus
1750 971 1859 1006 imposi-

1065 1012 1164 1039 tioncm
1180 1012 1308 1046 apostolis
1331 1012 1388 1039 suis
1404 1013 1552 1046 benedixit,
1578 1013 1650 1041 sicut
1672 1015 1698 1041 in
1715 1016 1862 1051 Evangelio

1064 1057 1143 1084 Luem
1150 1057 1280 1092 scriptum
1293 1062 1335 1084 est
1349 1066 1355 1084 :
1374 1057 1407 1084 Et
1418 1058 1543 1093 produxit
1560 1058 1619 1086 illos
1637 1059 1709 1094 foras
1723 1060 1751 1087 in
1762 1061 1861 1088 Betha-

1065 1105 1152 1137 niam,
1176 1109 1200 1130 et
1223 1103 1329 1131 elevavit
1354 1113 1447 1131 manus
1461 1113 1522 1131 suas
1542 1110 1566 1132 et
1589 1105 1717 1133 benedixit
1736 1107 1783 1134 eis.
1802 1106 1862 1133 Fa-

1063 1155 1184 1184 ctumque
1197 1154 1233 1175 es!
1248 1158 1306 1175 cum
1324 1149 1453 1176 benedixit
1469 1149 1522 1177 illis
1537 1150 1653 1178 discessit
1668 1151 1700 1178 ab
1711 1152 1760 1184 eis,
1775 1157 1799 1179 et
1810 1153 1862 1187 ipsi

1065 1195 1157 1221 reversi
1171 1200 1230 1221 sunt
1250 1195 1275 1221 in
1295 1195 1443 1222 Jerusalem
1469 1204 1527 1222 cum
1544 1197 1641 1231 gaudio
1666 1205 1760 1232 magno
1781 1197 1861 1233 (Luc.

1065 1239 1150 1275 xxn‘).
1170 1240 1201 1266 Et
1216 1239 1241 1266 in
1261 1239 1373 1267 Actibus
1388 1240 1571 1274 apostolorum
1591 1250 1623 1268 ex
1650 1247 1785 1277 przecepto
1801 1242 1863 1277 Spi-

1065 1285 1132 1312 ritus
1147 1286 1233 1312 sancti
1257 1285 1338 1312 Paulo
1358 1290 1385 1313 et
1410 1285 1540 1313 Barnabac
1561 1287 1594 1314 ab
1619 1288 1747 1323 apostolis
1764 1296 1863 1316 manus

1065 1330 1190 1366 imposita
1217 1336 1256 1357 est
1273 1330 1300 1357 in
1323 1331 1517 1366 episcopatum,
1539 1336 1568 1359 et
1590 1332 1629 1360 sic
1652 1333 1726 1361 missi
1742 1337 1805 1360 sunt
1827 1334 1863 1361 ad

1064 1376 1303 1411 evangelizandum
1327 1378 1396 1413 (Act.
1420 1377 1492 1414 xm).
1517 1377 1602 1406 Porro
1626 1379 1697 1413 quod
1717 1379 1864 1414 episcopus

1064 1430 1118 1449 non
1134 1422 1167 1449 ab
1180 1429 1250 1454 uno,
1278 1423 1324 1449 sed
1341 1430 1354 1449 a
1372 1423 1477 1450 cunctis
1491 1423 1703 1457 provincialibus
1725 1424 1862 1458 episcopis

1064 1468 1217 1499 ordinatur,
1235 1467 1259 1494 id
1276 1473 1385 1501 propter
1399 1468 1517 1495 haereses
1531 1469 1687 1504 agnoscitur
1698 1469 1862 1501 institutum,

1066 1522 1099 1541 ne
1108 1514 1208 1549 aliquid
1218 1519 1312 1542 contra
1321 1515 1400 1542 [idem
1414 1515 1551 1548 Ecclesiae,
1565 1517 1645 1544 unius
1659 1517 1798 1552 tyrannica
1811 1525 1863 1544 au-

221 1573 311 1599 casge,
331 1570 359 1593 et,
371 1572 453 1601 super
464 1565 529 1592 illud
543 1553 665 1592 Βοιιιίιιο⁷
673 1564 860 1592 holocaustum
874 1564 1012 1591 obtulisse,
1028 1553 1050 1584 C
1066 1560 1177 1598 olorinis
1192 1560 1341 1588 moliretur.
1359 1561 1474 1595 ideoque
1491 1562 1525 1588 ab
1537 1562 1663 1589 omnibus
1675 1562 1863 1590 convenienti-

218 1611 277 1639 Sed
291 1611 338 1639 isti
351 1614 499 1646 spontanea
513 1610 660 1644 voluntate,
678 1618 731 1638 non
750 1610 909 1638 sacerdotali
925 1614 1017 1637 aucto-

223 1656 314 1690 ritate,
330 1656 381 1683 ista
395 1655 527 1683 fecerunt.
541 1655 674 1683 (laterum
696 1656 786 1683 Aaron
799 1656 902 1690 primus
918 1656 943 1682 in
958 1655 1017 1690 lege

216 1700 393 1728 sacerdotale
415 1707 513 1728 nomen
535 1700 660 1735 accepit,
687 1701 844 1735 primusque
869 1700 1016 1735 pontiﬁcali

223 1745 294 1773 stola
307 1745 437 1773 infulatus
450 1745 575 1774 victimas
597 1745 695 1774 obtulit
707 1745 819 1780 iubente
845 1746 958 1773 Domino
986 1753 1016 1772 ac

219 1789 353 1825 «loquente
365 1790 399 1821 ad
413 1789 543 1826 Moysen:
567 1790 670 1826 Accipe,
688 1790 786 1826 inquit,
803 1791 892 1818 Aaron
905 1795 929 1817 et
947 1790 1017 1824 ﬁlios

218 1835 334 1870 ejus,“
351 1834 496 1871 applicatis
515 1834 550 1862 tul
568 1835 664 1863 ostium
684 1835 847 1862 tabernaculi
864 1835 1016 1869 testimonii,

225 1888 336 1918 cumque
351 1880 445 1909 lauris
463 1885 564 1917 patrem
579 1889 640 1909 cum
652 1881 715 1915 ﬁliis
726 1890 806 1916 aqua,
823 1881 916 1908 indues
929 1882 1018 1908 Aaron

219 1927 384 1956 uestimentis
399 1928 467 1960 suis,
493 1927 521 1956 id
534 1932 587 1961 cu,
605 1927 676 1954 linea
693 1932 717 1954 et
737 1927 836 1959 tunica,
852 1932 874 1954 et
889 1927 1016 1962 super/iu-

220 1971 367 2005 -merali,~d
375 1972 505 2001 rationali
518 1972 588 2008 quod
602 1973 762 2007 constringe;
777 1972 871 2005 balteo,
893 1977 917 1999 ει
939 1980 1018 2007 pones

219 2017 322 2045 itiaraut
340 2017 368 2044 iu
382 2017 467 2053 capite
482 2017 556 2053 ejus,
569 2021 594 2044 et
606 2016 732 2044 laminam
743 2022 859 2044 sanctam
879 2025 956 2052 super
966 2018 1017 2044 tia-

220 2072 295 2097 .rimt,
318 2068 343 2091 et
357 2063 443 2091 oleum
456 2063 586 2091 unctionis
607 2063 700 2099 fundes
714 2072 791 2098 super
806 2068 882 2100 caput
893 2064 960 2098 ejus,
976 2068 1018 2090 at-

225 2109 335 2145 quelioc
355 2109 411 2136 ritu
426 2109 621 2136 consecrabitur
636 2115 645 2135 :
660 2108 729 2144 ﬁlios
741 2118 841 2144 quoque
852 2109 923 2136 illius
936 2108 1015 2143 appli-

225 2155 311 2188 cabis,
325 2160 349 2182 et
362 2155 455 2182 indue:
469 2155 566 2182 tunicis
584 2154 671 2188 lineis,
685 2156 822 2191 cingesque
834 2155 918 2182 balteo
930 2154 1019 2181 Aaron

1066 1606 1117 1633 bus
1130 1606 1280 1632 instituitur
1294 1610 1323 1632 ut
1350 1614 1400 1633 non
1426 1607 1516 1634 minus
1530 1614 1545 1633 a
1562 1607 1647 1634 tribus
1670 1608 1862 1642 praesentibus,

1066 1651 1171 1678 czcteris
1189 1656 1278 1678 tamen
1309 1652 1550 1684 consentientibus,
1580 1653 1735 1680 testimonio
1754 1652 1862 1680 littera-

1068 1706 1137 1725 rum.
1155 1698 1222 1725 lluic
1237 1702 1325 1725 autem
1337 1699 1400 1725 dum
1416 1702 1593 1726 consecratur
1604 1699 1682 1726 datur
1692 1700 1814 1731 baculus,
1833 1705 1865 1727 ut

1067 1744 1125 1779 ejus
1141 1745 1240 1771 indicio
1255 1745 1390 1772 subditam
1410 1745 1517 1780 plebem
1530 1746 1573 1773 vel
1587 1751 1664 1781 regat
1677 1746 1718 1773 vel
1730 1747 1863 1781 corrigat,

1068 1790 1108 1817 vel
1124 1790 1297 1818 infirmitates
1315 1791 1484 1819 inﬁrmorum
1508 1792 1650 1820 sustineat.
1676 1792 1761 1820 Datur
1772 1798 1799 1820 et
1813 1801 1866 1820 an-

1068 1835 1156 1867 nulus,
1172 1839 1283 1870 propter
1297 1835 1401 1870 signum
1417 1836 1579 1871 pontiticalis
1591 1838 1710 1869 honoris,
1722 1837 1764 1865 vel
1775 1838 1866 1873 signa-

1068 1880 1157 1907 culum
1173 1885 1349 1908 secretorum.
1375 1881 1442 1908 Nam
1460 1881 1542 1909 multa
1568 1887 1630 1909 sunt
1645 1890 1704 1917 qua:
1717 1887 1781 1910 ante
1803 1890 1865 1910 ear—

1069 1926 1170 1954 nalium
1195 1927 1339 1962 minusque
1353 1927 1559 1963 intclligcntium
1581 1935 1676 1955 sensus
1696 1928 1865 1956 occultantes

1069 1973 1245 2005 sacerdotes,
1275 1973 1352 2007 quasi
1378 1973 1427 2000 sub
1450 1973 1588 2008 signaculo
1608 1973 1717 2007 cadunt,
1745 1982 1780 2002 ne
1795 1974 1866 2001 indi-

1069 2018 1129 2054 gnis
1144 2018 1295 2053 quibusque
1307 2018 1352 2046 Dei
1366 2023 1536 2047 sacramenta
1551 2019 1718 2054 aperiantur.

1377 2075 1490 2104 CAPUT
1511 2075 1541 2103 V.

1225 2110 1263 2137 De
1275 2110 1365 2137 ordine
1380 2111 1512 2146 tripartito
1522 2111 1711 2146 episcoporum.

1106 2155 1178 2183 Ordo
1193 2160 1282 2183 autem
1297 2156 1484 2191 episcoporum
1497 2157 1650 2192 tripartitus
1664 2160 1715 2189 est,
1729 2157 1756 2185 id
1771 2162 1825 2190 est,
1838 2158 1865 2185 in

224 2200 323 2227 scilicet
338 2205 363 2227 et
377 2200 470 2228 liberos
482 2200 550 2235 ejus,
563 2205 588 2228 et
608 2201 724 2236 impones
748 2202 784 2228 eis
798 2201 904 2233 mitras,
928 2206 1018 2228 crunt—
1033 2225 1060 2256 Β
1073 2201 1243 2236 patriarchis,
1257 2201 1476 2237 archiepiscopis,
1490 2201 1535 2236 qui
1544 2205 1570 2228 et
1580 2201 1780 2237 metropolitani
1791 2207 1864 2234 sunt,

231 2253 275 2256 Α..-
293 2244 437 2256 -..--..ΑΙΑΑΑ4
453 2246 503 2256 AA!
523 2245 646 2256 ._Al:_!-h,
674 2251 757 2256 ,,,,,,,.
820 2246 854 2256 ιη
899 2247 907 2256 Ι
931 2255 944 2256 η
969 2255 975 2256 κ
997 2246 1005 2256 \
1075 2250 1098 2256 ΑΑ
1127 2246 1255 2256 -..ἐμμΑμΞμ
1291 2245 1444 2256 ῇγιηςηηιξ
1542 2250 1548 2256 ι
1661 2246 1751 2256 n,,,.,A
1773 2247 1791 2256 I!
1855 2255 1858 2256 ν

226 2253 276 2280 quc
290 2244 437 2272 sacerdotes
453 2246 503 2272 nisi
523 2245 647 2281 religione
670 2251 794 2282 perpetua
818 2246 916 2283 (Exod.
930 2246 1017 2284 nix).

224 2290 287 2324 Quo
313 2290 373 2318 loco
398 2290 575 2326 contemplari
601 2295 708 2325 oportet
735 2292 825 2318 Aaron
851 2293 1017 2320 sacerdotem

221 2344 362 2365 summurn
375 2335 474 2370 fuisse,
502 2336 531 2364 id
545 2341 588 2364 est
600 2337 766 2372 episcopum.
791 2337 858 2365 Nam
878 2338 947 2366 tilias
960 2339 1018 2374 ejus

221 2383 446 2418 presbyteromm
461 2382 575 2418 ﬁguram
587 2387 825 2418 praemonstrasse,
849 2384 947 2420 quibus
961 2392 1017 2413 me-

223 2429 280 2457 rito
291 2431 382 2457 astam
394 2428 549 2457 debuissent
559 2428 660 2457 Levita:
670 2430 742 2458 sicut
755 2437 860 2458 summo
871 2428 1015 2459 sacerdoti.

221 2473 332 2510 Moyses
342 2480 408 2502 vero
421 2472 500 2508 hujus
513 2473 577 2501 laeti
590 2474 738 2508 mediator,
763 2474 900 2502 Christum
912 2476 1017 2511 signiﬁ-

221 2523 280 2547 cat.
306 2518 336 2546 In
350 2518 425 2547 Novo
442 2522 531 2546 autem
556 2518 731 2549 Testamento
743 2525 804 2556 post
817 2520 955 2548 Christum
969 2529 1015 2550 sa-

224 2566 370 2595 cerdotalis
382 2566 450 2594 ordo
460 2574 475 2593 a
491 2565 572 2594 Petro
583 2567 675 2602 coepit.
689 2567 741 2602 ipsi
753 2567 827 2595 enim
839 2567 956 2602 primum
969 2568 1016 2596 da-

221 2611 504 2647 tus-estpontiﬁcatus
522 2612 548 2639 in
562 2612 681 2641 Ecclesia
700 2613 811 2641 Christi.
832 2613 877 2642 Sic
890 2614 961 2642 enim
976 2612 1015 2641 lo-

223 2657 317 2691 quitur
340 2657 375 2685 ad
397 2663 459 2685 eum
483 2655 607 2686 Christus
629 2658 768 2686 Dominus.
794 2658 832 2686 Tu
858 2668 894 2691 es,
917 2659 1014 2694 inquit,

224 2702 332 2736 Petrus,
356 2708 381 2730 et
400 2711 480 2739 super
500 2703 569 2731 hanc
593 2709 694 2739 petram
719 2704 854 2739 a'dificabo
870 2705 1015 2732 Ecclesium

223 2755 319 2781 meum,
335 2753 359 2776 ct
379 2754 462 2785 parte
475 2749 619 2784 inferorum
634 2758 689 2777 non
701 2750 802 2777 vincent
819 2759 887 2782 eam,
907 2755 931 2778 et
948 2751 1015 2778 dabo

224 2793 271 2818 tibi
282 2793 366 2821 claues
383 2795 455 2829 regni
472 2794 595 2822 oculorum
618 2794 725 2830 (Matth.
743 2795 812 2830 χιχ).
839 2794 889 2824 Hic
901 2804 964 2831 ergo
981 2796 1014 2824 li-

222 2839 304 2873 gandi
330 2844 410 2875 atque
437 2842 557 2869 solvendi
583 2845 742 2876 potestatem
769 2842 872 2877 primus
901 2843 1014 2878 accepit,

1071 2250 1099 2273 et
1123 2246 1267 2282 episcopis.
1291 2245 1449 2275 Patriarcha
1468 2250 1632 2287 πατρίαρχος
1660 2246 1755 2274 Graeca
1773 2247 1865 2282 lingua

1052 2329 1059 2331 ζ
1070 2296 1149 2328 pater
1160 2292 1312 2327 principum
1326 2292 1384 2320 sive
1394 2300 1517 2320 summus
1526 2299 1635 2328 patrum
1655 2292 1864 2326 interpretatur,

1070 2337 1133 2373 quia
1146 2337 1275 2373 primum,
1291 2337 1319 2365 id
1338 2341 1380 2366 est
1395 2338 1583 2373 apostolicum,
1610 2338 1709 2365 retinet
1723 2337 1825 2370 locum,
1840 2342 1866 2364 et

1069 2382 1130 2410 ideo
1144 2382 1219 2418 quod
1227 2388 1333 2410 summo
1345 2383 1447 2411 honore
1460 2382 1591 2418 fungitur,
1615 2382 1663 2409 tali
1678 2381 1789 2410 nomine
1802 2388 1866 2409 oen-

1069 2431 1154 2461 setur,
1181 2427 1251 2455 sicut
1267 2427 1496 2463 archiepiscopus,
1516 2428 1702 2456 Antiochenus
1720 2427 1867 2463 episcopus

1070 2476 1151 2507 atque
1164 2473 1363 2501 Alexandrinus
1380 2474 1503 2502 antistes.
1529 2474 1756 2509 Archicpiscopus
1781 2476 1866 2512 ἀρχι-

1069 2519 1206 2550 Ιπίσκοπος
1219 2519 1314 2547 Graec
1330 2520 1463 2548 vocabulo
1478 2519 1588 2553 dicitur,
1606 2520 1677 2555 quod
1691 2520 1728 2547 sit
1740 2527 1867 2547 summus

1068 2564 1110 2592 vel
1127 2565 1252 2600 princeps
1265 2565 1463 2601 episcoporum,
1477 2570 1552 2594 tenet
1565 2566 1638 2593 enim
1654 2566 1740 2593 vicem
1755 2569 1867 2600 aposto-

1069 2609 1160 2642 licam,
1183 2613 1212 2636 et
1225 2609 1351 2644 prtesidet
1365 2610 1499 2646 episcopis
1516 2610 1631 2638 caeteris.
1657 2609 1779 2645 Singulis
1791 2610 1866 2636 enim

1067 2655 1215 2691 provinciis
1225 2655 1392 2691 praeminet,
1403 2664 1519 2691 quorum
1528 2657 1689 2685 auctoritate
1700 2660 1729 2683 et
1739 2655 1867 2682 doctrina

1067 2701 1156 2729 cxeteri
1172 2702 1327 2729 sacerdotes
1350 2701 1464 2736 subjecti
1477 2705 1549 2735 sunt,
1570 2702 1629 2729 sine
1641 2701 1740 2736 quibus
1750 2699 1867 2734 reliquis

1066 2747 1200 2783 episcopis
1212 2747 1279 2775 nihil
1295 2753 1375 2783 agere
1389 2747 1463 2779 licet,
1480 2747 1531 2774 nisi
1546 2747 1617 2782 quod
1635 2746 1748 2782 singulis
1764 2744 1791 2772 in
1802 2751 1867 2779 pro-

1067 2795 1124 2831 pria
1137 2795 1266 2830 parochia
1282 2794 1502 2823 commendatum
1525 2797 1577 2822 est.
1604 2791 1764 2821 Sollicitudo
1790 2789 1867 2818 enim

1070 2842 1151 2870 totius
1161 2842 1308 2877 provincim
1323 2842 1374 2878 ipsi
1386 2842 1530 2871 commissa
1553 2845 1613 2875 est,
1637 2844 1664 2866 et
1676 2844 1771 2866 omnes
1785 2842 1866 2874 supcj
