2001 3102
191 138 245 167 301

586 137 631 165 DE
649 137 870 167 CLERICORUM
889 130 1143 171 lNSTlTUTIONE,
1162 138 1229 167 ETC
1260 154 1295 160 -—
1314 137 1377 167 LIB.
1397 139 1416 166 l.

1774 128 1827 171 sua

189 196 251 225 rius
262 195 396 231 designati
408 195 529 227 ordines,
549 203 604 223 uno
623 194 772 230 eodemque
782 195 912 224 vocabulo
925 195 982 230 epi-
998 196 1021 224 Α
1035 194 1134 221 dicitur
1149 203 1154 220 :
1171 193 1261 222 Gloria
1273 203 1363 222 senum
1383 195 1490 222 canities
1510 193 1600 232 (Prov.
1618 197 1674 233 xx),
1696 203 1723 226 et
1740 199 1823 228 item;

187 242 267 278 scopi
280 241 465 274 nominantur,
484 239 532 268 sed
547 239 652 275 privato
666 240 774 268 nomine
787 239 894 275 quidem
907 245 984 266 utun-

187 292 236 315 tur
244 290 359 323 propter
371 285 571 314 distinctionem
589 288 753 320 potestatum
768 292 847 319 quam
863 284 982 320 singula-

187 332 259 360 riter
271 335 446 367 acceperunt.
463 329 684 365 Metropolitanus
707 334 799 357 autem
820 329 892 357 idem
906 337 984 357 voca-

187 380 244 410 tur,
267 383 302 404 eo
315 376 387 411 quod
401 375 545 411 prtesideat
561 374 598 402 illi
619 373 810 410 civitatirqua:
824 374 931 402 caneris
945 374 983 403 ci-

185 421 319 450 vitatibus
345 420 374 448 in
403 421 498 448 eadem
520 419 659 455 provincia
682 420 836 447 constitutis
852 420 982 454 quodam-

184 467 269 495 modo
282 471 372 494 mater
383 466 429 494 sit.
450 465 606 500 Metropolis
623 465 776 504 μητρόπολις
790 473 854 500 ergo
876 463 980 497 Grzcce,

183 517 278 541 mater
295 512 436 541 civitatum
459 512 662 546 interpretatur.
691 511 868 546 Episcopatus
892 516 980 539 autem

183 558 347 588 vocabulum
365 556 428 585 inde
441 557 551 589 dictum,
573 557 645 592 quod
659 556 703 584 ille
727 558 772 592 qui
784 557 982 592 supereﬁicitur

182 603 412 640 superintendat,
435 609 529 630 curam
549 601 652 629 scilicet
676 602 846 629 subditorum
871 610 978 638 gerens.

183 647 302 683 Seopein
317 651 424 675 στωπιῖν
438 646 512 674 enim
526 646 622 674 Latine
639 646 779 675 intendere
791 647 898 674 dicitur.
916 647 979 683 Epi-

181 691 261 728 scopi
274 693 412 722 ιπίσκσποι
439 695 530 720 autem
551 690 656 723 Grece,
677 691 772 719 Latine
795 692 979 728 speculatores

181 737 244 767 sive
265 737 520 773 superintendentes
544 733 766 772 interpretantur.
797 737 864 765 Nam
883 747 978 774 specu-

180 783 255 812 lator
268 786 311 811 est
321 781 482 818 praepositus
495 781 522 809 in
536 779 657 810 EccleSia
672 781 768 814 dictus,
786 791 819 811 eo
833 783 904 818 quod
920 791 978 820 spe-

179 829 290 858 culetur
301 833 383 864 atque
395 828 542 863 prospiciat
565 827 725 864 populorum
741 828 811 856 intra
833 835 863 857 se
876 829 977 864 posito-
997 864 1000 866 ἓ

1036 238 1150 266 Canities
1171 240 1282 267 hominis
1295 241 1434 275 prudentia
1452 241 1519 276 ejus.
1534 240 1610 269 Unde
1628 246 1656 270 et
1670 244 1738 279 apud
1752 252 1825 274 vete—

1035 291 1078 312 res
1103 283 1173 311 idem
1200 289 1228 312 ct
1250 285 1368 321 episcopi
1386 290 1413 313 et
1438 286 1588 323 presbyteri
1612 288 1730 317 fuerunt.
1758 291 1824 324 Quia

1033 328 1097 357 illud
1107 336 1204 357 nomen
1218 330 1356 365 dignitatis
1367 336 1418 364 est,
1430 331 1480 360 hoc
1492 333 1588 361 aetatis.
1605 332 1637 361 Et
1648 334 1747 364 Paulus
1760 333 1824 372 ιιιῖο-

1033 375 1118 418 stolus
1133 375 1167 402 ad
1180 376 1269 404 Titum
1285 377 1407 406 scribens
1428 388 1434 405 :
1452 377 1550 414 Ilujus,
1567 379 1661 415 inquit,
1682 381 1718 409 rei
1738 384 1824 418 gratia

1033 417 1126 454 reliqui
1138 424 1161 446 te
1175 419 1275 454 Cretw,
1288 426 1315 447 ut
1329 430 1360 448 ea
1369 430 1427 458 qum
1442 422 1535 449 desunt
1550 424 1676 460 corrigas,
1690 431 1713 453 et
1725 417 1822 453 consli-

1032 468 1091 490 tuaa
1107 472 1154 499 per
1171 465 1286 493 civitates
1299 467 1473 503 presbyteros,
1492 469 1559 495 sicut
1575 470 1679 505 egotibi
1694 471 1820 508 disposui,

1031 509 1054 535 si
1067 509 1124 544 quis
1138 509 1194 538 sine
1208 511 1317 539 crimine
1333 517 1370 539 est
1384 514 1461 540 unius
1475 515 1563 542 uxoris
1580 509 1625 548 vir,
1636 515 1707 551 ﬁlios
1725 516 1822 546 hl'tbens

1030 554 1130 589 ﬁdeles,
1147 565 1198 584 non
1211 556 1238 584 in
1255 557 1421 586 accusatione
1432 558 1562 593 luxuria’;
1575 567 1621 588 aut
1637 562 1689 590 non
1705 563 1822 592 subditos

1031 600 1158 636 (Tit.m).
1178 602 1212 630 Et
1229 603 1321 632 statim
1339 604 1475 641 subjungit
1492 615 1498 633 :
1514 605 1622 642 Oportet
1638 608 1706 636 enim
1723 610 1821 645 episco-

1029 656 1091 683 pum
1112 649 1167 676 sine
1181 649 1291 678 crimine
1303 659 1358 678 esse
1367 671 1374 684 ,
1388 651 1454 679 sicut
1467 651 1516 679 Dei
1536 653 1752 689 dispensatorem,
1768 664 1820 683 non

1029 694 1179 728 superbum,
1198 703 1250 722 non
1261 696 1429 730 iracundum,
1446 694 1497 724 non
1514 695 1682 731 vinolentum,
1697 707 1747 727 non
1758 709 1818 736 per-

1029 744 1171 772 cussorem,
1186 743 1239 767 etc.
1257 739 1434 776 (Ibid.)Etatl
1447 738 1632 778 Philippeuses
1644 742 1778 780 episcopis
1792 751 1819 773 et

1029 784 1186 813 diaconibus
1198 785 1306 818 scribit,
1321 794 1382 814 cum
1396 794 1449 815 una
1465 786 1560 815 civitas
1574 788 1664 824 plures
1677 790 1817 826 episcopos

1028 828 1128 856 habere
1137 837 1190 857 non
1201 829 1296 865 possit,
1306 831 1352 858 sed
1365 830 1415 858 sub
1427 831 1614 867 episcoporum
1625 834 1733 861 nomine
1739 843 1817 870 prcs-

177 881 243 902 rum
256 880 347 902 mores
361 878 389 901 et
400 873 494 906 vitam,
514 873 621 902 intimet
634 874 791 915 [unicuique
811 880 887 902 actus
900 883 973 908 suos,
990 870 1012 899 Β
1026 876 1136 912 byteros
1147 875 1302 912 complexus
1312 880 1362 905 est.
1377 875 1441 905 ideo
1455 875 1545 906 autem
1561 872 1711 915 presbyteri
1727 887 1818 908 sacer-

176 919 253 948 sicut
263 919 394 948 Dominus
402 919 436 946 ad
447 918 616 947 Ezechielem
625 911 693 946 dixit
703 919 872 954 prophetam.
888 919 923 946 Et
933 926 972 953 tu,

176 963 279 1000 inquit,
289 961 331 999 [ili
339 960 464 998 hominis,
475 962 663 1000 speculatorem
674 962 734 991 dedi
745 963 770 992 te
781 964 972 993 domuilrrael.

175 1009 298 1038 Audiens
309 1016 415 1046 cryoex
438 1017 483 1037 ore
503 1018 560 1037 meo
576 1007 730 1043 temonem,
747 1011 916 1038 dnnuntiabis
936 1011 973 1038 eis

175 1065 213 1084 ατ
230 1063 283 1084 nte.
308 1055 338 1084 Si
359 1064 400 1084 me
418 1055 520 1083 dicente
542 1054 578 1082 ad
603 1055 712 1091 impium
735 1055 818 1083 morte
841 1057 972 1090 morieris,

175 1110 232 1130 non
248 1101 332 1138 fieri:
356 1101 459 1129 locutus
474 1107 502 1129 ut
516 1110 543 1129 te
559 1101 690 1129 custodiat
709 1101 803 1137 impius
822 1111 839 1129 a
859 1103 901 1130 via
911 1111 971 1137 sua,

174 1146 233 1184 ipse
250 1147 349 1184 impius
376 1148 405 1175 in
430 1147 567 1183 iniquitate
589 1155 638 1175 tua
661 1148 797 1181 morietur,
818 1149 972 1184 sanguinem

173 1194 266 1229 ante!
275 1194 334 1230 ejus
343 1193 376 1221 de
385 1192 466 1221 manu
473 1198 520 1221 tua
528 1192 671 1230 requiram,
682 1199 734 1222 etc.
744 1192 852 1230 (Ezech.
860 1194 969 1229 xxxut).

173 1237 304 1268 Pontifex
318 1239 444 1275 princeps
458 1239 628 1267 sacerdotum
641 1243 693 1272 est,
708 1239 786 1275 quasi
798 1239 841 1267 via
853 1247 969 1275 sequen-

175 1286 246 1314 tium
260 1293 269 1315 :
283 1286 343 1321 ipse
356 1290 384 1314 et
395 1293 518 1314 summus
528 1286 666 1318 sacerdos,
679 1285 736 1321 ipse
752 1285 873 1321 pontifex
886 1286 970 1313 maxi-

175 1332 238 1359 mn-
254 1335 438 1366 nuncupatur.
456 1330 516 1366 ipse
529 1329 602 1358 enim
624 1330 706 1358 eiiicit
722 1330 877 1359 sacerdotes
889 1335 969 1366 atque

173 1374 303 1408 Levites,
326 1373 384 1410 ipse
397 1374 493 1403 omnes
504 1374 614 1403 ordines
626 1375 825 1403 ecclesiasticos
840 1375 967 1410 disponit,

174 1421 234 1458 ipse
246 1420 315 1456 quid
326 1420 510 1456 unusquisque
524 1419 614 1448 facere
630 1420 736 1454 debeat,
752 1419 878 1448 ostendit.
891 1419 968 1448 Anti-

174 1471 232 1496 ates
245 1470 338 1494 autem
350 1466 421 1494 idem
433 1466 523 1494 dictus
547 1470 601 1499 est,
616 1473 649 1494 eo
660 1465 731 1500 quod
744 1466 807 1493 ante
821 1469 883 1493 stet.
909 1465 968 1493 Pri-

175 1521 236 1542 mus
249 1513 325 1541 enim
343 1517 385 1541 est
406 1513 434 1540 in
449 1512 545 1541 ordine
562 1511 701 1545 Ecclesiae,
728 1517 757 1540 et
770 1520 851 1547 supra
865 1519 894 1540 se
909 1512 967 1540 nul-

172 1559 230 1588 lum
245 1558 330 1588 habet
341 1558 521 1586 sacerdotem.
536 1556 670 1586 Sacerdos
681 1557 791 1593 quidem
803 1545 904 1585 nomen
919 1557 967 1585 ha-
981 1545 1003 1576 (ἶ

171 1605 220 1634 bet
242 1603 424 1640 compositum
437 1611 472 1632 ex
485 1602 580 1631 Graeco
599 1608 627 1631 et
636 1602 745 1636 Latino,
769 1603 847 1638 quasi
860 1610 968 1631 sacrum

170 1651 251 1680 dans.
267 1649 414 1687 Dispensat
423 1657 490 1686 ergo
502 1649 631 1686 mysteria
643 1649 776 1683 caelestia,
790 1648 913 1678 ﬁdelibus
924 1649 968 1677 ba-

169 1697 304 1733 ptismum
319 1695 413 1730 tradit,
435 1702 535 1732 corpus
548 1700 577 1723 et
589 1694 747 1731 sanguinem
761 1694 862 1723 Christi
876 1694 968 1723 distri-

170 1742 242 1777 buit,
258 1739 289 1771 ei
308 1741 420 1770 verbum
435 1738 484 1770 Dei
502 1738 641 1777 praedicat.
665 1740 799 1780 Sacerdos
815 1745 905 1770 autem
919 1748 966 1769 vo-

169 1787 227 1816 cari
240 1791 344 1824 potest,
372 1783 429 1815 sive
441 1785 583 1822 episcopus
597 1786 642 1819 sit,
655 1786 713 1814 sive
733 1787 886 1827 presbyter.
903 1783 966 1821 Epi-

167 1831 247 1869 scopi
261 1834 355 1860 autem
367 1831 551 1868 apostolorum
580 1830 668 1859 vicem
686 1831 713 1858 in
728 1830 847 1859 Ecclesia
861 1835 964 1865 tenent,

351 1876 478 1906 diximus.
496 1875 531 1904 Et
542 1874 727 1912 cbdrepiscopi
742 1875 788 1912 qui
797 1876 891 1904 vicarii
902 1881 965 1904 sunt

165 1923 374 1960 episcoporum,
381 1919 415 1949 ad
424 1919 576 1956 exemplum
588 1918 659 1948 LXX
673 1919 812 1949 seniorum
823 1921 964 1949 constituti

167 1973 251 2004 unt;
265 1975 318 1998 nec
329 1967 432 2004 aliquid
446 1966 486 1996 eis
498 1965 585 2003 magis
594 1967 657 1996 licet
670 1967 697 1996 in
708 1965 829 1995 Ecclesia
838 1965 964 1996 ordinare

168 2006 215 2043 aut
225 2013 408 2047 continu“),
437 2011 489 2041 nisi
503 2011 633 2048 quantum
645 2012 686 2040 eis
698 2011 855 2041 conceditur
867 2019 884 2041 a
898 2011 963 2048 legi-

168 2060 246 2095 timis
257 2058 406 2097 episcopis,
427 2057 472 2094 qui
498 2058 589 2087 sedem
608 2055 637 2087 et
652 2058 775 2094 regimen
788 2058 923 2094 integrum
934 2059 962 2086 in

168 2103 299 2134 Ecdesiis
323 2099 460 2133 obtinent.
484 2100 609 2133 Ordinati
633 2108 698 2132 sunt
721 2108 811 2132 autem
837 2103 961 2139 chorepi-

167 2146 529 2190 “impauperum
541 2158 646 2184 curam,
661 2150 707 2186 qui
722 2150 748 2178 in
762 2149 832 2185 agris
846 2154 873 2177 et
893 2149 962 2177 villis

167 2198 382 2232 Wmme
397 2198 439 2226 eis
460 2197 585 2226 solatium
609 2196 822 2225 conﬁrmationis
845 2196 959 2223 deesset.

341 2248 433 2272 autem
456 2242 654 2279 cborepisco'pi,
672 2243 735 2278 quia
749 2242 782 2270 de
794 2242 876 2270 choro
897 2245 960 2269 sunt
975 2231 1000 2260 D

167 2287 362 2324 sacerdotum;
387 2287 517 2317 hiantem
530 2295 545 2314 a
561 2286 618 2315 solo
633 2287 760 2323 episcopo
783 2286 900 2314 civitatis
917 2285 961 2314 cui

167 2334 296 2371 Mt
307 2326 479 2368 ordinantur,
501 2334 573 2362 sicut
591 2333 754 2369 presbyteri.

474 2390 589 2419 CAPUT
614 2389 659 2418 Vl.

448 2426 489 2454 De
518 2425 682 2461 presbyteris.

449 2472 517 2500 ordo
529 2471 669 2500 exordium
681 2471 795 2506 sumpsit
808 2479 823 2498 a
842 2471 913 2503 ﬁliis,
929 2475 959 2497 ut

140 2515 144 2519 ’
166 2518 269 2548 dictum
290 2523 344 2552 est,
363 2517 464 2546 Aaron.
490 2517 539 2552 Qui
561 2518 633 2545 enim
654 2517 808 2545 sacerdotes
827 2517 854 2543 in
867 2516 956 2543 Veteri

165 2558 342 2594 Tantaante
355 2563 534 2596 vocabuntur,
551 2563 577 2590 hi
589 2567 653 2590 sunt
668 2563 714 2598 qui
734 2570 806 2590 nunc
820 2561 956 2597 appellan-

167 2617 210 2639 tur
230 2607 400 2648 presbyteri;
424 2612 452 2636 et
477 2609 522 2643 qui
542 2613 605 2636 tunc
627 2608 751 2643 princeps
776 2606 956 2637 sacerdotum,

166 2665 237 2686 nunc
247 2656 394 2693 episcopus
403 2658 524 2683 vocatur.
537 2653 682 2689 Presbyter
692 2654 867 2691 πρισϐύτιρος
883 2653 955 2680 enim

165 2703 268 2736 Graec,
289 2700 387 2730 Latine
405 2700 497 2729 senior
518 2701 719 2735 interpretatur.
735 2699 792 2726 Non
805 2707 854 2734 pro
876 2702 955 2725 actate

165 2754 252 2779 autem
267 2749 310 2778 vel
326 2748 463 2784 deorepita
478 2751 626 2779 senectute,
641 2746 686 2774 sed
701 2750 811 2781 propter
824 2746 954 2773 honorem

164 2802 191 2824 et
203 2796 364 2833 dignitatem
379 2798 408 2821 et
426 2793 573 2821 doctrinam
592 2792 730 2827 sapientiae
748 2798 827 2825 quam
844 2798 955 2824 accepe-

165 2848 234 2876 runt,
259 2841 415 2878 presbyteri
432 2840 614 2872 nominantur,
638 2838 705 2866 sicut
726 2845 774 2872 per
788 2836 954 2871 Sapientiam

1026 922 1103 950 dotes
1124 926 1266 956 vocantur,
1286 922 1349 958 quia
1364 923 1471 951 sacrum
1490 923 1570 957 dant,
1594 924 1664 952 sicut
1686 925 1816 962 episcopi,

1025 966 1052 994 id
1074 971 1125 1000 est,
1146 967 1173 994 in
1191 967 1361 995 confectione
1382 967 1466 996 divini
1483 969 1605 1005 corporis
1624 972 1651 997 et
1665 971 1814 1007 sanguinis,

1024 1016 1052 1039 et
1070 1012 1096 1039 in
1111 1012 1282 1047 baptismate,
1298 1017 1326 1041 et
1340 1013 1366 1040 in
1385 1013 1473 1041 otiicio'
1492 1014 1665 1049 prmdicandi.
1683 1012 1736 1043 Sed
1754 1016 1816 1044 licet

1025 1057 1079 1085 sint
1099 1057 1267 1090 sacerdotes,
1284 1061 1377 1085 tamen
1395 1057 1566 1093 pontiﬁcatus
1579 1059 1683 1096 apicem
1699 1067 1752 1087 non
1767 1060 1815 1088 ha-

1024 1101 1096 1147 be/nt,
1101 1102 1172 1136 quod
1180 1109 1230 1130 nec
1237 1101 1384 1130 chrismate
1392 1102 1507 1130 frontem
1515 1101 1634 1139 signant,
1642 1111 1692 1132 nec
1698 1105 1804 1139 paracle

1023 1152 1079 1175 tum
1090 1147 1215 1183 spiritum
1230 1147 1305 1181 dant,
1320 1147 1392 1183 quod
1404 1147 1469 1176 solis
1483 1149 1617 1185 episcopis
1630 1149 1721 1178 deberi
1733 1149 1813 1178 lectio

1022 1193 1105 1221 Actus
1120 1193 1302 1228 apostolorum
1323 1193 1508 1227 demonstrat;
1525 1201 1576 1223 nec
1592 1195 1720 1223 ordinare
1734 1196 1813 1224 cleri-

1021 1246 1067 1266 cos
1083 1239 1109 1266 in
1125 1238 1210 1267 sacris
1225 1238 1366 1267 ordinibus
1376 1239 1500 1275 possunt,
1518 1239 1590 1275 quod
1604 1239 1738 1276 episcopis
1749 1248 1812 1276 pro-

1020 1289 1080 1319 pter
1101 1284 1233 1312 unitatcm
1257 1288 1285 1312 et
1309 1284 1484 1313 concordiam
1505 1288 1669 1312 reservatur.
1694 1284 1811 1314 Secundi

1020 1337 1085 1358 vero
1104 1330 1208 1359 ordinis
1224 1330 1276 1358 viri
1295 1331 1447 1367 presbyteri
1471 1334 1547 1365 Sunt,
1575 1334 1691 1366 quorum
1718 1335 1810 1368 typum

1019 1376 1199 1413 prmi'erebant
1211 1375 1283 1404 LXX
1301 1377 1351 1404 viri
1363 1376 1390 1404 in
1408 1375 1498 1404 Veteri
1512 1376 1697 1410 Testamento,
1713 1377 1740 1405 in
1752 1378 1812 1413 qui-

1019 1424 1069 1452 bus
1086 1423 1216 1452 Dominus
1231 1423 1356 1459 spiritum
1376 1422 1460 1458 Moysi
1481 1423 1648 1460 propagavit,
1667 1425 1697 1451 ut
1711 1423 1811 1452 talibus

1019 1470 1188 1505 adiutoribus
1204 1477 1270 1498 usus
1289 1468 1316 1497 in
1330 1467 1438 1504 populo,
1455 1466 1611 1497 innumeras
1626 1464 1811 1498 multitudines

1019 1516 1098 1545 facile
1113 1516 1286 1552 gubernaret.
1305 1514 1351 1543 Sic
1364 1516 1392 1543 et
1402 1513 1522 1550 paterna:
1534 1513 1710 1550 plenitudinis
1722 1515 1808 1543 abun-

1018 1563 1111 1591 dantia
1132 1561 1268 1590 transfusa
1294 1565 1337 1590 est
1353 1561 1381 1589 in
1408 1559 1538 1588 Eleaiaro
1561 1563 1590 1588 et
1611 1558 1757 1594 ithatnaro,
1781 1565 1811 1589 ut

1018 1608 1053 1636 ad
1065 1608 1169 1636 hostias
1182 1607 1316 1635 salutares
1322 1611 1349 1635 et
1359 1604 1550 1642 frequentibus
1561 1601 1640 1646 cilicii
1654 1612 1810 1635 sacramen-

1018 1658 1074 1682 tum
1087 1673 1096 1686 ,
1124 1653 1305 1682 ministerium
1331 1651 1466 1682 suﬁiceret
1493 1651 1674 1680 sacerdotum.
1708 1651 1754 1681 Sic
1782 1658 1810 1681 ct

1017 1701 1147 1737 apostolis
1172 1700 1294 1733 Christi,
1322 1699 1446 1728 doctores
1460 1719 1468 1733 ,
1497 1697 1559 1727 ﬁdei
1578 1699 1699 1741 comites
1724 1699 1808 1727 additi

1017 1752 1090 1779 sunt,
1111 1746 1211 1782 quibus
1228 1745 1266 1774 illi
1281 1746 1375 1774 orbem
1399 1749 1484 1773 totum
1505 1744 1631 1772 secundis
1649 1745 1808 1780 praedicato—
1834 1752 1853 1774 ,'

1017 1794 1092 1822 ribus
1111 1793 1307 1829 impleverunt,
1329 1796 1357 1820 et
1379 1799 1428 1827 per
1447 1787 1631 1827 evangelicam
1656 1791 1806 1820 dcctrinam

1016 1839 1207 1868 dilataverunt.

1316 1893 1431 1923 CAPUT
1450 1893 1506 1922 VII.

1319 1949 1357 1978 De
1368 1949 1497 1977 dimouit.

1051 2011 1152 2045 Levita
1163 2024 1197 2044 ex
1208 2015 1317 2053 nomine
1326 2014 1446 2042 auctoris
1459 2013 1559 2048 vocati,
1575 2013 1609 2042 de
1622 2013 1731 2042 nomine
1743 2013 1807 2042 Levi

1015 2061 1118 2090 Levita:
1134 2059 1221 2089 exorti
1234 2061 1307 2092 sunt,
1326 2067 1341 2086 a
1356 2059 1454 2094 quibus
1468 2056 1496 2086 in
1514 2058 1614 2093 templo
1625 2058 1685 2092 Dei,
1700 2061 1806 2095 mystici

1017 2105 1180 2136 sacramenti
1211 2105 1339 2141 mysteria
1363 2104 1548 2140 eXplebautur.
1577 2103 1709 2140 Praecepit
1734 2106 1806 2133 enim

1017 2152 1147 2181 Dominus
1169 2157 1198 2179 et
1216 2150 1284 2178 dixit
1299 2150 1333 2177 ad
1348 2149 1475 2185 Moysen,
1490 2153 1521 2176 ut
1535 2153 1596 2184 post
1607 2149 1805 2178 ordinationem

1015 2199 1106 2226 Aaron
1121 2196 1269 2225 sacerdotis
1281 2199 1309 2223 et
1323 2194 1438 2222 ﬁliorum
1453 2193 1522 2229 ejus,
1534 2202 1627 2223 rursus
1639 2194 1705 2223 Levi
1719 2195 1806 2223 tribus

1015 2246 1041 2272 in
1057 2243 1143 2271 divini
1161 2242 1249 2270 cultus
1268 2240 1398 2276 mysterio
1418 2240 1596 2273 ordinaretur.
1613 2244 1641 2268 et
1661 2247 1805 2269 consecra-

1014 2293 1107 2318 rentur
1122 2287 1235 2316 Domino
1255 2290 1305 2322 pro
1324 2285 1450 2314 omnibus
1470 2285 1665 2321 primogenitis,
1679 2289 1707 2313 et
1721 2287 1806 2314 servi-

1014 2339 1074 2364 rent
1083 2334 1227 2370 proisrael
1240 2338 1331 2360 coram
1343 2331 1432 2359 Aaron
1447 2335 1481 2359 et.
1489 2331 1551 2359 ﬁliis
1562 2330 1621 2366 ejus
1636 2332 1663 2359 in
1678 2332 1803 2360 taberna-

1014 2383 1075 2411 culo
1085 2381 1190 2409 Domini
1205 2380 1372 2408 excubantes
1386 2379 1411 2405 in
1423 2376 1524 2413 templo
1535 2378 1578 2404 die
1592 2385 1623 2405 ac
1635 2376 1725 2410 nocte,
1739 2377 1804 2413 ipsi-

1013 2435 1065 2463 que
1076 2429 1213 2462 gestarent
1227 2431 1317 2451 arcam
1327 2427 1355 2450 et
1370 2422 1584 2454 tabernaculum,
1598 2426 1626 2449 et
1637 2422 1728 2449 omnia
1738 2430 1802 2449 vasa

1011 2473 1081 2508 ejus,
1097 2475 1124 2498 et
1138 2471 1163 2498 in
1176 2470 1291 2497 circuitu
1304 2467 1470 2496 tabernaculi
1481 2471 1571 2495 castra
1586 2467 1635 2502 ipsi
1652 2467 1800 2494 constitue-

1011 2522 1088 2550 rent,
1100 2521 1128 2543 et
1140 2516 1167 2543 in
1178 2513 1361 2551 promovendo
1374 2512 1549 2541 tabernaculo
1562 2512 1612 2547 ipsi
1625 2512 1801 2547 deponerent,

1010 2568 1037 2591 et
1050 2569 1144 2590 rursus
1157 2561 1206 2596 ipsi
1218 2560 1393 2595 deponerent,
1407 2560 1435 2585 ct
1447 2564 1542 2586 rursus
1551 2557 1600 2592 ipsi
1608 2561 1800 2591 componerent

1011 2609 1109 2645 (Exod.
1119 2606 1203 2642 xxix).
1211 2606 1244 2633 lli
1251 2605 1344 2633 Grtece
1351 2604 1477 2632 diaconos
1484 2602 1607 2634 διάκονις,
1616 2600 1712 2629 Latine
1719 2601 1799 2628 mini-

1011 2655 1059 2682 stri
1069 2654 1206 2684 dicuntur,
1217 2650 1289 2686 quod
1299 2650 1371 2677 sicut
1385 2649 1411 2676 in
1424 2648 1563 2676 sacerdote
1573 2646 1754 2677 consecratio,
1763 2645 1799 2673 ita

1011 2703 1038 2727 et
1047 2699 1073 2726 in
1082 2698 1197 2726 diacono
1204 2694 1346 2723 ministerii
1356 2692 1521 2728 dispensatio
1528 2691 1650 2718 habetur.
1663 2690 1691 2716 In
1707 2688 1798 2716 Veteri

1011 2746 1184 2773 Testamento
1200 2741 1368 2769 excubabant
1383 2740 1409 2766 in
1422 2735 1593 2765 tabernaculo
1607 2734 1751 2762 testimonii
1766 2735 1800 2760 ait

1009 2793 1143 2825 praecepta
1161 2788 1260 2819 Aaron,
1275 2790 1301 2812 ct
1313 2785 1345 2812 ad
1359 2787 1454 2811 cuncta
1465 2789 1545 2817 opera
1559 2779 1740 2811 tabernaculi;
1757 2784 1801 2804 ve-

1011 2839 1160 2864 rumtamen
1179 2832 1211 2860 ad
1225 2838 1288 2859 vasa
1307 2828 1451 2858 sanctuarii
1464 2832 1489 2854 et
1505 2826 1538 2855 ad
1552 2826 1637 2853 altare
1651 2832 1705 2852 non
1720 2829 1800 2851 ωερε·
