1997 3098
189 109 246 137 505

519 103 550 130 Β.
571 101 698 130 RABANI
718 100 826 129 MAURI
843 96 1003 127 ARCIIIEP.
1026 95 1181 124 MOGUNT.
1203 92 1345 123 OPERUM
1365 92 1456 122 PARS
1474 93 1494 121 1.

1777 95 1828 123 30!

191 165 306 196 dobant,
324 162 393 190 sicut
415 160 592 188 mandaverat
605 159 735 186 Dominus
749 158 839 184 Aaron
864 157 956 184 dicens
976 163 981 179 :
998 154 1021 183 A
1037 153 1062 180 in
1075 152 1220 187 Evangelio
1233 151 1356 184 Joannis,
1371 150 1461 178 divina
1473 150 1624 186 proditione
1638 152 1830 185 commonitus,

193 209 261 237 Ecce
276 207 336 235 dedi
349 206 418 234 vobis
433 205 528 240 fratres
545 209 641 231 vestros
655 202 757 230 chitos
771 203 802 229 de
813 201 898 228 medio
915 199 985 235 ﬁlio-

193 264 251 282 rum
274 253 370 285 lsmel,
392 256 416 279 el
434 250 533 278 tradidi
556 250 653 276 donum
673 249 799 280 Domino,
820 252 849 274 ut
871 246 985 274 serviant

191 302 220 328 in
240 298 391 327 ministeriis
411 296 572 323 tabernaculi
595 294 669 329 ejus;
687 299 715 320 tu
734 298 821 319 autem
841 298 864 319 et
878 292 931 328 ﬁlii
947 292 985 318 tui

193 345 321 373 custodite
335 342 511 370 sacerdotium
527 346 649 372 rostrum,
666 345 689 366 et
709 340 795 366 omnia
812 347 870 374 qum
886 338 919 364 od
933 337 986 364 cul-

193 397 248 418 tum
264 389 354 416 altoris
365 387 503 423 pertinent,
512 392 534 412 et
544 386 613 412 intra
629 385 710 412 velum
724 389 795 416 sunt,
805 392 850 419 per
861 383 984 410 sacerdo-

194 443 231 464 tes
244 433 511 465 administrabantur,
528 436 579 458 etc.
601 430 696 466 (Num.
713 429 801 465 xt‘nt.)
818 429 850 456 Hi
865 437 879 455 a
891 428 985 463 viginti

191 481 312 517 quinque
326 479 403 506 annis
418 482 445 504 et
458 485 538 512 supra
551 475 785 511 ingrediebantur,
802 478 832 501 ut
846 473 983 500 ministra-

189 533 251 555 rent
260 527 287 553 in
297 523 469 552 tabernaculo
480 521 600 553 foederis,
608 527 722 554 cutnque
733 518 983 554 quinquagesimum

190 579 290 599 annum
311 569 398 597 astatis
413 567 558 602 explebant
573 565 677 592 servire
693 564 845 594 cessabant,
867 567 894 589 et
907 566 985 589 erant

191 615 307 644 ministri
329 614 442 641 fratrum
457 619 565 638 suorum
581 611 607 637 in
627 609 800 636 tabernaculo
817 608 939 640 fmdcris,
955 611 986 634 ut

191 661 360 689 custodirent
385 666 445 694 quae
465 657 515 684 sibi
533 656 641 683 fuerant
656 655 854 683 commendata.
869 654 898 680 In
911 653 985 680 Novo

192 714 281 737 autem
295 707 469 735 Testamento
482 704 595 740 apostoli
607 708 709 739 septem
728 703 867 734 diaconos,
876 706 985 737 propter

190 758 390 784 sacramentum
408 751 528 786 ejusdem
546 750 650 777 numeri
674 749 868 776 ordinaverunt
884 748 916 775 ad
935 747 985 774 mi-

191 801 332 829 nisterium
350 806 458 826 sacrant
478 801 506 824 et
523 795 639 824 ofﬁcium
661 794 770 826 altaris,
793 794 838 828 qui
862 793 986 827 leguntur

189 849 270 875 etiam
285 851 311 874 et
326 845 498 881 praedicasse,
518 847 546 870 et
563 842 713 876 baptizasse
728 848 781 868 non
797 847 906 875 paucos,
926 838 980 866 sic-

189 898 220 920 ut
237 896 347 920 sanctus
372 889 526 923 Stephanus
543 886 688 921 disputavit
710 889 803 912 contra
820 884 943 915 Judazos,
957 887 984 911 et

189 937 339 972 Philippus,
354 935 494 970 baptizato
506 932 640 964 eunucho,
657 931 851 966 cvangelizavit
868 930 984 957 civitati-

190 985 240 1011 bus
256 983 371 1015 cunctis,
389 982 475 1009 donec
485 980 591 1008 veniret
600 978 762 1010 Cccsareatn,
780 982 807 1004 ct
823 978 847 1004 in
861 976 984 1004 Samaria

189 1029 363 1066 praedicabat,
382 1032 409 1055 et.
426 1026 582 1062 baptizabat
596 1033 643 1052 eos
655 1025 700 1060 qui
716 1025 750 1051 ab
766 1024 894 1059 apostolis
904 1023 984 1050 Petro

190 1080 217 1102 et
239 1074 342 1102 Joanne
363 1072 539 1107 postmodum
562 1069 803 1098 conﬁrmabantur.
823 1068 876 1095 Sed
898 1068 984 1103 bapti-

191 1128 252 1148 zare
265 1121 305 1147 eis
321 1119 400 1147 modo
415 1125 507 1145 coram
525 1115 659 1151 episcopis
675 1115 732 1142 sive
744 1115 908 1150 presbyteris
925 1114 983 1141 lici-

191 1173 246 1195 tum
261 1164 430 1194 est.Caetcris
446 1168 535 1191 autern
553 1170 607 1190 non
619 1162 691 1193 licet,
708 1161 769 1194 nisi,
782 1160 920 1196 praedictis
931 1159 985 1187 for-

191 1214 270 1241 tassis
280 1212 378 1240 ofﬁciis
392 1209 497 1245 longius
516 1207 682 1240 censtitutis,
697 1206 845 1234 necessitas
864 1210 984 1233 extrema

190 1258 342 1294 compellat.
360 1256 392 1283 lli
405 1256 477 1283 enim
491 1258 554 1282 sunt
569 1261 636 1289 quos
648 1252 675 1279 in
694 1251 854 1286 Apocalypsi
872 1249 985 1285 legimus

190 1309 293 1339 septem
311 1302 415 1338 angeli,
435 1301 506 1328 tubis
521 1302 659 1327 canentes.
678 1297 709 1324 lli
724 1301 787 1324 sunt
800 1301 903 1331 septem
922 1303 986 1322 can-

190 1349 300 1377 delabra
324 1354 416 1374 aurea.
442 1345 475 1373 Ili
501 1348 564 1372 sunt
587 1351 667 1370 voces
687 1343 867 1369 tonitruorum
882 1344 985 1375 septem

190 1395 282 1431 (Apoc.
301 1392 371 1428 vni).
391 1391 443 1426 Ipsi
458 1390 530 1417 enitn
548 1388 621 1416 clara
636 1395 701 1415 voce
721 1387 747 1414 in
761 1386 869 1413 modum
884 1392 986 1431 prach-

190 1428 232 1466 nis
250 1438 395 1466 admonent
414 1438 537 1466 cunctos,
553 1433 609 1460 sive
624 1432 650 1459 in
666 1431 812 1466 psallendo,
832 1430 889 1457 sive
905 1429 931 1456 in
947 1428 987 1456 lc-

190 1486 324 1514 ctionibus
341 1482 491 1510 audiendis.
519 1480 572 1514 Ipsi
595 1479 667 1506 enim
694 1482 724 1504 ut
736 1484 816 1504 aures
839 1476 986 1503 habeamus

191 1532 225 1560 ad
244 1532 329 1559 Deum
344 1529 505 1556 acclamant.
517 1525 571 1560 Ipsi
587 1531 693 1559 quoque
705 1522 901 1557 evangelizant.
921 1521 986 1548 Sine

191 1577 234 1604 his
248 1574 374 1603 sacerdos
389 1579 487 1600 nomen
498 1571 591 1602 habet,
605 1568 724 1596 ofﬁcium
739 1575 793 1594 non
810 1567 902 1594 habet.
918 1565 985 1593 Nam

192 1621 262 1648 sicut
280 1620 307 1646 in
329 1617 470 1646 sacerdote
485 1612 665 1645 consecratio,
684 1613 721 1639 ita
746 1612 772 1639 in
794 1611 918 1639 ministro
933 1610 986 1638 dis-

192 1665 315 1701 pensatio
339 1661 502 1691 sacramenti
521 1664 571 1687 est.
589 1659 635 1686 Ille
656 1658 745 1686 oblata
763 1657 928 1688 sanctiﬁcat,
943 1655 988 1683 hic

194 1711 364 1738 sanctiﬁcata
376 1709 523 1744 dispensat.
535 1706 604 1741 Ipsis
616 1705 698 1732 etiam
713 1703 909 1735 sacerdotibus,
926 1708 988 1737 pro-

192 1751 501 1791 pterpraesumptiouem
515 1759 567 1778 non
584 1750 647 1777 licet
661 1749 694 1776 de
709 1755 802 1776 mensa
819 1747 925 1775 Domini
938 1746 989 1774 tol-

194 1803 250 1828 lere
264 1800 391 1832 calicem,
411 1798 463 1825 nisi
483 1798 523 1825 eis
543 1796 658 1824 traditus
676 1795 757 1823 fuerit
771 1802 785 1821 a
799 1793 922 1821 diacono.
938 1792 989 1820 Le-

193 1848 255 1874 vita:
276 1845 391 1873 offerunt
411 1843 562 1871 oblationes
584 1843 611 1869 in
633 1841 739 1869 altaria.
762 1840 862 1867 Levita:
880 1845 989 1873 compo-

195 1897 262 1920 nunt
276 1898 397 1918 mensam
414 1888 529 1917 Domini.
545 1888 647 1916 Levita:
658 1887 784 1922 operiunt
799 1893 891 1912 arcam
904 1888 988 1912 testa-

197 1937 280 1964 menti
292 1945 299 1969 ;
316 1943 370 1963 non
382 1935 454 1962 enim
473 1941 568 1962 omnes
581 1933 675 1960 vident
688 1932 773 1959 altare
785 1930 987 1966 mysteriorum,

196 1991 255 2018 quae
269 1982 427 2017 operiuntur
440 1989 455 2007 a
467 1980 580 2012 Levitis,
595 1986 628 2006 ne
645 1979 755 2006 videant
770 1978 817 2012 qui
826 1977 919 2004 videre
934 1983 989 2004 non

196 2031 303 2063 debent,
319 2033 346 2057 et
360 2031 470 2057 sumant
487 2028 532 2063 qui
552 2034 662 2055 servare
677 2030 870 2061 non'possunt,
890 2025 991 2061 quique

198 2081 340 2112 propterea
352 2074 431 2102 altari
445 2074 513 2102 albis
525 2073 612 2101 induti
622 2073 764 2104 assistunt,
778 2076 808 2099 ut
818 2071 882 2099 hinc
897 2071 991 2098 admo«

197 2123 245 2150 niti
262 2121 398 2150 caelestem
415 2121 498 2148 vitam
514 2119 643 2151 habeant,
662 2118 824 2152 candidiquc
839 2117 873 2144 ad
887 2116 991 2144 hostias

197 2175 224 2195 et
241 2167 407 2195 immaculati
428 2166 569 2193 accedant.
585 2165 658 2198 Quos
669 2164 772 2199 primus
784 2163 848 2191 fecit
860 2162 990 2190 Silvestcr

199 2220 279 2247 papa,
297 2212 449 2239 tricesimus
464 2215 576 2246 quartus
587 2209 708 2245 pontifex
722 2210 749 2236 in
766 2209 887 2236 Romana
899 2208 989 2235 Eccle-

199 2259 238 2286 sia
250 2262 311 2293 post
325 2257 435 2285 Petrum
448 2256 599 2283 dalmaticis
610 2255 660 2288 uti,
672 2259 699 2282 et
711 2255 850 2282 constituit
865 2258 894 2281 ut
907 2254 989 2290 pallio

200 2303 337 2331 linostimo
351 2309 444 2330 eorum
460 2301 529 2328 laena
542 2304 687 2336 tegeretur,
707 2301 775 2328 sicut
791 2300 817 2326 in
828 2300 911 2335 gestis
921 2307 989 2334 pon-

200 2349 344 2377 tiﬁcalibus
353 2347 516 2377 continetur.

499 2392 611 2420 CAPUT
634 2392 697 2430 vtu.

472 2438 511 2466 De
540 2439 716 2466 subdiacom'r.

230 2485 442 2521 illypodiacones
451 2483 612 2515 ὐποδιὰκονίς
626 2483 729 2517 Graece,
742 2493 810 2520 quos
824 2493 874 2514 nos
884 2487 990 2514 subdia-

202 2539 284 2560 cenes
295 2531 419 2563 dicimus,
435 2530 481 2565 qui
508 2529 569 2557 ideo
586 2530 626 2558 sic
642 2530 810 2565 appellantur
826 2532 889 2567 quia
904 2533 993 2567 subjo-

203 2575 423 2610 cent.pra‘.ceptis
440 2579 467 2602 et
485 2574 583 2603 ofﬁciis
600 2574 765 2603 Levitarum.
786 2576 941 2606 Oblationes
965 2578 992 2605 in

197 2622 304 2657 templo
316 2621 365 2649 Dei
378 2629 394 2648 ει
408 2620 531 2647 ﬁdelibus
545 2619 597 2655 ipsi
614 2614 775 2656 suscipiunt',
792 2626 819 2649 et
831 2622 933 2650 Levitis
946 2632 990 2652 ευ-

203 2667 392 2702 perpetiendos
414 2665 546 2694 altaribus
565 2666 699 2694 delerunt.
723 2667 757 2694 Hi
778 2669 849 2703 apud
867 2668 995 2698 Hebraeos

198 2711 338 2739 .Nathinati
349 2715 490 2744 vocantur,
503 2715 534 2738 ut
546 2711 615 2738 liber
624 2711 848 2747 Paralipomenon
860 2717 889 2741 et
902 2714 995 2742 Esdra:

202 2760 331 2788 testatur,
347 2756 417 2791 quod
441 2756 632 2790 interpretatur
655 2756 681 2784 in
705 2757 856 2785 humilitate
881 2758 996 2788 Domino

200 2800 365 2828 servientes.
382 2800 423 2827 Ex
439 2807 531 2828 eorum
546 2801 641 2834 ordine
656 2801 706 2829 luit
723 2802 769 2829 ille
786 2801 935 2832 Nathanael
950 2805 995 2838 qui

1036 197 1204 228 Sulvatorem
1212 198 1311 225 meruit
1324 197 1457 230 conﬁteri,
1465 197 1565 232 quique
1576 198 1658 224 etiam
1671 198 1705 225 ad
1712 198 1831 232 primum

1035 243 1184 271 divinitatis
1202 243 1332 279 judicium
1357 243 1443 271 ﬁdelis
1459 243 1575 277 enituit,
1595 246 1765 278 protestante
1778 244 1834 272 Do-

1035 289 1108 316 mino
1125 297 1157 316 ac
1172 288 1277 316 dicente
1293 297 1298 315 :
1312 288 1381 315 Ecce
1395 297 1454 315 vere
1472 288 1607 321 Israelita,
1625 290 1654 316 in
1677 297 1729 325 quo
1753 290 1833 317 dolus

1036 342 1087 361 non
1106 338 1144 361 est
1158 333 1249 369 (Jaon.
1274 333 1304 369 ι).
1319 333 1365 361 Isti
1377 341 1486 368 quoque
1502 342 1567 361 vasa
1585 335 1708 369 corporis
1724 339 1752 362 et
1769 343 1834 363 san-

1036 379 1125 414 guinis
1141 378 1246 405 Domini
1261 379 1419 406 diaconibus
1431 379 1465 406 ad
1479 378 1564 406 altare
1581 379 1708 407 oﬂ'erunt.
1722 380 1762 407 De
1774 381 1834 415 qni-

1034 424 1085 452 bus
1101 425 1209 459 quidem
1225 424 1327 460 placuit
1340 425 1473 460 patribus,
1488 429 1518 452 ut
1532 425 1593 460 quia
1610 433 1687 453 sacra
1702 427 1833 462 mysteria

1034 474 1215 503 contrectant,
1228 471 1295 498 casti
1310 475 1338 498 et
1349 471 1521 499 continentes
1535 471 1569 498 ab
1581 472 1712 500 tutoribus
1724 474 1789 505 sint,
1806 477 1834 500 et

1036 517 1069 544 ab
1087 517 1161 544 omni
1182 516 1286 544 carnali
1302 516 1472 544 immunditia
1486 516 1576 550 liberi,
1595 517 1673 551 juxta
1687 518 1759 552 quod
1777 518 1833 546 illis

1034 563 1165 598 propheta
1189 563 1303 590 docente
1326 562 1437 597 jubetur
1452 570 1459 589 :
1477 562 1662 597 Mundomim',
1685 564 1730 599 qui
1755 564 1831 599 [erlis

1035 616 1098 636 uasa
1115 606 1220 634 Domini
1239 607 1308 643 (Iso.
1324 607 1382 644 ut).
1397 607 1430 634 Hi
1448 615 1512 643 ergo
1529 616 1590 635 cum
1604 609 1765 636 ordinantur
1775 618 1831 637 non

1035 654 1186 690 suscipiunt
1210 662 1307 682 manus
1332 654 1531 689 impositionem
1555 656 1625 683 sicut
1646 656 1773 683 sacerdos
1803 661 1832 684 et

1035 700 1147 734 Levita},
1160 700 1207 728 sed
1221 705 1348 735 patenam
1360 704 1464 727 tantum
1477 704 1505 728 et
1516 700 1627 728 calicem
1639 701 1671 729 de
1682 708 1762 729 manu
1775 701 1833 738 epi-

1036 746 1126 780 scopi,
1148 750 1176 774 et
1199 745 1383 774 archidiaconi
1405 746 1537 782 scyphum
1558 754 1635 782 aqua:
1657 755 1719 775 cum
1737 754 1806 783 aqua
1822 767 1831 782 ,

1037 792 1149 820 mantile
1163 795 1189 819 et
1204 792 1411 828 manutergium.

1321 847 1456 876 CAPUT
1479 848 1530 875 IX.

1337 882 1375 910 De
1385 882 1524 919 ocolythis.

1071 928 1194 964 Acolythi
1214 926 1343 957 ἀκόλουθοι
1359 927 1469 962 Graece,
1488 928 1584 956 Latine
1607 928 1764 957 ceroferarii
1787 929 1830 957 di-

1036 979 1145 1008 cuntur,
1167 983 1182 1002 a
1207 975 1381 1010 deportandis
1400 975 1486 1002 cereis
1500 975 1608 1010 quando
1628 975 1769 1011 legendum
1789 980 1832 1003 est

1034 1019 1222 1056 Evangelium,
1238 1025 1285 1047 aut
1297 1021 1458 1048 sacriﬁcium
1473 1020 1650 1049 offerendum.
1666 1020 1742 1048 Tunc
1756 1022 1831 1049 enim

1035 1067 1220 1095 accenduntur
1236 1067 1381 1094 luminaria
1402 1068 1437 1095 ab
1461 1069 1500 1096 eis
1522 1073 1549 1096 et
1570 1069 1757 1104 deportantur,
1777 1077 1832 1097 non

1036 1111 1069 1138 ad
1086 1110 1220 1146 'fugandas
1241 1112 1365 1139 tenebras
1388 1112 1451 1140 dum
1472 1113 1513 1140 sol
1523 1112 1618 1141 eodem
1638 1118 1759 1149 tempore
1783 1123 1832 1142 ru-

1036 1157 1109 1189 tilet,
1125 1157 1172 1185 sed
1189 1158 1223 1185 ad
1238 1157 1343 1193 signum
1360 1158 1460 1186 Imtiti'a'.
1475 1159 1725 1195 demonstrandum,
1739 1167 1768 1189 ut
1780 1163 1832 1190 sub

1036 1206 1099 1239 typo
1114 1203 1223 1231 luminis
1241 1205 1389 1239 corporalis
1407 1206 1453 1233 illa
1468 1205 1517 1233 lux
1537 1208 1707 1241 ostendatur,
1726 1209 1761 1236 de
1776 1217 1832 1245 qua

1037 1248 1064 1275 in
1090 1248 1234 1285 Evangelio
1254 1250 1352 1285 legitur
1368 1259 1374 1277 :
1392 1250 1458 1278 Erat
1476 1251 1523 1278 tua:
1538 1260 1599 1279 vero
1618 1261 1676 1288 quo:
1695 1253 1832 1281 illumth

1037 1301 1138 1321 onmem
1152 1294 1282 1322 hominem
1294 1296 1433 1328 uenientem
1442 1297 1471 1323 in
1479 1297 1547 1325 hunc
1560 1299 1686 1326 mundum
1694 1299 1787 1335 (Joan.
1798 1301 1831 1335 1),

1037 1345 1152 1372 quorum
1169 1343 1260 1374 typum
1274 1340 1456 1374 prml'erebant
1471 1341 1508 1368 illi
1522 1342 1567 1377 qui
1583 1342 1689 1370 Domini
1703 1344 1833 1372 mandato

1036 1383 1064 1410 in
1083 1383 1255 1412 tabernaculo
1272 1385 1396 1414 lucernas
1411 1387 1531 1422 quotidie
1549 1389 1733 1416 accendebant
1748 1397 1833 1425 super

1037 1429 1229 1458 candelabrum
1241 1432 1356 1467 pOsitas.
1552 1454 1556 1460 .

1355 1476 1468 1507 CAPUT
1480 1478 1519 1507 Χ.

1330 1524 1369 1552 De
1391 1526 1536 1553 exorcistis.

1068 1567 1219 1597 Exorcistaa
1237 1570 1388 1609 ἐξορκὶσται,
1404 1578 1437 1597 ex
1456 1570 1549 1598 Grmco
1561 1570 1589 1598 in
1605 1570 1732 1599 Latinum
1755 1571 1835 1608 adju-

1037 1619 1129 1642 rantes
1136 1623 1183 1643 seu
1195 1615 1365 1650 increpantes
1373 1621 1514 1644 vocantur.
1526 1617 1653 1644 lnvocant
1666 1618 1737 1645 enim
1749 1626 1834 1653 super

1037 1660 1262 1693 catechumenos,
1283 1660 1326 1687 vel
1348 1668 1430 1695 super
1450 1668 1497 1688 eos
1516 1661 1560 1695 qui
1585 1661 1686 1689 habent
1704 1661 1832 1697 spiritum

1038 1705 1216 1739 immundum,
1229 1713 1327 1733 nomen
1339 1705 1446 1733 Domini
1457 1705 1531 1739 Jesu,
1542 1702 1696 1740 adjurantes
1709 1714 1759 1741 per
1768 1715 1832 1733 eum

1037 1754 1068 1777 ut
1089 1751 1243 1786 egrediatur
1260 1751 1294 1778 ab
1317 1751 1365 1779 eis.
1386 1750 1481 1778 Refert
1498 1751 1632 1786 Iosephus
1647 1758 1737 1786 regem
1754 1751 1834 1778 Salo-

1038 1800 1146 1820 monem
1167 1793 1336 1829 excogitasse
1353 1801 1484 1829 suamque
1502 1799 1609 1829 gentem
1630 1795 1754 1822 docuisse
1772 1803 1833 1822 mo-

1038 1840 1086 1867 dos
1101 1840 1245 1867 exorcismi
1255 1860 1262 1873 ,
1279 1840 1306 1868 id
1320 1844 1363 1868 est
1376 1839 1565 1875 adiurationis,
1584 1840 1683 1876 quibus
1698 1838 1833 1868 immundi

1038 1885 1150 1920 spiritus
1164 1885 1269 1921 expulsi
1283 1885 1317 1912 ab
1330 1885 1438 1930 homine
1453 1885 1568 1913 ulterius
1584 1886 1684 1913 reverti
1700 1893 1754 1913 non
1769 1892 1835 1913 sunt.

1039 1931 1109 1958 ausi.
1123 1930 1250 1958 Testatur
1263 1934 1289 1958 et
1307 1931 1340 1958 de
1352 1930 1392 1959 eis
1403 1931 1472 1959 liber
1485 1931 1570 1959 Actus
1582 1931 1777 1967 apostolorum,
1794 1931 1834 1959 ita

1040 1976 1153 2004 dicens:
1169 1975 1340 2003 Tentaverunt
1356 1981 1443 2004 autem
1456 1976 1573 2012 quidam,
1585 1976 1652 2004 etde
1664 1978 1833 2004 circumeun-

1040 2022 1107 2049 tibus
1116 2022 1229 2055 ludatis,
1238 2022 1389 2049 exorcismix
1400 2022 1519 2049 invocare
1531 2029 1624 2049 nomen
1636 2021 1742 2049 Domini
1754 2021 1832 2054 Iesu,

1040 2072 1092 2096 etc.
1112 2067 1182 2103 (Act.
1204 2067 1275 2103 xxx.)
1289 2067 1444 2095 Invenimus
1464 2075 1510 2095 eos
1530 2075 1598 2102 quos
1612 2067 1713 2095 Esdras
1726 2071 1835 2095 actores

1041 2115 1172 2140 memorat
1185 2112 1288 2148 templi,
1304 2119 1351 2140 eos
1361 2119 1432 2140 nunc
1442 2120 1501 2140 esse
1513 2113 1662 2140 exorcistas
1676 2112 1702 2139 in
1711 2112 1836 2141 Ecclesia
1871 2108 1878 2110 ’

1041 2158 1098 2186 Dei.
1125 2158 1247 2186 Fuerunt
1268 2158 1341 2186 enim
1365 2159 1414 2186 sub
1430 2158 1516 2186 Esdra
1536 2164 1643 2187 actores
1659 2158 1751 2193 templi
1775 2166 1837 2186 ser-

1041 2213 1136 2233 vorum
1157 2205 1309 2234 Salomonis
1330 2206 1388 2240 ﬁlii,
1407 2206 1452 2242 qui
1472 2210 1562 2234 actum
1575 2206 1667 2241 templi
1682 2207 1765 2234 totius
1782 2208 1836 2234 sub

1042 2260 1107 2280 cura
1121 2260 1169 2280 sua
1184 2253 1325 2286 haberent,
1341 2261 1394 2281 non
1408 2258 1498 2282 tamen
1509 2254 1722 2282 sacerdotalibus
1734 2254 1836 2282 ofﬁciis

1043 2300 1239 2333 ministrarent,
1268 2304 1315 2327 aut
1336 2300 1421 2328 sacris
1446 2300 1629 2328 oblationibus
1654 2301 1835 2328 deservirem.

1043 2344 1149 2372 Nullam
1163 2352 1227 2380 ergo
1240 2344 1320 2371 aliam
1334 2353 1426 2372 curam
1449 2345 1583 2373 habebant
1604 2349 1708 2373 actores
1730 2346 1837 2380 templi,

1044 2392 1096 2419 nisi
1112 2392 1145 2420 ad
1158 2396 1232 2419 sarta
1246 2395 1316 2419 tecta
1328 2390 1484 2425 reﬁcienda,
1499 2395 1529 2418 ut
1540 2399 1706 2426 qutecunque
1719 2391 1837 2419 fuissent

1045 2442 1164 2465 veterata
1183 2438 1209 2465 in
1227 2437 1341 2465 aediﬁcio
1355 2438 1444 2473 templi
1457 2443 1503 2466 aut
1512 2438 1621 2474 delapsa
1633 2458 1641 2471 ,
1658 2446 1708 2474 per
1725 2439 1838 2466 eosdem

1046 2488 1152 2512 actores
1175 2484 1209 2511 de
1233 2484 1368 2512 thesauris
1389 2484 1536 2512 Dominicis
1554 2485 1729 2512 reﬁcerentur
1754 2489 1839 2520 atque

1045 2529 1243 2557 excolerentur.
1263 2530 1333 2565 Ergo
1351 2534 1492 2557 exactores
1513 2529 1604 2565 templi
1619 2530 1760 2557 exorcista:
1773 2535 1838 2557 sunt

1047 2575 1073 2602 in
1091 2575 1190 2611 populo
1209 2576 1265 2603 Dei.
1282 2575 1421 2608 Quomodo
1435 2576 1508 2603 enim
1527 2580 1603 2603 actor
1615 2576 1732 2610 prudens
1747 2580 1774 2603 et
1793 2576 1840 2604 bo-

1046 2628 1097 2648 nus
1109 2621 1160 2648 scit
1172 2620 1236 2656 quid
1251 2621 1302 2647 scit
1317 2620 1422 2647 Domini
1440 2621 1482 2648 sui
1500 2628 1613 2653 census,
1627 2625 1655 2648 et
1670 2621 1760 2648 onmis
1775 2622 1840 2649 sub-

1046 2666 1153 2694 stantia:
1167 2666 1271 2699 modus,
1284 2670 1311 2693 et
1327 2666 1424 2702 redigit
1435 2666 1505 2701 apud
1518 2674 1547 2694 se
1560 2666 1642 2694 totius
1656 2666 1841 2701 possessionis

1047 2712 1225 2739 instrumenta
1246 2711 1398 2747 originalia,
1420 2712 1459 2739 sic
1472 2712 1608 2739 exorcista
1627 2712 1723 2748 redigit
1741 2712 1768 2739 in
1790 2719 1839 2738 sua

1047 2757 1185 2792 diligentia
1203 2756 1284 2784 totius
1301 2757 1375 2791 regni
1391 2756 1498 2785 Domini
1513 2761 1635 2790 secreta,
1655 2762 1684 2784 ut
1701 2757 1841 2785 memoria:

1048 2803 1156 2833 mandet
1168 2803 1200 2831 de
1214 2803 1416 2838 Scripturarum
1430 2805 1618 2838 sacramentis,
1632 2804 1703 2832 unde
1713 2807 1842 2832 exerceat
