4002 6204
336 416 446 474 305

334 638 560 683 cessum.
586 623 897 695 secundum
929 622 1177 697 Apostoli
1200 631 1563 700 praeconium.
1612 634 1926 695 Exoreistas

332 715 485 773 enim
546 725 820 771 memorat
864 715 1156 786 Apostolus
1212 712 1341 777 cuni
1404 723 1536 782 dicit
1593 743 1608 780 :
1672 727 1928 801 Nunquid

331 818 530 861 euntes
554 802 878 861 donationes
902 805 1109 863 habent
1128 810 1509 868 sanationum?
1532 813 1602 869 Hi
1624 818 1770 873 enim
1798 834 1925 877 eum

266 904 271 911 '
330 894 660 950 ordinantur
710 895 986 966 accipiunt
1040 898 1109 955 de
1166 914 1335 958 manu
1383 904 1626 978 episcopi
1682 907 1924 966 libellum

330 985 401 1051 in
417 1001 532 1057 quo
556 987 743 1058 scripti
769 996 898 1044 sunt
925 990 1214 1051 exorcismi
1233 1032 1250 1059 ,
1279 994 1497 1053 dicente
1517 999 1601 1054 eis
1620 1000 1874 1081 episcopo
1904 1021 1919 1059 :

326 1076 577 1148 Accipite
605 1087 660 1134 et
692 1081 1070 1154 commendato
1108 1085 1407 1157 memoria,
1452 1088 1732 1147 othabete
1767 1076 1922 1164 pote-

327 1175 530 1223 statem
571 1167 885 1240 imponendi
928 1185 1122 1229 manus
1156 1188 1322 1246 super
1365 1190 1762 1248 energumenos
1804 1184 1922 1241 sive

326 1258 753 1316 catechumenos
770 1300 788 1329 ,
815 1269 876 1318 ut
904 1261 1184 1334 imperetis
1212 1265 1504 1327 immundis
1537 1271 1839 1345 spiritibus,
1863 1284 1922 1333 et

326 1348 623 1422 abjiciatis.

943 1442 1175 1503 CAPUT
1204 1446 1294 1504 XI.

866 1522 875 1533 “
909 1535 991 1592 De
1040 1537 1344 1597 lectoribus.

392 1621 659 1681 Lectores
685 1638 719 1678 a
744 1623 994 1696 legendo,
1018 1628 1314 1698 psalmistaa
1341 1646 1374 1687 a
1405 1633 1629 1704 psalmis
1653 1640 1917 1698 canendis

319 1712 523 1768 vocati.
574 1712 655 1768 Illi
700 1715 1002 1785 praedicant
1037 1718 1252 1788 populis
1286 1722 1417 1792 quid
1461 1736 1778 1797 sequantur.
1818 1730 1913 1788 Isti

318 1810 528 1857 canunt
544 1811 606 1858 ut
626 1804 871 1861 excitant
893 1807 959 1862 ad
984 1812 1431 1886 compunctiones
1449 1817 1659 1875 animos
1687 1823 1915 1878 audien-

1134 418 1223 475 υε
1261 392 1713 483 ειεῐιιὸοιιυη
1742 425 2250 502 INS'I‘I‘I‘U'I'IONE,
2290 402 2443 497 ere.
2487 470 2555 486 ..ρ
2591 440 2718 497 me.
2760 441 2801 496 ι.

335 531 551 589 scilicet
592 529 794 589 donum
840 532 985 605 quod
1022 531 1103 590 illi
1140 543 1227 592 est
1264 552 1301 593 a
1335 537 1543 611 Spiritu
1570 551 1777 600 saneto-
1799 559 1928 602 eon-
1954 545 2009 606 A

3502 457 3619 513 306‘

2631 553 2858 611 CAPUT
2892 554 3025 612 xm.
3199 631 3206 637 ,
3315 547 3353 587 ἀ
3522 554 3529 557 ‘

2028 633 2177 704 Quor
2216 648 2448 710 oporteat
2488 642 2558 696 ad
2601 659 2833 769 sacrum
2849 646 3082 703 ordinem
3123 633 3388 720 accedere,
3425 666 3476 711 et
3508 675 3612 730 quo

2715 731 2777 769 or
2833 731 2915 772 ne.
3482 748 3487 753 ι

2096 796 2344 856 Canones
2386 802 2444 858 et
2479 801 2696 860 decreta
2741 805 2964 878 Zozymi
3004 823 3158 880 papa:
3202 812 3501 871 decernunt
3546 827 3611 874 ut

2025 888 2256 948 doricas
2266 891 2357 962 qui
2379 894 2448 950 ad
2470 909 2686 951 sacrum
2698 898 2947 955 ordinem
2964 902 3193 971 accedit,
3218 904 3361 961 inter
3380 906 3612 966 lectores
3724 914 3729 919 '

2025 980 2141 1038 sive
2173 984 2471 1041 exoreistas
2496 987 2735 1060 quinque
2759 1005 2930 1048 annos
2955 995 3223 1063 exsolvat,
3254 999 3453 1056 exinde
3482 1014 3607 1059 aeo-

2022 1069 2202 1142 lythus
2230 1073 2314 1129 vel
2340 1075 2702 1135 subdiaconus
2728 1087 2961 1151 quatuor
2995 1085 3153 1142 annis
3187 1085 3300 1144 ﬁat.
3330 1088 3412 1147 Ad
3444 1092 3605 1150 bene-

2022 1160 2310 1219 dictionem
2360 1180 2578 1236 quoque
2616 1160 2939 1229 diaconatus
2984 1190 3095 1232 non
3146 1179 3375 1237 minoris
3431 1184 3619 1240 aetatis-

2019 1267 2182 1345 quam
2210 1254 2398 1345 viginti
2439 1258 2678 1330 quinque
2704 1276 2970 1322 annorum
3010 1269 3254 1338 accedat,
3289 1272 3344 1327 in
3375 1289 3484 1345 quo
3511 1291 3603 1331 or-

2019 1342 2145 1398 dine
2181 1344 2418 1416 quinque
2442 1350 2601 1406 annis
2638 1352 2887 1423 expletis,
2929 1356 2975 1412 si
3017 1342 3414 1430 ineulpabiliter
3439 1365 3602 1422 mini-

2017 1436 2295 1527 straverit,
2319 1438 2389 1493 ad
2409 1441 2815 1514 presbyteratus
2835 1446 3094 1506 honorem
3122 1446 3425 1521 promoveri
3449 1464 3603 1527 pote-

2016 1522 2105 1589 rit,
2138 1541 2245 1581 non
2277 1534 2459 1585 tamen
2483 1539 2625 1589 ante
2643 1534 2862 1607 triginta
2885 1548 3058 1596 annos
3075 1544 3273 1611 aetatis,
3296 1544 3426 1602 licet
3448 1522 3606 1604 valde

2015 1613 2212 1688 dignus
2240 1619 2343 1687 sit,
2358 1622 2484 1691 quia
2508 1633 2566 1681 et
2600 1625 2863 1686 Dominus
2887 1641 3075 1689 noster
3098 1651 3206 1691 non
3238 1645 3366 1694 ante
3390 1641 3605 1697 tricesi-

2014 1720 2162 1761 mum
2190 1723 2393 1766 annum
2416 1715 2716 1782 praedicare
2739 1733 2967 1778 exorsus
2990 1733 3094 1781 est.
3122 1726 3196 1782 De
3221 1741 3330 1797 quo
3356 1729 3527 1799 gradu
3555 1732 3600 1786 si

1954 1812 1959 1817 λ
2013 1813 2136 1853 eum
2165 1803 2377 1859 auctior
2401 1806 2469 1861 ad
2511 1807 2686 1865 bonos
2723 1822 2902 1870 mores
2943 1814 3055 1871 vita
3078 1818 3414 1888 perduxerit,
3446 1836 3621 1877 sumr

320 1892 477 1952 tium.
515 1892 672 1950 Licet
704 1903 762 1952 et
786 1896 1007 1965 quidam
1049 1898 1281 1959 lectores
1313 1903 1387 1963 ita
1432 1907 1758 1970 miseranter
1783 1929 1909 1984 pro-
1936 1898 1985 1958 Β
2013 1906 2159 1947 mum
2186 1896 2561 1964 pommca‘m“
2604 1903 2851 1975 θεοίνθτθ
2888 1908 3106 1977 Nam,
3139 1910 3242 1966 hac
3271 1918 3455 1967 ⁸³⁸³³⁸⁸
3483 1898 3605 1985 Ῐέὲσ

316 1986 571 2041 nuntient
582 2028 616 2053 ,_
649 1995 712 2042 ut
730 1990 1011 2059 quosdam,
1027 1993 1101 2049 ad
1115 1993 1325 2055 luctum
1355 1997 1909 2078 lamentationemque

316 2077 668 2147 compellant.
699 2078 867 2136 Iidem
893 2083 1061 2141 etiam
1085 2077 1907 2169 etpronuntiatoresvoeantur,

313 2169 460 2238 quod
506 2184 674 2239 porro
715 2174 1056 2231 annuutiant.
1104 2178 1279 2238 Tanta
1320 2184 1467 2241 enim
1511 2194 1579 2242 et.
1605 2194 1719 2244 tam
1759 2190 1908 2249 clara

314 2271 505 2321 eorum
533 2260 643 2315 erit
667 2276 771 2317 vox
792 2303 809 2329 ,
842 2271 903 2320 ut
922 2272 1274 2336 quantumvis
1301 2271 1458 2346 longe
1484 2277 1784 2348 positorum
1812 2298 1908 2341 au-

312 2359 401 2410 res
431 2347 791 2419 adimpleant.
816 2352 1110 2412 Lectorum
1128 2360 1263 2416 ordo
1283 2347 1519 2423 formam
1542 2369 1837 2427 et.initium
1872 2388 1905 2429 a

308 2437 591 2529 prophetis
617 2442 871 2512 sumpsit.
916 2444 1056 2504 Sunt
1098 2463 1229 2525 ergo
1278 2451 1511 2515 lectores
1545 2460 1639 2529 qui
1678 2461 1904 2521 verbum

310 2525 405 2589 ἢεί
442 2531 784 2625 praedicant,
820 2538 1029 2608 quibus
1065 2541 1263 2603 dicitur
1307 2564 1320 2601 :
1359 2525 1659 2618 Clama,ne
1711 2572 1917 2625 cesses,

309 2623 458 2691 quasi
490 2625 624 2680 tuba
652 2626 833 2684 exaltu
872 2646 1049 2688 vocem
1086 2643 1232 2692 tuam
1272 2636 1490 2710 (Ezech.
1540 2644 1756 2717 sunt).

309 2717 506 2791 quippe
535 2719 666 2777 dum
692 2724 1052 2795 ordinantur,
1095 2730 1333 2800 primum
1357 2733 1425 2793 de
1450 2751 1640 2792 conum
1674 2753 1901 2798 conver-

307 2810 521 2900 satione
570 2813 858 2887 episeopus
907 2818 1134 2875 verbum
1186 2822 1284 2878 Dei
1319 2821 1455 2880 facit
1501 2829 1569 2884 ad
1616 2830 1896 2900 populum,

306 2899 499 2958 deinde
532 2919 727 2963 coram
753 2908 913 2979 plebe
938 2910 1107 2969 tradit
1138 2913 1221 2977 eis
1252 2915 1497 2973 codicem
1510 2920 1733 2989 apicum
1763 2923 1898 2979 divi-

303 3010 499 3053 norum
531 2998 603 3053 ad
647 2999 742 3061 Dei
765 3000 990 3057 verbum
1014 3004 1465 3071 annuntiandum.
1508 3007 1615 3065 Iste
1652 3013 1896 3084 crgodo-

302 3086 480 3144 ctrina
506 3097 566 3145 et
591 3089 746 3153 libris
777 3091 937 3148 debet
975 3109 1099 3153 esse
1131 3096 1394 3165 imbutus,
1428 3113 1798 3174 sensuumque
1828 3121 1894 3163 ac

302 3181 598 3237 verborum
626 3181 851 3239 scientia
880 3196 1223 3256 perornatus,
1260 3197 1322 3246 ut
1347 3190 1601 3253 distincte
1624 3204 1679 3251 et
1704 3207 1892 3269 aperte

2009 1990 2243 2076 servata,
2272 1992 2333 2040 ut
2363 1994 2539 2059 neque
2557 1991 2823 2061 bigamus,
2847 1999 3140 2067 paenitens,
3164 2014 3267 2059 nec
3291 1996 3617 2076 neophytus'

2009 2071 2086 2128 ad
2102 2073 2203 2137 hos
2229 2078 2428 2146 gradus
2453 2081 2626 2151 possit
2653 2084 2888 2141 admitti.

2597 2192 2827 2254 CAPUT
2866 2196 3009 2258 XIV.

2398 2279 2478 2337 De
2507 2284 2731 2341 vestibus
2766 2290 3195 2347 sacerdotalibus.
3240 2290 3245 2295 ’

2079 2369 2154 2423 De
2181 2378 2331 2427 veste
2366 2388 2497 2444 ergo
2538 2377 2862 2433 sacerdotali
2896 2381 3154 2437 moderna
3195 2382 3267 2438 ad
3310 2374 3589 2454 antiquum

2005 2455 2217 2519 Veteris
2246 2460 2583 2533 Testamenti
2620 2466 2863 2524 habitum
2891 2473 3356 2543 comparationem
3389 2472 3591 2531 facien-

2005 2557 2104 2615 tes,
2133 2555 2432 2611 seeundum
2461 2555 2731 2628 majorum
2754 2576 2974 2619 sensum
2999 2565 3131 2636 quid
3165 2568 3390 2641 mystice
3418 2564 3599 2641 signi?

2007 2640 2150 2711 ﬂeat,
2175 2659 2587 2718 prosequamur.

2597 2739 2826 2801 CAPUT
2866 2743 2982 2801 XV.

2524 2825 2599 2885 De
2627 2824 3062 2902 superhamerali.

2068 2912 2312 2971 Primum
2347 2931 2477 2989 ergo
2504 2933 2691 2976 eorum
2720 2920 3094 2981 indumentum
3126 2933 3212 2980 est
3249 2924 3425 2996 ephod
3452 2925 3578 2990 bad,

1996 3009 2138 3078 quod
2178 3010 2568 3081 interpretatur
2593 3014 3035 3086 s‘uperhumerale
3063 3018 3266 3074 lineum
3284 3060 3304 3086 ,
3331 3021 3475 3089 quod
3510 3021 3582 3076 si-

1995 3101 2219 3172 gniﬁcat
2258 3105 2583 3161 munditiam
2607 3108 2873 3165 bonorum
2913 3125 3158 3182 operum.
3188 3110 3327 3168 Hine
3354 3113 3493 3170 bene
3524 3114 3582 3169 in

1994 3192 2131 3265 lege,
2159 3210 2283 3250 cum
2320 3194 2583 3254 Dominus
2608 3198 2675 3255 de
2710 3206 2859 3255 veste
2886 3201 3209 3257 sacerdotali
3245 3200 3462 3274 Moysen
3497 3204 3579 3259 in-

303 3283 531 3336 sonans,
569 3246 904 3332 audientiuni
940 3278 1106 3334 corda
1137 3246 1306 3351 possit
1335 3246 1623 3341 instruere.
1663 3246 1893 3345 Psalmi-
1918 3246 1962 3308 Ο
1993 3246 2189 3351 stituit,
2219 3284 2450 3356 primum
2476 3287 2541 3343 de
2570 3289 2999 3359 superhumerali
3029 3290 3277 3351 faciendo
3299 3246 3577 3367 piaeeepit,

302 3365 533 3425 starem,
577 3360 636 3417 id
672 3371 757 3418 est
792 3372 1133 3423 cantaturum
1172 3369 1446 3441 principes
1471 3374 1588 3431 sive
1613 3386 1886 3445 auctores,

302 3449 451 3508 fuere
471 3454 651 3510 David
679 3455 793 3512 sive
810 3456 1017 3529 Asaph.
1046 3461 1139 3518 Isti
1167 3464 1313 3518 enim
1343 3475 1466 3537 post
1502 3467 1718 3541 Moysen
1741 3472 1887 3543 psal-

240 3572 259 3577 —
301 3558 417 3633 mos
440 3543 610 3633 primi
633 3559 986 3618 composuere
1014 3560 1072 3607 et
1100 3561 1410 3612 eantavere.
1444 3557 1656 3619 Mortuo
1680 3560 1885 3633 Asaph,

302 3631 393 3688 ﬁlii
426 3632 549 3703 ejus
582 3635 645 3691 in
681 3637 829 3708 hunc
867 3640 1116 3697 ordinem
1158 3644 1433 3717 subrogati
1472 3657 1601 3704 sum
1638 3664 1669 3705 a
1695 3631 1885 3718 David,

300 3733 577 3795 erantque-
599 3727 895 3796 psalmistae
916 3745 1016 3802 per
1038 3735 1440 3797 successionem
1469 3740 1684 3811 generis
1700 3782 1714 3805 ,
1743 3742 1887 3800 sicut

299 3824 352 3870 et
374 3818 510 3873 ordo
543 3819 931 3888 sacerdotalis,
961 3823 1173 3894 ipsique
1199 3826 1299 3882 soli
1316 3830 1587 3887 continuis
1609 3832 1801 3890 diebus
1827 3836 1891 3893 in

301 3907 496 3977 templo
538 3909 840 3978 canebant,
880 3913 1126 3971 candidis
1169 3916 1342 3974 induti
1370 3920 1547 3987 stolis,
1590 3923 1659 3979 ad
1692 3940 1883 3982 vocem

301 3995 457 4050 unius
475 3999 849 4069 respondente
864 4002 1052 4059 choro.
1076 4004 1161 4060 Ex
1180 4008 1285 4063 huc
1310 4010 1485 4066 veteri
1511 4026 1663 4070 more
1693 4013 1886 4072 Eccle-

298 4089 372 4144 sia
389 4091 630 4161 sumpsit
646 4095 957 4166 exemplum
984 4099 1258 4159 nutriendi
1283 4099 1622 4171 Psalmistas,
1648 4121 1881 4177 quorum

297 4184 547 4242 cantibus
572 4186 646 4245 ad
678 4186 933 4244 effectum
961 4188 1089 4257 Dei,
1134 4202 1346 4250 mentes
1379 4195 1712 4255 audientium
1738 4200 1882 4256 exci-

296 4282 495 4333 tentur.
526 4274 879 4335 Psalmistam
905 4290 1085 4337 autem
1107 4292 1162 4338 et
1182 4299 1317 4340 voce
1339 4293 1394 4341 et
1419 4294 1535 4342 arte
1556 4288 1878 4357 prmelarum

295 4362 667 4438 illustremque
693 4382 816 4425 esse
840 4378 1086 4440 oportet,
1128 4370 1204 4428 ita
1232 4382 1290 4428 ut
1318 4375 1388 4430 ad
1427 4376 1878 4443 delectamentum

296 4455 594 4514 dulcedinis
621 4458 834 4515 animos
873 4461 1067 4518 incitet
1102 4464 1428 4520 auditorum.
1472 4464 1661 4530 Solent
1693 4462 1872 4525 autem

1990 3375 2117 3446 quia
2159 3376 2404 3449 quisquis
2438 3378 2508 3434 ad
2550 3381 2914 3438 sacerdotium
2956 3383 3434 3457 magisteriumque
3474 3402 3576 3458 po-

1989 3466 2103 3538 puli
2155 3467 2252 3523 Dei
2312 3469 2711 3539 promovcndus
2754 3480 2871 3539 est,
2918 3473 3156 3543 primum
3206 3473 3324 3545 ejus
3376 3477 3577 3533 debent

1988 3554 2157 3628 opera
2179 3559 2453 3630 cognosci,
2481 3567 2541 3615 ut
2567 3560 2692 3616 dum
2722 3560 2826 3617 hoc
2854 3562 3000 3633 quod
3032 3561 3165 3620 foris
3201 3565 3451 3621 omnibus
3480 3581 3576 3637 pa-

1989 3655 2069 3703 tet
2105 3648 2578 3720 irreprehensibile
2613 3651 2886 3722 paruerit,
2925 3654 3310 3711 convenienter
3337 3672 3403 3712 ex
3438 3664 3574 3711 tem-

1987 3752 2119 3809 pore
2163 3747 2218 3795 et
2264 3740 2548 3813 integritas
2590 3741 2771 3801 cordis
2818 3743 2958 3816 ejus,
3003 3753 3061 3801 et
3105 3744 3231 3803 ﬁdei
3283 3744 3575 3804 sinceritas

1987 3832 2274 3885 scrutetur.

2570 3924 2801 3983 CAPUT
2842 3925 2988 3984 XVI.

2054 4072 2059 4081 λ
2327 4014 2400 4069 De
2431 4013 2646 4089 pedere,
2678 4016 2735 4073 id
2763 4027 2838 4078 est
2863 4016 3042 4073 tunica
3070 4015 3229 4072 linea.

2058 4102 2478 4161 Secundumest
2514 4105 2657 4167 linea
2699 4107 2903 4173 tunica,
2941 4122 3063 4177 qua:
3106 4106 3294 4162 Graece
3338 4103 3568 4183 ποδήρης

1981 4196 2249 4267 poderes,
2286 4196 2479 4257 Latine
2523 4198 2707 4256 talaris
2749 4196 2971 4265 dicitur,
3016 4215 3083 4255 eo
3123 4198 3269 4270 quod
3313 4198 3382 4254 ad
3426 4197 3565 4253 talos

1930 4326 1935 4341 .
1981 4303 2154 4358 usque
2194 4288 2504 4361 descendat.
2551 4288 2703 4347 Banc
2745 4289 3012 4362 Iosephus
3058 4288 3336 4362 byssinam
3369 4298 3562 4355 vocat,

1980 4356 2134 4448 cujus
2159 4356 2484 4450 significatio
2513 4379 2738 4453 mystica
2765 4381 2821 4436 in
2850 4356 3112 4464 promptu
3129 4387 3231 4435 est.
3255 4374 3391 4436 Cum
3415 4381 3560 4437 enim

1979 4475 2191 4525 constet
2237 4468 2348 4524 lino
2391 4469 2478 4526 vel
2524 4468 2687 4543 bysso
2731 4470 3122 4527 continentiam
3168 4478 3224 4524 et
3257 4469 3561 4526 castitatem

296 4546 357 4601 ad
383 4549 486 4603 hoe
511 4548 756 4605 ofﬁciunt
790 4551 957 4607 etiam
984 4553 1191 4624 absque
1218 4556 1456 4611 scientia
1487 4557 1726 4629 episcopi
1757 4558 1871 4615 sola
1899 4598 1951 4658 Β
1980 4560 2292 4632 signiﬁcari,
2325 4562 2573 4618 strictam
2613 4562 2815 4625 habent
2853 4562 3049 4658 lineam
3076 4548 3408 4658 sacerdotes,
3429 4578 3559 4658 eum

292 4635 525 4706 iussione
550 4641 699 4712 eligi,
730 4642 1039 4713 quicunque
1056 4645 1112 4699 in
1133 4647 1389 4703 cantandi
1419 4656 1537 4704 arte
1561 4649 1872 4721 probabiles
1899 4635 1950 4658 υ
1983 4652 2316 4723 propositum
2341 4653 2688 4710 continentiae
2713 4669 2819 4709 non
2861 4652 3154 4721 encrviter,
3198 4653 3293 4709 sed
3322 4652 3564 4709 studiose

297 4729 596 4802 bujusmodi
622 4735 981 4791 constiterint.

892 4826 1120 4885 CAPUT
1158 4828 1269 4891 XII.

882 4918 971 4977 De.
1022 4921 1273 4976 ostiariis.

357 5006 734 5067 Ostiariisunt
758 5011 851 5081 qui
879 5019 934 5066 et
954 5013 1136 5068 aeditui
1161 5025 1217 5068 et
1240 5012 1508 5082 ianitores
1548 5016 1603 5072 in
1632 5016 1749 5089 lege
1787 5019 1869 5075 di~

296 5100 563 5157 rebantur.
582 5101 815 5172 iliapud
832 5101 1087 5160 Hebraeos
1107 5105 1162 5160 in
1189 5106 1369 5162 Veteri
1392 5107 1739 5166 Testamento
1759 5110 1870 5166 ele-

297 5190 362 5243 cti
390 5200 531 5246 sane
547 5191 621 5247 ad
651 5192 954 5248 custodiam
994 5195 1211 5266 templi,
1244 5197 1446 5266 quique
1488 5199 1727 5255 ordinati
1771 5215 1871 5270 per

297 5278 430 5337 vices
473 5298 606 5338 suas
648 5284 835 5339 omnia
874 5283 1131 5341 interiora
1165 5287 1347 5357 templi
1383 5288 1471 5344 vel
1498 5297 1654 5345 extra
1688 5299 1870 5346 custo-

296 5366 499 5430 diebant
534 5383 598 5430 ut
624 5390 735 5429 non
784 5375 1161 5448 ingrederetur
1208 5378 1263 5433 in
1301 5393 1424 5434 eum
1457 5380 1767 5436 immundus
1809 5382 1865 5438 in

294 5467 425 5521 onmi
476 5484 554 5524 re.
594 5468 734 5526 Dieti
775 5478 959 5527 autem
1000 5473 1229 5540 ostiarii,
1261 5475 1407 5545 quod
1448 5477 1674 5546 praesint
1712 5477 1869 5534 ostiis

294 5558 480 5626 templi.
523 5559 628 5629 Ipsi
667 5562 813 5617 enim
844 5571 1093 5619 tenentes
1134 5564 1343 5625 clavem
1379 5568 1566 5622 omnia
1609 5568 1758 5625 intus
1797 5584 1865 5625 ex

291 5654 507 5717 utraque
538 5657 697 5720 parte
728 5652 1073 5719 custodiunt,
1105 5661 1271 5725 atque
1306 5655 1446 5710 inter
1473 5656 1644 5713 bonos
1669 5667 1726 5713 et
1752 5673 1867 5713 ma-

292 5732 362 5789 los
402 5739 665 5799 habentes
702 5742 964 5813 judicium
1016 5745 1204 5805 ﬁdeles
1252 5747 1575 5822 recipiunt,,
1603 5756 1864 5826 respuunt

294 5827 536 5890 inﬁdeles.

1981 4751 2327 4799 conservant.
2356 4743 2483 4799 llaec
2502 4742 2573 4799 ad
2610 4741 2749 4799 talos
2781 4758 2953 4813 usque
2982 4743 3279 4810 descendit,
3311 4744 3440 4814 quia
3466 4759 3560 4799 us-

1979 4848 2084 4904 que
2127 4833 2195 4889 ad
2244 4832 2408 4889 ﬁnem
2451 4835 2576 4889 vita:
2623 4835 2783 4905 hujus
2828 4826 2984 4889 bonis
3021 4834 3275 4905 operibus
3314 4834 3562 4891 insistere

1977 4922 2138 4981 debet
2161 4922 2436 4991 sacerdos,
2462 4923 2806 4994 praecipiente
2829 4938 2895 4978 ac
2916 4925 3267 4994 promittente
3292 4922 3519 4980 Domino
3543 4939 3557 4977 :

1976 5012 2105 5068 Esto
2133 5011 2302 5082 ﬁdelis
2342 5029 2502 5085 usque
2545 5014 2616 5068 ad
2664 5026 2903 5079 mortem,
2932 5023 2979 5068 et
3011 5014 3147 5071 dabo
3176 5013 3267 5068 tibi
3310 5029 3557 5069 coronam

1975 5105 2090 5159 uiue
2120 5104 2303 5176 (Apoc.
2333 5105 2416 5177 ιι).

2551 5195 2781 5253 CAPUT
2818 5195 2980 5251 XVII.

2597 5287 2676 5342 De
2705 5286 2932 5358 cingulo.
3302 5352 3309 5365 λ

2044 5379 2286 5436 Tertium
2316 5383 2809 5441 vestimentumest
2833 5378 3125 5450 cingulum,
3151 5378 3265 5433 sive
3293 5376 3548 5444 balteum,

1971 5487 2080 5542 quo
2110 5480 2335 5528 utuntur
2362 5488 2430 5530 ne
2468 5473 2649 5534 tunica
2693 5471 2809 5543 ipsa
2837 5468 3054 5533 deﬂuat,
3092 5460 3149 5522 et
3171 5482 3415 5538 gressum
3449 5470 3551 5524 im-

1966 5562 2181 5631 pediat,
2223 5564 2326 5622 hoc
2365 5564 2620 5623 nimirum
2666 5559 2966 5618 custodiam
3015 5559 3211 5614 mentis
3256 5559 3545 5632 signiﬁcat.

1968 5655 2069 5724 Qui
2098 5656 2243 5715 enim
2274 5658 2453 5716 tunica
2483 5658 2638 5717 talari
2680 5655 2895 5711 indutus
2922 5652 3126 5723 absque
3152 5653 3368 5726 cingulo
3404 5656 3524 5713 inee

1966 5747 2069 5811 dit,
2090 5747 2292 5811 .delluit
2327 5749 2527 5813 tunica,
2556 5764 2619 5803 ac
2650 5747 2839 5803 relicto
2876 5760 3125 5816 corpore,
3158 5746 3333 5803 ventis
3359 5755 3415 5802 et
3451 5747 3545 5802 Iri-

1967 5841 2184 5911 goribus
2204 5841 2448 5898 intrandi
2478 5841 2709 5912 spatium
2739 5840 2947 5906 tribuit,
2977 5842 3107 5913 qu‘n
3144 5850 3195 5898 et
3243 5842 3565 5913 praepeditis
