4002 6204
451 351 552 408 5οἹ

1090 351 1151 405 Β.
1192 351 1447 408 RABANI
1487 351 1706 414 MAURI
1739 352 2057 414 ARCIIIEP.
2101 351 2411 412 MOGUNT.
2453 351 2740 410 OPERUM
2781 340 2960 412 PARS
2997 357 3037 412 ι.

3610 367 3720 425 303

441 465 716 535 gressibus
749 464 1028 520 incedendi
1069 480 1222 524 usum
1269 465 1540 532 retardat,
1585 463 1668 518 vel
1709 465 1872 520 etiam
1919 464 2031 520 cal—
2059 466 2106 536 Α
2135 463 2424 522 manicam.
2449 472 2508 517 ut
2533 463 2887 535 admoneatur
2913 466 3160 540 minister
3183 468 3395 526 Domini
3426 487 3525 543 per
3565 478 3722 534 habi-

440 557 692 612 cantibus
735 571 793 612 se
834 571 997 611 causa
1043 554 1272 625 eﬂicitur
1317 556 1503 632 ruinae.
1550 556 1691 628 Ergo
1731 555 1904 612 lineas
1937 557 2021 610 in-

437 648 612 702 duunt
635 645 942 722 sacerdotes
966 655 1021 703 ut
1047 647 1354 722 castitatem
1378 648 1645 714 habeant;
1672 648 2026 718 accinguntur

441 739 653 808 balteis,
682 754 752 810 ne
780 738 894 808 ipsa
923 739 1148 818 castitas
1189 739 1259 814 sit
1298 739 1522 812 remissa
1551 746 1605 812 et
1632 738 1928 816 negligens,
1958 752 2026 806 ne

440 843 598 887 vento
627 831 877 902 elationis
905 831 1146 905 animum
1185 829 1445 907 pprliandi
1482 830 1684 906 aditum
1719 830 2022 901 impendat,

439 939 507 980 ne
546 930 828 996 crescente
872 922 1157 998 iniquitate
1203 919 1558 999 reipigescere
1589 918 1755 982 faciat
1785 919 2024 1002 citarita-

440 1019 550 1068 tem
574 1012 830 1084 ipsorum,
861 1027 930 1074 ne
973 1011 1235 1089 lipporpm
1265 1024 1480 1088 gressus
1505 1023 1726 1090 operum
1759 1006 2024 1076 jactantia

435 1116 546 1158 suae
572 1102 1005 1178 prmsumptionis
1042 1100 1318 1178 impediat,
1351 1116 1416 1170 ne
1445 1098 1736 1170 praepedito
1763 1099 2024 1154 virtutum

435 1207 620 1260 cursu,
654 1193 766 1266 ipsa
793 1193 958 1270 etiam
988 1191 1266 1268 tprrpstris
1295 1187 1747 1271 concupiscentia:
1773 1187 2024 1254 sordibus

432 1282 634 1353 polluta
666 1283 920 1349 vilescat,
952 1290 1009 1356 et
1049 1283 1117 1338 ad
1151 1281 1397 1361 ultimum
1445 1287 1723 1361 auctorem
1755 1294 1911 1335 suum
1954 1279 2024 1342 ad

433 1375 648 1432 ruinam
669 1375 1032 1458 superbiede
1059 1375 1316 1452 itnpcilat.

1002 1487 1230 1545 CAPUT
1270 1486 1453 1554 XVII.

1037 1557 1115 1628 De
1153 1559 1414 1635 phanoue.

502 1649 766 1724 Quartum
806 1663 936 1724 vero
984 1648 1236 1729 mappula
1277 1648 1393 1711 sive
1437 1645 1680 1728 mantile,
1719 1646 2018 1708 sacerdotis

430 1739 800 1818 indumentum
824 1751 931 1814 est,
953 1743 1098 1816 quod
1125 1743 1282 1819 vulgo
1309 1743 1616 1818 phanpnem
1639 1751 1853 1818 vocant,
1875 1743 2016 1813 quod

2129 563 2214 610 tus
2241 555 2322 609 sui
2351 554 2614 624 speciem,
2649 554 2804 625 cujus
2832 558 3075 629 muneris
3103 560 3378 636 particeps
3401 573 3507 632 est,
3535 577 3592 622 ut
3621 583 3724 637 per

2125 646 2410 716 mysticam
2451 647 2778 704 oblationem
2820 648 3090 720 passionis
3133 649 3431 728 Dominicis
3476 671 3722 716 comme—

2125 735 2481 790 morationem
2525 745 2676 815 agat,
2711 746 2772 792 ut
2801 738 2917 810 ipse
2945 738 2998 793 in
3042 754 3108 797 eo
3136 740 3230 817 llat
3259 743 3434 802 hostia
3480 745 3592 805 Deo
3619 766 3722 807 ac-

2125 825 2424 895 ceptabilis.
2579 823 2584 830 ’

2713 919 2944 996 CAPUT
2978 920 3123 979 χιιι.

2767 1011 2841 1066 De
2867 1013 3072 1068 casula.

2195 1099 2495 1170 Septimum
2531 1101 2867 1158 sacerdotale
2908 1103 3279 1176 indumentum
3310 1116 3395 1162 est
3437 1111 3580 1182 quod
3613 1109 3721 1165 Ca-

2123 1192 2296 1247 sulam
2331 1203 2558 1266 vocant;
2610 1194 2755 1264 dicta
2803 1201 2887 1250 est
2936 1203 3116 1251 autem
3157 1213 3255 1267 per
3304 1199 3720 1257 diminutionem

2121 1298 2152 1338 a
2180 1298 2324 1351 casa,
2355 1299 2422 1340 eo
2449 1285 2593 1356 quod
2632 1293 2806 1341 totum
2845 1286 3119 1342 hominem
3150 1297 3317 1359 tegat,
3348 1291 3504 1360 quasi
3534 1293 3724 1347 minor

2121 1389 2270 1441 casa,
2299 1377 2439 1431 hanc
2477 1375 2652 1432 Graeci
2678 1377 2949 1450 planetam
2975 1380 3231 1440 πλανήτην
3259 1383 3558 1438 nominant.
3585 1382 3719 1438 Haec

2120 1480 2430 1536 supremum
2471 1468 2714 1523 omnium
2769 1468 3208 1525 indumentorum
3255 1480 3367 1535 est,
3414 1481 3470 1526 et
3514 1483 3717 1528 caetera

2118 1557 2300 1625 omnia
2347 1557 2574 1628 interius
2619 1573 2716 1630 per
2747 1573 2904 1615 suum
2933 1561 3208 1616 munimen
3255 1562 3388 1634 tegit
3416 1570 3473 1617 et
3510 1572 3722 1624 servat.

2120 1642 2274 1700 Hanc
2303 1660 2433 1716 ergo
2467 1653 2672 1701 vestem
2708 1661 2997 1718 possumus
3039 1648 3342 1720 intelligere
3367 1649 3716 1719 charitatem,

2117 1751 2236 1806 quae
2264 1738 2477 1795 cunctis
2509 1737 2801 1795 virtutibus
2844 1741 3228 1811 supereminet,
3256 1751 3311 1796 et
3339 1758 3528 1799 earum
3552 1744 3719 1800 deco-

430 1835 501 1890 ob
529 1835 634 1906 hoc
659 1814 848 1892 eorum
895 1814 1025 1912 tunc
1053 1814 1306 1916 manibus
1335 1843 1551 1892 tenetur
1593 1814 1810 1914 quando
1837 1835 2018 1893 missa;
2048 1814 2092 1873 Β
2124 1839 2236 1882 rem
2285 1842 2384 1884 suo
2420 1829 2686 1885 tutamine
2722 1829 2956 1902 protegit
2999 1839 3054 1886 et
3100 1829 3354 1887 illustrat.
3404 1831 3514 1890 Nec
3565 1835 3716 1892 enim

429 1924 666 1988 cilicium
707 1928 902 1999 agitur,
942 1934 1003 1999 ut
1048 1935 1266 1998 paratos
1301 1926 1369 1983 ad
1411 1925 1772 2002 ministerium
1817 1937 2020 1986 mensa

431 2017 645 2072 Domini
693 2017 922 2087 populus
948 2018 1266 2088 conspiciat.
1300 2017 1504 2094 Mappte
1536 2031 1665 2089 ergo
1695 2017 1927 2086 convivii
1963 2027 2020 2074 et

430 2105 708 2174 epularum
737 2107 803 2161 ad
834 2107 1132 2178 positarum
1163 2107 1475 2164 linteamina
1503 2116 1647 2176 sunt,
1676 2108 1818 2164 unde
1856 2109 2016 2165 dimi-

430 2194 676 2250 nutivum
710 2197 957 2267 mappula
1004 2197 1147 2254 sicut
1174 2208 1228 2253 et
1257 2197 1526 2262 mantilia,
1567 2212 1710 2253 nunc
1751 2212 1851 2268 pro
1883 2212 2014 2269 ope-

430 2287 636 2344 ricndis
656 2289 860 2346 mensis
881 2296 1035 2362 sunt:
1060 2304 1203 2360 qua),
1226 2295 1284 2343 ut
1304 2303 1496 2343 nomen
1521 2287 1761 2358 ipsorum
1786 2287 2012 2352 indicat,

429 2378 558 2433 olim
605 2379 874 2452 tergendis
921 2380 1170 2435 manibus
1212 2369 1608 2450 praebebantur.
1638 2376 1860 2448 Oportet
1888 2393 2017 2452 ergo

429 2469 739 2525 sacerdotes
784 2459 839 2525 et
886 2470 1165 2528 ministros
1213 2469 1400 2525 altaris
1449 2469 1728 2540 mappulas
1771 2469 2017 2526 manibus

431 2567 639 2624 tenere,
661 2575 890 2629 quorum
925 2558 1159 2614 ollicium
1188 2566 1270 2614 est
1300 2557 1479 2614 divina
1519 2567 1861 2613 sacramenta
1889 2574 2016 2615 cou-

430 2649 615 2715 Ilcere,
644 2657 705 2703 ut
747 2665 870 2705 cum
919 2649 1202 2704 devotione
1247 2648 1444 2706 mentis
1480 2663 1617 2719 opus
1663 2657 2015 2719 spontaneum

429 2739 752 2805 concordet,
803 2740 964 2810 digne
992 2747 1312 2796 exerceatur
1353 2738 1614 2808 ofﬁcium,
1643 2741 1786 2812 quod
1814 2741 1903 2814 pie
1931 2743 2013 2799 di-

428 2831 555 2889 vino
581 2838 668 2890 est
698 2845 922 2888 munere
950 2831 1233 2887 collatum.

1020 2921 1246 2981 CAPUT
1281 2921 1423 2979 XIX.

886 3013 965 3068 De
987 3015 1185 3082 orario,
1213 3014 1269 3069 id
1297 3024 1372 3090 est
1397 3015 1550 3070 stola.

475 2998 504 3008 κ

2124 1917 2264 1974 ullus
2297 1917 2410 1988 jam
2439 1920 2546 1975 erit
2569 1921 2830 1976 virtutum
2871 1919 3142 1992 splendor,
3174 1922 3220 1978 si
3262 1937 3372 1978 non
3402 1938 3496 1980 eas
3529 1925 3716 1980 chari-

2123 2009 2248 2065 tatis
2298 2010 2643 2066 irradiaverit
2690 2009 2884 2081 fulgor,
2930 2010 3072 2080 quod
3121 2011 3359 2066 ostendit
3422 2012 3718 2083 Apostolus

2120 2101 2304 2158 dicens
2341 2119 2354 2154 :
2385 2099 2444 2157 Si
2490 2101 2684 2174 linguis
2738 2102 3005 2157 hominum
3047 2101 3235 2174 loquar
3283 2113 3331 2156 et
3367 2102 3718 2174 angelorum,

2118 2192 2423 2246 charitatem
2462 2210 2564 2248 non
2607 2193 2846 2258 habeam,
2881 2193 3058 2261 factus
3081 2209 3198 2247 sum
3232 2194 3364 2248 sicut
3393 2210 3464 2249 tes
3491 2211 3715 2262 sonans,

2117 2292 2209 2336 aut
2245 2283 2542 2353 cymbalum
2589 2285 2837 2340 tinniens.
2869 2282 2938 2337 Et
2983 2285 3028 2338 si
3077 2284 3307 2339 habuero
3353 2285 3714 2356 prophetiam,

2115 2382 2166 2428 et
2215 2375 2442 2428 noverim
2490 2375 2736 2445 mysteria
2773 2375 2983 2441 omnia,
3012 2382 3062 2428 et
3101 2389 3310 2428 omnem
3336 2376 3631 2443 scientiam,
3658 2385 3713 2432 et

2115 2465 2162 2520 si
2188 2463 2416 2518 habuero
2455 2480 2660 2519 omnem
2687 2464 2880 2534 fidem,
2920 2465 2997 2520 ita
3033 2473 3091 2519 ut
3131 2475 3332 2520 montes
3367 2466 3714 2536 transferam,

2115 2555 2422 2609 charitatem
2465 2563 2641 2609 autem
2683 2571 2787 2610 non
2827 2555 3083 2621 habuero,
3124 2553 3257 2608 nihil
3296 2555 3426 2609 mihi
3475 2557 3714 2627 prodest.

2116 2643 2360 2700 Charitas
2379 2645 2584 2718 patiens
2607 2653 2702 2710 est,
2728 2647 2948 2717 benigna
2969 2655 3063 2701 est.
3085 2645 3331 2701 Charitas
3357 2665 3462 2702 non
3489 2649 3718 2704 mula-

2115 2747 2222 2804 tur,
2245 2753 2349 2792 non
2371 2739 2475 2810 agit
2495 2754 2785 2810 perperam,
2803 2754 2907 2792 non
2927 2739 3168 2809 inﬂatur,
3183 2757 3286 2794 non
3306 2751 3382 2794 est
3405 2741 3716 2809 ambitiosa,

2116 2841 2220 2878 non
2248 2827 2437 2896 quaerit
2475 2841 2594 2897 qua:
2633 2843 2732 2881 sua
2761 2836 2904 2892 sunt,
2934 2843 3041 2882 non
3082 2828 3350 2896 irritatur,
3383 2846 3487 2885 non
3515 2831 3716 2901 cogitat

2115 2917 2337 2985 malum,
2367 2935 2471 2974 non
2491 2919 2684 2990 gaudet
2710 2936 2869 2990 super
2894 2921 3189 2991 iniquitate,
3217 2924 3508 2993 congaudet
3531 2932 3717 2979 autem

2114 3009 2338 3063 ueritati.
2379 3008 2573 3065 Omnia
2614 3013 2820 3081 stt/fert,
2863 3015 3040 3069 omnia
3071 3015 3255 3081 credit,
3299 3016 3477 3070 omnia
3510 3026 3714 3087 sperat.

501 3079 756 3174 Quinturn
787 3121 1002 3176 quoque
1043 3113 1126 3160 est,
1170 3079 1311 3175 quod
1335 3087 1338 3090 Α
1359 3107 1597 3161 orarium
1635 3107 1852 3173 dicitur,
1889 3107 2017 3165 licet
2043 3157 2086 3178 η
2117 3099 2292 3153 omnia
2325 3102 2562 3155 sustinet.
2590 3079 2834 3158 Charitas
2869 3121 3138 3176 nunquam
3171 3079 3385 3172 excidit,
3415 3115 3472 3162 et
3500 3079 3716 3178 reliqua

371 3196 375 3200 ’
431 3197 534 3252 hoc
567 3195 784 3266 quidam
815 3194 1008 3252 stolam
1049 3203 1259 3252 vocent.
1290 3194 1404 3251 Hoc
1444 3197 1588 3253 enim
1623 3213 1820 3268 genere
1847 3198 2015 3254 vestis

429 3286 766 3342 solummodo
790 3287 868 3342 eis
911 3286 1156 3357 personis
1185 3287 1260 3343 uti
1301 3296 1386 3344 est
1427 3302 1778 3355 concessum,
1821 3290 2016 3361 quibus

429 3377 753 3450 praedicandi
781 3376 1018 3433 ofﬁcium
1037 3364 1128 3433 est
1153 3377 1475 3449 delegatum.
1520 3375 1665 3434 Bene
1705 3379 1868 3435 etiam
1899 3395 2018 3436 ora-

432 3471 639 3526 toribus
671 3469 872 3526 Christi
903 3469 1143 3526 orarium
1191 3470 1396 3526 habere
1424 3469 1697 3537 convenit,
1733 3471 1860 3542 quia
1893 3487 2017 3528 cum

433 3563 802 3626 indumentum
830 3577 1017 3617 eorum
1047 3560 1227 3617 ofﬁcio
1254 3561 1473 3632 proprio
1515 3561 1785 3630 concinat,
1814 3571 1870 3619 et
1915 3563 2016 3634 ipsi

433 3647 619 3707 scdulo
658 3650 725 3706 ad
761 3650 910 3709 verbi
953 3651 1313 3707 ministerium
1356 3652 1735 3720 cohortantur,
1771 3663 1827 3709 et
1868 3653 2019 3724 plebs

433 3742 563 3810 ipsis
599 3742 889 3797 commissa
937 3741 1192 3797 indicium
1246 3742 1482 3798 salutare
1533 3743 1902 3813 conspiciens,
1951 3731 2020 3800 ad

433 3833 838 3888 meditationem
883 3832 1016 3902 legis
1059 3847 1387 3889 concurrere
1424 3833 1734 3890 ferventius'
1764 3835 2020 3890 admone-

435 3931 539 3977 tur.
569 3922 706 3991 Apte
740 3936 869 3992 ergo
897 3921 1137 3976 orarium
1165 3921 1362 3982 collum
1391 3921 1552 3977 simul
1577 3931 1635 3978 et
1665 3931 1854 3993 pectus
1887 3922 2020 3993 tegit

436 4013 752 4079 sacerdotis,
794 4020 855 4066 ut
902 4010 1026 4066 inde
1061 4011 1386 4079 instruatur,
1432 4013 1575 4083 quod
1623 4011 1883 4082 quidquid
1924 4026 2021 4068 ore

435 4105 696 4176 proferat,
727 4113 961 4159 tractatu
997 4119 1221 4160 summae
1252 4106 1473 4161 rationis
1512 4104 1774 4168 attendat,
1804 4113 1866 4160 ut
1891 4104 2020 4161 illud

434 4193 676 4265 Apostoli
725 4209 940 4265 semper
975 4193 1030 4248 in
1077 4209 1142 4250 eo
1188 4194 1486 4266 appelletur
1513 4207 1622 4264 quo
1666 4193 1813 4248 dicit.
1843 4190 2020 4248 Orabo

433 4285 639 4356 spiritu,
655 4285 814 4340 orabo
829 4294 874 4338 et
890 4296 1077 4358 mente,
1091 4282 1313 4354 psallam
1327 4283 1512 4355 spiritu
1523 4324 1537 4350 ,
1553 4281 1776 4354 psallam
1789 4290 1837 4337 et
1851 4291 2022 4336 mente

435 4372 489 4448 (Ι
517 4373 639 4430 Cor.
667 4375 799 4447 xxv).
832 4375 902 4430 Et
931 4375 1125 4430 iterum
1162 4394 1176 4430 :
1207 4373 1280 4430 0s
1316 4385 1551 4430 nostrum
1601 4375 1671 4428 ad
1712 4390 1816 4440 vos,
1846 4390 1877 4426 ο
1916 4370 2020 4427 Co-

434 4466 638 4531 rinthii,
668 4482 758 4520 cor
784 4475 1017 4519 nostrum
1054 4465 1332 4519 dilatatam
1368 4476 1462 4532 est,
1495 4481 1558 4520 ne
1591 4466 1724 4535 forte
1749 4466 1795 4518 si
1825 4464 2020 4534 impro-

433 4559 539 4614 vise
583 4557 1016 4613 irrationabiliter
1059 4557 1323 4628 loquatur,
1364 4560 1615 4614 damnum
1659 4559 1893 4629 patiatur
1936 4557 2021 4630 (11

435 4647 560 4705 Cor.
583 4647 692 4720 vt);
725 4647 1013 4708 Salomone
1037 4657 1347 4715 attestante,
1376 4650 1468 4720 qui
1496 4650 1572 4704 ait
1601 4668 1614 4704 :
1647 4647 1754 4704 Cor
1775 4649 2023 4720 sapientis

435 4738 637 4794 erudiet
669 4756 725 4794 os
760 4739 892 4810 ejus,
920 4749 968 4794 et
1017 4738 1169 4793 labiis
1198 4738 1342 4794 illius
1386 4741 1542 4795 addet
1571 4741 1793 4810 gratiam
1839 4737 2021 4805 (Prov.

434 4827 570 4900 xvr).
602 4817 773 4883 Item:
806 4827 907 4894 Qui
954 4829 1178 4882 custodit
1225 4846 1281 4883 os
1309 4847 1483 4895 suum,
1526 4831 1750 4884 custodit
1792 4831 2024 4884 animum

434 4933 618 4983 suam;
652 4920 739 4989 qui
785 4919 1202 4974 inconsideratae
1237 4929 1312 4975 est
1341 4921 1409 4975 ad
1458 4919 1803 4990 loquendum,
1842 4922 2025 4974 sentiet

432 5005 576 5061 mala
607 5005 787 5080 (Prov.
816 5009 952 5082 ιιιιι).

1033 5098 1260 5156 CAPUT
1298 5100 1417 5156 XX.

1005 5188 1078 5242 De
1112 5187 1414 5243 dalmatica.

503 5275 725 5331 Sextum
774 5293 1007 5349 namque
1039 5288 1122 5332 est
1165 5280 1305 5349 quod
1341 5280 1629 5334 dalmatica
1673 5296 1704 5333 a
1750 5279 2011 5335 Dalmatia

431 5363 654 5419 Grmcim
687 5369 983 5435 provincia,
1023 5370 1075 5423 in
1115 5384 1218 5438 qua
1264 5369 1498 5439 primum
1538 5378 1682 5424 texta
1723 5379 1835 5435 est,
1876 5385 2014 5424 nun—

433 5463 680 5520 cupatur.
710 5453 836 5511 l-Izec
876 5458 1043 5512 vestis
1074 5457 1126 5511 in
1171 5457 1386 5512 modum
1424 5466 1506 5512 est
1552 5458 1729 5513 crucis
1768 5457 1930 5522 facta,
1961 5468 2017 5514 et

435 5545 701 5610 passionis
725 5547 937 5604 Domini
965 5551 1220 5606 indicium
1247 5560 1346 5606 est.
1375 5551 1548 5607 Habet
1576 5567 1788 5622 quoque
1808 5560 1862 5609 et
1890 5569 2018 5623 pur-

437 5649 632 5702 pureos
664 5639 907 5694 tramites
937 5641 1051 5710 ipsa
1088 5641 1298 5708 tunica',~
1319 5658 1348 5697 a
1379 5657 1588 5699 summo
1616 5659 1786 5715 usque
1812 5645 1878 5699 ad
1910 5645 2016 5700 ima

435 5733 563 5779 ante
594 5740 658 5780 ac
701 5739 845 5784 retro
874 5732 1219 5799 descendens,
1253 5751 1351 5791 nec
1380 5751 1486 5792 non
1515 5745 1569 5791 et
1610 5751 1708 5807 per
1737 5746 2019 5810 utramque

2119 3189 2170 3262 (ι
2216 3189 2338 3245 Cor.
2381 3189 2526 3262 sul).
2571 3190 2704 3248 Sine
2752 3193 2855 3249 hac
2896 3194 3165 3251 charitate
3208 3195 3293 3252 vel
3337 3197 3557 3264 casula,
3610 3213 3716 3254 nec

2116 3281 2370 3336 sacerdos
2413 3282 2528 3351 ipse
2573 3283 2642 3338 ad
2684 3283 2856 3340 altare
2902 3285 3334 3356 appropinquare
3375 3287 3556 3350 debet,
3607 3305 3716 3345 nec

2117 3386 2312 3426 manus
2353 3369 2568 3440 oll‘erre,
2618 3388 2717 3430 nec
2761 3387 2953 3444 preces
3000 3374 3246 3431 fundere.
3294 3375 3447 3432 Unde
3492 3377 3716 3432 Veritas

2117 3463 2233 3533 ipsa
2261 3463 2426 3520 dicit:
2461 3462 2519 3527 Si
2553 3465 2710 3536 offers
2739 3483 2930 3521 munus
2962 3475 3107 3521 tuum
3133 3467 3202 3521 ad
3229 3467 3416 3530 altare,
3446 3477 3496 3522 et
3530 3469 3605 3522 ibi
3633 3486 3718 3523 re-

2119 3554 2366 3609 cordatus
2392 3554 2576 3624 fueris,
2603 3557 2726 3626 quia
2755 3556 2926 3626 frater
2952 3566 3074 3610 tuus
3102 3556 3256 3612 habet
3291 3556 3494 3627 aliquid
3527 3559 3718 3613 aduer~

2117 3662 2232 3700 sum
2262 3656 2327 3710 te,
2360 3646 2590 3717 relinque
2617 3649 2689 3702 ibi
2721 3665 2912 3703 manus
2949 3658 3097 3703 tuum
3125 3659 3246 3703 ante
3275 3647 3470 3715 altare,
3505 3660 3555 3704 et
3583 3652 3720 3705 unde

2117 3738 2264 3806 prius
2297 3737 2622 3792 reconciliari
2658 3738 2818 3808 fratri
2864 3749 2977 3804 tuo,
3018 3749 3066 3793 et
3105 3749 3230 3793 tunc
3277 3741 3485 3796 veniens
3522 3742 3717 3810 offeres

2118 3811 2495 3884 munuftuum
2531 3830 2747 3902 (Matth.
2788 3831 2889 3903 νι).
2931 3831 2998 3887 Et
3023 3831 3154 3886 item
3195 3829 3371 3888 :Cum
3407 3832 3616 3888 stabitis
3642 3833 3714 3888 ad

2119 3919 2398 3985 orandum,
2427 3919 2630 3974 dimitte
2665 3921 2712 3974 si
2745 3921 2872 3991 quid
2900 3920 3099 3976 habetis
3137 3917 3414 3976 aduersum
3442 3920 3674 3993 aliquem
3693 3962 3712 3989 ,

2119 4020 2177 4068 et
2220 4011 2427 4082 reliqua
2458 4012 2652 4086 (Marc.
2677 4013 2776 4084 χι).
2810 4016 2886 4070 De
2919 4015 3023 4071 hoc
3053 4015 3236 4085 itaque
3266 4015 3497 4085 spiritali
3539 4017 3716 4070 virtu-

2121 4109 2236 4157 tum
2278 4103 2594 4159 iudumento
2623 4103 2912 4174 Apostolus
2957 4105 3025 4160 ad
3069 4104 3420 4162 Colossenses
3457 4105 3532 4160 ita
3569 4106 3716 4160 scri-

2120 4195 2265 4264 psit:
2296 4193 2530 4261 Induite,
2563 4196 2756 4265 inquit,
2785 4213 2875 4251 vos
2922 4197 3059 4251 sicut
3100 4197 3252 4252 electi
3289 4197 3406 4262 Dei,
3439 4198 3611 4252 sancti
3657 4207 3716 4250 et

2121 4285 2298 4340 dilecti
2332 4287 2526 4341 viscera
2571 4287 2966 4354 misericordiae,
3014 4288 3405 4358 benignitatem,
3435 4289 3713 4343 humilita-

2124 4383 2242 4437 tem,
2276 4376 2602 4442 modestiam,
2635 4376 2963 4445 patientiam,
3005 4384 3112 4431 etc.
3147 4375 3372 4448 (Coloss.
3400 4378 3506 4446 ιιι).
3542 4378 3611 4431 Et
3642 4379 3713 4433 de

2126 4463 2410 4521 cbaritatis
2449 4466 2743 4522 eminentia
2789 4466 2947 4536 paulo
2994 4474 3118 4535 post
3154 4465 3432 4534 subjunxit
3479 4467 3710 4520 dicens:

2129 4553 2301 4624 Super
2321 4558 2496 4610 omnia
2519 4567 2691 4611 autem
2715 4558 2825 4612 hare
2850 4558 3157 4612 charitatem
3182 4557 3449 4621 habentes,
3468 4557 3609 4627 quod
3634 4567 3714 4617 est

2127 4647 2389 4704 vinculum
2418 4649 2768 4718 perfectionis.

2698 4739 2926 4794 CAPUT
2965 4739 3128 4795 XXII.

2732 4829 2811 4884 De
2837 4831 3113 4884 sandaliis.

2201 4922 2429 4975 lnduuut
2472 4936 2685 4992 quoque
2729 4921 3040 4977 sacerdotes
3087 4921 3252 4992 pedes
3296 4921 3554 4978 sandaliis
3593 4923 3712 4977 sive

2123 5009 2300 5074 soleis,
2344 5011 2485 5080 quod
2513 5025 2683 5081 genus
2721 5010 3068 5066 calceameuti
3113 5011 3424 5084 evangelica
3469 5013 3714 5066 auctori-

2124 5111 2231 5157 tate
2270 5103 2350 5158 eis
2380 5113 2462 5158 est
2495 5117 2836 5169 concessum,
2879 5113 2939 5158 ut
2967 5103 3132 5159 Marci
3158 5104 3498 5175 evangelium
3530 5112 3708 5159 testa.

2121 5203 2210 5249 tur
2238 5194 2430 5266 (Marc.
2467 5195 2604 5266 3m),
2641 5195 2768 5264 quia
2809 5193 2915 5250 hoc
2951 5195 3376 5249 calceamentum
3417 5195 3711 5263 mysticam

2118 5283 2561 5354 signiﬁcationem
2595 5285 2776 5352 habet,
2803 5293 2862 5339 ut
2891 5299 2987 5354 pes
3011 5300 3187 5354 neque
3214 5292 3389 5339 tectus
3409 5283 3502 5348 sit,
3530 5298 3713 5352 neque

2120 5375 2294 5430 nudus
2323 5375 2390 5430 ad
2429 5384 2650 5440 terram,
2693 5377 2747 5431 id
2788 5382 2958 5430 estut
2989 5389 3090 5430 nec
3131 5375 3432 5430 occultetur
3469 5387 3708 5444 evange-

2121 5463 2284 5531 lium,
2333 5482 2432 5522 nec
2459 5468 2692 5523 terrenis
2728 5468 3028 5523 commodis
3069 5467 3352 5522 innitatur.
3394 5465 3533 5520 Nam
3567 5465 3708 5519 εει-ἰ-

2121 5565 2270 5626 ptum
2302 5565 2386 5612 est
2413 5558 2463 5611 in
2494 5557 2789 5627 Apostolo:
2825 5557 2892 5610 Et
2919 5557 3136 5612 calceati
3161 5557 3315 5632 pedes
3353 5557 3408 5610 in
3437 5571 3711 5626 prepare.

2123 5649 2262 5703 tione
2294 5648 2562 5719 Evangelii
2590 5651 2734 5720 pacis
2767 5649 2983 5721 (Ephes.
3007 5649 3105 5720 v1).
3137 5648 3288 5704 Sicut
3325 5648 3469 5702 enim
3505 5645 3708 5701 senda.

2121 5739 2194 5794 lia
2233 5749 2443 5811 partem
2479 5740 2630 5811 pedis
2678 5747 2883 5812 tegunt,
2933 5748 3142 5810 partem
3195 5738 3496 5806 inopertam
3543 5734 3711 5791 retin.
