4002 6204
1100 296 1193 355 Dn
1225 294 1672 361 ammentum
1711 295 2223 364 msmurmrnz,
2262 296 2419 355 E'rc.
2455 328 2524 339 __
2561 298 2691 375 up,
2728 301 2769 356 ι

3483 311 3615 367 31οο

299 417 498 488 (ιιι-ιη,
529 410 610 468 ita
632 417 691 468 et
723 407 1004 481 Evangelii
1039 406 1294 465 doctores
1320 407 1519 479 partim
1545 406 1897 479 Evangelium
1926 404 1987 467 AA
2001 406 2126 475 quia
2152 406 2351 480 spiritu
2368 408 2558 480 gratim
2586 408 2661 467 ibi
2688 408 2741 465 in
2772 407 2969 467 melius
2995 410 3325 480 immolatur,
3348 425 3404 475 et
3428 417 3588 495 longe

295 506 538 579 operire,
567 501 882 576 partimque
920 498 1141 570 aperire
1180 498 1401 564 debent,
1428 498 1511 564 ita
1551 496 1803 557 videlicet
1835 504 1897 550 ut

297 599 479 657 ﬁdelis
501 605 560 654 et
587 598 815 653 devotus
854 591 1218 650 sufﬁcientem
1243 590 1444 647 habeat
1484 589 1810 655 doctrinam,
1839 596 1897 644 et

296 688 538 745 inﬁdelis
558 693 619 743 et
663 687 1006 753 contemptor
1042 696 1152 737 non
1195 680 1443 737 inveniat
1478 676 1895 750 blasphemandi

297 779 612 837 materiam.
642 775 913 832 Admonet
962 773 1132 829 etiam
1179 780 1238 829 et
1286 787 1389 829 nos
1437 772 1543 827 hoc
1575 785 1749 843 genus
1784 768 1898 826 cal-

296 871 571 929 ceamenti
616 876 681 925 ut
714 870 871 924 carni
907 873 1109 927 nostra
1144 873 1215 921 et
1247 863 1466 937 corpori
1509 863 1566 919 in
1597 861 1893 919 necessita-

298 963 449 1019 tibus
500 956 871 1025 consulamus,
911 969 1024 1014 non
1066 956 1124 1012 in
1170 954 1415 1013 libidinis
1478 953 1757 1011 lasciviam
1797 953 1896 1010 de-

294 1050 554 1117 ﬂeamus,
594 1050 666 1106 de
710 1048 910 1119 quibus
951 1047 1143 1117 utique
1184 1060 1285 1102 nos
1312 1045 1493 1103 divina
1519 1043 1614 1101 lex
1651 1043 1892 1101 instruit.

293 1140 579 1215 Scriptum
616 1149 703 1199 est
723 1140 875 1198 enim
907 1158 923 1195 :
952 1137 1191 1195 Cum
1209 1148 1360 1193 tum
1384 1153 1447 1193 ne
1472 1136 1797 1207 despexeris.
1825 1135 1895 1190 Et

296 1233 431 1289 item
458 1249 479 1287 ε
522 1230 714 1287 Carnis
754 1244 945 1285 curam
981 1244 1046 1283 ne
1094 1226 1320 1298 feceritis
1364 1226 1422 1282 in
1461 1222 1893 1296 concupiscentiis

296 1322 438 1395 Usa.
462 1319 643 1393 nuit).

867 1407 1097 1467 CAPUT
1135 1406 1326 1462 XIIII.

354 1587 549 1661 Super
592 1587 713 1647 hac
759 1572 944 1645 autem
989 1587 1176 1646 omnia
1224 1599 1440 1647 summo
1482 1582 1723 1656 pontiﬁci
1770 1583 1890 1655 (qui

1999 497 2147 553 aliud
2170 512 2333 568 quam
2357 506 2477 554 erat
2497 499 2750 556 efﬁcitur.
2781 502 3023 559 Primum
3048 501 3295 567 homines
3318 498 3448 565 ftedi
3473 526 3587 567 era.

1998 604 2120 647 mus
2144 588 2491 646 deformitate
2531 602 2898 662 peccatorum,
2928 594 2983 650 in
3012 595 3127 667 ipsa
3159 595 3422 659 tinctione
3467 600 3587 670 pul-

1996 679 2115 735 chri
2142 679 2484 737 dealbatione
2509 680 2771 737 virtutum
2796 682 3085 741 efﬁcimur.
3113 684 3266 741 Unde
3289 695 3345 743 et
3371 687 3426 744 in
3453 687 3591 745 Canv

1998 768 2121 826 ticis
2150 770 2410 826 scribitur
2435 772 2773 829 canticorum
2799 790 2812 827 :
2850 772 2984 840 Qua:
3013 782 3090 830 est
3119 775 3222 830 ista
3247 792 3366 847 qua:
3408 795 3592 834 ascen-

1996 861 2075 916 dit
2100 862 2255 934 quasi
2280 862 2566 920 dealbata?
2592 864 2759 941 Cujus
2798 868 3119 939 mysterium
3145 885 3252 925 non
3280 870 3441 933 aliter
3480 873 3590 929 nisi

1995 955 2097 1011 sub
2142 955 2427 1011 Trinitatis
2468 956 2862 1029 designatione,
2903 959 2959 1014 id
2987 967 3105 1026 est,
3148 959 3330 1016 Patris
3372 971 3431 1018 et
3465 962 3589 1019 Filii

1995 1054 2051 1102 et
2075 1046 2310 1118 Spiritus
2339 1048 2515 1103 sancti
2558 1050 2867 1120 cognitione
2890 1051 3212 1122 completur,
3242 1052 3455 1109 dicente
3484 1054 3589 1113 Do-

1995 1136 2146 1195 mino
2191 1139 2263 1194 ad
2286 1139 2575 1210 Apostolus
2598 1158 2613 1196 :
2639 1140 2743 1208 Ite,
2768 1141 2948 1198 docete
2975 1160 3150 1199 omnes
3189 1152 3383 1217 gentes,
3425 1143 3590 1216 bapti-

1996 1235 2173 1282 zantes
2196 1244 2284 1284 eos
2308 1228 2363 1283 in
2391 1229 2599 1285 nomine
2629 1229 2811 1287 Patris
2836 1241 2885 1287 et
2917 1230 3051 1287 Filii
3080 1241 3129 1287 et
3156 1232 3390 1303 Spiritus
3417 1235 3588 1289 sancti

1996 1317 2191 1391 (Marc.
2213 1318 2360 1392 ult.).
2388 1318 2541 1376 Sicut
2566 1322 2712 1379 enim
2750 1323 2805 1378 in
2835 1323 3008 1380 tribus
3032 1324 3262 1383 testibus
3290 1332 3401 1402 stat
3427 1339 3588 1381 omne

1993 1408 2243 1475 verbum,
2269 1409 2353 1465 ita
2385 1419 2791 1469 sacramentum
2832 1412 3119 1471 conﬁrmat
3162 1414 3433 1475 ternarias
3482 1431 3581 1469 nu-

1992 1515 2176 1558 merus
2205 1502 2487 1560 nominum
2515 1503 2846 1565 divinorum.
2876 1500 3031 1572 Quod
3056 1513 3238 1565 autem
3265 1520 3364 1575 per
3389 1520 3585 1577 aquam

1990 1595 2321 1665 baptismum
2363 1596 2548 1663 datur,
2578 1596 2696 1653 haec
2736 1597 2879 1652 ratio
2915 1605 3001 1653 est
3036 1596 3251 1653 :voluit
3291 1596 3437 1655 enim
3476 1594 3587 1654 Do-

291 1680 740 1751 arcbiepiscopus
781 1676 1027 1751 vocatur)
1067 1683 1290 1749 propter
1326 1673 1685 1747 apostolicam
1711 1674 1886 1729 vicem

1994 1683 2175 1740 minus
2212 1693 2273 1740 ut
2303 1701 2395 1742 res
2442 1686 2534 1743 illa
2573 1686 2860 1743 invisibilis
2898 1702 2999 1759 per
3035 1688 3466 1763 congruentiam,
3494 1689 3591 1746 sed

291 1770 444 1843 pallii
470 1770 651 1829 honor
670 1767 1172 1838 domituram
1191 1781 1364 1839 senas
1387 1764 1689 1825 indumenti
1712 1764 1892 1821 crucis
1920 1753 1966 1814 Β
1995 1776 2237 1847 profecto
2272 1777 2720 1836 incontrectabile
2762 1787 2820 1835 et
2866 1753 3587 1851 invisibilevimpenderetur

290 1860 632 1933 ﬁgmentum
656 1866 937 1932 purpureo
982 1857 1166 1915 colone
1209 1856 1490 1927 exprimit,
1534 1864 1597 1913 ut
1640 1855 1759 1925 ipso
1806 1855 1890 1911 in-

291 1953 458 2009 dutus
500 1951 749 2024 pontit’ex
790 1966 823 2007 a
861 1956 1112 2024 tergo_et
1140 1956 1363 2020 pectore
1408 1962 1629 2007 erucem
1671 1947 1888 2019 habeat,

290 2012 729 2114 susquemente
745 2042 836 2112 pie
861 2048 920 2096 et
1134 2012 1201 2097 de
1235 2039 1489 2110 passione
1513 2012 1890 2110 Redemptoris

288 2134 524 2206 cogitet,
569 2148 639 2189 ac
681 2130 877 2203 popqu
923 2145 1027 2203 pro
1062 2145 1172 2203 quo
1215 2130 1505 2191 Dominum
1545 2129 1893 2199 deprecatur,

289 2222 686 2295 redemptionis
715 2237 830 2278 sum
866 2220 1209 2295 signaculum
1235 2220 1590 2276 demonstret.
1618 2217 1893 2279 Condecet

290 2330 510 2390 quoque
535 2316 685 2372 bene
700 2321 763 2371 ut
792 2314 911 2385 ipsa
934 2311 1236 2385 apostolica
1262 2311 1500 2384 dignitas
1527 2308 1888 2381 apostolicum

287 2410 471 2467 virum
502 2406 696 2474 faciat,
727 2413 793 2465 ut
832 2404 992 2477 plena
1031 2401 1336 2469 devotione,
1366 2415 1501 2459 sano
1536 2414 1809 2467 sermone,
1834 2407 1892 2457 et

290 2502 454 2572 digna
496 2498 820 2572 operatione
846 2498 1021 2570 possit
1057 2497 1241 2554 dicere
1267 2510 1393 2552 cum
1426 2494 1723 2565 Apostolo:
1757 2492 1891 2550 Mitti

291 2604 466 2651 autem
494 2593 643 2649 absit
669 2591 889 2665 gloriari
925 2590 1029 2646 nisi
1060 2590 1119 2646 in
1146 2604 1299 2644 cruce
1324 2587 1539 2643 Dotnini
1567 2587 1735 2642 nostri
1759 2583 1890 2641 Iesu

290 2682 513 2751 unus,
551 2698 646 2755 per
677 2698 833 2754 quem
862 2681 991 2737 mihi
1014 2679 1243 2735 mundus
1268 2678 1554 2747 cruciﬁxus
1581 2683 1685 2742 est,
1718 2683 1767 2732 et
1795 2690 1889 2745 ego

288 2778 489 2835 mando
528 2775 679 2849 (Gai.
702 2774 803 2847 vr).
835 2773 964 2831 Haec
986 2785 1218 2844 qumque
1242 2770 1312 2827 de
1336 2769 1525 2826 habitu
1563 2766 1889 2825 sacerdotali

290 2870 356 2924 ad
381 2880 611 2923 sensum
635 2862 1237 2945 secundum‘modulum
1264 2858 1524 2933 ingenioli
1565 2856 1742 2917 nostri
1767 2857 1891 2915 bre-

290 2960 432 3017 viter
457 2959 722 3026 diximus,
751 2972 860 3014 non
888 2955 1307 3029 prmjudicantes
1334 2954 1422 3011 bis
1455 2953 1549 3026 qui
1586 2966 1890 3024 congruen-

292 3048 399 3105 tius
421 3057 479 3105 et
505 3042 725 3120 «ﬁguius
757 3047 827 3103 de
847 3044 1045 3102 eadem
1066 3058 1130 3100 re
1148 3044 1373 3117 possint
1393 3043 1656 3111 scribere,
1685 3048 1743 3099 et
1774 3040 1888 3113 pie-

292 3137 419 3194 nins
444 3138 750 3209 (ﬁsputare.

871 3227 1101 3291 CAPUT
1138 3226 1330 3285 XXIV.

713 3321 793 3378 De
823 3321 1177 3378 moramentis
1206 3318 1481 3376 Ecclesiae.

364 3414 447 3471 De
474 3415 839 3471 sacramentis
860 3421 1043 3470 autem
1068 3428 1190 3485 quae
1208 3412 1270 3467 in
1308 3411 1551 3469 Ecclesia
1575 3412 1715 3469 ﬁunt
1736 3427 1895 3484 opor-

293 3513 370 3563 ια
394 3514 460 3560 ut
487 3520 729 3575 sequens
751 3499 933 3561 sermo
959 3510 1219 3576 exponat,
1247 3510 1413 3574 atque
1440 3502 1683 3559 declaret
1728 3503 1890 3559 ritum

293 3595 714 3652 sacerdotalem.
762 3595 903 3651 Sunt
927 3603 1110 3651 autem
1148 3603 1520 3660 sacramenta,
1561 3592 1889 3665 baptismum

289 3693 343 3742 st
366 3685 635 3749 chrisma,
661 3699 858 3755 corpus
883 3692 939 3740 et
961 3684 1203 3757 sanguis,
1228 3698 1349 3754 qua:
1371 3683 1443 3741 ob
1466 3683 1521 3739 id
1548 3692 1890 3741 sacramenta

286 3776 574 3841 dicuntur,
620 3775 748 3846 quia
791 3777 898 3832 sub
939 3782 1250 3848 tegumenta
1295 3774 1661 3846 corporalium
1705 3790 1885 3837 rerum

286 3865 466 3920 virtus
485 3865 679 3919 divina
696 3866 962 3921 secretius
985 3866 1218 3922 salutem
1239 3867 1554 3923 earumdem
1584 3880 1888 3921 sacramen-

289 3960 474 4010 torum
494 3966 778 4023 operatur,
800 3954 945 4010 unde
965 3962 1023 4011 et
1051 3971 1084 4011 a
1111 3956 1339 4012 secretis
1365 3955 1658 4013 virtutibus
1682 3953 1768 4011 vel
1804 3970 1889 4010 sa-

285 4042 419 4107 cris,
441 4050 789 4097 sacramenta
813 4042 1089 4100 dicuntur.
1114 4044 1245 4112 Quae
1265 4044 1389 4100 ideo
1414 4042 1690 4101 fructuosa
1718 4059 1886 4115 penes

286 4130 599 4197 lociesiam
626 4131 785 4200 ﬁunt,
806 4134 937 4203 quia
955 4142 1174 4191 sanctus
1200 4134 1254 4191 in
1280 4149 1345 4213 ea
1372 4150 1597 4195 manens
1626 4133 1882 4205 Spiritus,

283 4224 545 4279 stimdem
571 4233 1039 4282 sacramentorum
1068 4227 1297 4285 latenter
1318 4235 1577 4298 operatur
1608 4228 1878 4285 effectum.

287 4309 448 4369 Unde
492 4328 591 4369 seu
618 4327 717 4382 per
738 4314 912 4371 bonos
953 4331 1053 4372 seu
1076 4333 1175 4388 per
1214 4316 1389 4373 malos
1428 4316 1710 4373 ministros
1738 4317 1881 4372 intra

286 4402 593 4460 Ecclesium
639 4403 735 4460 Dei
776 4404 1175 4475 dispensentur,
1221 4420 1324 4465 nec
1366 4407 1631 4464 bonorum
1673 4406 1882 4477 meritis

285 4494 727 4564 dispensatorum
747 4497 1145 4568 ampliﬁcantur
1169 4499 1286 4556 hac
1306 4499 1468 4566 dona,
1494 4514 1596 4555 nec
1617 4497 1880 4554 malorum

285 4593 663 4653 attenuantur,
688 4587 815 4657 quia
843 4606 1005 4661 neque
1024 4590 1115 4661 qui
1140 4590 1341 4662 plantat
1369 4598 1446 4646 est
1471 4590 1695 4662 aliquid,
1720 4606 1880 4661 neque

285 4676 380 4747 qui
427 4678 597 4749 rigat,
624 4678 717 4733 sed
740 4679 845 4752 qui
887 4682 1262 4738 incrementum
1292 4682 1406 4747 dat,
1430 4681 1593 4747 Deus,
1638 4681 1781 4737 unde
1824 4688 1880 4736 et

285 4764 479 4823 Graece
519 4772 802 4844 μυστήριον
828 4768 1046 4837 dicitur,
1070 4770 1219 4841 quod
1242 4780 1510 4828 secretam
1538 4778 1602 4833 et
1632 4769 1880 4832 recondi:

285 4866 401 4914 tam
428 4859 628 4915 habeat
650 4861 1053 4932 repositionem.

865 4975 1093 5032 CAPUT
1131 4976 1297 5032 XXV.

680 5064 757 5120 De
783 5065 1111 5137 baptismatis
1136 5076 1486 5124 sacramento.

357 5156 599 5212 Primum
648 5166 829 5213 autem
874 5166 1339 5214 sacramentorum
1385 5166 1473 5214 est
1508 5158 1871 5227 baptismum,

1991 1867 2345 1935 elementum,
2372 1862 2536 1941 super
2564 1870 2709 1939 quod
2736 1870 2900 1927 etiam
2931 1870 2985 1925 in
3014 1869 3284 1942 principio
3308 1868 3588 1927 ferebatur

1992 1957 2228 2030 Spiritus
2272 1967 2513 2015 sanctus.
2556 1958 2694 2014 Nam
2747 1960 2890 2016 sicut
2937 1958 3118 2016 oleum
3166 1959 3403 2015 naturali
3445 1974 3585 2030 pon-

1991 2046 2122 2103 dere
2154 2046 2492 2118 superfertur
2513 2048 2659 2104 omni
2685 2047 2914 2118 liquore,
2953 2049 3029 2103 ita
3064 2048 3117 2103 in
3147 2048 3418 2120 principio
3445 2047 3592 2107 fere-

1989 2137 2152 2194 batur
2174 2137 2409 2209 Spiritus
2433 2145 2656 2195 sanctus
2683 2138 2860 2209 aquis.
2904 2135 3061 2194 Sicut
3086 2152 3227 2208 aqua
3264 2150 3462 2210 purgat
3484 2153 3585 2196 ex-

1991 2228 2162 2286 terius
2196 2244 2414 2299 corpus,
2454 2228 2532 2286 ita
2558 2228 2791 2286 latenter
2829 2227 2948 2298 ejus
2994 2229 3258 2301 mysterio
3284 2233 3385 2301 per
3418 2229 3589 2301 Spiri-

1990 2328 2106 2375 tum
2148 2328 2398 2378 sanctum
2439 2319 2760 2390 puriﬁcatur
2799 2328 2857 2376 et
2885 2319 3121 2388 animus,
3157 2318 3314 2392 cuius
3340 2322 3585 2379 sanctiﬁ-

1990 2413 2136 2469 catio
2174 2413 2254 2471 ita
2279 2419 2383 2470 est.
2421 2412 2678 2469 lnvocato
2706 2412 2851 2469 enim
2880 2411 2993 2468 Deo
3022 2411 3304 2469 descendit
3347 2410 3586 2483 Spiritus

1991 2512 2214 2562 sanctus
2252 2504 2322 2561 de
2348 2504 2526 2572 caelis,
2555 2512 2613 2562 et
2639 2502 2925 2561 medicatis
2948 2502 3127 2575 aquis,
3155 2503 3459 2560 sanctiﬁcat
3483 2517 3578 2561 eas

1990 2594 2058 2651 de
2086 2592 2400 2664 semetipso,
2426 2600 2484 2649 et
2506 2592 2780 2664 accipiunt
2805 2593 2912 2648 vim
2940 2592 3299 2663 purgationis,
3329 2600 3392 2648 ut
3416 2592 3473 2651 in
3505 2592 3585 2649 eis

1991 2699 2120 2742 caro
2157 2691 2215 2741 et
2255 2684 2436 2740 anima
2461 2683 2673 2741 delictis
2715 2683 2998 2754 inquinata
3027 2685 3338 2740 mandetur.
3367 2683 3587 2742 Utrum-

1988 2792 2097 2847 que
2142 2775 2290 2832 enim
2321 2775 2646 2847 baptizando
2685 2788 2911 2832 necesse
2946 2780 3032 2829 est
3077 2772 3358 2840 adhiberi,
3392 2781 3450 2830 et
3488 2774 3586 2830 ba-

1988 2863 2174 2935 ptismi
2216 2863 2515 2932 lavacrum,
2551 2871 2613 2919 et
2636 2862 2873 2933 Spiritus
2909 2863 3088 2931 sancti
3130 2862 3403 2937 purgatio,
3457 2862 3586 2933 quia

1989 2955 2067 3010 ait
2095 2953 2385 3011 Salvator:
2417 2953 2540 3010 Nisi
2564 2954 2682 3026 quis
2712 2964 2926 3009 renatus
2952 2952 3109 3023 fuerit
3136 2969 3203 3009 ea:
3228 2970 3371 3026 aqua
3389 2962 3437 3008 et
3470 2953 3588 3025 Spi-

1996 3043 2100 3100 ritu
2147 3053 2350 3111 sancto,
2397 3059 2501 3098 non
2536 3051 2703 3114 potest
2736 3042 2953 3099 introire
2984 3042 3039 3095 in
3070 3057 3287 3112 regnum
3325 3041 3441 3110 Dei.
3476 3040 3582 3097 Sed

1918 3100 1964 3164 Ο
1994 3142 2123 3190 ante
2167 3100 2497 3204 baptismum
2514 3100 2555 3199 ,ι
2579 3131 2955 3189 catechizandi
3002 3100 3161 3190 debet
3206 3132 3261 3187 in
3310 3101 3584 3193 hominem

1991 3223 2281 3294 pervenire
2324 3222 2586 3290 ofﬁcium,
2629 3230 2690 3279 ut
2722 3220 2846 3278 ﬁdei
2878 3221 3117 3293 primum
3166 3222 3585 3301 catechumenos

1992 3315 2222 3386 accipiat
2256 3315 2639 3372 rudimentum.
2684 3312 2820 3370 Nam
2854 3313 2910 3369 in
2954 3313 3248 3388 Evangelia
3284 3317 3580 3372 secundum

1990 3407 2302 3465 Matthceum
2343 3408 2541 3481 legitur
2580 3407 2725 3478 quod
2755 3414 2879 3478 post
2907 3407 3361 3462 resurrectionem
3393 3406 3579 3462 Domi-

1990 3513 2092 3554 nus
2114 3499 2376 3570 apostolis
2401 3497 2723 3571 prteccperit
2747 3503 2807 3553 ut
2835 3496 2889 3555 in
2920 3497 3142 3554 nomine
3168 3497 3347 3554 Patris
3374 3506 3429 3554 et
3457 3498 3581 3553 Filii

1990 3597 2045 3646 et
2087 3589 2320 3662 Spiritus
2367 3590 2540 3648 sancti
2588 3590 2876 3656 docerent,
2912 3596 2968 3644 et
3008 3588 3349 3660 baptizarent
3392 3605 3583 3646 omnes

1989 3689 2175 3752 gentes
2203 3679 2416 3756 (Matth.
2448 3678 2596 3753 ult.),
2636 3680 2689 3736 id
2715 3688 2820 3745 est,
2851 3680 3003 3750 prius
3028 3694 3127 3750 per
3155 3678 3315 3735 ﬁdem
3343 3681 3438 3735 Dei
3474 3680 3581 3736 illis

1989 3769 2347 3836 insinuarent,
2376 3779 2431 3825 et
2456 3770 2536 3826 sic
2568 3768 2858 3825 credentes
2893 3769 2946 3822 in
2978 3767 3363 3824 remissionem
3391 3784 3580 3839 pecca-

1989 3869 2167 3919 torum
2192 3862 2551 3932 baptizarent.
2586 3860 2701 3918 Hoc
2728 3867 2814 3917 est
2835 3861 2978 3933 quod
3006 3858 3300 3917 secundum
3336 3860 3576 3916 Marcum

1988 3953 2129 4009 idem
2171 3953 2430 4010 Dominus
2470 3953 2668 4027 legitur
2693 3953 3051 4024 prmposuisse
3077 3951 3237 4007 ﬁdem
3282 3952 3578 4022 baptisma~

1988 4043 2079 4109 tis,
2102 4028 2223 4099 cum
2248 4043 2322 4098 ita
2348 4044 2584 4099 dixerit:
2620 4041 2725 4109 Qui
2755 4042 3039 4097 crediderit
3057 4052 3105 4095 et
3139 4041 3434 4112 baptizatus
3465 4040 3578 4111 fue-

1988 4133 2075 4200 rit,
2116 4133 2291 4187 salvus
2329 4134 2460 4198 erit;
2502 4133 2593 4205 qui
2636 4150 2754 4188 vero
2797 4149 2901 4188 non
2935 4131 3214 4185 crediderit
3261 4130 3577 4186 condemna-

1985 4224 2125 4278 bitur
2153 4222 2347 4297 (Marc.
2387 4222 2650 4297 uit.).'Et,
2673 4221 2882 4279 Joanne
2908 4230 3065 4285 teste,
3097 4221 3249 4292 prius
3275 4221 3391 4291 ipse
3416 4218 3575 4277 Jesns

1982 4316 2116 4371 cmci
2148 4316 2261 4371 nati
2288 4315 2491 4371 oculos.
2517 4315 2634 4372 luto
2662 4331 2730 4371 ex
2758 4321 2918 4387 sputo
2946 4312 3090 4369 facto
3130 4312 3578 4384 superlinivit,'ct

1983 4406 2064 4461 sic
2087 4406 2157 4461 ad
2185 4421 2354 4478 aquas
2384 4405 2529 4463 Siloe
2567 4406 2736 4473 misit,
2768 4407 2892 4476 quia
2926 4406 3077 4477 prius
3103 4405 3262 4462 debet
3291 4404 3571 4477 baptizan-

1985 4495 2219 4552 dus.lide
2260 4496 2649 4553 incarnationis
2674 4496 2875 4552 Christi
2915 4496 3132 4561 instrui,
3164 4502 3221 4550 et
3247 4496 3327 4559 sic
3356 4496 3425 4551 ad
3471 4497 3569 4552 ba-

1984 4586 2240 4657 ptismum
2274 4586 2391 4659 iam
2417 4587 2668 4643 credulus
2708 4587 2950 4651 admitti,
2988 4595 3048 4642 ut
3094 4587 3232 4642 sciat
3259 4583 3414 4655 cujus
3438 4601 3563 4658 gra-

1986 4681 2075 4736 tia:
2100 4681 2163 4736 in.
2185 4691 2365 4745 eoest
2387 4681 2676 4754 particeps,
2702 4690 2758 4737 et
2781 4680 2867 4736 cui
2904 4679 3017 4752 jam
3056 4679 3267 4737 debitor
3293 4678 3397 4736 ﬁat
3420 4678 3572 4736 dein-

1985 4785 2140 4849 ωηεν
2820 4840 2825 4851 ι

2544 4862 2775 4921 ΕΑΡΙΙΤ
2812 4862 3000 4921 XXVI.

2513 4954 2586 5017 De
2623 4953 3028 5011 catechumenis.

2043 5069 2476 5129 Catedaumenus
2502 5074 2685 5131 autem
2711 5066 2932 5131 dicitur,
2961 5080 3062 5136 pro
3098 5079 3164 5121 eo
3200 5061 3344 5134 quod
3385 5062 3564 5118 adhuc

1974 5160 2276 5217 doctrinam
2301 5159 2433 5217 ﬁdei.
2457 5158 2635 5224 audit,
2662 5158 2891 5214 necdum
2916 5165 3097 5211 tamen
3127 5153 3451 5225 baptismum
3477 5168 3564 5207 re-

280 5248 408 5317 qnia
457 5255 751 5317 antequam
796 5256 985 5305 sancto
1029 5250 1326 5306 chrismate
1377 5260 1612 5320 ungatur
1656 5248 1870 5319 aliquis,
1972 5252 2136 5321 cepit.
2172 5250 2308 5305 Nam
2333 5250 2755 5307 catechumenos
2785 5248 3177 5319 κατηχούμενος
3203 5242 3429 5310 (ἔωθε,
3457 5243 3564 5298 La-

281 5348 376 5393 aut
418 5338 667 5411 corporis
692 5348 748 5394 et
780 5341 1055 5411 sanguinis
1091 5340 1291 5396 Christi
1332 5341 1602 5411 particeps
1647 5341 1871 5405 cxistat,

282 5445 437 5486 sacra
483 5432 891 5501 regeneratione
914 5432 1134 5502 purgari
1159 5431 1340 5498 debet,
1367 5446 1433 5486 ac
1456 5431 1649 5486 deinde
1675 5431 1743 5485 ad
1768 5446 1872 5485 cm—

281 5530 397 5577 tera
425 5520 530 5577 rite
556 5522 837 5578 accedere.
867 5521 1204 5592 Baptismum
1237 5522 1509 5598 βάπτισμα
1532 5520 1742 5585 Graece,
1766 5519 1872 5576 La-

284 5614 393 5668 tine
439 5612 634 5668 tinetio
682 5613 1092 5684 interpretatur,
1135 5629 1255 5684 quae
1300 5629 1407 5669 non
1450 5621 1628 5668 tamen
1659 5612 1730 5668 ob
1770 5612 1875 5667 hoc

282 5706 422 5775 quod
452 5707 621 5763 homo
650 5706 706 5761 in
746 5721 942 5775 aquam
992 5707 1252 5778 mergitur
1297 5705 1486 5762 tinctio
1528 5704 1744 5772 dicitur,
1777 5703 1873 5760 sed

1978 5343 2091 5397 tine
2113 5342 2327 5397 auditor
2348 5340 2756 5411 interpretatur.
2790 5339 2857 5394 Et
2876 5337 3000 5408 quia
3039 5334 3274 5406 primum
3308 5332 3556 5399 exhorta-

1977 5431 2145 5486 tionis
2168 5438 2495 5500 prmccptum
2523 5427 2583 5485 in
2605 5427 2725 5498 lege
2751 5433 2869 5482 est:
2901 5422 3061 5491 Audi,
3080 5412 3276 5486 Israel,
3299 5414 3585 5475 Dominus.

1976 5520 2121 5575 Deus
2146 5530 2268 5573 tuus
2294 5518 2436 5573 Deus
2458 5535 2592 5574 unus
2613 5524 2689 5572 est
2717 5514 2897 5588 (Deut.
2917 5510 3020 5579 γι),
3046 5504 3172 5566 inde
3200 5517 3286 5585 est
3310 5518 3370 5566 ut
3398 5508 3446 5566 is
3464 5510 3569 5581 qui

1976 5625 2072 5678 per
2100 5608 2434 5664 sacerdotem
2462 5605 2615 5676 quasi
2645 5620 2740 5676 per
2762 5602 2979 5674 Moysen
3006 5599 3149 5657 Deus
3176 5596 3439 5672 loquitur,
3467 5613 3561 5653 ca-

1976 5701 2362 5765 techumenos,
2402 5698 2455 5754 id
2488 5706 2589 5753 est.
2616 5695 2839 5753 audiens
2872 5692 3216 5750 nominetur:
3258 5689 3463 5751 scilicet
3499 5698 3563 5746 ut
