3994 6196
366 351 463 406 3H

1011 350 1074 407 Β.
1115 326 1367 408 RAma
1405 348 1624 406 MAURI
1662 346 1980 404 ARCHIEP.
2023 347 2332 406 MOGUNT.
2371 342 2657 407 OPERUM
2694 349 2876 408 PARS.
2909 351 2951 406 Ι.

3523 356 3635 411 διε
3677 372 3680 374 ·

365 477 554 520 verum
582 474 883 534 agnoscens
905 434 1212 528 Dominum,
1245 437 1515 533 relinquat
1535 474 1754 517 errores
1773 459 1954 514 varios
1981 465 2027 524 Α
2059 461 2410 532 signaturque
2435 462 2550 532 ipse
2579 464 2742 518 homo
2773 462 3050 533 signaculo
3080 469 3289 523 sanctae
3321 464 3510 522 crucis
3532 475 3647 524 tam

365 553 655 610 idolorum.
686 550 822 607 Puto
866 559 1045 606 autem
1080 566 1268 607 omnes
1309 567 1340 606 a
1383 550 1592 606 Joanne
1637 549 1955 620 ptenitentia

364 645 685 716 baptizatos,
703 643 1216 720 catechumenorum
1237 643 1540 714 praetulisse
1561 642 1811 714 ﬁguram.
1829 640 1957 696 Post

365 737 785 792 catechumenos
814 742 1022 803 autem,
1064 735 1335 790 secundus
1375 734 1574 806 gradus
1619 741 1705 788 est
1741 746 1957 802 compe-

372 829 618 882 tenlium.
656 825 1038 897 Competentcs
1072 837 1251 881 autem
1289 834 1415 881 sunt
1439 825 1530 894 qui
1555 823 1669 892 jam
1705 831 1828 893 post
1862 823 1956 876 do-

365 915 597 970 ctrinam
644 913 803 980 ﬁdei,
853 921 976 983 post
1025 913 1410 968 continentiam
1439 913 1567 967 vitae
1611 911 1680 966 ad
1724 911 1953 982 gratiam

355 1005 563 1062 Christi
592 1005 992 1076 percipiendam
1029 1003 1327 1060 festinant:
1359 1004 1587 1074 ideoque
1614 1002 1956 1073 appellantur

365 1103 735 1166 competentes
756 1135 769 1161 ,
812 1095 868 1149 id
911 1101 996 1149 est
1024 1093 1249 1165 gratiam
1275 1091 1476 1148 Christi
1512 1089 1952 1162 petentes.“Nam

365 1190 741 1246 catechumeni
773 1198 978 1244 tantum
1024 1188 1280 1254 audiunt,
1318 1186 1548 1242 necdum
1572 1192 1783 1256 petunt.
1815 1183 1956 1237 Sunt

363 1285 511 1341 enim
559 1284 715 1356 quasi
763 1284 1004 1354 hospites
1032 1291 1086 1337 et
1112 1280 1276 1336 vicini
1318 1279 1555 1334 ﬁdelium
1577 1317 1593 1344 ,
1631 1274 1832 1331 deforis
1857 1289 1955 1328 au-

366 1375 522 1433 diunt
550 1375 830 1448 mysteria,
859 1375 1084 1430 audiunt
1113 1372 1364 1444 gratiam,
1396 1370 1490 1426 sed
1516 1369 1694 1425 adhuc
1716 1383 1823 1422 non
1859 1381 1954 1436 ap-

361 1459 632 1538 pellantur
670 1465 874 1521 ﬁdeles.
923 1463 1303 1536 Competentes
1350 1469 1530 1517 autem
1571 1459 1797 1530 petunt,
1836 1455 1952 1527 jam

365 1556 660 1628 accipiunt,
700 1555 814 1625 jam
842 1555 1283 1619 catcchizantur,
1317 1553 1370 1608 id
1413 1559 1498 1608 est
1528 1551 1844 1605 imbuuntur
1870 1549 1954 1602 in-

363 1646 668 1704 ctructione
691 1645 812 1700 ﬁdei
835 1653 892 1699 et
910 1652 1395 1700 sacramentorum.
1411 1641 1533 1696 Istis
1553 1641 1695 1696 enim
1719 1637 1954 1693 traditur

365 1737 605 1793 salutare
637 1734 701 1807 S)
717 1734 951 1791 mbolum
975 1776 989 1800 ,
1020 1734 1174 1805 quasi
1201 1731 1671 1788 commonitorium
1711 1729 1865 1793 ﬁdei,
1897 1734 1955 1783 et

368 1835 571 1882 sanctae
615 1823 971 1881 confessionis
1004 1824 1259 1879 indicium
1281 1864 1296 1888 ,
1345 1837 1453 1891 quo
1493 1818 1743 1874 instructi
1775 1829 1952 1889 ‘agno-
1979 1841 2027 1901 B

363 1925 521 1974 scunt
544 1915 734 1986 quales
752 1915 864 1987 jam
905 1915 970 1970 ad
994 1914 1226 1987 gratiam
1253 1911 1452 1967 Christi
1490 1910 1748 1966 exhibere
1773 1921 1832 1962 se
1861 1907 1953 1961 de-

366 2012 549 2065 beant.
581 2007 886 2063 Notandum
915 2013 1093 2061 autem
1121 2003 1264 2075 quod
1304 2003 1358 2056 in
1389 1999 1616 2056 ecclesia
1656 1996 1954 2053 Salvatoris

361 2097 750 2171 parvulorum,
778 2097 870 2168 qui
913 2111 1010 2166 per
1034 2103 1247 2150 aetatem
1283 2107 1384 2147 nec
1423 2091 1601 2146 adhuc
1640 2089 1954 2144 renuntiare

365 2186 580 2244 diabolo
605 2201 705 2242 nec
736 2183 958 2241 credere
991 2183 1046 2238 in
1077 2183 1246 2239 Deum
1276 2188 1533 2253 possunt,
1562 2193 1662 2250 per
1696 2178 1861 2234 corda
1897 2187 1956 2233 et

364 2291 462 2333 ora
483 2275 809 2347 gestantium
839 2273 983 2330 salus
1009 2271 1388 2343 adimpleatur,
1419 2269 1546 2339 quia
1586 2276 1642 2323 et
1683 2267 1738 2321 in
1782 2267 1957 2322 Evan-

365 2364 505 2444 gelio
545 2364 741 2436 legitur
770 2363 912 2434 quod
952 2361 1108 2418 Jesus
1147 2362 1308 2416 ﬁdem
1352 2359 1568 2415 illorum
1609 2358 1827 2414 intuens
1861 2358 1954 2427 qui

364 2457 720 2528 paralyticum
770 2457 838 2510 ad
880 2454 1178 2510 sanandum
1225 2452 1328 2508 sibi
1381 2449 1710 2517 efferebant,
1744 2450 1956 2506 dixerit

365 2547 468 2616 ipsi
497 2564 509 2600 :
547 2545 742 2612 Homo,
765 2545 1101 2600 remittuntur
1125 2543 1218 2596 tibi
1245 2551 1456 2613 peccata
1478 2551 1569 2595 tua
1595 2539 1808 2612 (Matth.
1834 2540 1949 2612 ix);

365 2637 582 2706 etquod
611 2634 778 2689 ﬁlium
802 2633 976 2688 vidua:
1005 2649 1036 2687 a
1063 2633 1292 2687 mortuis
1315 2631 1620 2696 suscitavit,
1645 2631 1955 2686 misericor-

365 2724 452 2779 dia
486 2732 664 2779 motus
693 2738 856 2795 super
887 2737 974 2779 ea.
1021 2721 1364 2777 Manifestum
1396 2721 1542 2776 enim
1569 2721 1714 2791 quod
1741 2720 1952 2790 parvuli

362 2815 506 2870 sicut
530 2831 598 2871 ex
630 2815 750 2872 aliis
772 2830 836 2872 ea
876 2829 997 2886 qua:
1029 2813 1134 2869 illis
1163 2813 1512 2869 remittuntur
1551 2813 1606 2866 in
1651 2813 1950 2884 baptismo,

363 2914 588 2976 peccata
616 2913 917 2972 traxerunt,
959 2906 1039 2961 sic
1084 2913 1138 2960 et
1168 2921 1266 2976 per
1289 2906 1424 2960 alios
1450 2905 1518 2959 ad
1557 2904 1786 2961 salutem
1827 2919 1951 2960 cre-

366 2997 520 3052 dunt.
551 2995 661 3051 Nec
686 2996 828 3051 enim
861 2995 1128 3063 siquidem
1159 2996 1292 3050 muti
1321 3004 1378 3051 et
1413 2996 1584 3061 surdi,
1610 2997 1702 3064 qui
1732 3009 1834 3051 nec
1857 3011 1953 3049 an.

364 3086 482 3141 dire
507 3099 684 3155 neque
704 3085 948 3156 proﬁteri
970 3085 1128 3141 ﬁdem
1153 3093 1397 3155 possunt,
1417 3084 1485 3139 ab
1508 3085 1776 3155 aliquibus
1797 3084 1951 3139 Chri-

2058 551 2110 605 in
2137 551 2318 607 fronte
2345 567 2508 622 quam
2539 553 2596 608 in
2621 554 2802 618 corde,
2837 562 2894 609 ut
2931 555 3047 623 ipse
3072 560 3319 623 apostata
3357 555 3610 616 diabolus
3629 597 3650 624 ,

2056 641 2110 696 in
2137 656 2265 696 vase
2290 657 2390 699 suo
2427 642 2660 712 pristino
2695 657 2807 697 sua:
2836 642 3268 712 interemptionis
3307 658 3650 714 cognoscens

2056 731 2292 802 signum,
2313 732 2427 802 jam
2453 732 2557 788 sibi
2581 734 2842 803 deinceps
2868 733 3006 788 sciat
3047 732 3176 787 illud
3217 749 3339 789 esse
3381 736 3648 790 alienum.

2055 823 2264 878 Exinde
2300 822 2413 892 jam
2455 823 2710 879 dicuntur
2740 839 2903 894 super
2929 839 3054 879 eum
3095 827 3394 890 orationes,
3440 836 3503 880 ut
3551 827 3652 882 ﬁat

2055 913 2492 968 catechumenus.
2537 913 2689 969 Tunc
2715 914 2875 968 datur
2902 915 2953 969 ei
2980 914 3064 970 sal
3089 915 3432 974 benedictum
3465 917 3518 971 in
3547 934 3646 985 os,

2055 1010 2114 1055 ut
2153 1017 2252 1071 per
2294 1002 2373 1058 sal
2401 1003 2640 1080 typicum
2673 1003 2951 1073 sapientia:
2997 1004 3110 1058 sale
3157 1005 3436 1069 conditus,
3467 1006 3648 1064 fetore

2055 1099 2242 1146 careat
2283 1092 2618 1162 iniquitatis,
2666 1102 2723 1148 et
2769 1109 2873 1149 nec
2905 1109 2937 1146 a
2975 1095 3254 1150 vermibus
3294 1106 3646 1165 peccatorum

2055 1181 2193 1236 ultra
2222 1182 2500 1253 putreﬁat,
2534 1184 2628 1239 sed
2659 1185 2834 1254 magis
2863 1184 3061 1240 illaesos
3090 1195 3336 1241 servetur
3369 1187 3436 1242 ad
3473 1189 3646 1258 majo-

2055 1289 2169 1329 rem
2198 1275 2425 1345 gratiam
2450 1275 2870 1351 percipiendam.
2912 1277 3117 1333 Dehinc
3149 1279 3343 1334 iterum
3371 1283 3642 1337 exorciza-

2055 1372 2145 1418 tur
2173 1363 2434 1429 diabolus,
2450 1371 2510 1418 ut
2530 1379 2684 1419 suam
2707 1364 3005 1434 nequitiam
3027 1381 3348 1436 agnoscens,
3363 1378 3422 1423 et
3433 1369 3647 1439 justum

2055 1469 2218 1526 super
2247 1469 2305 1510 se
2325 1453 2591 1525 judicium
2619 1454 2718 1509 Dei
2755 1455 2975 1521 timens,
3005 1457 3230 1512 recedat
3273 1459 3342 1513 ab
3387 1460 3646 1528 homine,

2053 1560 2156 1600 nec
2179 1544 2293 1615 jam
2317 1545 2608 1602 contendat
2651 1559 2779 1600 eum
2813 1553 2933 1599 arte
2959 1559 3055 1600 sua
3080 1545 3420 1614 subvertere,
3451 1565 3520 1606 ne
3548 1551 3646 1606 ba-

2054 1637 2311 1708 ptismum
2340 1646 2727 1706 consequatur,
2755 1635 2850 1691 sed
2869 1637 3334 1705 magishonorem
3359 1639 3474 1698 Dee
3493 1655 3647 1695 crea-

2057 1726 2161 1781 tori
2196 1741 2296 1782 suo
2315 1727 2596 1790 exhibens,
2631 1726 2822 1782 reddat
2867 1742 3003 1796 opus
3051 1726 3244 1783 factori
3282 1743 3402 1784 suo.
3427 1729 3648 1787 Postea

2056 1824 2352 1886 tanguntur
2373 1817 2425 1871 ei
2460 1829 2620 1870 nares
2641 1823 2696 1868 et
2725 1830 2895 1871 aures.
2910 1831 3033 1870 cum
3059 1817 3257 1883 saliva,
3288 1825 3344 1873 et
3367 1818 3650 1878 dicitur—ei

2057 1907 2186 1962 illud
2211 1906 2438 1962 verbum
2469 1905 2836 1976 evangelicum
2869 1906 3014 1976 quod
3041 1905 3233 1974 Iesus,
3270 1909 3490 1979 quando
3521 1924 3646 1966 sur-

2056 1998 2182 2052 dum
2219 2005 2275 2051 et
2317 2003 2526 2051 mutum
2553 1996 2762 2051 sanavit
2793 2003 3020 2067 tangens
3059 2012 3184 2054 cum
3216 2006 3376 2068 sputo
3404 1998 3651 2070 linguam

2055 2087 2193 2157 ejus,
2226 2092 2282 2141 et
2306 2087 2528 2141 mittens
2554 2086 2750 2157 digitos
2777 2101 2907 2142 suos
2933 2088 2990 2140 in
3015 2087 3291 2146 auriculas
3308 2089 3448 2159 ejus,
3471 2091 3645 2148 dixit:

2055 2179 2279 2250 Epheta,
2307 2178 2446 2250 quod
2475 2186 2584 2244 est,
2625 2177 2900 2249 adaperire
2927 2177 3131 2250 (Marc.
3177 2178 3308 2252 vn).
3349 2179 3463 2237 Hoc
3498 2183 3652 2240 enim

2054 2277 2453 2323 sacramentum
2478 2267 2568 2323 hic
2594 2268 2793 2339 agitur,
2830 2276 2890 2323 ut
2917 2284 3015 2339 per
3035 2269 3262 2326 salivam
3295 2272 3530 2342 typicam
3558 2290 3648 2329 sa»~

2054 2359 2294 2415 cerdotis
2319 2367 2376 2415 et
2403 2367 2605 2414 tactum
2636 2360 2901 2430 sapientia
2927 2368 2982 2416 et
3008 2362 3181 2417 virtus
3207 2362 3388 2418 divina
3413 2364 3650 2422 salutem

2053 2448 2294 2519 ejusdem
2324 2451 2701 2506 catechumeni
2733 2459 3006 2522 operetur,
3039 2459 3100 2506 ut
3126 2453 3443 2522 aperiantur
3463 2457 3516 2514 ei
3545 2471 3650 2513 na-

2054 2553 2142 2592 res
2167 2539 2235 2593 ad
2261 2539 2636 2609 accipiendum
2667 2541 2890 2596 odorem
2922 2542 3127 2598 notitia:
3157 2542 3275 2609 Dei,
3305 2553 3367 2598 ut
3387 2545 3644 2615 aperian-

2054 2638 2143 2684 tur
2170 2629 2244 2684 illi
2275 2637 2330 2684 et
2367 2645 2529 2686 aures
2557 2631 2626 2686 ad
2651 2632 2978 2687 audiendum
3009 2635 3260 2690 mandata
3293 2634 3417 2700 Dei,
3449 2651 3647 2696 sensu-

2053 2735 2159 2790 que
2186 2720 2376 2776 intimo
2404 2722 2584 2777 cordis
2613 2725 3002 2792 reponendum.
3033 2723 3240 2782 Deinde
3265 2727 3648 2784 benedictione

2053 2814 2375 2869 sacerdotali
2416 2815 2676 2881 munitur,
2705 2823 2764 2869 ut
2798 2817 2866 2871 ad
2893 2831 3108 2872 sacrum
3149 2817 3478 2887 baptismum
3517 2835 3645 2875 cum

2053 2901 2160 2958 ﬁde
2184 2912 2405 2975 accepta
2435 2904 2792 2961 custodiatur.
2836 2905 3080 2977 Ungetur
3112 2907 3257 2964 illius
3287 2917 3415 2963 tunc
3451 2919 3649 2979 peetus

2052 2996 2118 3051 de
2143 2995 2265 3051 oleo
2289 2995 2626 3053 sanctiﬁcata
2665 3012 2789 3052 cum
2834 2997 3178 3055 invocatione
3222 3009 3423 3056 sanctae
3459 3001 3646 3056 Trini-

2051 3089 2200 3154 tatis,
2231 3088 2480 3144 utnulla:
2514 3088 2756 3159 reliquiae
2783 3090 3014 3146 latentes
3043 3091 3250 3150 inimici
3293 3093 3348 3148 in
3393 3108 3457 3148 eo
3499 3094 3643 3150 resi-

369 3180 559 3237 stianis
590 3179 656 3235 ad
684 3180 1067 3250 baptizandum
1093 3178 1425 3244 oﬁ'eruntur,
1455 3191 1553 3249 per
1577 3175 1950 3232 credulitatem
1978 3187 2023 3251 ο
2055 3181 2236 3246 deant,
2269 3181 2361 3236 sed
2402 3181 2456 3236 in
2498 3181 2603 3235 ﬁde
2633 3191 2832 3236 sancta:
2863 3180 3146 3238 Trinitatis
3173 3199 3330 3241 mens
3355 3182 3472 3252 ejus
3502 3199 3641 3240 con-

364 3270 707 3327 oﬁ'erentium
737 3271 937 3326 salvari
968 3271 1286 3338 creduntur,
1316 3270 1442 3340 quia
1473 3283 1580 3324 non
1606 3267 1822 3324 obsistit
1840 3283 1951 3324 om.

367 3362 664 3434 nipotentis
689 3363 787 3418 Dei
813 3363 1003 3435 gratiae
1025 3370 1232 3418 natura:
1258 3361 1551 3420 inﬁrmitas
1580 3361 1850 3416 humanae.

918 3473 1147 3537 CAPUT
1185 3474 1398 3533 XXVII.

801 3564 882 3620 De
910 3565 1272 3621 catechizandi
1298 3567 1501 3627 ordine.

437 3649 824 3714 Catechizandi
845 3657 988 3713 enim
1010 3657 1144 3712 ordo
1172 3656 1262 3712 hic
1289 3665 1372 3712 est
1394 3674 1406 3710 :
1447 3655 1690 3712 Primum
1718 3656 1950 3711 interro-

363 3737 524 3824 gatur
563 3763 806 3822 paganus
853 3747 897 3803 si
941 3747 1289 3803 abrenuntiat
1333 3745 1547 3802 diabolo
1595 3753 1651 3801 et
1697 3746 1950 3802 omnibus

363 3839 640 3908 damnosis
671 3836 788 3910 ejus
823 3837 1078 3911 operibus
1112 3845 1274 3911 atque
1303 3835 1584 3894 fallacibus
1612 3836 1822 3911 pompis
1841 3875 1857 3902 ,
1891 3843 1952 3890 ut

363 3937 599 4008 primum
646 3942 866 4006 respuat
906 3947 1182 3999 errorem,
1220 3939 1276 3988 et
1318 3932 1397 3988 sic
1444 3930 1838 4002 appropinquet
1880 3929 1949 3985 ad

363 4028 669 4094 veritatem,
697 4025 973 4097 possitque
993 4022 1148 4094 juxta
1173 4022 1488 4094 Apostolum
1513 4021 1782 4092 deponere
1802 4029 1951 4076 vete-

295 4120 298 4121 ⁷
365 4134 480 4175 rem
509 4119 787 4174 hominem
824 4115 1120 4180 secundum
1142 4114 1430 4186 pristinam
1456 4112 1943 4178 conversationem,

364 4210 458 4282 qui
490 4208 858 4279 corrumpitur
887 4206 1184 4264 secundum
1216 4204 1482 4268 desideria
1509 4203 1743 4270 erroris,
1777 4202 1945 4257 abne-

361 4316 498 4373 gans
523 4299 856 4374 impietatem
890 4305 946 4352 et
972 4294 1253 4352 saecularia
1285 4293 1572 4349 desideria.
1599 4291 1802 4348 Deinde
1823 4305 1949 4362 apo:

361 4390 568 4449 stolicae
606 4389 729 4444 ﬁdei
757 4386 1063 4450 ostenditur
1097 4386 1148 4442 ei
1176 4384 1489 4457 Symbolum
1511 4425 1527 4450 ,
1552 4392 1610 4438 et
1645 4383 1949 4453 exquiritur

361 4482 430 4536 ab
457 4494 522 4536 eo
547 4480 592 4536 si
619 4478 802 4539 credat
825 4478 879 4532 in
906 4477 1074 4531 Deum
1104 4476 1321 4532 Patrem
1346 4477 1793 4547 omnipotentem,
1814 4483 1870 4530 et
1892 4475 1944 4528 in

2053 3272 2302 3328 fortetur.
2332 3271 2578 3345 Ungetur
2605 3281 2662 3328 et
2687 3274 2832 3329 inter
2873 3273 3122 3344 scapulas
3151 3273 3218 3329 de
3249 3275 3440 3330 eodem
3485 3275 3640 3342 oleo,

2052 3375 2112 3422 ut
2133 3367 2371 3436 undique
2398 3366 2696 3434 muniatur,
2723 3374 2780 3423 et
2805 3366 2876 3422 ab
2905 3367 3050 3422 bona
3073 3381 3238 3437 opera
3265 3365 3514 3424 facienda
3540 3382 3644 3439 per

2056 3457 2148 3514 Dei
2173 3458 2399 3531 gloriam
2432 3459 2737 3515 roboretur.

2598 3549 2830 3606 CAPUT
2865 3548 3100 3606 XXVIII.

2170 3641 2245 3696 De
2278 3640 2527 3696 tinctione
2553 3641 2820 3712 baptismi,
2850 3648 2899 3694 et
2927 3641 3171 3694 unctione
3197 3639 3518 3698 chrismatis.

2118 3731 2248 3788 Post
2275 3733 2394 3787 haec
2427 3732 2596 3803 igitur
2617 3739 2970 3794 consecratus
2998 3731 3140 3796 fons,
3165 3739 3221 3786 et
3244 3731 3313 3786 ad
3341 3731 3523 3800 ipsum
3536 3733 3643 3787 ba-

2050 3823 2311 3891 ptismum
2359 3823 2788 3879 catechumenus
2825 3822 3068 3886 accedit,
3111 3829 3168 3876 et
3199 3822 3279 3878 sic
3319 3820 3374 3875 in
3417 3823 3641 3878 nomine

2049 3929 2251 3975 sancta:
2279 3918 2564 3974 Trinitatis
2608 3919 2751 3972 trina
2788 3918 3165 3973 submersione
3204 3916 3532 3986 baptizatur.
3572 3917 3643 3972 Et

2048 4017 2196 4065 recte
2219 4009 2401 4074 homo,
2423 4009 2514 4078 qui
2543 4007 2611 4062 ad
2638 4007 2928 4078 imaginem
2959 4016 3162 4062 sanctas
3196 4006 3483 4062 Trinitatis
3500 4023 3637 4062 con-

2048 4101 2194 4156 ditus
2239 4109 2350 4165 est,
2397 4115 2497 4170 per
2540 4099 2936 4155 invocationem
2989 4107 3195 4153 sanctae
3243 4097 3527 4154 Trinitatis
3566 4099 3640 4154 ad

2047 4191 2292 4245 eamdem
2337 4196 2631 4244 renovatur
2673 4188 3002 4258 imaginem,
3037 4195 3092 4242 et
3133 4187 3225 4256 qui
3263 4187 3425 4243 tertio
3465 4187 3637 4258 gradu

2047 4282 2277 4354 peccati,
2308 4281 2363 4336 id
2399 4289 2505 4346 est,
2537 4296 2805 4337 consensu
2835 4281 3032 4336 cecidit
3077 4280 3132 4336 in
3173 4290 3440 4346 mortem,
3471 4283 3639 4337 tertio

2047 4375 2288 4431 elevatus
2327 4374 2392 4429 de
2431 4367 2585 4429 fonte
2617 4388 2716 4445 per
2758 4373 2989 4444 gratiam
3037 4381 3285 4442 resurgat
3333 4373 3400 4427 ad
3439 4373 3635 4428 vitam.

2047 4466 2234 4523 Potest
2256 4474 2312 4522 et
2336 4465 2452 4521 haec
2481 4465 2622 4519 trina
2649 4464 2852 4519 mersio
2881 4464 3185 4518 triduanam
3213 4462 3425 4518 Domini
3454 4461 3641 4532 scpnlé

361 4571 546 4626 lcsum
572 4569 850 4626 Christum
879 4565 1076 4624 Filium
1109 4563 1228 4634 ejus
1260 4564 1477 4619 unicum
1521 4564 1807 4625 Dominum
1848 4579 1946 4624 no—
1969 4549 2022 4608 D
2048 4568 2224 4614 turam
2253 4558 2582 4628 signiﬁcare,
2607 4557 2840 4612 maxime
2858 4571 2980 4610 cum
3002 4554 3136 4610 dicit
3157 4554 3476 4625 Apostolus:
3503 4554 3639 4620 Qui-

363 4674 560 4734 strum,
583 4671 639 4719 et
671 4661 723 4716 in
749 4657 1010 4737 Spiritum
1041 4666 1309 4728 sanctum,
1339 4671 1506 4710 unum
1552 4655 1721 4710 Deum
1760 4655 1815 4709 in
1847 4656 1942 4710 tri-

362 4758 533 4813 nitate
559 4763 614 4810 et
637 4754 875 4819 unitate;
901 4753 946 4808 si
975 4751 1296 4806 conﬁteatur
1318 4765 1482 4804 unam
1508 4764 1628 4805 esse
1645 4749 1940 4805 Ecclesium

362 4846 705 4912 catholicam,
726 4843 846 4900 etsi
873 4844 1059 4900 credat
1085 4840 1462 4902 remissionem
1497 4848 1862 4910 peccatorum,
1887 4847 1942 4895 et

361 4937 542 4992 carnis
567 4934 1036 4991 resurrectionem.
1068 4931 1193 4988 Hrec
1220 4947 1348 5002 ergo
1377 4932 1556 4992 omnia
1589 4931 1636 4986 si
1660 4946 1786 4986 vere
1811 4946 1939 5000 pro-

362 5028 546 5087 titetur
574 5026 815 5091 credere,
840 5023 952 5098 jam
979 5023 1163 5093 incipit
1186 5038 1282 5092 per
1307 5023 1466 5078 ﬁdem
1505 5021 1729 5076 induere
1755 5037 1940 5076 novum

361 5119 644 5181 hominem,
673 5116 763 5187 qui
789 5114 1075 5170 secundum
1104 5113 1274 5167 Deum
1301 5123 1506 5168 creatus
1533 5122 1630 5179 est,
1651 5114 1708 5167 in
1733 5113 1944 5183 justitia

361 5218 408 5261 et
456 5208 736 5262 sanctitate
778 5205 1044 5270 veritatis,
1093 5218 1200 5274 quo
1249 5211 1429 5259 tamen
1474 5203 1628 5274 plene
1673 5204 1944 5270 induitur,

364 5299 581 5370 quando
608 5311 708 5368 per
736 5295 989 5365 baptismi
1017 5295 1292 5350 lavacrum
1317 5303 1684 5367 regeneratur.
1707 5295 1777 5348 At
1799 5303 1945 5364 post-

362 5403 525 5456 quam
573 5401 633 5450 se
678 5402 778 5458 per
827 5386 1222 5442 confessionem
1270 5401 1412 5441 verae
1459 5384 1582 5441 ﬁdei
1627 5385 1680 5439 in
1723 5385 1946 5440 alterius

362 5477 824 5534 commendaverit
857 5477 1175 5543 dominium,
1205 5487 1259 5532 et
1287 5492 1384 5547 per
1415 5476 1938 5531 abrenuntiationem

362 5567 561 5640 prioris
585 5568 914 5637 possessoris
940 5582 1000 5623 se
1025 5567 1340 5622 alienaverit
1366 5565 1603 5628 servitio,
1628 5565 1940 5620 exsuﬁlatur

363 5657 433 5718 ab
455 5672 522 5711 eo
550 5673 689 5713 sasva
721 5667 989 5728 potestas,
1018 5668 1077 5712 ut
1101 5673 1196 5728 per
1225 5658 1369 5727 pium
1413 5655 1711 5711 sacerdotis
1741 5664 1936 5726 myste-

368 5748 505 5809 rium
532 5746 752 5822 Spiritui
783 5758 968 5806 sancto
995 5750 1149 5806 cedat
1178 5747 1384 5820 fugiens
1407 5747 1628 5818 spiritus
1651 5747 1936 5819 malignus,

2047 4665 2248 4720 cunque
2291 4648 2540 4719 baptisati
2584 4663 2764 4701 sumus
2809 4646 2864 4699 in
2913 4643 3120 4699 Christo
3161 4644 3323 4708 Iesu,
3367 4645 3422 4697 in
3467 4655 3638 4698 morte

2046 4740 2209 4808 ipsius
2245 4739 2495 4810 baptizati
2538 4754 2752 4804 sumus,
2798 4735 3086 4806 consepulti
3123 4735 3260 4788 enim
3301 4725 3486 4786 sumus
3513 4750 3638 4788 cum

2046 4832 2137 4886 illo
2181 4851 2272 4905 per
2313 4833 2626 4906 baptismum
2667 4832 2722 4886 in
2764 4840 2961 4896 morte,
3005 4839 3063 4884 ut
3104 4828 3364 4901 quomodo
3403 4827 3642 4881 surrexit

2046 4919 2286 4980 Christus
2313 4943 2345 4979 a
2381 4927 2600 4980 mortuis
2635 4941 2727 4994 per
2765 4923 2987 4995 gloriam
3024 4922 3233 4986 Patris,
3265 4921 3340 4974 ita
3369 4928 3415 4974 et
3445 4936 3539 4973 nos
3580 4920 3641 4973 in

2047 5019 2272 5080 novitate
2300 5021 2417 5073 vitw
2437 5017 2784 5074 ambulemus.
2819 5017 2880 5074 Si
2909 5019 3048 5077 enim
3074 5014 3414 5086 complantati
3448 5029 3639 5068 sumus

2040 5111 2372 5164 similitudini
2393 5111 2574 5165 mortis
2596 5111 2731 5181 ejus,
2749 5109 2907 5165 simul
2928 5119 2974 5164 et
2997 5107 3390 5164 resurrectionis
3411 5105 3636 5160 erimus.

2040 5201 2108 5256 Et
2156 5202 2380 5270 reliqua.
2430 5201 2656 5270 Oportet
2701 5215 2832 5271 ergo
2873 5215 2997 5258 cum
3049 5197 3388 5252 invocatione
3427 5203 3640 5248 sanctae

2039 5292 2322 5347 Trinitatis
2346 5291 2445 5347 sub
2470 5292 2608 5346 trina
2647 5290 2915 5344 mersione
2938 5289 3266 5358 baptismum
3306 5283 3535 5349 conﬁci,
3574 5293 3640 5338 ut

2039 5384 2332 5438 secundum
2373 5397 2730 5451 personarum
2775 5380 3131 5439 dilfercntiam
3178 5377 3501 5449 mysterium
3535 5376 3638 5430 ba-

2041 5474 2222 5544 ptismi
2252 5473 2571 5538 celebretur,
2611 5482 2662 5529 et
2694 5473 2990 5528 secundum
3016 5471 3276 5526 unitatem
3313 5467 3638 5524 substantia:

2042 5581 2208 5620 unum
2249 5566 2514 5636 baptisma
2562 5566 2675 5630 ﬁat,
2721 5564 2862 5619 unde
2917 5563 3050 5618 dicit
3095 5559 3388 5630 Apostolus
3430 5575 3444 5611 :
3479 5554 3635 5614 Unus

2043 5657 2317 5722 Dominus,
2364 5674 2469 5710 una
2531 5657 2695 5724 ﬁdes,
2746 5671 2907 5709 unum
2946 5653 3220 5724 baptisma.
3276 5649 3345 5704 Et
3396 5647 3631 5715 reliqua.

2043 5748 2328 5816 Postquam
2351 5748 2494 5802 enim
2517 5745 2820 5802 ascenderit
2843 5745 3145 5817 baptizatus
3168 5742 3233 5805 de
3257 5739 3426 5810 fonte,
3441 5736 3629 5800 statim
