2001 3102
165 190 219 219 513

569 189 614 218 DE
633 189 855 219 CLERICORUM
874 189 1128 227 lNSTlTUTlONE,
1147 194 1223 222 ETC.
1244 209 1279 214 —
1294 194 1358 223 LIB.
1379 195 1399 223 l.

1754 200 1805 228 5Ιᾶ

114 266 144 284 ,
161 234 289 284 signatur
301 245 330 274 in
349 246 463 275 cerebro
486 253 501 286 a
520 247 680 283 presbytero
701 255 763 275 cum
783 256 861 277 sacro
887 248 961 276 chri-
974 249 999 279 Α
1013 254 1040 278 et
1054 251 1203 278 resurrexit
1217 259 1267 287 pro
1276 252 1364 280 nobis.
1377 253 1447 281 Dicit
1457 254 1529 282 enim
1543 255 1601 290 ipsa
1616 256 1723 285 Veritas
1734 266 1741 285 :
1753 259 1807 292 Qui

160 297 267 325 amate,
291 297 422 327 sequente
437 291 516 319 simul
529 296 556 319 et
569 294 702 325 oratione,
716 298 746 320 ut
765 294 841 329 regni
859 293 960 321 Christi

160 338 301 373 particeps
316 337 372 370 ﬁat,
387 342 414 373 et
428 345 443 364 a
458 337 566 364 Christo
579 336 749 365 Christianus
760 339 845 373 possit
856 339 958 366 vocari.

160 383 301 418 Scriptum
314 387 394 410 estet
407 382 434 409 iu
454 383 600 417 Evangelio
620 382 676 410 ita:
696 383 852 419 Baptizatus
871 390 958 412 autem

158 428 239 455 Jesus
254 428 392 464 confestim
411 428 527 455 ascendit
542 428 575 455 de
593 437 672 463 aqua,
690 434 714 455 et
730 437 786 456 ecce
801 430 885 465 aperti
897 435 957 458 sunt

159 475 226 508 creti,
245 480 268 504 et
287 475 349 503 vidit
366 474 493 510 Spiritum
511 474 558 501 Dei
570 474 765 502 descendentem
776 476 843 502 sicut
858 475 957 502 colunt-

158 521 219 549 bam
233 525 258 547 et
271 520 413 548 veniente»:
435 528 515 555 supra
536 528 572 547 se.
596 519 669 547 Bene
692 521 800 555 quidem
821 520 955 556 baptismo

157 566 336 593 continuatur
348 565 503 592 chrismatis
515 564 616 597 unctio,
633 565 696 600 quia
711 565 828 600 Spiritus
844 565 955 595 sanctus

158 610 204 647 qui
219 616 270 645 per
282 609 347 637 illud
360 609 478 637 chrisma
493 617 549 636 sua:
559 610 667 637 virtutis
679 610 839 637 admistionc
854 611 955 638 sancti-

156 655 221 682 ﬁcat
237 655 391 687 credentes,
407 654 544 689 baptizato
559 653 622 681 Jesu
636 655 727 682 statim
740 663 820 690 super
837 656 911 683 illum
924 657 952 684 in

155 700 290 727 columbae
315 700 404 734 specie
429 699 586 727 descendit:
611 699 687 734 cujus
710 700 836 727 videlicet
859 706 952 737 typum

153 745 319 780 praeferebat
342 746 464 772 columl‘a
487 745 542 778 illa,
566 753 626 781 qua:
648 746 674 773 in
692 746 792 774 diluvio
813 748 846 775 ad
860 756 951 776 arcam

153 791 306 825 reportavit
320 798 422 817 ramum
438 790 515 817 olivae
527 790 677 819 virentibus
697 790 766 819 foliis
776 812 782 824 ,
797 792 952 827 signiﬁcatis

153 837 250 871 utique
264 837 336 872 quod
356 836 472 871 Spiritus
491 842 601 864 sanctus
616 845 664 870 per
678 838 832 866 chrismatis
847 840 952 867 unctio-

152 890 216 909 nem
234 882 262 908 in
276 882 437 915 baptismate
450 882 566 908 virorem
580 882 683 909 confert
697 882 819 910 ﬁdelibus
832 884 950 913 caelestis

1012 296 1154 324 manducat
1171 306 1256 325 meam
1277 308 1381 327 carnem
1399 306 1424 327 et
1442 301 1504 328 bibit
1525 311 1611 329 meum
1633 305 1804 339 sanguinem,

1010 342 1064 377 ipse
1077 342 1104 369 in
1119 351 1159 370 me
1170 348 1267 377 manet,
1280 350 1304 371 et
1317 354 1363 380 ego
1375 346 1401 373 in
1413 355 1452 373 eo.
1466 347 1498 373 Et
1514 347 1578 375 item
1591 358 1596 376 :
1616 349 1676 376 Nisi
1689 351 1803 378 mandu-

1010 388 1138 421 eaveritis,
1151 388 1245 424 inquit,
1259 399 1363 417 carnem
1374 391 1440 418 Filii
1450 392 1573 426 hominis,
1585 398 1610 420 et
1621 394 1735 422 biberitis
1746 396 1804 431 ejus

1008 434 1171 469 sanguinem,
1188 443 1239 462 non
1251 435 1377 463 habebitis
1392 438 1471 463 vitam
1488 439 1514 464 in
1532 439 1610 466 vobis.

1293 491 1407 520 CAPUT
1427 494 1512 521 XXX.

1149 523 1187 553 De
1205 527 1368 561 impositione
1382 537 1476 555 manus
1488 529 1642 565 episcopalis

1042 569 1190 598 Novissime
1211 578 1300 599 autem
1321 581 1335 599 a
1351 581 1456 601 summo
1475 576 1614 603 sacerdote
1629 584 1677 611 per
1692 577 1801 613 imposi-
1811 594 1832 600 -ν

1006 615 1106 643 tionem
1122 624 1215 644 manus
1233 616 1389 645 Paracletus
1405 620 1522 646 traditur
1540 620 1577 647 illi
1601 621 1718 656 Spiritus
1739 631 1800 650 san—

1004 666 1078 694 ctus,
1095 666 1125 688 ut
1138 661 1279 689 roboretur
1293 670 1342 696 per
1361 662 1490 697 Spiritum
1513 670 1634 692 sanctum
1658 667 1689 695 ad
1703 667 1800 701 praedi-

1004 707 1119 734 candum
1142 707 1201 735 aliis
1225 708 1295 735 idem
1316 709 1415 736 donum
1431 710 1501 744 quod
1514 712 1571 745 ipse
1590 711 1616 738 in
1635 713 1799 748 baptismate

1003 756 1163 779 consecutus
1185 756 1241 784 est.
1263 754 1445 789 per'gratiam
1465 757 1527 783 vitae
1547 757 1662 785 donatus
1678 763 1796 786 tutorum.

1003 797 1132 833 Signatur
1151 799 1221 825 enim
1237 799 1388 833 baptizatus
1406 808 1467 828 cum
1481 802 1628 830 chrismate.
1645 811 1693 838 per
1705 812 1797 831 sacer-

1003 843 1092 870 dotem
1106 843 1132 870 in
1147 844 1242 877 capitis
1255 845 1411 872 summitate
1422 866 1428 877 ,
1450 853 1500 880 per
1518 847 1673 881 pontificem
1687 855 1752 875 vero
1769 849 1797 876 in
1810 869 1833 875 -

1002 888 1101 921 fronte,
1115 892 1144 915 ut
1157 888 1241 923 priori
1253 890 1379 917 unctione
1392 890 1561 925 signiﬁcetur
1574 891 1693 927 Spiritus
1709 894 1796 921 sancti

152 927 258 961 gramm.
277 926 329 953 Sed
349 927 380 953 de,
395 926 444 952 hoc
459 926 565 960 plenius
581 926 607 953 in
621 927 795 961 sequentibus
817 929 947 957 dicemus.
966 924 987 952 Β
1002 942 1084 970 super
1098 934 1184 969 ipsum
1200 934 1340 962 descensio
1362 936 1396 963 ad
1418 924 1612 965 habitationem
1628 939 1683 966 Deo
1702 947 1797 967 conse-

154 972 281 1007 chimus
297 976 324 998 et
339 972 365 998 in
383 971 473 998 Gestis
486 971 605 1004 Patrum,
620 972 691 1006 quod
704 971 834 1000 Silvester
843 982 910 1009 papa
922 975 949 1002 in

151 1019 273 1047 Ecclesia
288 1027 399 1047 romana
411 1019 591 1051 constituerit,
604 1023 634 1046 ut
645 1019 715 1047 sicut
727 1024 849 1055 potestas
859 1026 886 1049 et
895 1022 950 1056 pri-

150 1064 279 1099 vilegium
296 1065 365 1098 apud
380 1064 465 1091 solum
489 1064 644 1098 episcopum
667 1068 790 1099 constat,
810 1066 882 1101 quod
903 1074 948 1094 sa-

150 1118 227 1136 crum
242 1110 360 1136 chrisma
374 1110 429 1144 ipse
439 1109 574 1141 conﬁciat,
584 1113 609 1136 et
620 1109 786 1144 baptizatum
797 1118 845 1146 per
853 1120 948 1139 manus

150 1156 352 1191 impositionem
373 1164 433 1183 cum
450 1157 508 1191 ipso
520 1155 668 1184 chrismate
684 1158 824 1193 consignet
838 1163 949 1193 propter

149 1202 305 1230 batreticam
318 1202 482 1235 suasionem,
495 1203 533 1230 ita
543 1203 686 1239 presbyter
695 1204 789 1231 eodem
801 1204 948 1233 chrismate

149 1248 225 1276 liniat
238 1248 404 1283 baptizatum
422 1248 539 1276 levatum
557 1257 591 1277 ex
608 1258 678 1285 aqua
698 1255 809 1285 propter
830 1252 948 1280 occasio-

148 1300 211 1320 ncm
228 1292 359 1320 transitus
373 1294 478 1325 mortis,
491 1294 554 1329 quia
567 1295 696 1329 scriptum
709 1300 749 1323 est
762 1296 788 1322 in
801 1296 944 1330 Apostolo:

152 1337 205 1364 Vos
218 1343 319 1370 autem,
337 1338 444 1372 fratres,
458 1340 485 1366 in
501 1349 579 1367 carne
593 1349 645 1368 non
660 1342 731 1374 estis,
744 1342 789 1368 sed
799 1342 827 1368 in
840 1343 944 1377 spiritu,

146 1384 170 1410 si
187 1389 275 1410 tamen
290 1383 397 1418 spiritus
416 1384 465 1411 Dei
486 1385 583 1412 habitet
600 1387 627 1412 in
646 1383 727 1414 uobis.
744 1386 773 1414 Si
786 1388 844 1421 quis
859 1393 945 1415 autem

145 1429 270 1463 spiritum
290 1428 388 1456 Christi
402 1439 454 1457 non
471 1431 557 1463 habet,
582 1431 624 1459 hic
637 1440 688 1458 non
706 1437 742 1459 est
757 1431 824 1466 ejus,
839 1436 892 1460 etc.
906 1433 945 1459 Ac

146 1473 247 1501 deinde
260 1474 381 1508 profecto
392 1479 465 1509 patet
476 1476 538 1510 quia
550 1476 703 1511 quicunque
715 1484 766 1503 non
779 1482 820 1504 est
832 1477 942 1511 Christi,

142 1518 224 1553 regni
237 1519 278 1546 sui
293 1520 426 1555 particeps
440 1520 498 1548 ﬁeri
514 1522 615 1556 nequit.
632 1521 746 1556 Ideoque
760 1524 943 1551 necessarium

144 1567 202 1595 est,
218 1568 245 1590 ut
262 1565 351 1592 statim
367 1571 541 1594 succurratur
554 1567 690 1602 baptizata
709 1576 770 1595 cum
787 1568 942 1597 chrismatis

145 1609 295 1642 unctione,
318 1615 346 1637 ut
370 1611 486 1648 Spiritus
507 1613 593 1641 sancti
613 1614 847 1649 participationem
871 1616 942 1643 acci-

144 1657 237 1691 piens,
252 1657 355 1686 alienus
369 1667 384 1686 a
400 1659 507 1688 Christo
521 1668 574 1688 non
591 1661 699 1688 existat.

431 1716 544 1746 CAPUT
561 1717 655 1746 XXIX.

254 1750 293 1777 De
305 1752 456 1779 indumento
472 1752 596 1787 baptizati
609 1758 634 1780 et
652 1753 832 1782 Eucharistia.

182 1795 249 1822 Post
267 1796 431 1830 baptismum
454 1802 543 1825 autem
559 1798 674 1826 traditur
691 1799 845 1828 Christiano
859 1800 941 1827 vestis

144 1840 263 1868 candida
278 1841 422 1876 designans
443 1842 625 1871 innocentiam
648 1849 676 1872 et
695 1845 841 1880 puritatem
860 1844 941 1873 Chri-~

145 1885 276 1918 stianam,
298 1893 377 1920 quam
392 1891 453 1922 post
467 1888 573 1916 ablutas
589 1892 696 1917 veteres
710 1890 830 1917 maculas
852 1890 941 1918 studio

145 1935 250 1958 sanctze
267 1933 480 1961 conversationis
500 1934 700 1962 immaculatum
722 1943 830 1963 scrvare
845 1935 939 1968 debet,

145 1976 181 2002 ad
196 1977 413 2010 praesentandum
427 1983 490 2005 ante
507 1978 625 2006 tribunal
640 1979 751 2007 Christi.
766 1980 861 2007 Cuncti
876 1987 941 2008 vero

144 2020 235 2047 renati
251 2020 318 2048 albis
332 2021 479 2050 induuntur
490 2023 620 2056 vestibus,
634 2023 666 2051 ad
678 2025 835 2059 mysterium
850 2032 941 2052 resur-

144 2065 236 2101 gentis
250 2065 388 2101 Ecclesiae,
404 2068 474 2095 sicut
488 2069 545 2103 ipse
555 2070 684 2097 Dominus
698 2078 789 2097 coram
801 2071 940 2105 discipulis

145 2112 354 2147 transﬁguratus
379 2118 438 2146 est,
465 2119 495 2141 ut
517 2115 635 2143 dicitur:
666 2115 835 2151 Resplenduit
858 2117 939 2151 facies

142 2157 204 2191 ejus
215 2158 281 2185 sicut
294 2158 343 2191 sol,
357 2159 507 2186 vestimenta
521 2161 579 2195 ejus
593 2161 662 2195 facta
674 2166 734 2188 sunt
747 2161 860 2188 candida
872 2163 939 2189 sicut

142 2203 211 2236 nix;
230 2212 284 2239 quo
296 2204 367 2232 facto
382 2205 562 2240 splendorem,
573 2211 603 2234 ut
615 2207 715 2234 dictum
729 2210 781 2240 est,
797 2215 939 2243 resurgen-

142 2248 180 2275 tis
198 2249 223 2275 iu
238 2248 359 2277 futurum
372 2250 494 2285 ﬁguravit
509 2251 644 2279 Ecclesiae.
663 2253 782 2280 Utuntur
792 2261 856 2289 ergo
870 2254 938 2281 albis

141 2294 279 2327 vestibus,
291 2301 320 2323 ut
333 2304 447 2331 quorum
461 2298 555 2332 prima:
574 2299 721 2327 nativitatis
737 2299 847 2327 infantia
862 2304 938 2328 vctu-

140 2341 178 2368 sti
194 2342 295 2368 erroris
310 2350 414 2377 pannus
427 2343 588 2377 l‘uscaverat,
603 2345 711 2372 habitus
723 2346 848 2373 secunda:
859 2353 939 2381 gene-

141 2388 261 2415 rationis
274 2389 364 2424 gloriae
378 2389 505 2424 prmferat
523 2391 718 2419 indumentum.
736 2392 847 2427 Tcgitur
866 2393 937 2420 enim

141 2438 206 2467 post
220 2440 325 2460 sacram
340 2435 492 2462 unctionem
505 2440 585 2471 caput
598 2436 656 2473 ejus
669 2438 782 2473 mystico
794 2437 937 2470 velamine,

142 2482 173 2506 ut
196 2478 327 2515 intelligat
345 2487 374 2507 se
392 2480 553 2508 diadematis
570 2482 656 2516 regni,
672 2486 699 2509 et
711 2482 886 2509 sacerdotalis
900 2483 939 2509 di-

140 2523 258 2557 gnitatis
272 2524 441 2558 portitorem,
455 2525 532 2560 juxta
550 2526 706 2560 Apostolum
719 2534 726 2553 :
749 2525 798 2553 Vos
812 2527 882 2559 estis,
896 2527 939 2553 in-

140 2568 222 2603 quit,
241 2577 322 2603 genus
339 2570 425 2605 regale
447 2575 471 2597 et
490 2571 651 2598 sacerdotale
671 2572 807 2606 offerentes
829 2577 939 2600 vosmet-

140 2615 215 2649 ipsos
231 2614 285 2642 Deo
299 2615 411 2643 hostiam
425 2618 519 2649 vivam,
533 2623 661 2651 sanctam,
676 2618 731 2645 Deo
746 2618 900 2654 placentem,
912 2623 940 2647 ct

141 2658 258 2693 reliqua.
283 2660 351 2687 Nam
367 2661 521 2689 sacerdotes
539 2670 565 2689 Ill
580 2663 671 2690 Veteri
684 2662 857 2691 Testamento
870 2672 937 2698 quo-

139 2706 206 2732 dam
222 2707 336 2741 mystico
353 2707 487 2735 velamine
503 2713 582 2743 caput
602 2716 709 2744 semper
721 2709 865 2737 ornabant.
888 2710 938 2738 Dc-

139 2750 207 2777 indc
220 2758 334 2786 corpore
347 2756 375 2779 et
390 2753 519 2788 sanguine
537 2753 677 2781 Dominico
694 2762 773 2781 omne
784 2754 938 2788 praecedens

138 2801 344 2824 sacramentum
363 2798 390 2824 in
404 2805 437 2825 eo
450 2798 636 2831 conﬁrmatur,
651 2799 713 2834 quia
724 2799 780 2826 hzec
792 2800 853 2828 ideo
867 2801 939 2828 acci-

139 2849 207 2876 pere
221 2842 318 2873 debet,
335 2847 365 2869 ut
382 2843 465 2871 Deum
481 2844 580 2872 habere
593 2848 730 2872 mereatur
743 2844 770 2872 in
785 2852 814 2872 se
834 2845 940 2872 habita-

140 2880 240 2921 tomm,
253 2893 280 2916 et
295 2888 368 2917 illius
381 2890 416 2917 sit
433 2890 529 2926 capitis
551 2891 700 2918 membrum
710 2911 717 2923 ,
731 2890 776 2926 qui
790 2899 885 2926 passus
898 2896 938 2919 cst

1000 980 1139 1013 crandam,
1164 981 1191 1007 in
1215 982 1332 1008 sccumla
1356 990 1462 1017 quoque
1485 987 1515 1009 ut
1540 982 1659 1017 ejusdem
1679 984 1796 1020 Spiritus

999 1025 1086 1052 sancti
1102 1025 1267 1061 septiformis
1284 1027 1370 1060 gratia
1388 1034 1448 1054 cum
1463 1028 1536 1055 omni
1552 1028 1719 1063 plenitudine
1733 1038 1828 1064 san—.,

999 1070 1101 1098 ctitatis
1116 1075 1143 1097 et
1158 1071 1278 1098 scientiae
1297 1075 1324 1099 et
1343 1071 1452 1099 virtutis
1465 1093 1472 1104 ,
1496 1073 1589 1100 venire
1609 1073 1635 1100 in
1656 1073 1794 1102 hominem

998 1116 1160 1143 declaretur.
1187 1116 1263 1144 Tunc
1287 1116 1359 1144 enim
1384 1117 1441 1151 ipse
1464 1116 1582 1152 Spiritus
1600 1123 1709 1146 sanctus
1733 1124 1794 1155 post

997 1162 1126 1189 mundata
1140 1166 1167 1189 et
1176 1161 1317 1194 benedicta
1332 1170 1445 1197 corpora
1460 1167 1540 1197 atquc
1553 1163 1668 1196 animas,
1676 1163 1762 1192 libens
1776 1172 1792 1192 τι

997 1205 1079 1234 Patre
1092 1206 1240 1239 descendit,
1255 1212 1285 1234 ut
1301 1215 1346 1235 vas
1361 1215 1437 1235 suum
1456 1215 1504 1235 sua
1517 1208 1672 1236 visitatione
1692 1210 1791 1237 sancti-

997 1251 1060 1279 ﬁcet
1075 1256 1102 1280 ct
1114 1252 1239 1286 illustret,
1255 1258 1283 1281 et
1297 1262 1368 1282 nunc
1384 1255 1410 1281 in
1428 1255 1564 1282 hominem
1585 1256 1617 1282 ad
1638 1256 1690 1284 hoc
1700 1257 1792 1290 venit,

997 1301 1026 1325 ut
1047 1298 1215 1334 signaculum
1240 1299 1302 1326 ﬁdei
1328 1300 1399 1334 quod
1415 1300 1441 1326 in
1457 1299 1546 1327 fronte
1565 1301 1693 1336 suscepit,
1711 1302 1793 1329 faciat

996 1350 1057 1370 eum
1071 1344 1147 1371 donis
1162 1344 1317 1372 cmlestibus
1331 1345 1473 1380 repletum,
1483 1350 1511 1373 et
1524 1354 1572 1373 sua
1588 1347 1673 1382 gratia
1687 1347 1792 1375 confor-

996 1393 1091 1423 tatum,
1108 1391 1239 1425 intrepide
1255 1395 1281 1418 et
1297 1392 1426 1418 audacter
1441 1399 1532 1418 coram
1550 1392 1659 1426 regibus
1671 1397 1698 1419 et
1711 1397 1790 1426 pote-

996 1436 1110 1463 statibus
1123 1436 1202 1471 hujus
1215 1436 1305 1464 sa‘culi
1326 1440 1450 1471 portare,
1467 1445 1498 1464 ac
1521 1444 1620 1464 nomen
1642 1437 1741 1464 Christi
1758 1438 1792 1464 li~

994 1480 1060 1507 bera
1075 1489 1140 1508 voce
1152 1481 1309 1516 pmdieare.
1328 1481 1382 1509 Nec
1397 1481 1494 1515 mirum
1509 1482 1530 1508 si
1544 1482 1623 1509 homo
1639 1482 1681 1509 bis
1695 1483 1789 1509 eodem

995 1526 1141 1553 chrismate
1160 1527 1193 1554 ad
1210 1527 1394 1561 accipiendum
1413 1527 1542 1561 Spiritum
1562 1531 1684 1554 sanctum
1708 1535 1792 1563 unga-

996 1575 1048 1604 tur,
1061 1579 1122 1599 eum
1137 1572 1206 1599 idem
1223 1571 1340 1606 Spiritus
1359 1572 1401 1599 bis
1421 1573 1456 1599 sit
1471 1573 1535 1607 ipsis
1551 1573 1680 1608 apostolis
1695 1574 1790 1607 datus,

995 1618 1021 1645 id
1038 1622 1094 1650 est,
1116 1618 1144 1645 in
1167 1623 1239 1645 terra
1262 1618 1344 1645 semel
1360 1618 1468 1653 quando
1481 1623 1542 1654 post
1560 1620 1789 1646 resurrectionem

994 1671 1071 1690 suam
1086 1663 1216 1691 Dominus
1231 1663 1378 1690 insutllavit
1398 1664 1423 1690 in
1446 1671 1493 1691 eos
1505 1684 1511 1696 ,
1529 1668 1557 1691 et
1570 1664 1655 1691 dixit:
1674 1664 1792 1699 Accipite

994 1708 1121 1744 Spiritum
1139 1713 1276 1739 sanetum;
1301 1716 1412 1743 quorum
1432 1708 1594 1741 remiserilis,
1606 1712 1729 1743 peccata,
1748 1716 1791 1735 re-

993 1755 1133 1781 mittuntur
1145 1755 1192 1786 eis,
1206 1759 1229 1780 et
1243 1762 1353 1789 quorum
1374 1753 1532 1780 retinueritis
1554 1758 1652 1780 retenta
1666 1758 1726 1780 sunt
1738 1761 1746 1785 ;
1763 1757 1790 1779 et

993 1798 1026 1825 de
1039 1798 1114 1825 caelis
1130 1798 1224 1830 semel,
1240 1797 1347 1832 quando
1360 1800 1420 1832 post
1433 1797 1619 1824 ascensionem
1640 1797 1746 1824 Domini
1760 1797 1788 1823 in

993 1844 1036 1871 die
1050 1844 1224 1871 Pcntecostcs
1239 1844 1264 1870 in
1280 1843 1378 1878 linguis
1392 1842 1478 1878 igncis
1497 1850 1577 1877 super
1589 1842 1725 1877 apostolos
1741 1850 1788 1870 ve-

993 1889 1048 1921 nit,
1071 1893 1098 1916 ct
1112 1890 1233 1916 omnium
1247 1888 1366 1923 gentium
1382 1887 1482 1923 linguis
1499 1888 1538 1915 eis
1553 1887 1625 1921 loqui
1639 1888 1785 1914 concessit.

992 1935 1062 1969 Ergo
1076 1934 1192 1969 Spiritus
1209 1938 1319 1961 sanctus
1333 1934 1432 1969 digitus
1445 1934 1491 1961 Dei
1503 1934 1531 1960 in
1543 1933 1688 1968 Evangelio
1701 1933 1789 1960 nomi-

991 1985 1082 2012 natur,
1098 1984 1126 2007 et
1141 1980 1224 2014 digito
1239 1979 1285 2006 Dci
1299 1979 1399 2013 scripta
1414 1982 1456 2005 est
1469 1978 1521 2006 lex.
1535 1977 1597 2005 Ideo
1612 1981 1701 2004 autem
1717 1977 1787 2012 digi-

993 2030 1035 2052 tus
1051 2025 1098 2052 Dci
1114 2025 1224 2058 dicitur,
1237 2029 1266 2052 ut
1280 2025 1339 2060 ejus
1358 2026 1511 2060 operatoria
1527 2025 1614 2052 virtus
1632 2024 1712 2052 simul
1725 2032 1786 2051 cum

992 2070 1071 2097 Patre
1087 2075 1114 2098 et
1128 2070 1196 2098 Filio
1214 2070 1391 2106 signiﬁcetur.
1418 2071 1495 2098 Sicut
1517 2074 1606 2097 autem
1624 2078 1673 2104 per
1686 2070 1788 2104 baptis-

993 2123 1066 2142 mum
1083 2116 1110 2142 in
1124 2114 1232 2142 Christo
1248 2115 1380 2142 morimur
1394 2120 1421 2142 et
1433 2115 1613 2147 renaseimur,
1631 2115 1666 2141 ita
1683 2113 1786 2149 Spiritu

991 2166 1084 2189 sancto
1098 2162 1247 2197 signamur,
1266 2161 1312 2197 qui
1325 2166 1367 2189 est
1383 2162 1483 2197 digitus
1494 2162 1541 2189 Dei
1560 2165 1588 2189 ct
1610 2161 1732 2196 spiritale
1747 2161 1785 2189 si-

990 2208 1144 2243 gnaculum.
1174 2208 1246 2235 Bene
1272 2208 1370 2242 quippe
1397 2207 1525 2235 convenit
1548 2211 1578 2234 ut
1604 2215 1653 2242 per
1679 2215 1786 2234 sacrum

990 2255 1107 2282 chrisma
1130 2259 1157 2282 et
1180 2262 1228 2289 per
1249 2254 1439 2290 pinguedinem
1461 2254 1537 2280 olivm
1559 2253 1645 2289 gratia
1669 2252 1786 2287 Spiritus

990 2300 1076 2327 sancti
1089 2299 1233 2332 tribuatur,
1244 2300 1306 2334 quia
1319 2299 1345 2326 in
1357 2299 1460 2334 psalmo
1472 2299 1601 2333 scriptum
1614 2302 1656 2325 est
1668 2298 1700 2325 de
1712 2297 1788 2324 Chri-

991 2349 1032 2372 sto
1044 2344 1194 2377 Salvatore,
1208 2345 1278 2379 quod
1292 2344 1400 2371 uuxcrit
1411 2352 1472 2371 eum
1484 2344 1556 2371 Deus
1573 2343 1655 2370 Pater
1669 2343 1729 2370 oleo
1743 2342 1786 2369 la:-

991 2390 1056 2417 titiaa
1070 2398 1123 2425 przc
1145 2390 1317 2418 consortibus
1332 2390 1405 2422 suis,
1425 2394 1453 2416 et
1472 2389 1536 2417 item
1556 2390 1588 2416 de
1608 2389 1696 2421 nobis,
1715 2388 1786 2423 quod

989 2435 1122 2462 cxhilaret
1137 2435 1232 2463 faciem
1254 2440 1374 2462 nostram
1391 2436 1418 2462 iu
1439 2435 1509 2462 oleo.
1529 2434 1664 2466 Chrisma,
1681 2437 1786 2472 χρίσμα

989 2480 1097 2514 Gmce,
1115 2481 1209 2508 Latine
1227 2481 1318 2508 unctio
1340 2481 1503 2513 nominatur,
1523 2489 1555 2507 ex
1577 2480 1653 2514 cujus
1676 2480 1785 2507 nomine

988 2531 1016 2553 et
1032 2525 1155 2553 Christus
1167 2525 1282 2558 dicitur,
1306 2530 1332 2552 et
1346 2533 1378 2552 cx
1394 2526 1452 2560 ipso
1465 2526 1546 2553 homo
1560 2529 1622 2560 post
1643 2525 1782 2551 lavacrum

988 2570 1181 2598 sanctiﬁcatur.
1206 2570 1272 2597 Nam
1290 2571 1359 2598 sicut
1382 2572 1408 2598 in
1433 2572 1594 2606 baptismate
1608 2574 1782 2605 peccatorum

988 2617 1111 2644 remissio
1129 2617 1208 2644 datur
1220 2616 1252 2643 ad
1266 2617 1381 2649 veniam,
1404 2617 1439 2644 ita
1453 2625 1499 2652 per
1514 2617 1666 2644 unctionem
1681 2614 1783 2641 sancti—

988 2661 1078 2688 ﬁcatio
1092 2661 1210 2696 Spiritus
1222 2662 1366 2689 adhibetur
1380 2662 1413 2689 ad
1429 2662 1553 2697 gloriam,
1569 2664 1597 2687 et
1616 2660 1667 2686 hoc
1682 2659 1714 2685 de
1726 2659 1783 2693 pri—

989 2708 1059 2734 stina
1080 2707 1207 2734 unctione
1223 2711 1338 2735 tractum
1357 2712 1398 2734 est
1417 2706 1584 2741 exemplum.
1605 2712 1658 2739 qua
1676 2704 1739 2739 ungi
1756 2704 1782 2730 in

989 2753 1170 2781 sacerdotium
1190 2758 1218 2780 et
1240 2761 1351 2788 regnum
1376 2752 1500 2780 solebant
1522 2750 1644 2784 antiqui,
1666 2749 1738 2776 unde
1755 2753 1783 2776 ct

989 2799 1079 2827 Aaron
1094 2803 1121 2827 et
1136 2799 1181 2826 ﬁlii
1194 2800 1251 2834 ejus
1268 2803 1328 2834 post
1339 2799 1475 2825 lavacrum
1488 2805 1501 2823 a
1516 2796 1605 2831 Moyse
1620 2794 1694 2822 uncti
1708 2798 1782 2826 sunt,

991 2850 1020 2872 ut
1042 2845 1198 2873 sacerdotes
1212 2845 1318 2871 Domini
1335 2844 1438 2870 ﬁerent.
1455 2842 1489 2869 Et
1503 2842 1631 2869 Salomon
1645 2844 1672 2868 et
1691 2839 1782 2867 cartcri

992 2899 1068 2926 rcges
1080 2899 1124 2925 per
1139 2891 1284 2925 prophetas
1298 2894 1323 2917 ct
1335 2888 1489 2916 sacerdotes
1507 2887 1606 2924 pcriusi
1619 2891 1682 2914 sunt
1697 2893 1781 2914 cornu
