3994 6196
373 361 483 436 315

1049 358 1110 412 Β.
1151 352 1408 412 RABANI
1448 346 1666 416 MAURI
1703 337 2026 400 ARCHIEP.
2069 334 2380 394 MOGUNT.
2421 330 2708 393 OPERUM
2741 328 2924 390 PARS
2961 328 3004 385 Ῐ.

3543 329 3653 385 516

372 486 498 555 olei,
529 490 590 538 ut
614 484 764 554 regni
798 471 1163 550 gubernacula
1187 475 1456 525 tenerent.
1501 462 1655 532 Quod
1683 461 1810 520 dum
1837 473 1956 522 car-
1983 450 2038 512 Α
2061 450 2301 555 dum“:
2321 449 2706 555 Cf’rl’o’iiw'f‘
2741 446 2845 552 δξηί
2875 443 3256 549 Μαίίαοβξηωπ
3287 460 3477 516 ⁶⁰¹Ῥ¹⁸³
3503 457 3662 530 5m“).

374 553 570 632 naliber
598 571 676 632 ﬁt,
693 553 1015 638 spiritaliter
1040 560 1256 633 proﬁcit
1275 600 1291 627 ,
1333 557 1602 629 quomodo
1627 562 1679 612 et
1716 554 1832 625 ipsa
1856 553 1957 610 ba-

373 665 558 741 ptismi
582 662 757 734 gratia
779 655 1008 714 visibilis
1035 661 1189 709 actus
1217 658 1322 718 est,
1349 649 1492 721 quod
1515 649 1569 704 in
1596 661 1735 718 aqua
1764 644 1962 741 mergi-

377 733 517 820 mur,
545 733 640 809 sed
682 746 940 819 spiritalis
978 742 1203 800 ell‘ectus
1239 740 1381 811 quod
1422 754 1452 794 a
1490 737 1702 799 delictis
1730 733 1959 790 munda-

375 865 518 905 mur.
547 845 840 902 Videamus
868 851 996 908 ergo
1026 845 1082 891 et
1121 834 1294 906 ipsam
1330 831 1434 890 olei
1458 840 1730 894 naturam,
1757 827 1802 884 si
1831 826 1961 896 quid

375 941 432 994 in
461 952 526 992 ea
564 935 692 992 huic
731 926 1112 1002 significationi
1140 925 1468 986 conveniens
1503 920 1672 992 possit
1714 916 1958 986 intelligi.

375 1029 567 1085 Oleum
591 1037 828 1092 namque
848 1019 1046 1074 ardens
1075 1014 1359 1080 illuminat,
1391 1021 1447 1069 et
1471 1010 1747 1066 medicans
1771 1015 1958 1071 sanat,

376 1125 434 1171 et
470 1113 626 1184 aquis
659 1109 896 1166 infusum
921 1105 1238 1178 perspicuas
1265 1119 1359 1160 eas
1399 1101 1612 1158 reddit:
1645 1099 1790 1171 quod
1825 1097 1964 1152 bene

377 1206 608 1278 gratiam
658 1200 892 1274 Spiritus
940 1197 1116 1253 sancti
1158 1203 1337 1266 potest
1386 1193 1784 1250 demonstrare.
1844 1188 1966 1259 Ipse

377 1295 524 1350 enim
550 1292 766 1348 ﬂamma
799 1284 1084 1344 charitatis
1111 1293 1166 1340 et
1193 1278 1480 1355 splendore
1517 1281 1817 1351 sapientiae,
1846 1278 1964 1334 ani-

380 1401 498 1441 mas
527 1384 813 1442 illuminat.
841 1380 961 1452 Ipse
996 1376 1355 1437 medicamine
1393 1374 1695 1434 clementiae
1731 1387 1842 1427 sua:
1868 1385 1968 1441 per

380 1474 590 1530 veniam
622 1478 966 1543 peccatorum
995 1467 1220 1524 vulnera
1261 1473 1438 1526 sanat.
1481 1464 1602 1534 Ipse
1643 1460 1968 1518 admistione

378 1567 597 1624 virtutis
640 1580 752 1621 suae
793 1577 966 1635 aquas
998 1560 1255 1632 baptismi
1278 1560 1346 1616 ad
1375 1557 1687 1630 eﬁugandas
1711 1562 1966 1625 peccato-

380 1674 501 1714 rum
537 1658 791 1713 tenebras
813 1655 1081 1714 veraciter
1107 1652 1360 1710 illustrat.
1400 1651 1653 1707 Testatur
1672 1649 1838 1706 etiam
1862 1647 1970 1704 hoc

381 1763 536 1806 sacra
561 1747 865 1817 Scriptura,
894 1745 972 1799 ait
995 1743 1142 1799 enim
1176 1741 1377 1804 Paulus
1404 1759 1417 1796 :
1457 1738 1702 1796 Charitas
1731 1737 1827 1792 Dei
1856 1735 1968 1806 dif-

2061 545 2136 598 ita
2161 553 2209 598 et
2239 542 2498 598 Christus.
2531 539 2738 595 Etenim
2769 540 2824 593 in
2861 553 2966 592 uno
3007 535 3195 606 spiritu
3238 551 3416 592 omnes
3458 553 3552 592 nos
3595 539 3656 592 in

2061 651 2228 690 unum
2246 650 2432 704 corpus
2454 630 2706 703 baptizati
2723 629 3048 696 sumus,,sive
3065 627 3266 693 Judaei,
3281 627 3388 682 sive
3408 627 3651 699 gentiles,

2060 729 2168 784 sive
2188 727 2344 792 servi,
2371 725 2477 781 sive
2507 724 2678 790 liberi,
2707 731 2755 778 et
2781 738 2957 777 omnes
2990 737 3085 776 nos
3119 737 3224 776 uno
3250 719 3441 791 spiritu
3483 718 3658 791 potati

2060 836 2262 876 sumus.
2289 817 2552 888 Spiritum
2589 815 2737 872 enim
2761 821 3010 871 sanctum
3038 827 3194 884 aqua;
3226 811 3445 868 nomine
3468 809 3660 882 appel-

2063 911 2228 966 latum
2251 909 2306 965 in
2328 907 2619 979 Evangelio
2640 906 2888 978 legimus,
2913 906 3032 976 ipso
3053 903 3282 960 Domino
3306 903 3576 960 clamante
3597 909 3661 959 et

2062 1002 2276 1057 dicente
2301 1019 2312 1054 :
2331 999 2392 1056 Si
2413 1002 2529 1072 quis
2551 1001 2680 1067 sitit,
2707 1000 2879 1059 veniat
2905 1009 2952 1053 et
2975 999 3151 1065 bibat;
3173 998 3263 1070 qui
3287 998 3451 1054 credit
3472 997 3529 1052 in
3547 1012 3660 1063 me,

2063 1094 2284 1163 flumina
2313 1091 2378 1146 de
2405 1101 2579 1146 ventre
2614 1090 2731 1162 ejus
2771 1091 2935 1160 ﬂuent
2959 1106 3113 1161 aqum
3137 1091 3286 1144 vive.
3319 1089 3435 1145 Hoc
3472 1089 3660 1143 Evan-

2064 1183 2254 1256 gelista
2282 1183 2530 1254 exposuit
2555 1184 2699 1239 unde
2719 1182 2946 1249 diceret,
2973 1189 3192 1238 secutus
3219 1181 3363 1237 enim
3390 1181 3505 1236 ait:
3537 1179 3665 1235 Hoc

2064 1277 2203 1331 enim
2227 1275 2429 1329 dicebat
2450 1278 2515 1330 de
2531 1271 2734 1345 Spiritu
2753 1289 2908 1347 quem
2931 1271 3196 1342 accepturi
3217 1279 3366 1326 erant
3387 1270 3664 1347 credentes

2065 1366 2121 1422 in
2151 1382 2292 1423 eum.
2324 1363 2430 1420 Sed
2459 1343 2608 1420 aliud
2649 1370 2734 1420 est
2766 1343 2914 1433 aqua
2961 1361 3308 1426 sacramenti,
3343 1343 3496 1416 aliud,
3517 1377 3664 1432 aqua

2066 1473 2187 1529 qua:
2212 1457 2483 1528 signiﬁcat
2509 1455 2772 1526 Spiritum
2801 1463 3070 1512 sanctum.
3111 1454 3266 1524 Aqua
3294 1453 3441 1508 enim
3468 1467 3663 1508 sacra-

2067 1549 2236 1606 menti
2262 1547 2493 1604 visibilis
2520 1555 2625 1613 est,
2664 1562 2805 1617 aqua
2840 1546 3074 1618 Spiritus
3112 1544 3401 1601 invisibilis
3429 1551 3534 1600 est.
3564 1542 3665 1598 Illa

2068 1643 2240 1700 abluit
2283 1656 2480 1712 corpus
2511 1649 2568 1697 et
2608 1639 2877 1714 signiﬁcat
2913 1639 3058 1710 quod
3093 1638 3166 1693 sit
3211 1637 3268 1693 in
3304 1636 3520 1704 anima;
3561 1650 3667 1707 per

2071 1734 2232 1790 istam
2259 1738 2466 1799 autem,
2496 1731 2551 1788 id
2575 1739 2681 1797 est,
2706 1745 2805 1808 per
2832 1729 3092 1802 Spiritum
3117 1735 3370 1786 sanctum
3397 1728 3516 1800 ipsa
3543 1726 3670 1784 ani-

382 1841 504 1912 fusa
534 1849 609 1895 est
648 1799 711 1893 iri
739 1799 983 1892 cordibus
1029 1834 1219 1891 nostris
1266 1850 1361 1906 per
1403 1831 1660 1903 Spiritum
1695 1799 1967 1894 sanctum,
1997 1799 2047 1858 Β
2074 1841 2162 1882 ma
2210 1825 2526 1881 mundatur.
2574 1799 2730 1883 Sicui
2756 1799 2920 1879 etiam
2954 1835 3096 1893 aqua
3138 1799 3437 1891 corporalis
3465 1833 3670 1890 corpus

380 1931 471 2003 qui
498 1931 654 1985 datus
681 1937 756 1984 est
783 1914 952 1982 nobis.
978 1926 1046 1982 Et
1077 1923 1352 1982 Joannes:
1391 1921 1494 2000 Qui
1535 1920 1740 1991 diligit,
1774 1918 1969 1989 inquit,

382 2024 600 2095 fratrem
628 2037 805 2088 suum,
827 2021 886 2073 in
905 2019 1100 2074 lumine
1121 2025 1315 2078 manet.
1341 2014 1408 2074 Et
1430 2015 1591 2070 item:
1627 2011 1752 2078 Vos,
1774 2012 1971 2082 inquit,

383 2116 680 2170 unctionem
714 2112 915 2168 habetis
951 2129 985 2166 a
1016 2109 1222 2182 Spiritu
1253 2117 1435 2168 sancto
1455 2147 1470 2174 ,
1499 2116 1548 2162 et
1578 2106 1740 2162 nostis
1771 2105 1969 2160 omnia.

382 2203 524 2258 Ecce
557 2202 922 2272 apostolorum
950 2199 1233 2263 sententiae
1260 2195 1610 2256 manifestam
1634 2212 1736 2267 per
1761 2195 1975 2251 unctio-

383 2310 506 2349 nem
531 2292 769 2364 Spiritus
799 2291 971 2348 sancti
1002 2289 1499 2363 lumeLcharitatis
1524 2295 1579 2344 et
1609 2288 1849 2344 scientizr
1879 2302 1976 2343 nos

384 2385 606 2440 habere.
641 2383 774 2438 Nam
804 2383 1056 2439 Salvator
1090 2383 1146 2438 in
1169 2380 1520 2453 Evangelium
1551 2378 1813 2450 Spiritum
1853 2395 1977 2435 san-

385 2486 533 2534 ctum
566 2477 893 2532 medicinam
920 2491 1040 2531 esse
1067 2481 1414 2546 peccatorum
1443 2472 1698 2538 ostendit,
1731 2487 1853 2528 cum
1881 2486 1980 2542 per

387 2571 565 2641 ipsum
587 2575 914 2639 potestatem
943 2565 1202 2636 apostolis
1239 2565 1642 2654 dedigpeccata
1668 2563 1942 2618 remittere
1960 2606 1974 2630 ,

388 2661 576 2718 dicens
601 2679 614 2716 :
657 2660 886 2731 Accipite
911 2657 1172 2730 Spiritum
1203 2666 1474 2723 sanctum;
1512 2671 1738 2727 quorum
1767 2655 1978 2710 remise-

386 2753 502 2806 ritis
527 2761 762 2823 peccata,
789 2750 1128 2804 remittuntur
1157 2749 1252 2813 eis,
1278 2755 1334 2802 et
1361 2745 1587 2816 reliqua.
1619 2743 1771 2812 Quod
1799 2752 1980 2799 autem

390 2841 567 2911 gratia
597 2838 836 2911 Spiritus
861 2838 1034 2896 sancti
1057 2852 1227 2906 aquas
1259 2835 1516 2907 baptismi
1543 2834 1840 2890 fecundans
1861 2833 1982 2888 illu-

389 2938 550 2994 stret,
581 2929 819 2984 insinuat
843 2927 1098 2992 Joannes,
1127 2941 1248 2982 cum
1275 2926 1447 2996 ipsum
1471 2924 1758 2981 Dominum
1781 2924 1838 2983 in
1860 2922 1983 2994 Spi-

389 3021 498 3076 ritu
542 3028 732 3076 sancto
755 3020 1034 3089 baptizare
1075 3025 1305 3073 testatus
1342 3024 1457 3083 est,
1489 3016 1712 3072 dicens:
1751 3012 1856 3070 Sed
1891 3016 1983 3086 qui

390 3111 533 3165 misit
554 3127 636 3164 me
656 3110 922 3180 baptizare
942 3110 997 3162 in
1017 3125 1174 3179 aqua,
1199 3106 1288 3162 ille
1308 3108 1435 3161 mihi
1457 3107 1625 3162 dixit:
1648 3105 1816 3179 Super
1829 3124 1981 3180 quem

390 3204 581 3258 videris
597 3201 849 3272 Spiritum
867 3200 1261 3264 descendentem
1282 3208 1330 3254 et
1350 3208 1642 3261 manentem
1664 3215 1821 3272 super
1837 3217 1979 3267 eum,

390 3294 478 3348 hic
499 3303 574 3349 est
597 3293 691 3364 qui.
713 3292 943 3362 baptizat
971 3292 1027 3346 iu
1068 3287 1270 3360 Spiritu
1294 3300 1495 3344 sancto.
1529 3286 1812 3359 Nunquam
1835 3289 1982 3344 enim

391 3399 534 3453 aqua
575 3383 919 3454 baptismatis
961 3381 1101 3436 ﬁlios
1141 3378 1280 3436 lucis
1309 3395 1571 3451 generare
1612 3389 1830 3454 posset,
1877 3380 1983 3437 nisi

390 3475 546 3545 prius
581 3475 698 3544 ipsa
744 3474 884 3528 dono
911 3473 1150 3544 ejusdem
1193 3469 1430 3542 Spiritus
1469 3473 1642 3528 sancti
1682 3473 1984 3531 illuminata

395 3575 562 3632 esset,
591 3573 652 3620 ut
698 3564 752 3619 in
792 3564 906 3634 ipsa
939 3561 1260 3617 mirabiliter
1283 3570 1502 3632 partum
1548 3562 1807 3634 spiritalis
1848 3563 1984 3621 lucis

394 3655 650 3720 ediceret,
690 3655 829 3710 idem
855 3652 1092 3724 Spiritus
1127 3652 1221 3723 qui
1252 3652 1305 3708 in
1339 3652 1636 3723 primordio
1662 3653 1822 3710 simul
1859 3671 1984 3711 cum

396 3747 559 3804 Patre
587 3756 641 3804 et
664 3745 801 3802 Filio
835 3745 980 3801 illam
1009 3743 1316 3816 purgationi
1341 3752 1524 3816 aptam
1549 3747 1772 3802 creavit.
1803 3746 1986 3804 Abluit

395 3853 526 3908 ergo
555 3851 655 3891 nos
682 3835 943 3891 Dominus
969 3851 1000 3888 a
1030 3835 1268 3906 peccatis
1300 3835 1355 3889 in
1384 3835 1730 3906 baptismate,
1757 3846 1812 3895 et
1832 3840 1988 3895 unxit

399 3942 500 3983 nos
541 3935 598 3982 et
627 3925 962 3997 consignavit
1003 3940 1102 3981 nos
1127 3923 1329 3994 Spiritu
1368 3927 1729 3996 promissionis
1771 3940 1983 3998 sancto,

401 4027 450 4072 et
485 4018 631 4072 dedit
655 4017 849 4088 pignus
880 4017 1116 4087 Spiritus
1145 4016 1201 4071 in
1230 4017 1484 4073 cordibus
1513 4019 1740 4082 nostris,
1770 4022 1858 4090 qui
1889 4032 1986 4086 est,

401 4109 586 4178 utique
636 4109 826 4179 pignus
878 4107 1199 4162 hcereditatis
1244 4116 1438 4162 nostra:
1485 4107 1544 4162 in
1586 4109 1988 4181 redemptionem

399 4199 760 4270 acquisitionis
791 4199 848 4252 in
877 4197 1086 4252 laudem
1108 4197 1291 4268 gloria:
1315 4199 1512 4268 ipsius,
1557 4208 1614 4253 ut
1656 4200 1990 4271 adoptionem

403 4288 635 4357 filiorum
664 4288 1026 4357 reciperentur.
1062 4287 1326 4353 Quoniam
1352 4298 1525 4342 autem
1559 4289 1715 4356 estis,
1746 4290 1824 4345 ait
1845 4289 1990 4361 Apo-

401 4379 597 4442 stolns,
628 4377 728 4446 ﬁlii
757 4377 875 4442 Dei,
908 4378 1048 4432 misit
1083 4377 1338 4448 Spiritum
1361 4377 1492 4434 Filii
1514 4381 1598 4434 sui
1629 4382 1684 4435 in
1710 4382 1871 4436 corda
1898 4400 1991 4438 no-

403 4479 515 4523 stra
545 4468 859 4522 clamantem
886 4468 1032 4522 Abba
1064 4466 1243 4523 Pater.
1282 4469 1418 4524 Nam
1454 4471 1796 4528 conﬁrmatio
1825 4474 1989 4528 totius

405 4560 712 4616 sanctitatis
735 4569 790 4614 ct
818 4560 1032 4614 virtutis
1060 4567 1115 4613 et
1133 4557 1358 4627 justitite
1387 4561 1440 4615 in
1473 4561 1589 4631 ipso
1610 4571 1850 4618 constat:
1879 4565 1993 4634 ipse

405 4658 494 4704 est
531 4648 780 4704 remissio
807 4648 1048 4703 omnium
1077 4657 1456 4718 peccatorum,
1494 4651 1608 4720 ipse
1643 4651 1783 4709 ﬁlios
1826 4655 1920 4710 Dei
1963 4674 1994 4712 a

311 4811 314 4815 _
408 4737 770 4813 ﬁliis‘diaboli
815 4737 1067 4794 secernit.
1111 4737 1420 4808 Quicunque
1465 4741 1602 4801 enim
1646 4741 1850 4814 Spiritu
1898 4746 1995 4801 Dei

409 4838 661 4899 aguntur,
695 4827 749 4881 hi
775 4826 875 4897 lilii
909 4835 1030 4880 sunt
1065 4826 1184 4880 Dei.
1221 4828 1336 4898 Ipse
1371 4827 1636 4896 justiﬁcat
1679 4822 1898 4891 sdnctos
1940 4845 1996 4892 ct

410 4917 704 4982 illuminat,
736 4917 852 4986 ipse
873 4925 957 4972 est
990 4917 1148 4984 Deus,
1182 4918 1295 4987 ipse
1339 4920 1433 4974 Dei
1480 4899 1711 4986 don’um,
1751 4939 1816 4979 eo
1852 4925 1995 4994 quod

409 5006 572 5061 datur
608 5021 638 5060 a
680 5006 810 5062 Deo.
843 5003 1135 5078 Unicuique
1169 5007 1329 5061 datur
1369 5011 1726 5080 manifestatio
1764 5013 1993 5085 Spiritus

410 5098 482 5155 ad
511 5097 788 5153 utilitatem
814 5112 912 5168 per
945 5097 1139 5168 ipsum.
1181 5098 1288 5152 Alii
1312 5100 1472 5154 datur
1497 5119 1667 5158 sermo
1691 5105 1962 5176 sapientia;
1979 5146 1995 5170 ,

411 5189 506 5244 alii
535 5205 705 5244 sermo
733 5189 964 5243 scientia:
991 5189 1278 5244 secundum
1317 5192 1553 5246 eumdem
1585 5193 1872 5263 Spiritum,
1920 5197 1998 5251 ul-

412 5280 512 5334 teri
535 5279 666 5350 ﬁdes
696 5281 750 5334 in
794 5280 972 5335 eodem
1018 5279 1240 5350 Spiritu,
1284 5281 1380 5336 alii
1415 5285 1589 5358 gratia
1620 5287 1906 5343 sanitatum
1945 5290 2000 5343 in

412 5390 518 5428 uno
550 5373 773 5442 Spiritu,
802 5373 894 5427 alii
917 5376 1150 5444 operatio
1173 5375 1444 5439 virtutum,
1473 5375 1568 5430 alii
1589 5380 1882 5448 praplietia,
1906 5380 1999 5434 alii

413 5465 659 5519 discretio
685 5467 988 5536 spirituum,
1016 5465 1108 5520 alii
1136 5482 1328 5536 genera
1355 5466 1677 5537 linguarum,
1706 5471 1800 5523 alii
1833 5471 1998 5527 inter—

414 5554 637 5620 pretatio
663 5570 982 5608 sermonum.
1028 5555 1156 5609 Htrc
1179 5566 1353 5610 autem
1379 5557 1556 5610 omnia
1595 5569 1841 5628 operatur
1867 5577 2001 5617 unus

420 5652 574 5710 atque
599 5645 734 5696 idem
759 5643 1010 5714 Spiritus,
1030 5647 1264 5702 dividens
1285 5648 1505 5718 singulis
1526 5660 1679 5718 prout
1702 5649 1828 5704 vult.
1855 5649 2003 5707 Sicut

418 5735 553 5788 cnim
580 5751 765 5805 corpus
788 5753 947 5792 unum
967 5751 1064 5804 est,
1088 5749 1134 5794 ct
1165 5742 1395 5796 membra
1423 5740 1606 5810 multa,
1631 5743 1806 5798 omnia
1829 5754 2005 5802 autem

2009 3164 2054 3225 C

2021 4515 2072 4575 Β

2075 1919 2221 1992 lavat
2247 1925 2304 1974 et
2329 1924 2502 1989 potat,
2528 1915 2603 1971 ita
2635 1913 2894 1987 spiritalis
2917 1913 3168 1986 spiritum
3197 1911 3344 1992 lavat
3375 1917 3432 1966 et
3466 1909 3667 1985 pascit.

2073 1991 2199 2066 Ideo
2231 2017 2416 2064 autem
2448 2006 2685 2078 Spiritus
2713 2013 2933 2066 sanctus
2961 1991 3672 2075 septiformis'nuncupatur

2073 2107 2294 2172 propter
2320 2099 2461 2154 dona
2487 2112 2608 2170 qua:
2637 2096 2936 2160 divinitatis
2978 2095 3096 2168 ejus
3123 2090 3473 2164 plenitudine
3497 2091 3674 2164 parti-

2076 2189 2297 2247 culatim
2327 2189 2528 2260 quique
2553 2194 2615 2246 ut
2637 2187 2787 2258 digni
2807 2195 2953 2252 sunt,
2978 2185 3239 2256 consequi
3262 2191 3669 2256 promerentur.

2076 2283 2194 2354 Ipse
2217 2283 2362 2342 enim
2404 2281 2628 2352 spiritus
2666 2279 2945 2350 sapientia:
2978 2285 3035 2334 et
3076 2275 3413 2341 intellectus,
3442 2273 3675 2345 spiritus

2077 2375 2288 2432 consilii
2317 2382 2372 2430 et
2399 2371 2766 2438 fortitudinis,
2797 2369 3020 2442 spiritus
3048 2367 3292 2425 scientiae
3330 2375 3386 2424 et
3417 2364 3674 2440 pietatis,
3715 2423 3720 2434 ,

2079 2474 2242 2538 atque
2265 2464 2492 2537 spiritus
2517 2462 2731 2520 timoris
2760 2459 2974 2518 Domini
2998 2459 3320 2532 appellatur.

2357 2622 2363 2628 .
2632 2573 2863 2631 CAPUT
2901 2571 3098 2634 XXXI.

2171 2646 2248 2702 De
2292 2653 2623 2708 sacramento
2672 2645 2908 2716 corporis
2945 2651 2996 2698 et
3040 2641 3313 2714 sanguinis
3342 2639 3578 2696 Domini.

2153 2734 2262 2791 Sed
2291 2735 2419 2805 quia
2447 2735 2515 2790 de
2546 2733 2754 2809 duobus
2785 2732 3173 2797 sacramentis,
3204 2730 3260 2786 id
3289 2738 3375 2786 est
3401 2729 3679 2800 baptismo

2081 2833 2137 2882 et
2159 2825 2457 2881 chrismate
2478 2821 2594 2893 jam
2621 2831 2884 2894 quantum
2914 2821 3071 2877 nobis
3095 2819 3359 2876 Dominus
3401 2819 3550 2876 dedit
3575 2833 3678 2876 su—

2081 2932 2181 2988 pra
2209 2913 2584 2980 disseruimus,
2611 2921 2861 2985 superest
2885 2921 2948 2968 ut
2985 2912 3054 2968 de
3092 2911 3315 2980 reliquis
3354 2909 3588 2977 duobus,
3621 2909 3680 2966 id

2082 3016 2186 3075 est,
2204 3021 2434 3078 corpore
2457 3013 2513 3061 et
2527 3005 2789 3077 sanguine
2805 3002 3041 3069 Domini,
3059 3003 3222 3059 etiam
3243 3016 3389 3059 nunc
3410 3009 3680 3071 quantum

2086 3098 2347 3154 Dominus
2368 3096 2641 3164 annuerit,
2667 3095 2979 3166 diligentius
3001 3093 3401 3164 mvestigemus.
3432 3092 3681 3146 Primum

2083 3192 2241 3250 nobis
2265 3190 2615 3274 quaerendum
2653 3197 2739 3251 est
2765 3202 2864 3245 cur
2888 3187 3148 3244 Dominus
3175 3184 3426 3256 corporis
3459 3192 3516 3239 et
3550 3199 3680 3240 sane

2081 3283 2259 3356 guinis
2302 3282 2387 3338 sui
2420 3279 2675 3354 mysteria
2721 3279 2778 3334 in
2825 3279 2920 3336 his.
2961 3279 3122 3334 rebus
3172 3275 3372 3332 sanciri
3417 3273 3684 3330 voluisset

2081 3388 2203 3444 qua:
2225 3371 2435 3430 comedi
2453 3379 2509 3427 et
2533 3368 2782 3426 consumi
2803 3375 3030 3440 possunt
3046 3407 3062 3434 ,
3091 3375 3147 3424 et
3170 3382 3277 3422 non
3300 3366 3482 3436 potius
3510 3365 3564 3419 in
3591 3365 3682 3419 his

2083 3479 2203 3535 quae
2236 3461 2441 3531 majore
2488 3461 2696 3516 honore
2723 3467 2936 3514 servata
2985 3456 3189 3512 diutius
3225 3455 3440 3526 integra
3485 3453 3683 3510 haberi

2081 3553 2422 3626 potuissent?
2449 3551 2665 3616 deinde,
2692 3567 2792 3606 cur
2835 3551 2892 3605 in
2922 3549 3043 3604 cibo
3071 3556 3127 3604 et
3154 3556 3285 3618 potu
3320 3547 3464 3602 idem
3489 3561 3683 3602 sacra-

2083 3653 2326 3705 mentum
2354 3643 2639 3708 voluisset,
2668 3640 2792 3697 cuin
2825 3656 2891 3695 ex
2937 3638 3171 3695 terrenis
3213 3636 3479 3692 fructibus
3527 3651 3686 3692 com-

2085 3738 2234 3795 muni
2259 3754 2362 3793 usu
2401 3744 2688 3798 terrestres
2722 3741 3026 3798 uterentur,
3048 3740 3104 3787 et
3142 3746 3250 3786 non
3278 3729 3451 3802 magis
3479 3743 3545 3784 ex
3571 3727 3687 3784 alia

2086 3832 2266 3902 aliqua
2312 3843 2373 3885 re
2398 3828 2526 3883 illud
2569 3825 2837 3891 traderet,
2867 3840 2989 3896 quas
3035 3823 3287 3878 similiter
3319 3821 3688 3894 percipientes

2087 3923 2368 3981 reﬁceret?
2398 3921 2506 3976 Sed
2560 3929 2746 3975 tamen
2787 3918 3130 3988 aliquatenus
3175 3931 3264 3971 res
3297 3915 3554 3970 inusitata
3577 3928 3689 3984 pro

2087 4014 2279 4086 majori
2304 4011 2565 4068 miraculo
2595 4011 2758 4067 etiam
2787 4009 2856 4064 ab
2886 4007 3152 4079 imperitis
3179 4015 3551 4069 veneraretur,
3573 4005 3690 4060 sic-

2089 4113 2148 4161 ut
2195 4119 2394 4160 manna
2443 4101 2550 4160 cibi
2601 4099 2840 4155 caelestis
2879 4099 3027 4169 pavit
3068 4098 3124 4154 in
3164 4096 3383 4152 deserto
3423 4095 3686 4166 populum

2088 4198 2466 4262 lsracliticum,
2499 4204 2554 4250 et
2599 4193 2848 4249 omnibus
2896 4192 3247 4250 admirandus
3275 4191 3429 4264 pluit.
3474 4189 3688 4246 Deinde

2091 4291 2224 4346 illud
2263 4289 2430 4346 etiam
2470 4287 2638 4359 qumri
2668 4295 2868 4357 potest,
2911 4301 3011 4342 cur
3051 4285 3195 4340 inter
3223 4297 3424 4354 omnes
3473 4280 3693 4338 fructus

2093 4390 2252 4436 terrae
2281 4379 2621 4450 potissimum
2650 4377 2718 4431 ad
2765 4377 2870 4432 hoc
2912 4375 3138 4447 elegerit
3165 4374 3492 4431 frumentum
3518 4381 3694 4442 atque

2093 4471 2277 4524 vinum
2300 4510 2315 4534 ,
2342 4468 2495 4538 quasi
2527 4467 2648 4537 ipsa
2680 4474 2909 4522 cunctos
2956 4463 3164 4521 fructus
3210 4473 3371 4519 terra:
3417 4461 3695 4533 dignitate

2100 4561 2427 4635 prmcellant,
2454 4568 2511 4616 et
2536 4559 2890 4631 pretiosiores
2913 4557 3165 4614 omnibus
3191 4557 3326 4612 ﬁant
3351 4571 3516 4626 :-'qua:
3541 4555 3695 4611 vide-

2099 4657 2227 4712 licet
2246 4655 2426 4710 omnia
2457 4653 2592 4709 solvi
2640 4667 2800 4722 posse
2845 4651 3134 4708 credimus.
3189 4648 3378 4704 Maluit
3407 4647 3551 4702 enim
3583 4647 3694 4702 Do-

2100 4749 2280 4802 minus
2305 4744 2550 4814 corporis
2577 4751 2631 4798 et
2652 4743 2934 4814 sanguinis
2969 4742 3052 4798 sui
3083 4747 3423 4796 sacramenta
3446 4737 3692 4794 ﬁdelium

2101 4855 2196 4895 ore
2221 4837 2447 4910 percipi,
2479 4845 2535 4892 et
2559 4836 2612 4890 in
2652 4842 2866 4905 pastum
2907 4847 3095 4889 eorum
3126 4832 3316 4904 redigi,
3342 4839 3403 4885 ut
3433 4845 3530 4900 per
3553 4828 3691 4884 visi-

2101 4930 2211 4986 bile
2245 4944 2380 4999 opus
2408 4927 2693 4983 invisibilis
2721 4923 3098 4981 ostenderetur
3140 4922 3385 4979 ell‘ectus.
3406 4922 3510 4978 .Sic
3541 4920 3704 4975 enim

2101 5020 2255 5075 cibus
2278 5017 2580 5074 materialis
2605 5016 2908 5073 forinsecus
2940 5015 3111 5071 nutrit
3145 5030 3345 5084 corpus
3369 5023 3424 5069 et
3452 5020 3704 5084 vegetat,

2102 5111 2178 5165 ita
2203 5110 2368 5166 etiam
2406 5107 2632 5164 verbum
2677 5108 2772 5165 Dei
2802 5109 2948 5164 intus
2973 5107 3211 5162 animam
3249 5105 3420 5162 nutrit
3448 5113 3503 5160 et
3530 5105 3700 5160 robo—

2104 5211 2208 5267 rat,
2244 5201 2368 5272 quia
2401 5215 2502 5254 non
2526 5202 2587 5255 in
2609 5197 2722 5253 solo
2748 5214 2882 5268 pane
2921 5199 3039 5253 vivit
3084 5198 3259 5261 homo,
3312 5195 3402 5250 sed
3442 5195 3500 5249 in
3547 5197 3702 5248 omni

2105 5292 2258 5345 verbo
2285 5289 2425 5361 quod
2473 5289 2703 5360 procedit
2729 5287 2794 5340 de
2842 5304 2932 5342 ore
2983 5287 3098 5341 Dei.
3146 5287 3256 5341 Et:
3291 5285 3520 5340 Verbum
3564 5300 3704 5340 caro

2107 5382 2307 5451 factum
2338 5393 2434 5448 est,
2469 5391 2516 5435 et
2546 5381 2798 5436 habitavit
2825 5380 2880 5434 in
2919 5363 3080 5438 ‘nobis
3121 5378 3302 5451 (Joan.
3335 5377 3409 5450 ι).
3441 5378 3531 5433 Ait
3561 5393 3706 5449 ergo

2108 5472 2222 5541 ipsa
2250 5469 2465 5526 Veritas
2499 5487 2510 5523 :
2549 5468 2686 5522 Caro
2711 5469 2852 5522 enim
2893 5486 3008 5524 mea
3045 5486 3160 5524 vere
3181 5478 3256 5523 est
3282 5469 3450 5532 cibus,
3494 5477 3540 5519 et
3569 5483 3708 5519 san-

2108 5565 2224 5633 guis
2255 5578 2398 5616 meus
2428 5577 2542 5615 vere
2579 5570 2653 5614 est
2703 5571 2878 5629 potus.
2905 5559 3044 5616 Vere
3085 5561 3294 5616 scilicet
3334 5574 3464 5616 caro
3489 5555 3716 5612 Christi-

2109 5662 2194 5708 est
2217 5651 2391 5716 cibus,
2415 5649 2540 5720 quia
2562 5663 2689 5704 vere
2715 5651 2908 5719 pascit,
2931 5659 2986 5704 et
3014 5650 3080 5706 ad
3110 5659 3368 5706 aeternam
3404 5647 3569 5701 vitam
3602 5646 3707 5699 ho-

2111 5745 2313 5802 minem
2359 5740 2559 5807 nutrit;
2591 5751 2648 5798 et
2689 5741 2910 5814 sanguis
2945 5740 3061 5812 ejus
3081 5755 3208 5800 vere
3245 5747 3534 5810 estpotus,
3567 5739 3724 5809 quia
