4002 6204
258 351 363 410 5ιῖ

1079 346 1169 403 DE
1204 346 1650 413 CLERICORUM
1682 349 2193 418 lNSTlTUTlONE,
2235 353 2388 416 ETC.
2421 385 2489 395 —
2527 353 2653 416 LIB.
2695 355 2732 410 l.

3451 365 3556 423 318

254 466 593 538 esurientem
618 470 673 523 et
705 459 980 525 sitientem
1009 461 1246 525 anitnam
1279 461 1548 533 justitiam
1595 465 1649 519 in
1696 473 1855 522 αξιοι·
1885 469 1932 540 Α
1962 471 2076 518 tum
2102 465 2246 518 enim
2294 465 2349 518 in
2386 465 2705 520 alimentum
2745 467 2989 537 corporis
3025 469 3305 542 redigitur,
3358 475 3556 534 virtute

256 574 391 628 num
437 555 718 616 veraciter
769 550 951 608 satiat.
1008 551 1385 623 Temporalem
1438 555 1640 625 quippe
1691 554 1856 608 vitam

255 650 377 724 sine
399 647 506 702 isto
537 644 661 725 cibo
686 651 742 700 et
761 649 893 714 potu
917 641 1121 705 habere
1146 650 1374 712 possunt
1397 643 1665 709 homines,
1695 653 1856 699 aeter-

256 755 386 814 nam
414 735 643 798 omnino
670 748 782 796 non
816 739 1066 804 possunt,
1091 732 1218 802 quia
1265 732 1369 788 iste
1416 733 1570 789 cibus
1611 742 1667 789 et
1699 743 1862 804 potus

141 817 154 827 ’
253 841 520 902 aeternam
560 827 877 908 societatem
905 825 1100 896 capitis
1126 827 1609 898 membrorumque
1635 843 1859 883 suorum

255 917 552 994 signiﬁcat.
586 913 691 982 Qui
719 913 1028 982 manducat,
1072 913 1270 983 inquit,
1301 931 1514 970 carnem
1563 933 1765 982 meam,
1809 925 1858 972 et

256 1011 383 1066 bibit
417 1007 732 1079 sanguinem
776 1020 970 1071 meum,
1007 1004 1200 1075 ipsein
1225 1020 1308 1059 me
1335 1015 1534 1072 manet,
1574 1015 1624 1062 et
1672 1025 1765 1077 ego
1802 1009 1858 1064 in

253 1119 343 1167 eo,
387 1105 732 1174 quapropter
759 1111 987 1153 necesse
1015 1096 1280 1160 habemus
1311 1111 1528 1160 sumere
1557 1113 1756 1169 corpus
1801 1107 1858 1156 et

253 1191 580 1266 sanguinem
611 1187 747 1258 ejus,
777 1197 840 1244 ut
878 1188 932 1242 in
975 1179 1460 1258 ipso’maneamus,
1489 1197 1542 1244 et
1584 1188 1702 1258 ejus
1731 1206 1856 1255 cor-

253 1282 408 1356 poris
465 1280 711 1344 membra
754 1279 948 1344 simus,
979 1278 1106 1348 quia
1164 1295 1312 1333 nemo
1368 1279 1600 1344 ascendit
1649 1281 1706 1336 in
1757 1297 1881 1336 σω-.

252 1373 391 1439 lum,
408 1371 512 1438 nisi
534 1371 629 1442 qui
653 1369 920 1424 descendit
944 1369 1009 1422 de
1030 1367 1179 1434 caelo,
1205 1366 1380 1423 Filius
1400 1369 1648 1434 hominis,
1671 1371 1856 1441 quiest

251 1465 309 1519 in
345 1461 478 1518 caelo
514 1460 697 1534 (Joan.
729 1459 834 1533 ιιι).
865 1458 1018 1526 Quod
1059 1466 1241 1513 autem
1274 1472 1340 1513 ex
1389 1446 1857 1526 terrat‘l‘ructibus

253 1555 433 1630 voluit
454 1556 572 1610 haec
610 1559 951 1608 sacramenta
999 1550 1214 1620 conﬁci,
1244 1550 1363 1605 huic
1393 1551 1534 1606 ratio
1562 1560 1646 1607 est
1689 1552 1856 1622 :-quia

251 1659 389 1715 ergo
441 1644 558 1714 ipse
593 1641 762 1698 Filius
792 1640 889 1696 Dei
938 1641 1100 1698 homo
1146 1641 1202 1696 in
1232 1650 1378 1697 terra
1424 1643 1568 1699 inter
1611 1644 1858 1700 homines

253 1735 439 1794 lactus
496 1742 603 1800 est,
648 1740 704 1788 et
741 1747 810 1788 ex
864 1732 1098 1789 terrenis
1140 1733 1493 1804 parentibus,
1539 1733 1746 1790 scilicet
1789 1750 1857 1790 ex

1961 561 2142 608 autem
2174 555 2499 609 sacramenti
2527 565 2747 612 :eterna:
2772 557 2894 611 vita:
2943 559 3179 630 dignitas
3217 563 3553 633 adipiscitur.

1959 645 2017 710 ιιι
2048 654 2390 700 sacramento
2417 645 2603 701 ﬁdeles
2624 648 2825 718 quique
2847 651 3311 709 communicantes
3337 667 3555 725 pactum

1959 737 2240 794 societatis
2294 745 2349 793 et
2397 739 2550 808 pacis
2597 739 2805 794 ineunt.
2847 741 2905 795 In
2948 741 3148 798 virtute
3193 746 3338 801 enim
3371 725 3557 807 sacra?

1959 828 2127 883 menti
2167 829 2347 884 omnia
2401 830 2643 884 membra
2682 831 2847 901 capiti
2891 848 2991 888 suo
3033 833 3322 902 conjuncta
3377 846 3431 892 et
3469 856 3558 895 co-

1958 919 2192 974 adunata
2225 921 2279 974 in
2307 929 2508 975 :rterna
2534 921 2782 976 claritate
2805 923 3136 992 gaudebunt.
3173 925 3325 982 Sicut
3349 943 3478 1000 ergo
3501 931 3556 988 in

1958 1024 2058 1065 nos
2084 1011 2139 1066 id
2173 1012 2508 1066 convertitur
2539 1027 2662 1067 cum
2706 1013 2758 1066 id
2789 1015 3178 1078 manducamus
3200 1027 3254 1074 et
3299 1021 3552 1090 bibimus,

1959 1099 2040 1169 sic
2077 1108 2254 1157 et‘nos
2288 1103 2341 1155 in
2379 1117 2578 1172 corpus
2607 1102 2810 1158 Christi
2857 1107 3228 1162 convertimur
3256 1111 3380 1164 dum
3431 1114 3559 1169 obe-

1959 1191 2169 1247 dienter
2197 1202 2250 1247 et
2270 1195 2357 1264 pie
2385 1195 2636 1248 vivimus.
2667 1193 2774 1249 Sed
2809 1203 2986 1262 tamen
3020 1198 3190 1268 ipsius
3229 1206 3554 1261 sacramenti

1960 1280 2124 1353 (sicut
2153 1298 2316 1353 supra
2344 1285 2599 1358 diximus)
2630 1294 2777 1340 tanta
2801 1294 2884 1340 est
2911 1287 3146 1360 dignitas
3187 1300 3242 1345 ct
3282 1302 3430 1354 tanta
3459 1281 3554 1366 po;

1959 1371 2151 1448 tentia,
2189 1386 2250 1431 ut
2291 1378 2599 1448 quicunque
2626 1379 2752 1434 illud
2783 1379 2998 1450 indigne
3025 1386 3348 1453 perceperit,
3381 1388 3554 1457 magis

1959 1465 2061 1520 sibi
2105 1467 2504 1524 damnationem
2561 1484 2724 1538 quam
2786 1471 3016 1527 salutem
3063 1476 3349 1543 acquirat,
3412 1481 3558 1550 quod

1959 1557 2200 1611 ostendit
2225 1558 2515 1629 Apostolus
2548 1559 2734 1615 dicens
2767 1579 2778 1614 :
2825 1559 3138 1632 Quicunque
3160 1566 3297 1619 enim
3325 1569 3557 1621 mandu-

1959 1645 2151 1700 cauerit
2173 1663 2362 1716 panem
2389 1649 2548 1713 hunc,
2582 1648 2659 1702 vel
2683 1650 2865 1704 biberit
2894 1651 3111 1706 calicem
3162 1653 3380 1709 Domini
3417 1658 3559 1710 indi-

1961 1750 2222 1806 gne,reus
2248 1736 2345 1790 erit
2377 1739 2612 1807 corporis
2658 1747 2706 1792 et
2753 1741 3029 1810 sanguinis
3075 1740 3312 1797 Domini.
3364 1743 3558 1798 Probet

251 1828 432 1899 stirpe
469 1824 642 1891 Adam
688 1823 1009 1896 progenitus
1042 1840 1056 1878 :
1084 1821 1292 1896 Veritas
1341 1824 1408 1880 de
1456 1834 1598 1880 terra
1627 1835 1742 1893 orta
1783 1836 1858 1894 est
1887 1830 1936 1890 B
1962 1834 2136 1879 autem
2183 1826 2415 1896 seipsum
2444 1827 2598 1881 homo
2630 1838 2677 1882 et
2722 1830 2799 1883 sic
2853 1831 2918 1884 de
2947 1848 3083 1901 pane
3112 1831 3204 1886 illo
3231 1833 3374 1900 edat,
3399 1845 3446 1888 et
3487 1834 3559 1888 de

254 1918 436 1992 (Psal.
467 1916 576 1990 tv),
629 1925 693 1972 ut
733 1930 801 1972 ex
851 1915 1138 1988 terrigenis
1183 1916 1459 1972 ccelicolas
1495 1915 1731 1983 faceret,
1789 1917 1856 1973 de

253 2008 500 2067 terrenis
546 2006 815 2063 fructibus
860 2003 1042 2062 cibum
1086 1995 1365 2062 caelestem
1411 2007 1574 2063 homo
1619 2008 1857 2074 caelestis

252 2100 414 2167 fecit,
452 2107 516 2156 ιιι
541 2088 688 2156 sicut
717 2098 835 2170 ipse
861 2097 1006 2154 Deus
1032 2097 1323 2154 invisibilis
1358 2098 1415 2153 in
1459 2113 1624 2153 carne
1658 2099 1858 2154 visibili

252 2191 325 2248 ad
365 2189 659 2260 salvandos
690 2187 953 2264 mortales
976 2187 1226 2244 mortalis
1268 2187 1535 2259 apparuit,
1578 2189 1653 2244 ita
1693 2189 1856 2258 etiam

251 2299 322 2340 ex
354 2282 588 2338 materia
620 2280 825 2336 visibili
850 2293 966 2336 rem
995 2279 1319 2337 invisibilem
1343 2295 1580 2352 congrue
1606 2281 1738 2352 ipsis
1766 2281 1858 2336 de-

252 2373 622 2437 monstravit,
674 2379 736 2428 ut
785 2371 842 2427 in
892 2370 1084 2428 eadem
1138 2385 1198 2426 re
1235 2370 1397 2427 simul
1449 2371 1756 2427 ediscerent
1802 2381 1859 2446 et

255 2465 391 2538 quid
418 2463 567 2520 Deus
602 2470 827 2534 propter
851 2475 953 2517 nos
982 2459 1160 2517 factus
1197 2469 1282 2516 est
1301 2502 1345 2528 ,.
1369 2468 1426 2516 et
1452 2461 1581 2531 quid
1617 2477 1717 2517 nos
1761 2477 1861 2533 pcr

255 2557 440 2628 ipsum
480 2554 650 2611 futuri
699 2568 909 2610 sumus.
948 2553 1041 2608 Ait
1071 2552 1218 2608 enim
1269 2553 1543 2624 apostolus
1571 2551 1807 2610 Joannes
1841 2570 1855 2608 :

255 2644 596 2709 Charissimi,
624 2661 761 2698 nunc
787 2643 889 2713 ﬁlii
931 2642 1030 2699 Dei
1043 2649 1254 2708 sumus,
1277 2652 1327 2696 et
1351 2643 1584 2698 nondum
1610 2641 1857 2713 apparuit

253 2738 386 2811 quid
410 2719 629 2802 erimus,
656 2735 851 2790 scimus
871 2734 1130 2807 quomodo
1163 2750 1282 2788 cum
1304 2734 1630 2804 apparuerit,
1655 2733 1854 2788 similes

255 2831 308 2886 ei
361 2830 562 2884 erimus
615 2825 678 2900 (ι
724 2827 887 2882 Joan.
921 2825 1029 2900 ιιι).
1057 2825 1170 2882 Cur
1211 2833 1393 2882 autem
1441 2839 1637 2896 panem
1687 2833 1740 2881 et
1773 2825 1858 2880 vi-

254 2935 394 2977 num
434 2919 581 2974 hanc
624 2915 941 2988 dignitatem
987 2915 1216 2986 elegerit
1269 2914 1494 2986 exponit
1551 2913 1856 2985 Scriptura,

254 3022 390 3082 quae
411 3016 650 3065 testatur
679 3005 944 3078 Spiritum
975 3014 1223 3063 sanctum
1248 3005 1632 3077 pronuntiasse
1665 3019 1860 3062 secun-

254 3099 394 3157 dum
438 3099 684 3156 ordinem
737 3097 1136 3155 Melchisedech
1185 3097 1466 3155 Christum
1518 3098 1857 3155 sacerdotem

1958 1912 2122 1968 calice
2151 1913 2314 1967 bibat.
2341 1913 2447 1980 Qui
2472 1917 2610 1970 enim
2638 1918 2923 1973 manducet
2959 1931 3007 1974 et
3058 1922 3183 1975 bibit
3212 1923 3442 1993 indigne,
3459 1925 3554 1994 ju-

1956 2001 2153 2056 dicium
2203 2003 2302 2058 sibi
2344 2004 2624 2058 manducat
2670 2017 2721 2061 et
2763 2007 2909 2074 bibit,
2952 2026 3056 2063 non
3099 2011 3402 2081 dijudicans
3446 2013 3555 2068 Do-

1957 2093 2091 2147 mini
2136 2109 2326 2164 corpus
2356 2093 2419 2165 (1
2447 2093 2570 2149 Cor.
2615 2095 2727 2165 ιιι).
2775 2097 2927 2154 Tunc
2965 2101 3108 2154 enim
3150 2116 3274 2157 vere
3303 2112 3358 2158 et
3409 2104 3559 2159 salu-

1958 2184 2135 2240 briter
2163 2201 2364 2256 corpus
2407 2194 2462 2243 et
2503 2190 2822 2259 sanguinem
2874 2190 3077 2248 Christi
3124 2196 3475 2267 percipimus,
3512 2196 3560 2252 si

1958 2291 2069 2332 non
2097 2285 2310 2332 tantum
2361 2277 2632 2345 volumus,
2667 2289 2728 2334 ut
2758 2280 2814 2335 in
2866 2294 3212 2341 sacramento
3241 2301 3463 2342 carnem
3503 2295 3560 2343 et

1959 2369 2277 2440 sanguinem
2323 2367 2526 2425 Christi
2558 2370 2806 2439 edamus,
2839 2372 2934 2428 sed
2983 2389 3157 2444 usque
3200 2377 3271 2432 ad
3319 2376 3560 2447 Spiritus

1958 2461 2430 2532 participationem
2457 2462 2850 2520 manducemus
2873 2473 2931 2520 et
2954 2465 3225 2535 bibamus,
3273 2477 3333 2524 ut
3368 2469 3423 2524 in
3453 2470 3562 2526 Do-

1960 2550 2093 2605 mini
2130 2566 2360 2621 corpore
2394 2559 2650 2622 tanquam
2683 2555 2926 2610 membra
2973 2572 3308 2625 maneamus,
3340 2567 3400 2615 ut
3441 2559 3561 2629 ejus

1961 2640 2168 2710 Spiritu
2185 2651 2513 2712 vegetemur.
2531 2641 2764 2698 Sumunt
2785 2660 2914 2716 ergo
2932 2645 3117 2703 fideles
3137 2650 3275 2705 bene
3289 2658 3342 2706 et
3356 2651 3560 2706 veraci—

1961 2740 2048 2788 ter
2060 2748 2259 2804 corpus
2275 2734 2493 2798 Christi,
2516 2735 2560 2790 si
2577 2751 2774 2805 corpus
2787 2736 2986 2793 Christi
3005 2756 3110 2794 non
3128 2741 3402 2813 negligant
3415 2757 3557 2810 esse,

1961 2823 2094 2879 ﬁant
2109 2841 2303 2895 corpus
2318 2825 2544 2894 Christi,
2561 2827 2606 2882 si
2620 2827 2805 2883 volunt
2819 2829 3004 2885 vivere
3019 2832 3086 2887 de
3110 2831 3314 2902 Spiritu
3332 2834 3555 2890 Christi.

1960 2912 2038 2969 De
2062 2913 2270 2985 Spiritu
2296 2914 2500 2971 Christi
2525 2933 2633 2973 non
2663 2919 2800 2973 vivit
2820 2920 2924 2975 nisi
2956 2936 3153 2990 corpus
3179 2922 3401 2980 Christi.
3431 2924 3560 2980 lude

1960 3013 2044 3061 est
2089 3006 2236 3074 quod
2288 3021 2567 3077 exponens
2623 3009 2780 3080 nobis
2831 3011 3125 3080 Apostolus
3177 3013 3322 3068 hunc
3363 3029 3559 3084 panem

1960 3111 2151 3164 unum,
2181 3113 2350 3152 unum
2387 3113 2583 3169 corpus
2612 3097 2813 3155 Christi
2846 3101 3158 3173 signiﬁcare
3199 3104 3427 3175 intelligi
3459 3120 3557 3159 vo-

253 3207 391 3249 esse
417 3190 683 3248 futurum.
737 3189 1132 3248 Melchisedech
1184 3203 1317 3264 ergo
1370 3189 1598 3248 Genesis
1647 3202 1854 3262 narrat,
1960 3187 2082 3245 luit.
2111 3188 2364 3256 Calicem,
2394 3189 2594 3262 inquit,
2643 3192 3018 3248 benedictionis
3068 3194 3155 3248 cui
3185 3194 3559 3263 benedicimus,

255 3295 468 3356 panem
511 3290 570 3338 et
614 3281 802 3337 vinum
850 3281 1116 3338 obtulisse
1158 3280 1314 3355 (Gen.
1374 3281 1509 3356 xxv).
1562 3281 1860 3354 Oportebat
1959 3294 2132 3334 nonne
2169 3281 2576 3335 communicatio
2623 3283 2894 3353 sanguinis
2927 3281 3125 3339 Christi
3169 3286 3290 3340 est?
3333 3296 3382 3340 et
3407 3288 3561 3357 panis

256 3375 414 3432 enim
447 3383 509 3432 ut
535 3374 627 3446 qui
649 3374 947 3431 secundum
969 3371 1218 3430 ordinem
1243 3373 1638 3431 Melchisedech
1678 3389 1860 3430 sacer-
1958 3387 2112 3444 quem
2158 3372 2452 3443 frangimus
2499 3389 2672 3429 nonne
2709 3375 3052 3446 participatio
3084 3379 3319 3447 corporis
3344 3377 3562 3434 Domini

258 3465 367 3524 dos
393 3465 572 3536 factus
605 3463 786 3521 fuerat
808 3463 1141 3521 oblationem
1178 3463 1421 3537 ejusdem
1448 3463 1722 3536 pontificis
1746 3465 1862 3535 ipse
1959 3463 2077 3518 est?
2097 3462 2371 3530 Quomodo
2393 3480 2530 3540 unus
2555 3465 2730 3536 panis,
2763 3482 2927 3520 unum
2951 3483 3142 3538 corpus
3167 3467 3323 3523 multi
3355 3465 3559 3536 sumus,

257 3554 517 3628 pontifex
563 3554 741 3611 factus
768 3554 1101 3623 imitaretur,
1135 3564 1198 3611 ut
1237 3554 1521 3626 Scriptura
1543 3555 1610 3612 de
1635 3570 1703 3612 eo
1735 3571 1863 3627 pro-
1961 3571 2243 3626 omnesque
2288 3553 2354 3608 de
2393 3571 2498 3610 uno
2527 3571 2665 3627 pane
2690 3565 2740 3610 et
2786 3572 2893 3611 uno
2944 3558 3109 3613 calice
3159 3560 3558 3631 participamus.

258 3647 528 3702 nuntians
553 3645 791 3703 veridica
819 3660 942 3703 esse
993 3645 1338 3718 probaretur,
1369 3647 1497 3718 quia
1544 3645 1705 3704 Jesus
1751 3663 1862 3704 non

256 3737 420 3792 venit
463 3737 674 3793 solvere
704 3737 922 3810 .legem,
952 3736 1048 3794 sed
1076 3737 1392 3809 adimplere,
1439 3736 1585 3795 sicut
1609 3738 1727 3810 ipsa
1764 3739 1866 3796 Ve-

259 3827 402 3884 ritas
447 3835 717 3884 testatur:
751 3827 1030 3894 Quomodo
1071 3843 1278 3883 necesse
1305 3836 1402 3900 est,
1431 3827 1627 3898 inquit,
1655 3827 1864 3900 impleri

262 3919 449 3975 omnia
475 3935 590 3991 qua:
619 3919 814 3991 scripta
842 3927 966 3974 sunt
996 3918 1052 3974 in
1081 3917 1190 3989 lege
1210 3958 1225 3984 ,
1251 3925 1300 3972 et
1336 3918 1626 3989 prophetis,
1645 3927 1694 3972 et
1722 3917 1865 3989 psal-

260 4009 390 4075 mis,
425 4008 492 4064 de
514 4009 636 4065 me!
669 4007 966 4080 Propterea
987 4007 1195 4079 quippe
1220 4005 1486 4062 Dominus
1532 4016 1721 4063 noster
1745 4021 1866 4062 cor—

260 4115 372 4171 pus
413 4107 472 4157 et
497 4100 815 4171 sanguinem
846 4114 1012 4178 suum.
1035 4098 1092 4153 in
1139 4098 1220 4154 eis
1265 4097 1429 4154 rebus
1469 4097 1868 4170 commendavit

261 4206 391 4263 quae
423 4190 493 4247 ad
541 4206 712 4247 unum
753 4189 957 4268 aliquid
998 4189 1338 4261 rediguntur,
1390 4204 1457 4264 ex
1511 4188 1698 4244 multis
1751 4189 1868 4246 sive

261 4285 456 4358 granis
483 4284 597 4340 sive
619 4284 852 4358 azymis,
877 4291 939 4338 ut
962 4289 1274 4338 sanctorum
1304 4278 1585 4358 charitatis
1605 4279 1867 4335 unitatem

262 4377 633 4448 signiﬁcaret,
655 4383 712 4432 et
747 4372 975 4451 intelligi
1003 4373 1158 4429 daret
1194 4371 1438 4444 corporis
1473 4373 1868 4428 membrorum-

1961 3640 2074 3700 Nec
2117 3643 2263 3699 enim
2297 3643 2351 3699 in
2403 3647 2765 3702 sacramentis
2806 3647 2954 3703 aliud
3009 3649 3193 3704 otl‘erri
3237 3650 3402 3717 licet,
3455 3651 3562 3706 nisi

1962 3733 2108 3803 quod
2153 3732 2420 3806 Dominus
2469 3734 2585 3804 ipse
2623 3734 2926 3801 constituit,
2959 3745 3015 3791 et
3051 3751 3151 3792 suo
3176 3738 3427 3807 exemplo
3474 3737 3561 3805 la-

1963 3837 2089 3880 cere
2141 3838 2244 3880 nos
2295 3823 2497 3879 docuit.
2547 3823 2811 3889 Quoniam
2858 3824 3120 3880 Dominus
3159 3825 3315 3882 Iesus
3351 3827 3406 3880 in
3453 3843 3560 3893 qua

1964 3925 2112 3970 nocte
2141 3915 2452 3970 tradebatur
2487 3917 2686 3986 accepit
2711 3933 2920 3988 panem,
2953 3925 3001 3970 et
3027 3917 3226 3988 gratias
3257 3933 3415 3988 agens
3450 3917 3561 3985 fre-

1963 4007 2036 4077 git
2078 4015 2127 4060 et
2153 4007 2289 4060 dixit
2315 4025 2331 4060 .'
2361 4005 2480 4061 Hoc
2524 4018 2598 4062 est
2631 4025 2821 4078 corpus
2869 4025 3042 4062 meum
3089 4009 3228 4078 quod
3274 4023 3369 4078 pro
3418 4008 3562 4062 vobis

1965 4095 2226 4161 traditur;
2250 4095 2365 4162 _hoc
2401 4095 2560 4165 facite
2585 4098 2640 4150 in
2668 4113 2836 4152 meam
2879 4098 3445 4152 commemoratibnem.
3477 4095 3563 4151 Si-

1964 4185 2159 4241 militer
2179 4196 2228 4241 et
2250 4187 2466 4242 calicem
2494 4198 2770 4260 postquam
2797 4189 3014 4242 coenavit
3045 4188 3223 4242 dicens
3247 4204 3265 4242 :
3291 4185 3395 4242 Hic
3421 4186 3564 4242 calix

1968 4279 2112 4354 Novi
2138 4280 2454 4335 Testamenti
2477 4291 2552 4336 est
2576 4283 2629 4336 in
2663 4298 2774 4336 meo
2803 4282 3082 4355 sanguine,
3109 4285 3208 4336 hoc
3247 4283 3406 4354 facite
3432 4299 3564 4354 quo-

1965 4375 2265 4444 tiescunque
2319 4373 2530 4441 bibatis,
2585 4375 2640 4428 in
2690 4391 2858 4428 meam
2905 4378 3451 4433 commemorationem
3497 4378 3562 4451 (Ι

261 4483 377 4542 que
401 4483 624 4524 suorum
662 4468 951 4534 unitatem,
981 4466 1128 4538 quod
1164 4473 1250 4522 est
1291 4472 1478 4522 sancta
1517 4464 1760 4521 Ecclesia
1811 4465 1865 4520 in
1893 4527 1941 4542 n
1969 4463 2092 4520 Cor.
2148 4463 2259 4537 ιιι).
2301 4463 2444 4536 Ergo
2501 4479 2699 4534 panem
2749 4463 3212 4528 inlermcntatum.
3274 4476 3330 4524 et
3375 4469 3562 4524 vinum
3621 4503 3628 4534 ,-

259 4561 676 4636 pmdestinatis
702 4570 759 4617 et
781 4561 991 4618 vocatis
1005 4558 1321 4629 justiﬁcatis
1347 4567 1510 4631 atque
1530 4559 1863 4631 gloriﬁcatis,

261 4656 480 4712 sanctis
528 4665 586 4713 et
627 4656 877 4713 ﬁdelibus
930 4655 1048 4726 ejus
1091 4673 1106 4710 :
1162 4669 1396 4726 quorum
1464 4653 1700 4724 primum
1751 4650 1866 4721 jam

261 4749 482 4804 factum
527 4756 634 4814 est,
666 4748 720 4804 id
749 4756 852 4815 est,
901 4748 957 4803 in
1009 4747 1519 4819 praedestinatione;
1569 4745 1865 4801 secundum

263 4847 327 4895 et
357 4839 579 4894 tertium
609 4846 665 4895 et
687 4837 888 4894 factum
914 4846 1018 4906 est,
1049 4846 1104 4893 et
1133 4837 1213 4903 ﬁt,
1239 4845 1295 4894 et
1325 4837 1436 4903 ﬁet,
1469 4837 1523 4893 id
1550 4844 1636 4892 est
1655 4835 1868 4892 vacatio

261 4936 326 4985 et
347 4927 696 4999 iustiﬁcatio;
735 4937 992 5001 quartum
1020 4936 1202 4985 autem
1235 4929 1291 4984 in
1318 4943 1380 4984 re
1413 4927 1653 4983 futurum
1675 4934 1782 4992 est,
1814 4926 1868 4982 id

263 5025 360 5074 est
394 5017 714 5090 gloriﬁcatio
741 5017 903 5089 hujus
931 5019 1010 5074 rei
1037 5027 1461 5085 sacramentum,
1490 5018 1545 5075 id
1575 5027 1659 5074 est
1685 5019 1868 5073 unitas

264 5109 522 5180 corporis
548 5119 603 5166 et
630 5112 912 5182 sanguinis
935 5111 1141 5184 Christi
1163 5111 1230 5168 de
1255 5125 1442 5167 mensa
1469 5110 1748 5167 Dominica
1781 5121 1869 5165 as—
1919 5157 1924 5162 .

264 5200 512 5260 sumitur
536 5201 860 5272 quibusdam
885 5202 954 5259 ad
981 5201 1170 5268 vitam,
1187 5202 1508 5272 quibusdam
1531 5203 1598 5256 ad
1619 5201 1864 5265 exitium,

265 5308 366 5348 res
397 5307 530 5349 vero
567 5292 684 5364 ipsa
733 5295 883 5350 omni
913 5295 1116 5354 homini
1148 5296 1215 5350 ad
1253 5294 1444 5360 vitam,
1473 5292 1602 5347 nulli
1649 5291 1716 5346 ad
1753 5292 1868 5347 cxi-

262 5383 434 5439 tium.
462 5379 782 5454 Quicunque
811 5384 954 5439 enim
1000 5385 1118 5455 ejus
1146 5384 1418 5457 particeps
1450 5382 1636 5446 fuerit,
1665 5383 1719 5437 id
1760 5389 1868 5447 est,

263 5473 495 5530 Christo
527 5473 694 5545 capiti
719 5477 1026 5532 membrum
1055 5477 1356 5533 associatus
1403 5473 1567 5529 fuerit
1603 5474 1655 5528 in
1705 5489 1872 5544 regno

266 5564 508 5631 caelesti,
551 5566 681 5636 quia
723 5566 872 5622 aliud
918 5577 1004 5625 est
1049 5576 1471 5634 sacramentum,
1517 5568 1660 5624 aliud
1702 5568 1873 5623 virtus

266 5657 622 5721 Sacramenti,
656 5669 1058 5715 sacramentum
1100 5661 1245 5716 enim
1281 5673 1376 5714 ore
1413 5658 1729 5729 percipitur,
1771 5659 1874 5713 vir-

274 5753 394 5805 tute
423 5746 756 5805 sacramenti
785 5747 1016 5808 interior
1059 5749 1222 5806 homo
1253 5748 1506 5806 satiatur.
1550 5749 1873 5806 Sacramen-

1893 4527 1944 4586 D

1971 4573 2109 4628 aqua
2148 4559 2370 4613 mistum
2401 4558 2457 4612 in
2487 4567 2889 4614 sacramentum
2919 4560 3162 4630 corporis
3200 4569 3256 4616 et
3283 4564 3564 4634 sanguinis

1970 4647 2171 4704 Christi
2213 4649 2541 4705 sanctiﬁcari
2568 4658 2805 4719 oportet,
2833 4649 2959 4722 quia
2983 4650 3127 4720 ipsas
3155 4665 3243 4706 res
3273 4653 3340 4708 dc
3371 4669 3430 4710 se
3460 4655 3565 4709 Do-

1972 4740 2175 4794 minum
2211 4740 2496 4814 testiﬁcari
2520 4741 2870 4812 Evangelium
2912 4751 3121 4796 narrat.
3147 4743 3239 4798 Ait
3263 4745 3408 4820 enim
3449 4745 3564 4817 ipse

1971 4830 2264 4885 Dominus:
2287 4830 2399 4901 Ego
2425 4848 2541 4886 sum
2567 4834 2721 4902 panis
2753 4833 2895 4887 vivus
2917 4832 3008 4903 qui
3031 4833 3097 4887 de
3124 4833 3251 4888 caelo
3279 4835 3564 4890 descendi:

1970 4922 2017 4976 si
2041 4923 2158 4993 quis
2187 4921 2579 4977 manducauerit
2615 4941 2680 4977 ex
2721 4924 2817 4978 hoc
2839 4941 2996 4994 pane,
3033 4925 3159 4979 vivet
3187 4927 3242 4979 in
3267 4937 3519 4981 ceternum
3550 4967 3570 4992 ,

1973 5025 2022 5070 et
2049 5016 2202 5087 panis
2231 5032 2384 5086 quem
2413 5033 2507 5088 ego
2536 5017 2672 5072 dabo
2709 5034 2831 5072 caro
2864 5034 2979 5072 mea
3007 5028 3082 5072 est
3122 5035 3216 5089 pro
3241 5020 3426 5088 mundi
3455 5021 3560 5074 vita

1974 5106 2156 5180 (Joan.
2183 5106 2282 5181 v1).
2310 5109 2377 5163 Et
2414 5109 2542 5164 item
2571 5126 2584 5163 :
2614 5109 2729 5180 Ego
2757 5126 2895 5177 sum,
2926 5110 3120 5181 inquit,
3151 5110 3267 5164 ritis
3289 5127 3432 5164 vera.
3459 5109 3567 5164 l'a-

1974 5197 2059 5252 nis
2079 5197 2223 5252 enim
2254 5197 2352 5253 Dei
2392 5198 2674 5255 descendit
2699 5199 2765 5254 de
2794 5199 2963 5265 etelo,
2990 5208 3045 5254 et
3075 5200 3164 5254 dat
3195 5199 3360 5252 vitam
3398 5215 3558 5253 mun-

1975 5291 2044 5346 do
2066 5330 2083 5357 ,
2111 5306 2274 5362 quem
2314 5291 2477 5348 Pater
2516 5291 2770 5362 signavit,
2805 5291 2948 5366 Deus
2977 5291 3124 5346 misit
3175 5291 3229 5344 in
3277 5291 3558 5344 mundum.

1974 5383 2075 5441 Hic
2103 5395 2188 5441 est
2215 5385 2372 5456 panis
2393 5387 2536 5452 vitae,
2576 5387 2721 5458 hunc
2750 5386 2840 5456 qui
2866 5387 3184 5458 manducat,
3221 5399 3329 5440 non
3355 5385 3562 5440 esuriet

1975 5477 2030 5532 in
2056 5487 2342 5534 aeternum.
2389 5477 2498 5535 Iste
2523 5479 2678 5550 panis
2721 5493 2815 5534 cor
2850 5476 3085 5532 hominis
3119 5475 3422 5539 conﬁrmat,
3457 5475 3562 5531 istc

1974 5569 2191 5640 quidem
2255 5569 2322 5625 de
2374 5578 2519 5625 terra
2579 5577 2786 5624 natura:
2843 5576 3042 5623 nostrae
3101 5569 3394 5638 productus
3447 5575 3555 5621 est.

1975 5660 2232 5732 l'stuclque
2254 5663 2438 5728 vinum
2471 5661 2708 5717 laetiﬁcat
2748 5674 2844 5715 cor
2886 5658 3136 5722 hominis,
3170 5658 3312 5728 quod
3351 5672 3420 5713 cx
3453 5657 3562 5712 vite

1977 5768 2103 5808 vera
2134 5753 2415 5824 processit.
2448 5752 2554 5808 Nec
2595 5753 2741 5821 enim
2773 5750 2918 5807 aliud
2944 5766 3011 5806 ex
3048 5750 3156 5806 vite
3185 5765 3347 5817 quam
3376 5749 3561 5804 vinum
