4002 6204
420 421 527 483 519

1092 415 1154 471 n.
1197 386 1449 473 nam
1488 400 1709 472 suum
1742 365 2062 472 incursu
2105 410 2417 474 uocum.
2459 384 2747 473 orarum
2786 384 2968 470 rans
3002 411 3052 469 π.

3581 400 3691 470 ω

416 532 572 592 nasci
593 536 788 605 potest.
802 526 949 603 Ergo
960 527 1084 600 quia
1104 528 1259 599 panis
1281 525 1525 597 corporis
1552 524 1855 591 conﬁrmat,
1882 523 2003 580 ideo
2030 544 2083 600 Α
2108 523 2241 580 illud
2266 523 2642 582 inaestimabile
2658 533 2716 580 et
2739 521 3052 581 inviolabile
3073 522 3343 583 Dominici
3366 482 3613 596 corporis
3634 534 3697 582 et

418 625 509 684 ille
535 640 733 695 corpus
781 621 983 679 Christi
1023 627 1380 690 congruenter
1412 625 1774 689 nuncupatur.
1805 615 2008 673 Vinum

416 723 601 775 autem
640 713 766 783 quia
816 710 1131 784 sanguinem
1174 715 1431 778 operatur
1473 707 1527 762 in
1559 707 1910 774 οδε-πθ,ἰάεο
1936 706 2005 763 ad

419 808 739 878 sanguinem
785 805 982 861 Christi
1026 790 1280 861 refertur.
1325 801 1452 859 Haec
1499 810 1681 858 autem
1723 803 1849 859 dum
1877 810 2005 858 sunt

418 898 653 953 visibilia
698 896 1056 958 sanctiﬁcata,
1100 902 1280 949 tamen
1333 909 1431 963 per
1466 893 1727 963 Spiritum
1756 900 2005 948 sanctum

420 990 475 1044 in
508 997 907 1045 sacramentum
937 986 1101 1040 divini
1132 986 1374 1055 corporis
1398 992 1697 1042 transeunt.
1730 983 1884 1052 Quod
1909 1000 2006 1040 au-

422 1084 527 1134 tem
574 1095 765 1149 panem
797 1077 1048 1136 sacriﬁcii
1097 1079 1214 1133 sine
1255 1078 1522 1134 fermento
1565 1093 1686 1134 esse
1732 1085 2001 1147 oporteat,

420 1181 655 1227 testatur
692 1172 829 1226 liber
857 1171 1157 1237 Levitieus,
1195 1171 1286 1227 ubi
1316 1178 1774 1226 commemoratur
1822 1170 2005 1226 Domi-

420 1280 547 1315 nnm
581 1279 678 1332 per
720 1263 939 1334 Moysen
969 1262 1095 1318 ﬁliis
1121 1263 1287 1318 Israel
1313 1263 1389 1318 ita
1413 1263 1759 1333 pmcepisse.
1797 1261 2001 1329 Omnis,

421 1355 615 1426 inquit,
649 1357 843 1413 oblatio
865 1374 982 1429 qua:
1003 1358 1223 1427 offertur
1251 1356 1478 1412 Domino
1512 1356 1704 1428 absque
1748 1356 2003 1427 fermento

415 1448 534 1518 ﬁat,
568 1466 661 1502 nec
700 1449 988 1520 quidquam
1018 1448 1262 1518 fermenti
1306 1466 1369 1503 ac
1413 1447 1580 1503 mellis
1625 1446 1921 1502 adolebitur
1948 1448 2004 1503 in

416 1537 677 1607 sacriﬁcio
733 1538 949 1593 Domini
999 1537 1181 1611 (Leuit.
1232 1536 1373 1609 vni).
1422 1537 1707 1594 Credimus
1761 1551 1892 1609 ergo
1948 1545 2005 1593 et

415 1645 610 1700 panem
642 1632 791 1687 illum
822 1648 983 1701 quem
1028 1631 1558 1705 primum‘Dominus
1606 1630 1663 1686 in
1702 1644 1861 1695 omna
1884 1645 2005 1702 my-

418 1724 556 1787 stica
606 1725 659 1778 in
686 1726 1002 1796 mysterium
1033 1723 1279 1795 corporis
1312 1723 1395 1779 sui
1439 1721 1800 1787 consecravit,
1836 1720 2005 1779 infer-

415 1823 718 1871 mentatum
752 1831 890 1880 esse,
932 1816 1170 1871 maxime
1218 1830 1344 1871 cum
1399 1814 1454 1869 in
1504 1822 1745 1883 tempore
1786 1813 2001 1882 paschae

2108 615 2390 687 sanguinis
2415 625 2821 672 sacramentum
2851 625 3122 672 temerare
3142 616 3444 691 praesumit.
3462 615 3559 673 Ille
3584 616 3725 674 Μ’·

2107 706 2314 761 minum
2344 706 2550 772 vendit,
2604 706 2717 777 qui,
2748 705 2868 777 ejus
2919 707 3115 763 timore
3162 714 3326 777 atque
3366 721 3554 763 amore
3588 721 3696 763 ne-

2106 796 2302 868 glecto.
2333 805 2551 854 terrena
2576 812 2674 869 pro
2703 797 2794 872 illo
2824 806 2881 854 et
2920 798 3145 865 caduca,
3177 797 3288 859 imo
3313 798 3478 854 etiam
3506 798 3698 861 οιιίωί..

2106 906 2263 957 nosa,
2291 890 2517 961 diligere
2566 899 2623 946 et
2663 906 2859 948 curare
2887 891 3248 959 convincitur,
3278 889 3390 947 Sed
3416 891 3472 946 in
3502 907 3694 947 sacra-

2105 989 2290 1036 mento
2335 981 2517 1036 vinum
2561 995 2702 1051 aqua
2748 981 2967 1037 mistum
3022 980 3207 1039 offerri
3236 981 3426 1049 debet,
3458 982 3598 1054 quia.
3632 982 3697 1038 in

2105 1072 2395 1143 Evangelia
2419 1072 2615 1144 legitur
2640 1073 2783 1143 quod
2812 1089 2936 1128 cum
2965 1073 3267 1143 aperuisset
3290 1088 3431 1128 unus
3458 1072 3693 1128 militum

2104 1163 2290 1219 lancea
2322 1162 2462 1219 latus
2487 1163 2636 1232 Iesu,
2666 1165 2922 1220 continuo
2941 1163 3138 1221 exierit
3179 1164 3399 1236 sanguis
3441 1172 3497 1220 et
3525 1179 3691 1234 aqua.

2103 1253 2197 1317 Ille
2224 1256 2369 1311 enim
2409 1256 2629 1328 sanguis
2658 1256 2713 1311 in
2740 1254 3113 1313 remissionem
3135 1254 3290 1313 fusus
3327 1264 3412 1314 est
3436 1250 3702 1328 peceato-

2105 1362 2258 1413 rum,
2276 1362 2418 1416 aqua
2446 1346 2533 1403 illa
2584 1347 2825 1407 salutare
2863 1355 3137 1418 temperat,
3157 1346 3410 1418 poculum
3447 1348 3594 1415 hac,
3634 1356 3691 1404 et

2103 1437 2377 1495 lavacrum
2417 1446 2641 1510 praestat
2691 1446 2748 1494 et
2790 1449 2999 1508 potum.
3057 1438 3262 1496 Neuter
3316 1454 3447 1514 ergo
3494 1441 3692 1497 borum

2103 1528 2222 1585 sine
2277 1529 2450 1586 altero
2482 1529 2539 1585 in
2585 1529 2861 1588 sacriﬁcio
2906 1530 3067 1588 debet
3110 1530 3318 1599 oII'erri,
3364 1547 3468 1589 nec
3500 1532 3689 1589 vinum

2104 1620 2223 1678 sine
2247 1635 2405 1693 aqua,
2435 1636 2538 1679 nec
2560 1637 2699 1692 aqua
2729 1622 2846 1679 sine
2871 1621 3027 1690 vino,
3042 1621 3170 1693 quia
3210 1630 3268 1679 et
3298 1637 3399 1681 nos
3427 1623 3485 1679 in
3525 1621 3683 1679 Chri-

2103 1721 2209 1781 sto,
2240 1722 2298 1771 et
2343 1714 2401 1770 in
2455 1714 2613 1771 nobis
2655 1714 2933 1775 Christum
2979 1729 3203 1771 manere
3253 1721 3488 1784 oportet,
3541 1714 3693 1792 quod

2101 1804 2576 1873 ostenditsanctus
2600 1803 2904 1878 Cyprianus
2929 1804 3005 1861 ita
3026 1804 3214 1861 dicens
3246 1820 3271 1859 :.
3291 1801 3475 1881 Calig,
3491 1802 3690 1873 inquit,

413 1906 621 1961 nullum
647 1907 969 1963 fermentum
992 1907 1244 1976 cuiquam
1280 1906 1452 1972 vesci,
1479 1906 1573 1963 sed
1603 1921 1706 1961 nec
1742 1904 1801 1959 in
1840 1904 2000 1961 domo

2105 1895 2422 1953 Dominieus
2470 1895 2599 1952 vino
2645 1896 2840 1953 mistus
2884 1893 3139 1963 oﬁ‘ertur,
3187 1890 3319 1967 quia
3360 1886 3691 1979 videmuth

415 1995 619 2052 habere
646 1997 739 2052 ulli
765 1996 983 2065 licebat,
1017 1998 1245 2055 Domino
1273 1996 1403 2052 illud
1428 1997 1484 2052 in
1513 1997 1631 2068 lege
1653 1996 2001 2067 praecipiente

415 2102 482 2142 ac
514 2088 746 2153 dicente,
779 2090 921 2144 sicut
954 2090 1171 2146 Exodus
1204 2098 1455 2146 testatur.
1489 2086 1672 2145 Primo
1699 2105 1895 2155 mense,
1922 2088 2005 2145 in-

413 2181 553 2249 quit,
580 2182 975 2252 quartadecima
1001 2182 1087 2236 die
1112 2182 1307 2237 mensis
1337 2182 1406 2235 ad
1430 2198 1717 2253 uesperam,
1762 2180 2003 2237 comede-

413 2270 480 2326 tis
510 2288 701 2342 azyma
735 2289 897 2345 usque
925 2273 994 2327 ad
1033 2273 1169 2328 diem
1211 2273 1507 2333 vicesimam
1533 2273 1768 2344 ejusdem
1808 2276 2001 2330 mensis

413 2363 483 2417 ad
532 2380 829 2432 vesperam;
866 2372 1061 2434 septem
1097 2362 1279 2419 diebus
1310 2379 1414 2417 non
1458 2363 1749 2417 invenietur
1779 2363 2004 2432 fermen-

412 2461 523 2506 tum
548 2453 604 2507 in
640 2454 879 2509 domibus
902 2454 1114 2518 vestris;
1152 2454 1244 2523 qui
1290 2451 1572 2507 comederit
1608 2451 2001 2522 famulatum,

411 2542 599 2611 peribit
642 2543 822 2596 anima
872 2559 971 2596 sua
1014 2542 1079 2597 de
1126 2551 1259 2596 coetu
1289 2537 1461 2597 Israel
1483 2580 1501 2607 ,
1546 2551 1667 2595 4am
1697 2540 1762 2595 de
1788 2541 2002 2597 advenis

411 2645 569 2698 quam
612 2630 872 2701 indigenis
920 2640 1073 2686 terra:
1120 2630 1317 2703 (Exod.
1358 2630 1480 2701 xu).
1523 2630 1591 2686 Et
1636 2631 1800 2701 paulo
1840 2642 1998 2703 post:

412 2718 634 2790 Azyma,
666 2720 859 2790 inquit,
888 2721 1166 2776 comedetis
1190 2706 1382 2794 {emam
1413 2722 1617 2790 diebus,
1643 2740 1748 2778 non
1776 2740 2000 2794 appare-

413 2808 486 2862 bit
510 2810 652 2880 apud
676 2820 725 2865 te
741 2810 943 2882 aliquid
972 2811 1361 2881 fermentatum,
1386 2829 1477 2868 nec
1501 2813 1557 2868 in
1581 2814 1781 2868 cunctis
1805 2813 2002 2884 ﬁnibus

413 2901 518 2956 tuis
536 2942 552 2967 ,
581 2911 638 2957 et
666 2903 894 2973 reliqua.
925 2902 1079 2971 Quod
1108 2921 1240 2977 ergo
1268 2921 1445 2976 neque
1470 2904 1524 2960 in
1552 2904 1712 2961 domo
1741 2921 1916 2976 neque
1944 2906 1999 2963 in

414 2990 611 3046 ﬁnibus
653 2993 864 3048 eunetis
902 3007 1090 3047 eorum
1142 2994 1339 3064 pepnlo
1385 2992 1480 3049 Dei
1526 2994 1729 3050 habere
1779 2993 1996 3061 licebat,

358 3146 367 3152 '
413 3080 742 3150 superfluum
790 3090 875 3137 est
915 3082 1169 3137 arbitrari
1218 3082 1272 3137 id
1304 3083 1590 3141 Dominum
1619 3083 1753 3141 foris
1803 3085 1997 3156 exqui-

414 3170 567 3225 sisse.
600 3170 739 3238 Quid
783 3180 966 3228 autem
1021 3172 1150 3229 illud
1187 3173 1473 3245 signiﬁcet,
1525 3175 1669 3245 quod
1704 3174 1761 3230 in
1789 3172 1998 3230 Pascha

2103 2001 2245 2058 aqua
2296 1986 2552 2059 populum
2594 1986 2853 2060 intelligi,
2875 1986 2933 2044 in
2956 1986 3093 2044 vino.
3121 2001 3254 2043 vero

2103 2076 2324 2149 guinem
2356 2076 2578 2135 Christi.
2613 2077 2839 2145 Quando
2869 2086 3052 2135 autem
3095 2078 3150 2134 in
3179 2076 3352 2155 calice
3386 2066 3538 2150 aqua

2103 2169 2387 2237 miscetur,
2413 2169 2630 2226 Christo
2664 2170 2895 2242 populus
2935 2171 3227 2237 adunatur,
3258 2152 3693 2251 etgnedﬂtiium

2103 2259 2256 2330 plebs
2289 2260 2340 2316 ei
2384 2260 2442 2316 in
2471 2275 2632 2334 quem
2656 2261 2830 2319 credit
2867 2260 3150 2335 copulatur
3173 2267 3233 2319 et
3558 2252 3693 2327 Quae

2103 2352 2374 2422 copulatio
2402 2361 2460 2409 et
2495 2354 2807 2425 coniunctio
2833 2368 2990 2426 aqua:
3031 2362 3090 2410 et
3133 2353 3246 2409 vini
3294 2344 3395 2431 sic;
3428 2351 3695 2423 miscetur

2104 2447 2159 2501 in
2185 2446 2355 2503 calice
2380 2445 2615 2513 Domini,
2649 2456 2710 2504 ut
2732 2449 3043 2505 commistio
3083 2448 3177 2505 illa
3220 2449 3550 2517 abinVicem
3578 2462 3693 2505 non

2103 2537 2275 2608 possit
2315 2538 2588 2609 separari,
2611 2539 2695 2595 ita
2742 2555 2845 2597 nec
2897 2539 3143 2598 Ecclesia
3172 2556 3207 2596 a
3245 2528 3479 2613 Christe
3510 2546 3697 2611 potest

2104 2625 2267 2681 dividi
2293 2634 2349 2683 et
2380 2628 2644 2699 separari,
2672 2639 2778 2686 etc.
2805 2629 3113 2713 Attestante
3132 2630 3278 2688 enim
3299 2630 3691 2703 Joanne,aqua

2100 2717 2283 2788 pepuli
2310 2727 2466 2787 sunt;
2498 2728 2556 2777 et
2606 2736 2784 2793 neque
2829 2738 3037 2794 aquam.
3062 2724 3235 2780 solam
3270 2739 3446 2794 neque
3497 2724 3689 2780 vinum

2102 2809 2296 2877 solum,
2321 2810 2463 2867 sicut
2486 2826 2587 2869 nec
2612 2827 2842 2883 granum
2864 2813 3126 2872 frumenti
3169 2814 3343 2872 solum
3379 2815 3499 2873 sine
3533 2828 3691 2884 aquae

2103 2900 2427 2958 admistione
2456 2910 2512 2959 et
2540 2902 2881 2961 confectione
2925 2905 2980 2961 in
3031 2919 3228 2976 panem
3277 2905 3531 2975 cuiquam
3559 2902 3692 2963 licet

2100 2991 2317 3060 offerre,
2347 3008 2416 3049 ne
2449 2994 2702 3052 videlicet
2731 2996 2857 3053 talis
2902 2996 3106 3054 oblatio
3134 3006 3298 3068 caput
3345 3011 3377 3055 a
3423 2994 3690 3052 membris

2100 3084 2491 3141 secernendum
2541 3100 2663 3143 esse
2702 3085 2994 3159 signiﬁcet,
3023 3093 3080 3143 et
3121 3087 3206 3143 vel
3253 3085 3531 3143 Christum
3566 3085 3692 3149 sine

2100 3182 2301 3230 nostra:
2343 3175 2731 3246 redemptionis
2781 3193 2966 3235 amore
3008 3179 3249 3250 potuisse
3298 3177 3433 3248 pati,
3459 3175 3546 3232 vel
3585 3190 3689 3232 nos

412 3262 625 3317 comedi
653 3262 878 3317 vetitum
918 3271 1040 3319 erat
1066 3264 1303 3321 ostendit
1345 3263 1658 3336 Apostolus,
1685 3272 1741 3323 et
1782 3265 1999 3337 paschae
2024 3257 2070 3321 C
2100 3263 2220 3319 sine
2269 3263 2412 3320 illius
2460 3265 2710 3336 passione
2759 3266 2985 3334 salvari,
3011 3282 3081 3335 ac
3116 3264 3265 3322 Patri
3292 3264 3491 3323 offerre
3526 3279 3693 3336 posse

412 3361 471 3408 et
514 3368 829 3425 azymorum
876 3355 1142 3410 rationem
1201 3355 1641 3413 manifestissima
1686 3357 2000 3414 narratione

416 3457 708 3514 exponens.
739 3444 808 3499 Et
835 3446 993 3512 enim,
1027 3446 1232 3517 inquit,
1267 3444 1477 3502 Pascha
1499 3456 1733 3503 nostrum
1759 3446 2001 3503 immola-

416 3543 500 3588 tus
545 3543 620 3588 est
661 3533 921 3601 Christus,
964 3536 1141 3607 itaque
1185 3533 1475 3607 epulemur,
1510 3553 1616 3591 non
1659 3536 1716 3592 in
1745 3535 1999 3607 fermento

414 3625 634 3682 malitia:
671 3636 720 3681 et
764 3627 1028 3698 nequitia,
1056 3627 1158 3683 sed.
1183 3626 1466 3699 invasymis
1493 3626 1811 3683 sinceritatis
1832 3635 1881 3682 et
1910 3642 1999 3681 ve-

414 3718 582 3774 ritatis
608 3717 672 3790 (Ι
707 3716 831 3775 Cor.
860 3719 959 3789 ιι).
989 3718 1307 3789 Quicunque
1340 3733 1471 3791 ergo
1506 3719 1576 3774 ad
1605 3732 1847 3775 mensam
1897 3717 2000 3773 Do-

415 3809 549 3864 mini
600 3809 690 3865 ubi
734 3808 874 3885 Agni
930 3809 1266 3867 immaculati
1309 3818 1366 3866 et
1412 3808 1826 3866 incontaminati
1871 3822 2000 3865 caro

415 3908 714 3969 mactatur,
731 3909 788 3957 et
808 3902 900 3957 ubi
926 3903 1234 3958 veneranda
1256 3900 1516 3974 mysteria
1538 3899 1809 3971 passionis
1832 3907 1890 3955 et
1910 3915 1998 3955 re-

415 3993 771 4048 surrectionis
796 3992 916 4064 ejus
939 4007 972 4047 a
988 3992 1238 4050 ﬁdelibus
1259 3991 1623 4057 celebrantur,
1658 3989 1851 4059 plenus
1877 3988 1999 4046 dolo

413 4093 576 4155 atque
604 4085 810 4140 malitia
854 4084 1102 4152 accedat,
1128 4093 1186 4141 et
1227 4092 1320 4140 aut
1352 4084 1483 4151 odii,
1514 4090 1609 4138 aut
1636 4080 1877 4149 invidias,
1903 4091 2000 4138 aut

344 4198 355 4207 ί
414 4177 679 4242 avaritiae,
710 4189 807 4233 aut
832 4177 1085 4245 luxuriae,
1107 4176 1319 4237 facibus
1360 4189 1644 4241 accensus,
1664 4189 1861 4245 corpus
1894 4174 2000 4230 Do-

411 4269 546 4324 mini
593 4270 875 4340 pereipere
923 4284 1032 4326 non
1086 4267 1300 4335 metuit,
1346 4266 1642 4324 verendum
1686 4272 1773 4321 est
1810 4278 1880 4319 ne
1906 4261 2001 4319 ubi

410 4361 579 4415 vitam
608 4361 856 4431 accipere
903 4360 1089 4417 debuit
1116 4358 1386 4429 judicium
1439 4354 1806 4414 damnationis
1850 4356 2001 4411 inve-

412 4453 547 4520 niat,
577 4462 633 4510 et
669 4454 842 4526 magis
877 4454 1135 4508 incitetur
1166 4454 1234 4509 ad
1263 4466 1504 4522 pmnam,
1556 4464 1721 4521 quam
1754 4447 2001 4503 retraha-

412 4553 503 4601 tur
530 4547 600 4602 ad
631 4547 864 4602 veniam.
914 4544 1192 4615 Scriptum
1233 4552 1319 4600 est
1362 4544 1507 4600 enim
1536 4543 1603 4597 de
1650 4540 1788 4597 Juda
1815 4539 2000 4611 prodi-

2099 3351 2353 3409 conﬁdat.
2386 3353 2573 3427 Neque
2591 3356 2737 3413 enim
2768 3356 2846 3413 illi
2888 3357 3143 3415 audiendi
3180 3363 3307 3414 sunt
3341 3357 3433 3427 qui
3484 3370 3688 3427 aquam

2090 3444 2219 3501 ‘sine
2244 3443 2371 3501 vino
2394 3444 2449 3499 in
2477 3445 2646 3503 calice
2665 3445 2919 3515 offerunt,
2955 3456 3149 3505 contra
3190 3462 3329 3519 quos
3351 3446 3518 3502 etiam
3560 3460 3692 3518 par-

2102 3541 2213 3592 tem
2235 3534 2456 3607 capituli
2483 3535 2552 3591 de
2597 3534 2734 3592 libro
2762 3537 3005 3608 praedicti
3035 3537 3292 3614 martyris
3316 3536 3607 3613 Cypriani,
3628 3536 3693 3593 in

2102 3618 2217 3697 quo
2237 3624 2304 3681 de
2334 3633 2677 3683 sacramento
2697 3627 2885 3684 calicis
2910 3627 3151 3698 disputat
3178 3641 3464 3699 ponamus.
3502 3626 3687 3683 Solvi-

2103 3724 2193 3797 tur
2217 3718 2416 3788 quippe
2445 3716 2521 3772 ibi
2558 3718 2788 3790 quaestio
2814 3719 2874 3775 in
2907 3733 3016 3790 qua
3045 3719 3312 3789 queritur
3336 3726 3520 3775 utrum
3542 3717 3687 3773 calix

2101 3808 2416 3875 Dominicus
2453 3823 2653 3878 aquam
2685 3809 2877 3877 solam,
2922 3816 3015 3867 aut
3056 3825 3178 3867 eam
3216 3808 3272 3864 in
3299 3808 3427 3864 vino
3465 3807 3695 3873 mistam

2101 3900 2294 3965 debeat
2316 3899 2556 3956 habere?
2590 3898 2717 3968 Post
2743 3900 3067 3971 principium
3091 3915 3222 3973 ergo
3255 3898 3499 3970 epistola:
3540 3898 3693 3956 idem

2100 3997 2309 4060 martyr
2327 3986 2443 4058 jam
2486 3986 2698 4046 solvere
2731 3988 2995 4059 incipiens
3042 3988 3389 4061 praepositam
3428 3985 3681 4059 quaestio-

2101 4097 2248 4149 nem,
2295 4082 2369 4138 ita
2398 4080 2679 4153 loquitur:
2721 4081 3043 4138 Admonitos
3071 4089 3254 4137 autem
3277 4094 3379 4135 nos
3403 4079 3563 4143 scias,
3598 4077 3695 4149 in:

2101 4175 2242 4246 quit,
2262 4181 2324 4228 ut
2351 4173 2408 4229 in
2447 4172 2618 4229 calice
2646 4170 2919 4239 offerenda
2946 4172 3227 4229 Dominica
3256 4171 3474 4228 traditio
3502 4182 3690 4226 serve-

2102 4276 2213 4331 tur,
2252 4280 2430 4337 neque
2477 4266 2625 4322 enim
2661 4265 2809 4323 aliud
2838 4264 2935 4321 ﬁat
2971 4281 3004 4322 a
3027 4266 3186 4324 nobis
3209 4281 3374 4339 quam
3416 4267 3561 4336 quod
3586 4280 3697 4337 pro.

2102 4359 2259 4415 nobis
2284 4358 2546 4416 Dominus
2575 4358 2729 4431 prior
2768 4357 2919 4426 fecit,
2941 4365 3002 4415 ut
3034 4357 3177 4415 calix
3209 4358 3303 4429 qui
3350 4358 3406 4413 in
3445 4370 3692 4413 comme-

2102 4453 2459 4509 morationem
2484 4451 2600 4524 ejus
2624 4451 2853 4509 oﬁ‘ertur
2872 4452 3064 4509 mistus
3089 4452 3216 4509 vino
3243 4449 3519 4509 olI'eratur.
3546 4441 3717 4510 Nam-

2102 4549 2239 4606 dicit
2273 4549 2523 4606 Christus
2553 4565 2569 4604 :
2597 4548 2713 4621 Ego
2737 4566 2857 4607 sum
2892 4548 3006 4605 vitis
3052 4563 3192 4603 vera.
3220 4545 3451 4617 Sanguis
3484 4543 3697 4601 Christi

411 4647 552 4704 tore,
599 4637 693 4707 qui
744 4636 1011 4707 malignus
1038 4602 1135 4689 .ad
1183 4649 1428 4689 mensam
1471 4632 1686 4688 Domini
1730 4631 1996 4698 accessit,
2023 4602 2079 4664 D
2106 4654 2212 4695 non
2241 4653 2381 4710 aqua
2423 4648 2509 4696 εει
2538 4602 2747 4710 υιίςιῖιθ,
2774 4639 2871 4695 sed
2897 4639 3115 4703 vinum;
3164 4651 3268 4694 nec
3313 4602 3492 4707 ξοωει
3514 4633 3692 4691 γεάεά

413 4740 471 4786 et
522 4730 667 4786 sacri
701 4728 934 4785 convivii
981 4727 1253 4798 particeps
1294 4737 1416 4781 esse
1460 4740 1569 4779 non
1618 4722 1815 4788 timuit,
1854 4721 2000 4792 quod

411 4826 535 4890 post
576 4817 873 4875 buccellam
903 4816 1088 4872 statim
1138 4814 1417 4871 introisset
1467 4814 1522 4869 in
1566 4828 1689 4869 cum
1742 4811 1995 4879 Satanas,

411 4911 781 4985 Dominusque
808 4909 859 4967 ei
884 4908 1128 4964 dixerit:
1178 4905 1331 4974 Quod
1371 4905 1525 4976 facis,
1568 4906 1653 4977 fac
1677 4906 1853 4973 citius,
1902 4904 1994 4975 qui

412 5018 541 5059 mox
581 5002 634 5058 id
664 5000 811 5074 quod
834 5000 986 5071 prius
1012 4999 1229 5055 latendo
1276 4999 1713 5064 machinabatur,
1739 4996 1996 5053 continuo

412 5096 625 5162 exiens,
680 5092 907 5149 insanias
937 5108 1047 5148 sua:
1085 5090 1431 5147 manifestum
1471 5087 1661 5144 eﬁ‘udit
1693 5088 1866 5151 virus,
1918 5088 1995 5143 ita

411 5197 472 5243 ut
496 5203 619 5244 cum
652 5189 811 5244 turba
858 5185 1026 5241 multa
1063 5184 1254 5257 gladiis
1296 5193 1352 5238 et
1401 5180 1662 5244 fustibus,
1708 5179 1915 5236 facibus
1942 5188 1997 5237 et

413 5280 605 5344 armis,
640 5279 905 5334 instructa
951 5277 1017 5333 ad
1054 5289 1177 5331 eum
1209 5283 1465 5342 tanquam
1499 5272 1569 5328 ad
1616 5270 1880 5326 latronem
1906 5286 1997 5325 ca-

410 5373 669 5444 piendum
702 5373 943 5440 veniret,
974 5369 1066 5441 qui
1111 5368 1250 5424 mori
1279 5367 1422 5422 ultro
1463 5372 1704 5420 venerat.
1734 5362 1837 5431 Qui
1866 5378 1996 5435 ergo

412 5465 629 5522 insidiis
656 5474 839 5521 mente
887 5462 1140 5529 conditis,
1175 5458 1264 5531 qui
1302 5457 1619 5530 praecordiis
1668 5456 1848 5526 aliquo
1880 5470 1996 5512 see-

2105 4731 2324 4803 sanguis
2345 4729 2461 4801 ejus
2482 4745 2591 4802 quo
2618 4729 2883 4800 redempti
2898 4737 2953 4785 et
2960 4727 3242 4798 justiﬁcati
3271 4742 3478 4792 sumus,
3494 4739 3615 4780 esse
3631 4722 3691 4781 in

2104 4824 2294 4889 calice,
2310 4824 2528 4895 quando
2561 4825 2750 4879 vinum
2775 4823 2917 4879 desit
2944 4821 3101 4878 ealici
3115 4836 3225 4892 quo
3239 4818 3440 4876 Christi
3463 4816 3689 4888 sanguis

2103 4915 2427 4982 ostenditur,
2454 4915 2547 4986 qui
2568 4914 2971 4985 Scripturarum
2991 4913 3231 4969 omnium
3254 4917 3600 4966 sacramento
3624 4921 3693 4962 ac

2106 5009 2416 5067 testimonio
2467 5007 2809 5079 prmdieetur.
2840 5005 3146 5079 Invenimus
3193 5003 3340 5058 enim
3385 5002 3441 5057 in
3484 4999 3692 5056 Genesi

2102 5104 2248 5160 circa
2280 5108 2677 5158 sacramentum
2711 5098 2827 5154 Noe
2873 5099 2979 5154 hoc
3024 5097 3165 5153 idem
3209 5094 3583 5167 prmcnrrisse,
3633 5100 3694 5149 et

2102 5195 2330 5266 ﬁguram
2361 5191 2654 5247 Dominicaa
2681 5186 2951 5260 passionis
2979 5186 3089 5242 illic
3113 5184 3410 5251 exstitisse,
3433 5183 3579 5254 quod
3606 5182 3694 5236 vi-

2102 5299 2232 5339 num
2267 5282 2423 5348 bibit,
2456 5279 2603 5351 quod
2634 5278 2934 5334 inebriatus
2960 5283 3066 5341 est,
3093 5274 3237 5344 quod
3275 5274 3329 5332 in
3370 5273 3531 5329 domo
3587 5287 3697 5335 sua

2101 5374 2335 5428 nudatus
2363 5379 2464 5439 est,
2495 5369 2636 5442 quod
2669 5368 2771 5424 fuit
2797 5367 3116 5423 recumbens
3141 5366 3342 5431 nudus,
3371 5372 3427 5421 et
3469 5363 3690 5435 patien-

2104 5465 2248 5521 tibus
2294 5463 2616 5529 femoribus,
2643 5459 2789 5533 quod
2835 5458 3055 5515 nuditas
3098 5457 3190 5513 illa
3225 5456 3401 5527 patris
3443 5472 3476 5509 a
3505 5453 3697 5516 medio.

410 5553 524 5614 lere
569 5556 790 5628 pollutis
837 5554 1221 5627 mysteriorum
1259 5548 1462 5607 Christi
1516 5546 1878 5604 oblationibus
1911 5561 2000 5600 sa-

2102 5557 2213 5613 ﬁlio
2241 5556 2442 5611 nudata
2466 5562 2577 5620 est,
2606 5567 2639 5607 a
2664 5549 2869 5620 majore
2894 5564 3025 5606 vero
3068 5555 3126 5604 et
3167 5547 3381 5603 minore
3409 5552 3697 5608 contecta,

412 5648 717 5702 erosanctis
742 5645 1069 5718 participare
1094 5657 1200 5698 non
1246 5639 1453 5704 metuit,
1483 5636 1573 5692 ille
1602 5636 1656 5690 in
1692 5634 1997 5705 exemplum
2098 5661 2156 5707 οι
2181 5657 2394 5711 extera,
2427 5661 2549 5717 qua;
2577 5660 2683 5700 non
2725 5651 2810 5697 est
2848 5654 3069 5697 necesse
3103 5652 3247 5693 nunc
3283 5635 3527 5705 exsequi,
3558 5632 3693 5703 Quia

413 5734 566 5791 Judae
592 5735 790 5790 Filium
839 5734 1077 5790 hominis
1120 5731 1311 5798 tradit,
1355 5743 1464 5784 non
1511 5727 1731 5797 quidem
1777 5724 1994 5794 Judaeis,

2102 5757 2224 5797 cum
2254 5738 2390 5797 satis
2407 5736 2480 5792 sit
2509 5736 2611 5793 hoc
2634 5733 2809 5791 solum
2829 5729 3138 5801 complecti,
3166 5727 3313 5797 quod
3355 5726 3469 5781 Noe
3499 5733 3693 5796 typum

413 5827 508 5886 scd
552 5826 963 5901 peccatoribus,
1012 5824 1270 5881 membris
1324 5820 1572 5877 videlicet
1630 5819 1765 5887 suis,
1803 5819 1998 5890 quibus

2102 5833 2294 5891 futura:
2317 5830 2563 5891 veritatis
2587 5825 2955 5894 ostendamus,
2986 5837 3091 5880 non
3137 5834 3331 5891 aquam
3371 5815 3465 5875 sed
3497 5815 3689 5871 vinum
