4002 6204
267 229 363 286 3‘21

1091 224 1178 284 DE
1216 227 1661 287 CLERICORUM
1699 228 2208 299 INSTITUTIONE,
2249 227 2399 288 ETC.
2446 263 2515 274 -—
2554 232 2680 288 LID.
2721 232 2762 289 I.

3445 239 3559 298 522

265 347 488 415 biberit,
518 354 575 402 et
600 347 681 403 sic
704 346 995 418 imaginem
1021 345 1315 404 Dominicae
1342 351 1612 420 passionis
1641 364 1861 420 expres-
1889 351 1940 410 A
1966 361 2156 403 menus
2180 349 2462 414 remansit,
2514 357 2673 405 exeat
2707 349 2892 416 foras;
2939 358 2995 406 et
3026 350 3150 408 inde
3191 351 3380 420 missa,
3423 359 3552 426 quia

265 439 420 495 serit.
449 436 586 493 Item
617 436 674 491 in
696 437 978 492 sacerdote
1006 436 1424 505 Melchisedech,
1464 441 1568 496 hoc
1596 440 1863 496 Dominici

266 526 608 585 sacramenti
656 525 1058 596 prazfiguratum
1103 525 1350 582 videmus
1399 529 1742 600 mysterium,
1785 545 1869 586 se-

266 622 508 676 cundum
534 619 679 688 quod
711 616 991 688 Scriptura
1018 618 1202 673 divina
1234 627 1486 686 testatur,
1515 630 1570 677 et
1590 622 1723 678 dicit
1750 641 1766 676 :
1799 621 1867 676 Et

267 711 655 768 Melchisedech
698 726 792 765 rea:
835 711 1015 764 Salem
1062 710 1282 781 protulit
1331 729 1519 782 panem
1565 723 1613 768 et
1655 714 1865 779 vinum;

267 805 368 873 [ait
393 813 573 856 autent
596 801 844 858 sacerdos
871 799 972 855 Dei
993 803 1206 866 summi,
1237 812 1284 856 et
1316 802 1576 858 benedixit
1599 806 1865 860 Abraham

269 893 441 964 (Gen.
477 892 614 963 ιιν).
641 891 796 959 Quod
819 900 998 945 autem
1025 891 1422 950 Melchisedech
1448 902 1636 964 typum
1665 896 1866 952 Christi

265 993 535 1056 portaret,
571 983 815 1040 declarat
850 983 904 1038 in
949 982 1182 1038 Psalmis
1224 981 1461 1054 Spiritus
1522 995 1745 1042 sanctus
1797 1003 1865 1043 ex

267 1091 509 1147 persona
560 1074 742 1130 Patris
773 1075 841 1128 ad
888 1074 1057 1128 filium
1099 1074 1288 1129 dicens
1345 1091 1358 1128 :
1409 1076 1542 1129 Ante
1589 1075 1866 1146 luciferum

263 1170 426 1238 genui
457 1178 528 1232 te,
570 1177 625 1220 tu
654 1183 708 1221 es
735 1165 980 1220 sacerdos
1023 1165 1079 1218 in
1130 1175 1383 1220 azternum
1409 1167 1695 1220 secundum
1725 1167 1871 1222 ordi-

265 1275 390 1311 nem
417 1256 797 1311 Melchisedech
825 1251 1161 1326 (Psalacnt).
1194 1255 1391 1310 Dicunt
1417 1253 1605 1323 aliqui,
1632 1255 1736 1310 nisi
1771 1255 1870 1310 ali-

270 1362 383 1417 quo
438 1345 813 1400 intercedente
861 1353 1126 1416 peccato,
1177 1343 1578 1399 Eucharistiam
1627 1345 1870 1414 quotidie

267 1434 667 1506 accipiendam.
697 1433 852 1488 Hunc
903 1434 1047 1489 enim
1079 1449 1272 1504 panem
1313 1433 1554 1503 quotidie
1598 1433 1716 1488 dari
1767 1449 1867 1489 no-

269 1530 362 1586 bis
409 1527 666 1600 (jubente
708 1526 967 1597 Domino)
1019 1526 1356 1597 postulamus
1402 1526 1644 1581 dicentes
1689 1543 1701 1579 :
1754 1523 1869 1578 Pa-

271 1635 395 1675 m
441 1628 682 1686 nostrum
736 1617 1102 1689 quotidianum
1149 1617 1218 1670 da
1265 1616 1413 1670 nobis
1441 1616 1595 1670 hodie
1641 1614 1865 1686 (Matth.

1970 441 2322 496 sacramentis
2354 441 2539 496 altaris
2575 443 2837 498 interesse
2861 458 2968 518 non
2993 445 3366 516 possunt,qui
3413 464 3549 503 non-

1971 529 2096 582 dum
2131 529 2433 598 regenerati
2465 540 2774 587 noscuntur.
2827 532 2988 587 Missa
3035 540 3216 588 autem
3253 543 3338 589 est
3359 535 3556 607 legatio

1970 617 2112 672 inter
2142 617 2308 672 Deum
2340 627 2396 674 et
2424 620 2689 688 homines,
2722 621 2874 693 cujus
2909 623 3196 696 legationis
3233 625 3410 682 oflicio
3437 627 3565 683 fun-

1970 711 2117 782 gitur
2150 713 2428 779 sacerdos,
2481 731 2603 769 cum
2634 716 2813 786 populi
2843 726 2968 772 vota
2999 732 3098 788 per
3134 734 3326 790 preces
3356 727 3410 774 et
3435 735 3564 791 sup-

1969 803 2288 874 plicationes
2316 806 2384 860 ad
2411 806 2579 861 Deum
2612 807 2785 863 offert.
2820 809 2889 863 Et
2913 809 3049 864 bene
3075 811 3178 866 hoc
3210 819 3450 881 tempore
3473 828 3566 866 sa.

1970 893 2164 949 crificii
2191 894 2272 960 fit,
2301 897 2520 964 quando
2545 897 2687 952 illius
2714 899 2986 968 passionis
3012 901 3276 956 memoria
3313 901 3556 956 celebra—

1972 993 2057 1038 tur
2083 983 2284 1039 Christi
2328 985 2600 1051 videlicet,
2655 989 2966 1043 mediatoris
3013 989 3106 1044 Dei
3149 997 3206 1044 et
3253 991 3560 1058 hominum,

1968 1075 2059 1145 qui
2095 1076 2445 1151 semetipsum
2471 1077 2665 1131 obtulit
2687 1077 2833 1130 Patri
2861 1093 2959 1146 pro
2987 1079 3162 1133 nobis.
3197 1079 3352 1135 Ilunc
3379 1089 3556 1135 autem

1970 1181 2178 1220 morem
2198 1164 2448 1220 sacrificii
2467 1167 2700 1236 primum
2727 1167 2986 1222 Dominus
3017 1178 3205 1223 noster
3223 1167 3380 1234 Jesus
3402 1169 3560 1226 Chri-

1969 1263 2086 1310 stus
2134 1262 2190 1308 et
2254 1256 2512 1326 magister
2566 1256 2829 1322 instituit,
2885 1259 3103 1328 quando
3160 1263 3562 1317 commendavit

1970 1342 2239 1413 Apostolis
2267 1345 2378 1398 suis
2402 1360 2596 1415 corpus
2615 1354 2668 1400 et
2693 1345 3006 1416 sanguinem
3038 1364 3216 1415 suum,
3239 1351 3554 1422 priusquam

1972 1435 2298 1500 traderetur,
2315 1435 2453 1489 sicut
2469 1435 2666 1506 legitur
2687 1437 2740 1490 in
2756 1437 3047 1509 Evangelia
3072 1457 3084 1493 :
3103 1440 3334 1512 Accepit,
3360 1443 3562 1514 inquit,

1970 1540 2155 1594 panem
2169 1523 2206 1577 J
2209 1542 2326 1580 esus
2344 1535 2393 1579 et
2414 1525 2717 1580 benedicens
2729 1527 2948 1598 [regitet
2965 1529 3108 1584 dedit
3130 1531 3223 1594 eis,
3242 1542 3290 1586 et
3304 1534 3377 1587 ait
3407 1548 3425 1584 :
3454 1533 3561 1589 Su-

1970 1614 2113 1680 mite,
2141 1615 2239 1668 hoc
2253 1625 2326 1668 est
2356 1631 2544 1684 corpus
2559 1633 2750 1670 meum.
2805 1617 2874 1671 Et
2896 1629 3109 1689 accepto
3141 1620 3307 1676 calice
3353 1626 3556 1694 gratias

272 1710 400 1784 π),
432 1711 580 1782 quod
607 1709 824 1780 quidem
863 1707 1211 1773 benedicunt,
1239 1707 1283 1762 si
1314 1707 1418 1762 hoc
1446 1722 1569 1762 cum
1612 1706 1870 1778 religione
1898 1694 1944 1753 B
1971 1719 2129 1774 agens
2158 1703 2298 1757 dedit
2320 1704 2394 1758 eis
2437 1703 2653 1775 (Matth.
2692 1703 2863 1778 xxvn),
2911 1716 2969 1762 et
2992 1709 3247 1765 biberunt
3270 1727 3458 1768 omnes
3486 1729 3556 1770 ex

273 1811 330 1859 et
363 1801 656 1858 devotione
678 1809 736 1856 et
759 1800 1063 1855 humilitate
1089 1798 1412 1867 suscipiunt,
1442 1813 1512 1852 ne
1552 1796 1765 1851 lidendo
1803 1796 1869 1850 de

263 1890 509 1961 justitia,
540 1890 772 1962 superba
798 1889 1218 1961 praesumptione
1264 1888 1313 1941 id
1338 1887 1557 1941 faciant.
1600 1885 1866 1942 Czrterum

277 1983 324 2037 si
362 1981 498 2037 talia
539 1991 667 2038 sunt
695 1980 942 2044 crimina,
976 1994 1096 2050 qum
1129 1979 1281 2048 quasi
1313 1987 1585 2033 mortuum
1613 1978 1680 2032 ab
1712 1977 1868 2032 altari

275 2080 618 2138 removeam,
648 2071 801 2146 prius
843 2069 1047 2146 agenda
1072 2067 1389 2139 poenitentia
1415 2076 1520 2134 est,
1551 2083 1616 2123 ac
1642 2068 1721 2123 sic
1745 2067 1869 2122 inde

269 2162 652 2223 salutiferum._
687 2162 1146 2218 medicamentum
1211 2159 1508 2230 suscipere.
1561 2158 1663 2225 Qui
1722 2158 1869 2214 enim

275 2251 694 2308 manducaverit
737 2251 975 2323 indigne,
1029 2251 1296 2322 judicium
1324 2250 1427 2306 sibi
1473 2250 1766 2305 manducat
1814 2258 1870 2305 et

275 2341 442 2406 hibit._
473 2341 592 2398 Hoc
619 2341 765 2398 enim
803 2341 1021 2413 indigne
1044 2341 1294 2411 accipere
1322 2349 1422 2404 est,
1454 2340 1500 2396 si
1525 2356 1590 2395 eo
1629 2349 1870 2411 tempore

273 2432 394 2502 quis
415 2432 678 2502 accipiat,
712 2447 824 2503 quo
845 2432 1007 2488 debet
1035 2448 1065 2489 a
1098 2446 1286 2487 mensa
1317 2431 1584 2486 Dominici
1625 2432 1869 2503 corporis

271 2524 544 2593 separari,
572 2539 642 2578 ne
663 2524 790 2578 dum
819 2521 959 2578 forte
985 2524 1076 2578 diu
1103 2522 1424 2579 absentatus
1465 2523 1588 2592 quis
1615 2524 1870 2593 prohibe-

271 2621 380 2678 tur,
421 2627 457 2666 a
508 2597 719 2668 Christi
763 2627 989 2682 corpore
1042 2621 1348 2682 separetur.
1405 2612 1748 2668 Manifestum
1785 2619 1870 2668 est

271 2703 414 2758 enim
455 2717 560 2760 eos
607 2701 814 2768 vivere,
847 2703 939 2773 qui
966 2719 1164 2773 corpus
1203 2703 1321 2773 ejus
1374 2704 1666 2774 attingunt,
1723 2704 1868 2759 unde

272 2793 577 2851 timendum
607 2803 716 2862 est,
747 2810 816 2850 ne
844 2796 968 2851 dum
995 2796 1084 2850 diu
1113 2797 1237 2866 quis
1270 2805 1560 2866 separatur
1590 2812 1619 2851 a
1663 2795 1866 2852 Christi

267 2901 520 2958 corpore,
571 2885 784 2942 alienus
821 2895 1104 2943 remaneat
1138 2903 1168 2941 a
1221 2888 1418 2953 salute,
1451 2888 1569 2959 ipso
1614 2888 1862 2943 dicente:

270 2973 393 3031 Nisi
442 2976 782 3032 comederitis
816 2994 1028 3032 carnem
1069 2976 1198 3032 Filii
1245 2978 1502 3043 hominis,
1539 2986 1586 3032 et
1636 2977 1865 3032 biberitis

1971 1791 2079 1857 illo,
2106 1802 2158 1848 et
2184 1794 2411 1864 reliqua.
2451 1795 2582 1850 Cum
2609 1796 2981 1854 benedictione
3006 1797 3150 1854 enim
3177 1809 3234 1856 et
3261 1804 3557 1874 gratiarum

1969 1883 2180 1938 actione
2203 1885 2435 1954 primum
2467 1885 2726 1942 Dominus
2756 1889 3003 1958 corporis
3032 1899 3117 1946 est
3161 1895 3440 1963 sanguinis
3471 1899 3556 1952 sui

1971 1982 2315 2029 sacramenta
2345 1974 2634 2042 dedicavit,
2666 1985 2720 2031 et
2745 1978 3005 2048 apostolis
3032 1981 3273 2047 tradidit,
3295 1984 3438 2052 quod
3468 1999 3557 2040 ex-

1971 2063 2095 2119 inde
2126 2065 2349 2136 apostoli
2377 2067 2571 2121 imitati
2617 2067 2795 2124 fecere
2837 2079 2894 2126 et
2944 2085 3291 2130 successores
3317 2091 3444 2132 suos
3475 2076 3556 2131 fa-

1969 2170 2093 2211 cere
2122 2155 2442 2221 docuerunt,
2492 2160 2634 2228 quod
2672 2168 2725 2214 et
2751 2176 2895 2215 nunc
2917 2178 3015 2232 per
3033 2171 3202 2218 totum
3230 2167 3416 2222 orbem
3445 2177 3561 2223 ter-

1969 2263 2152 2303 rarum
2181 2249 2505 2319 generaliter
2535 2259 2644 2304 tota
2668 2253 2897 2306 custodit
2947 2253 3206 2309 Ecclesia.
3250 2254 3357 2313 Sed
3407 2260 3556 2315 enim

1970 2338 2024 2393 in
2073 2339 2229 2394 initio
2264 2355 2382 2395 mos
2413 2341 2515 2395 iste
2554 2343 2810 2396 cantandi
2867 2359 2974 2398 non
3005 2353 3144 2410 erat,
3195 2347 3288 2415 qui
3318 2364 3460 2404 nunc
3499 2351 3552 2406 in

1973 2428 2209 2484 Ecclesia
2241 2437 2368 2484 ante
2396 2430 2720 2488 sacrificium
2752 2431 3084 2500 celebratur,
3107 2435 3201 2490 sed
3229 2433 3405 2491 tamen
3424 2438 3555 2509 Epi-

1969 2520 2118 2575 stola:
2146 2519 2297 2574 Pauli
2342 2521 2735 2588 recitabantur,
2781 2533 2837 2578 et
2883 2533 3130 2579 sanctum
3179 2526 3553 2599 Evangelium.

1970 2609 2296 2665 leestinus
2327 2621 2532 2677 autem,
2562 2612 2702 2666 XLV
2729 2614 3017 2684 episcopus
3045 2625 3169 2686 post
3198 2615 3418 2672 Petrum
3449 2619 3558 2674 Ro-

1968 2716 2145 2758 manae
2192 2701 2467 2767 Ecclesim,
2501 2704 2732 2758 traditur
2761 2705 2968 2774 primus
2992 2707 3247 2762 statuisse
3277 2717 3334 2762 ut
3361 2710 3555 2779 psalmi

1971 2793 2074 2848 150
2114 2801 2242 2849 ante
2267 2794 2592 2849 sacrificium
2637 2796 2997 2865 psallerentur
3051 2800 3444 2869 antiphonatim
3486 2817 3556 2858 ex

1936 2881 2237 2936 'omnibns.
2278 2881 2473 2936 Fertur
2503 2885 2665 2939 etiam
2690 2895 2746 2940 et
2791 2886 2950 2957 longe
2999 2896 3126 2942 ante
3155 2889 3554 2961 Thelesphorus

1968 2968 2114 3040 Papa
2156 2971 2210 3045 id
2249 2981 2334 3026 est
2359 2971 2429 3025 IX
2459 2987 2580 3042 p05t
2623 2969 2866 3042 Petrum,
2895 2979 3266 3045 constituisse,
3323 2990 3381 3034 ut
3429 2992 3558 3038 ante

265 3068 384 3140 ejus
430 3068 783 3139 sanguinem,
844 3085 948 3124 non
992 3067 1246 3123 habebitis
1295 3077 1497 3139 partem
1548 3084 1770 3133 mecum,
1817 3076 1866 3122 et
1893 3048 1938 3109 C
1970 3043 2293 3118 sacrificium
2318 3062 2551 3133 hymnus
2583 3062 2767 3119 Gloria
2802 3067 2856 3120 in
2884 3067 3099 3122 excelsis
3125 3069 3233 3123 Deo
3251 3043 3557 3138 diceretur,

266 3157 424 3212 vitam
485 3157 544 3212 in
603 3156 1084 3229 vobis(.loan.v1).
1133 3156 1237 3225 Qui
1288 3158 1432 3213 enim
1475 3157 1588 3229 jam
1638 3171 1867 3228 peccare

263 3246 496 3316 quievit,
525 3248 931 3303 communicare
956 3262 1065 3304 non
1105 3247 1336 3304 desinat.

830 3357 1061 3413 CAPUT
1095 3356 1314 3413 XXXII.

461 3488 474 3497 ,
843 3427 918 3482 De
945 3428 1112 3499 ofﬁcio
1138 3429 1335 3483 misste.

331 3513 410 3571 De
439 3515 806 3571 sacramentis
835 3516 919 3588 (ut
962 3515 1107 3588 reor)
1157 3517 1293 3574 satis
1329 3518 1579 3589 superius
1605 3518 1863 3585 diximus,

267 3619 407 3660 nunc
434 3604 505 3661 de
525 3602 706 3660 oflicio
733 3605 934 3673 missae,
972 3621 1082 3678 quo
1105 3607 1221 3677 ipsa
1246 3616 1588 3664 sacramenta
1618 3610 1861 3680 corporis

266 3703 318 3747 et
343 3693 632 3764 sanguinis
660 3692 860 3750 Christi
890 3694 1272 3763 conficiuntur,
1295 3696 1420 3766 quia
1441 3697 1574 3752 ordo
1595 3697 1858 3768 postulat,

267 3783 505 3839 breviter
543 3783 810 3838 dicamus.
860 3782 1172 3840 Ofﬁciorum
1225 3795 1410 3842 autem
1457 3785 1692 3856 plurima
1739 3786 1866 3842 licet

268 3873 370 3928 sint
391 3888 628 3945 genera,
653 3881 836 3929 tamen
863 3874 994 3930 illud
1012 3876 1280 3947 praecipue
1293 3877 1437 3947 quod
1457 3877 1512 3932 in
1529 3877 1701 3934 sacris
1729 3878 1864 3933 divi-

269 3965 458 4035 nisque
478 3965 648 4020 rebus
673 3965 928 4032 habetur,
969 3965 1130 4021 oflicii
1160 3966 1382 4022 nomine
1403 3965 1716 4022 censebitur
1742 3980 1863 4022 esse

267 4055 712 4128 nuncupandum,
742 4056 868 4126 quia
912 4064 1116 4128 quanto
1145 4056 1261 4130 ipsa
1305 4071 1395 4114 res
1418 4057 1644 4129 majoris
1689 4057 1860 4129 digni-

269 4147 390 4202 tatis
414 4155 524 4210 est,
557 4154 712 4202 tanto
734 4148 1064 4219 paratiorem
1083 4155 1142 4204 et
1162 4148 1554 4220 promptiorem
1575 4147 1732 4203 istius
1759 4147 1857 4202 mi-

1971 3152 2114 3223 quod
2146 3161 2324 3208 tamen
2344 3154 2503 3210 modo
2529 3170 2636 3210 non
2665 3171 2882 3227 semper
2907 3158 3106 3228 agitur,
3145 3160 3240 3214 sed
3271 3160 3326 3214 in
3365 3161 3557 3218 diebus

1968 3251 2180 3298 tantum
2235 3243 2555 3310 Dominicis,
2587 3245 2723 3300 etin
2778 3257 3090 3302 sanctorum
3150 3249 3555 3318 festivitatibus,

1969 3334 2110 3405 quod
2146 3333 2522 3406 Symmachus,
2550 3352 2689 3407 papa
2741 3337 2852 3392 LVI
2889 3349 3012 3409 post
3050 3339 3293 3407 Petrum,
3326 3343 3398 3398 ita
3437 3343 3556 3400 fieri

1969 3425 2263 3480 mandavit.
2319 3425 2518 3480 Verum
2581 3427 2708 3496 quia
2752 3427 2818 3482 de
2871 3430 3126 3486 sacrificii
3182 3434 3554 3492 celebratione

1941 3529 2269 3570 sermonem
2326 3513 2508 3570 facere
2569 3515 2980 3586 incipiebamus,
3053 3522 3347 3578 secundum
3387 3540 3555 3594 quam

1967 3604 2396 3660 convenientiam
2425 3604 2604 3660 omnis
2632 3605 2767 3660 ordo
2807 3604 2896 3661 ille
2927 3606 3208 3664 institutus
3236 3610 3330 3676 sit,
3369 3627 3552 3683 persc-

1967 3709 2215 3764 quamur.

2529 3786 2759 3843 CAPUT
2797 3787 3031 3844 XXXIII.

2507 3876 2584 3932 De
2610 3878 2793 3932 ordine
2820 3881 3013 3938 missio.
3513 3933 3518 3942 _

2034 3964 2272 4020 Primum
2322 3973 2502 4021 autem
2537 3967 2590 4022 in
2641 3966 3006 4023 celebratione
3053 3970 3232 4026 missa:
3266 3969 3334 4025 ad
3381 3971 3548 4028 intro-

1964 4054 2098 4110 itum
2121 4055 2420 4112 sacerdotis
2444 4056 2512 4110 ad
2539 4055 2710 4112 altare
2733 4058 3032 4128 antiphona
3052 4068 3305 4114 cantatur
3328 4076 3359 4114 a
3382 4061 3550 4129 clero,

1964 4153 2022 4200 ut
2061 4144 2310 4200 audiatur
2343 4144 2554 4200 sonitus
2606 4146 2824 4214 quando
2855 4148 3156 4217 ingreditur
3181 4152 3548 4206 sanctuarium

267 4238 476 4294 nisterii
503 4237 702 4308 quaerit
725 4236 1000 4295 effectum.
1053 4237 1298 4296 Ofﬁcium
1337 4249 1521 4294 autem
1554 4237 1754 4294 dicitur
1790 4238 1859 4292 ab
1959 4235 2017 4291 in
2042 4244 2331 4306 conspectu
2367 4236 2602 4301 Domini,
2621 4237 2763 4292 sicut
2788 4237 2844 4292 in
2877 4238 3056 4293 Veteri
3085 4226 3432 4296 Testamento
3452 4258 3552 4313 per

263 4325 572 4394 eﬂiciendo,
607 4328 765 4398 quasi
788 4325 1041 4397 eﬂicium,
1067 4337 1290 4402 propter
1315 4329 1565 4386 decorem
1593 4328 1859 4385 sermonis
1883 4398 1920 4402 _
1963 4323 2448 4382 tintinnabulorum
2496 4325 2735 4381 sonitum
2756 4326 3034 4397 ingressus
3064 4327 3300 4382 innotuit
3328 4331 3548 4398 pontifi-

264 4431 365 4471 ttna
392 4425 610 4472 mutata
638 4418 842 4474 littera.
896 4398 1237 4475 Sacrificium
1283 4419 1510 4487 dictum,
1572 4418 1729 4489 quasi
1767 4433 1855 4474 sa-
1882 4398 1936 4458 Ῑ)
1963 4414 2062 4470 cis.
2119 4412 2264 4469 Bene
2292 4429 2424 4484 ergo
2474 4413 2530 4469 in
2561 4415 2811 4486 ingressu
2840 4415 3140 4472 sacerdotis
3175 4420 3552 4489 concrepanti-

263 4522 413 4562 crum
457 4505 688 4571 factum,
736 4508 879 4578 quod
930 4525 1090 4580 prece
1125 4511 1353 4580 mystica
1406 4518 1762 4566 consecratur
1805 4509 1858 4564 in

263 4598 592 4654 memoriam
608 4598 904 4656 Dominicae
924 4601 1216 4671 passionis,
1239 4603 1382 4658 unde
1402 4602 1506 4657 hoc
1531 4615 1596 4658 eo
1611 4599 1858 4670 jubente,

264 4686 320 4742 in
347 4703 552 4758 corpus
589 4686 791 4744 Christi
840 4698 895 4745 et
926 4692 1245 4763 sanguinem
1297 4691 1508 4747 Domini
1550 4693 1694 4762 quod
1732 4692 1858 4746 dum

263 4777 334 4833 sit
363 4793 432 4833 ex
461 4776 730 4834 fructibus
757 4787 914 4835 terra:
945 4780 1337 4848 sanctificatur,
1359 4789 1415 4837 et
1451 4780 1512 4836 fit
1545 4796 1859 4839 sacramen-

263 4877 402 4934 tum,
433 4877 698 4939 operante
733 4869 1075 4927 invisibiliter
1115 4871 1320 4943 Spiritu
1343 4871 1440 4928 Dei
1471 4890 1484 4927 :
1514 4871 1670 4943 cujus
1704 4872 1861 4946 panis

259 4968 319 5014 et
346 4959 535 5016 calicis
593 4970 996 5018 sacramentum
1034 4961 1207 5018 Graeci
1231 4962 1648 5032 Eucharistiam,
1689 4966 1861 5036 εὐχα-

259 5058 491 5120 ριστίαν,
522 5053 734 5121 dicunt,
761 5055 905 5127 quod
935 5054 1127 5113 Latine
1153 5057 1294 5112 bona
1323 5057 1499 5129 gratia
1525 5057 1860 5127 interpreta-

261 5152 376 5200 tur.
406 5146 475 5202 ει
497 5146 632 5216 quid
657 5146 848 5203 melius
874 5162 1105 5219 corpore
1132 5155 1187 5203 et
1205 5149 1470 5219 sanguine
1489 5146 1728 5204 Christi?
1761 5145 1862 5202 Sa-

260 5246 608 5293 cramentum
629 5247 714 5293 est
734 5237 790 5292 in
822 5237 998 5310 aliqua
1035 5238 1420 5304 celebratione,
1453 5252 1578 5293 cum
1604 5251 1663 5292 re
1707 5244 1858 5306 gesta

259 5327 338 5381 ita
373 5324 457 5393 iit,
485 5334 547 5380 ut
573 5325 777 5397 aliquid
806 5327 1113 5401 significare
1127 5327 1482 5399 intelligatur,
1505 5327 1651 5399 quod
1671 5333 1858 5382 sancte

256 5415 644 5486 accipiendum
669 5425 773 5472 est.
844 5434 850 5441 ·
873 5449 883 5456 -

335 5503 503 5560 missa
539 5514 627 5560 est
660 5513 904 5578 tempore
927 5507 1200 5575 sacrificii,
1232 5507 1450 5579 quando
1481 5505 1858 5563 catechumeni

259 5593 414 5651 foras
438 5595 752 5661 mittuntur,
784 5596 1051 5653 clamante
1079 5597 1263 5655 Levita
1291 5617 1304 5652 :
1341 5597 1398 5654 Si
1444 5597 1567 5668 quis
1595 5597 1854 5654 catechu-

1961 4505 2066 4560 bus
2100 4505 2282 4568 choris
2320 4506 2540 4561 auditur
2561 4505 2873 4584 [modulatio
2899 4507 3096 4563 divinae
3133 4507 3328 4575 laudis,
3354 4519 3414 4564 ut
3443 4510 3548 4567 Do-

1963 4595 2175 4651 minicae
2235 4596 2618 4653 celebrationis
2677 4598 2938 4668 mysteria
3016 4598 3389 4656 ministrorum
3457 4603 3548 4672 pie

1963 4687 2234 4757 praecedat
2250 4688 2626 4755 consonantia,
2653 4697 2709 4743 et
2733 4689 2981 4758 corporis
3007 4675 3064 4744 et
3087 4689 3363 4760 sanguinis
3392 4689 3550 4746 Chri-

1964 4777 2033 4832 sti
2059 4777 2368 4834 venerabile
2393 4787 2795 4835 sacramentum
2836 4779 3120 4835 antecedat
3148 4781 3323 4852 digna:
3370 4780 3548 4838 laudis

1965 4867 2316 4926 sacrificium.
2353 4868 2595 4940 Namque
2620 4870 2821 4926 chorus
2849 4878 2934 4926 est
2978 4869 3266 4927 multitudo
3291 4872 3346 4926 in
3377 4873 3550 4930 sacris

1963 4962 2224 5028 collecta;
2265 4970 2322 5017 et
2355 4961 2532 5018 dictus
2558 4961 2777 5028 chorus,
2827 4963 2971 5032 quod
3008 4963 3063 5018 in
3105 4962 3260 5018 initio
3312 4964 3368 5019 in
3425 4979 3546 5021 mo-

1963 5055 2090 5111 dum
2119 5068 2334 5111 corontc
2370 5053 2578 5110 circum
2602 5069 2727 5109 aras
2752 5061 2979 5117 starent,
3031 5063 3086 5111 et
3127 5055 3201 5109 ita
3230 5053 3544 5124 psallerent.

1965 5144 2118 5202 Unde
2169 5151 2224 5199 et
2274 5143 2688 5199 Ecclesiasticus
2713 5143 2846 5200 liber
2879 5143 3069 5200 scribit
3099 5152 3332 5199 stantem
3367 5157 3550 5198 sacer-

1963 5235 2144 5291 dotem
2170 5243 2299 5290 ante
2338 5249 2512 5301 aram,
2557 5242 2614 5289 et
2640 5235 2696 5290 in
2741 5235 2971 5291 circuitu
2999 5247 3255 5289 coronam
3293 5230 3543 5288 fratrum.

1959 5322 2066 5378 Alii
2087 5323 2312 5378 chorum
2343 5323 2598 5378 dixerunt
2637 5338 2669 5377 a
2707 5323 3013 5387 concordia,
3045 5336 3165 5391 quae
3193 5321 3249 5375 in
3277 5319 3546 5378 charitate

1960 5409 2245 5481 consistat,
2277 5413 2394 5468 sive
2421 5412 2488 5468 de
2517 5413 2858 5470 concinentia
2875 5412 3011 5468 soni.
3040 5409 3173 5466 Cum
3195 5418 3375 5465 autem
3405 5427 3545 5468 unus

1960 5503 2130 5570 canit,
2177 5499 2365 5558 Graece
2395 5502 2646 5558 monodia
2669 5500 2911 5573 μονωδία,
2945 5498 3136 5554 Latine
3166 5499 3436 5567 sicinium,
3461 5500 3550 5555 di-

1961 5596 2138 5664 citur;
2193 5603 2400 5654 etcum
2445 5595 2550 5654 duo
2578 5602 2800 5663 canunt,
2841 5591 3101 5650 bicinium
3153 5592 3382 5662 dicitur;
3418 5608 3545 5650 cum
