2001 3102
234 200 323 224 autem
348 191 434 225 multi,
456 190 556 219 chorus
574 193 696 217 vocatur.
722 187 874 223 Antiphonti
898 188 1022 222 ἀντιφωνή
1038 189 1059 213 Α

233 242 339 274 Graece,
366 242 418 268 vox
435 238 584 273 reciproca,
598 240 631 264 ex
646 236 750 263 duobus
764 235 867 262 Scilicet
881 232 973 260 eboris
987 231 1024 258 al-

234 285 362 313 ternatim
376 280 562 319 psallentibus,
579 281 687 309 dicitur.
703 279 768 307 Post
781 279 919 306 introitum
934 282 1024 304 autem

235 329 384 359 sacerdotis
397 329 430 356 ad
447 327 533 355 altare
554 326 655 353 litanire
671 328 787 360 aguntur
803 327 818 351 a
835 323 919 356 clero,
933 326 962 349 ut
976 329 1023 357 ge-

235 376 334 404 neralis
348 374 436 402 oratio
449 372 595 408 praeveniat
607 370 750 406 specialem
767 368 916 397 sacerdotis
932 376 939 394 :
960 367 1024 394 sub-

234 421 356 456 sequitur
371 423 460 446 autem
469 418 556 446 oratio
569 416 729 450 sacerdotis,
740 420 767 443 et
782 414 894 450 pacifica
907 413 1024 448 primum

235 455 397 494 salutatione
425 463 552 499 populum
575 462 697 489 salutans
716 460 792 496 pacis
818 461 977 493 re‘sponsum
991 455 1024 483 ab

235 511 281 539 ille
300 509 425 544 accipiat,
437 512 467 535 ut
477 513 540 535 vera
555 500 698 534 concordia
710 508 739 532 et
748 501 889 532 charitatis
901 508 968 537 pura
980 501 1026 529 de-

234 556 308 584 votio
322 554 428 582 facilius
441 552 574 589 postulata
590 552 717 586 impetret
732 549 766 577 ab
782 556 815 576 eo
829 548 873 583 qui
887 546 968 575 corda
984 554 1026 574 as-

237 601 301 636 picit
314 604 342 627 et
365 600 470 627 interna
487 597 627 633 diiudicat.
655 594 732 623 Tunc
752 595 837 622 lector
855 593 920 628 legit
933 592 1027 620 lectio—

236 654 297 673 nem
310 645 478 676 canonicam,
499 647 528 670 ut
550 643 656 673 animus
668 641 821 668 auditorum
831 647 881 675 per
899 639 970 666 banc
986 638 1027 665 iti-

234 695 354 718 structus
378 691 412 718 ad
436 693 534 716 cmtera
556 687 689 715 inte'nsior
714 689 848 721 assurgat.
874 684 940 712 Post
956 684 1027 711 banc

233 744 298 771 ergo
313 739 409 763 cantor
422 734 487 762 dicit
504 733 706 769 responset-ium
720 740 728 759 :
741 732 775 758 ad
792 730 1026 766 compunctionem

232 784 373 816 provocet,
393 782 421 807 et
441 779 516 807 leno's'
540 778 646 806 animos
666 777 833 805 audientium
857 775 949 803 faciat.
973 774 1027 803 Re-

233 824 404 861 sponsorium
419 829 483 859 ergo
501 823 564 851 inde
582 823 691 855 dicitur,
706 822 788 857 quod,
802 821 855 848 alii)
876 820 1025 852 desinente,

233 871 261 898 id
278 870 347 897 alter
361 870 533 904 respondeat.
545 869 617 896 Inter
636 867 806 902 reSpons'oria
825 871 853 893 et
864 865 1025 900 antlpiionas

233 915 286 943 hoc
297 913 395 946 diﬂ'ert,
412 913 483 949 quod
498 914 526 941 in
540 913 718 948 responsurus
734 912 803 939 unus
816 910 890 938 dicat
903 911 1023 943 vet-sum,

232 960 261 988 in
276 960 431 995 antipbonis
452 960 543 987 autem
556 959 691 987 alterne‘nt
709 958 833 986 versibus
846 958 933 986 ebori.
950 957 1026 985 Anti-

232 1007 337 1042 phonas
352 1006 450 1038 Gmci,
471 1005 643 1041 responsuris
661 1007 726 1032 vero
736 1003 796 1031 itali
810 1003 953 1031 traduntur
971 1003 1025 1038 pri-

233 1058 307 1079 mum
331 1051 476 1078 invenisse.
502 1049 813 1085 Responsorium'enini
827 1047 898 1076 istud
916 1048 1025 1083 quidam

233 1095 344 1132 gradale
356 1099 466 1128 vocant,
478 1101 511 1123 eo
532 1095 604 1130 quod
613 1094 690 1129 juxta
709 1094 808 1129 gradus
824 1093 918 1128 pulpiti
930 1098 1026 1121 canta«

233 1147 288 1169 tur.
303 1141 368 1169 Post
378 1141 581 1176 responsorium
603 1141 730 1168 cantatur
745 1140 862 1172 alleluia;
879 1140 982 1167 scilicet
997 1143 1027 1166 ut

234 1187 269 1214 ad
282 1186 404 1214 caelestia
417 1190 507 1213 mente
516 1184 644 1221 populum
658 1184 791 1217 sublevet,
817 1189 845 1211 et
861 1184 894 1212 ad
907 1183 1026 1212 divinam

233 1230 491 1265 contemplationem
511 1230 607 1264 erigat.
622 1229 735 1257 Alleluia
746 1229 819 1256 enim
840 1229 954 1256 duorum
966 1235 1026 1255 ver-

234 1275 331 1303 borum
345 1276 534 1311 interpretatio
548 1270 665 1308 est,boo
678 1279 720 1303 est
730 1275 790 1302 laus
805 1274 863 1307 Dei,
878 1277 904 1302 et
917 1278 959 1301 est
971 1273 1026 1301 He-

234 1319 348 1347 brmum.
373 1319 399 1347 la
424 1319 496 1347 enim
510 1320 543 1346 de
558 1319 650 1346 decem
666 1318 819 1346 nominibus
845 1318 943 1353 quibus
956 1318 1027 1353 apud

233 1363 361 1393 Hebraeos
376 1364 447 1392 Dens
459 1368 572 1392 vocatur
588 1371 672 1391 unum
686 1368 739 1391 est.
764 1363 895 1391 Similiter
908 1367 936 1390 et
949 1369 1026 1390 amen

233 1409 377 1437 ilebraaum
394 1412 445 1441 est,
462 1409 533 1443 quod
545 1408 579 1435 ad
593 1414 702 1436 omnem
713 1407 863 1435 sacerdotis
876 1407 1026 1435 orationem

234 1462 283 1483 seu
307 1454 525 1482 benedictionem
542 1453 689 1488 respondet
701 1452 816 1488 populus
841 1452 969 1480 ﬁdelium.
985 1451 1028 1479 ln-

234 1500 378 1535 terpretari
402 1505 509 1534 quoque
524 1499 614 1533 potest
634 1504 713 1526 amen
734 1497 763 1524 in
787 1497 923 1530 Latinum,
943 1504 1024 1529 vere,

233 1528 292 1573 sive
310 1528 433 1577 ﬁdelitei',
453 1528 500 1572 seu
512 1528 568 1571 fiat.
580 1542 746 1578 Hieronymo
759 1547 827 1571 teste
841 1543 868 1570 in
882 1528 1024 1576 Psalterio,
1039 1528 1063 1560 ο

233 1589 280 1617 ubi
291 1589 329 1617 ait
342 1597 350 1616 :
363 1588 436 1622 Fiat,
451 1588 508 1623 ﬁat,
523 1588 549 1616 in
561 1587 697 1616 Hebraico
712 1587 820 1624 legitur,
833 1584 925 1621 Amen,
939 1592 1025 1615 ante».

235 1634 300 1662 Haec
322 1634 375 1662 duo
392 1637 482 1661 tamen
501 1633 592 1665 Verba,
608 1633 634 1661 id
646 1636 698 1666 est,
715 1639 794 1661 amen
808 1637 837 1661 et
848 1633 966 1666 alleluia,
977 1640 1027 1661 nec

234 1678 346 1713 Graecis,
370 1686 421 1707 nec
443 1678 558 1712 Latinis,
576 1682 628 1706 nec
649 1677 787 1711 Barbaris,
807 1677 871 1706 licet
898 1678 925 1706 in
950 1685 1026 1706 suam

234 1726 354 1761 linguam
380 1725 490 1753 omnino
505 1723 663 1758 transferre,
686 1724 729 1752 vel
751 1724 803 1752 alia
816 1724 907 1761 lingua
923 1731 1027 1752 annun-

235 1770 315 1798 tiare.
342 1769 411 1798 Nam
434 1769 559 1805 quamvis
572 1769 744 1805 interpretari
767 1767 893 1806 possunt,
916 1774 1028 1806 propter

236 1815 398 1843 sanctiorem
413 1818 501 1842 tamen
524 1814 724 1847 auctoritatem,
746 1818 853 1842 servata
864 1818 906 1842 est
920 1815 954 1842 ab
966 1817 1027 1849 apo-

236 1860 313 1888 stolis
340 1859 367 1886 in
395 1859 438 1886 his
462 1858 578 1893 propria
600 1858 697 1894 linguae
729 1857 887 1894 antiquitas.
910 1858 1026 1886 Tantum

236 1905 309 1933 enim
332 1911 410 1932 sacra
426 1907 489 1932 sunt
502 1903 621 1937 nomina,
636 1906 666 1931 ut
677 1903 760 1931 etiam
776 1902 895 1931 Joannes
907 1903 934 1931 in
952 1903 1026 1939 Apo-

236 1949 338 1986 calypsi
363 1948 465 1976 referat
490 1947 592 1983 Spiritu
617 1947 756 1976 revelante
780 1955 810 1976 se
826 1947 926 1976 vidisse
939 1952 966 1975 et
980 1956 1027 1976 au—

237 1995 310 2024 disse
320 2002 414 2023 vocem
424 1993 543 2022 caelestis
552 1993 698 2027 exercitiis,
708 1997 836 2029 tanquam
843 2001 936 2022 vocem
944 1995 1028 2030 aqua-

236 2048 298 2068 rum
320 2039 479 2072 multamm,
494 2042 523 2066 et
538 2038 687 2067 tonitruum
702 2038 852 2067 validorum
868 2039 1025 2073 dicentium,

236 2092 315 2114 amen
325 2088 355 2113 et
363 2081 470 2112 alleluia
480 2084 572 2120 (Apoc.
584 2083 653 2120 ιιι),
661 2087 693 2112 ac
704 2090 754 2120 per
764 2084 816 2113 hoc
830 2085 870 2113 sic
879 2088 985 2120 oportet
1000 2086 1026 2113 in

236 2130 317 2159 terris
333 2133 448 2164 utraque
460 2128 523 2161 dici,
538 2129 609 2157 sicut
626 2129 652 2156 in
667 2128 735 2157 calo
748 2133 885 2158 resonant.
898 2129 999 2158 Deinde
1011 2137 1027 2158 a

236 2176 351 2206 diacono
366 2181 426 2203 cum
452 2180 557 2203 summa
579 2176 741 2203 auctoritate
755 2176 783 2204 in
807 2176 920 2204 auriths
937 2174 1026 2211 populi

236 2221 368 2249 recitatur
379 2219 564 2255 Evangelium,
578 2222 609 2247 ut
622 2220 707 2255 ipsius
722 2220 821 2248 ibidem
833 2217 958 2248 audiatur
976 2220 1026 2248 do-

237 2266 335 2297 ctrina,
349 2265 382 2292 ad
395 2270 475 2300 quem
487 2264 575 2292 fervet
589 2265 705 2292 intentio
713 2269 780 2297 tota,
788 2266 928 2300 ipsiusque
941 2266 1027 2295 virtus

237 2310 403 2345 intelligatur
430 2317 479 2344 per
505 2310 690 2345 Evangelium,
721 2310 797 2344 cujus
820 2315 884 2339 tunc
905 2312 1027 2347 corpOris

237 2358 441 2382 sacrosanctum
456 2353 608 2382 cetebrattir
623 2354 792 2390 nrysterium.
815 2351 867 2383 Per
880 2356 932 2384 huc
953 2357 1027 2384 obla-

213 2408 221 2446 ι
238 2399 327 2446 tiones
339 2397 489 2446 utier-uritur
502 2406 517 2426 a
532 2400 641 2446 populo,
668 2402 697 2427 et
707 2399 875 2428 offert-torium
902 2403 1027 2430 cantanti-

237 2452 254 2473 a
276 2445 359 2478 clero,
376 2445 447 2479 quod
474 2450 507 2472 ex
533 2445 591 2480 ipsa
613 2448 694 2473 causa
716 2445 875 2474 vocabulum
903 2448 1026 2483 sumpsit,

237 2492 315 2527 quasi
327 2491 496 2519 ederentium
511 2491 667 2525 canticum;
684 2492 841 2519 immittitur
853 2494 1029 2528 usque'sttper

238 2537 324 2565 altare
345 2537 494 2572 corporalis
516 2536 637 2572 pallium,
663 2537 734 2572 quod
758 2537 891 2573 signiﬁcat
916 2538 1028 2566 linteum

238 2590 293 2619 quo
312 2587 411 2618 corpus
435 2581 586 2610 salvatoris
610 2582 807 2616 invehebatur,
824 2584 896 2618 quod
921 2590 954 2611 ex
973 2583 1028 2611 lino

237 2637 306 2666 puro
324 2633 429 2657 textum
450 2634 510 2658 esse
522 2630 610 2662 debet,
623 2630 718 2657 etnon
732 2635 765 2657 ex
778 2629 867 2657 serico
876 2630 918 2657 vel
928 2632 1029 2665 purpu-

238 2682 281 2709 ra,
301 2678 391 2711 neque
403 2681 437 2703 ex
459 2679 548 2711 panno
565 2675 659 2708 tincto,
687 2675 757 2702 sicut
781 2682 795 2701 a
817 2673 947 2702 Slivestro
960 2678 1029 2709 papa

239 2722 391 2749 institutum
406 2722 568 2754 inventurus,
580 2721 643 2756 quia
659 2720 685 2747 in
697 2718 846 2754 EVangeilo‘
860 2719 957 2755 legitur
971 2720 1027 2747 sin-

241 2767 309 2794 done
320 2766 419 2795 munda
435 2767 583 2795 involutum
597 2770 660 2794 esse
669 2774 689 2799 ,τι
702 2765 802 2800 Josepti
818 2768 917 2800 corpus
932 2763 1028 2793 Salva—

243 2811 318 2844 toris,
344 2816 371 2838 et
393 2811 530 2839 sudarium
545 2810 650 2846 'capitis
677 2809 735 2844 eius
757 2811 818 2844 post
849 2812 1028 2838 resurrectio-

554 132 585 165 Β,
606 130 734 159 [MBAN]
753 129 863 159 MAURI
883 127 1041 156 ARCillEP.
1064 126 1219 154 MOGUNT.
1237 124 1381 154 OPERUM
1400 123 1490 151 PARS
1507 123 1527 151 ῐ.

1815 123 1870 152 324i

1076 191 1138 210 nem
1163 183 1268 210 Domini
1284 190 1337 210 non
1358 190 1418 209 cum
1443 180 1645 208 linteaminibus
1669 179 1797 215 positum,
1822 183 1870 209 seri

1075 236 1196 256 seorsum
1210 228 1359 255 involutum
1379 226 1504 253 inveniri.
1521 226 1663 252 Ponuntur
1674 231 1782 260 quoque
1806 230 1871 254 tunc

1076 281 1138 301 vasa
1152 278 1247 301 sancta
1265 273 1274 309 (
1287 273 1358 307 quod
1372 272 1442 298 calix
1457 275 1499 298 est
1510 275 1537 297 et
1548 271 1658 306 patenti)
1677 279 1759 306 super
1771 272 1870 302 altare.

1075 326 1134 352 qum
1157 317 1355 352 quodammodo
1368 316 1500 343 Dominici
1522 316 1638 351 sepulcri
1651 320 1742 351 typum
1756 316 1870 351 habent,

1075 363 1138 397 quia
1154 363 1224 389 sicut
1246 365 1309 389 tunc
1335 365 1435 396 corpIis
1449 361 1550 388 Christi
1578 362 1746 389 aromatibus
1758 367 1871 390 unctum

1076 409 1101 435 in
1131 408 1255 443 sepulcro
1280 415 1350 434 novo
1369 415 1418 441 per
1432 407 1536 441 piorum
1561 406 1679 434 cilicium
1693 407 1872 441 condebatur,

1076 453 1112 479 ita
1128 454 1208 480 modo
1229 452 1256 479 in
1276 452 1395 479 Ecclesia
1416 453 1561 487 mysticum
1591 460 1691 487 corpus
1715 453 1787 481 illius
1809 462 1871 481 cum

1076 499 1221 533 unguentis
1236 506 1321 526 sacrae
1336 498 1467 525 orationis
1481 498 1620 525 conditum
1645 499 1671 525 in
1693 500 1779 526 sacris
1799 500 1874 527 vasis

1077 544 1109 570 ad
1123 543 1326 578 percipiendum
1342 543 1466 570 ﬁdelibus
1485 551 1534 577 per
1560 544 1729 571 sacerdotum
1753 545 1871 572 cilicium

1076 589 1292 615 administratur.
1317 587 1413 614 Postea
1435 591 1561 614 cantatur
1584 589 1666 616 missa
1680 596 1695 615 a
1718 591 1870 623 sacerdote,

1077 635 1123 670 qui
1147 639 1289 670 postquam
1315 634 1435 669 loquitur
1460 635 1494 660 ad
1520 635 1647 669 populum
1666 635 1699 662 de
1721 635 1874 664 elevations

1077 682 1166 709 cordis
1187 682 1219 708 ad
1237 680 1332 713 Deum,
1349 681 1562 715 exhortanturque
1576 688 1623 708 eos
1635 682 1668 709 ad
1680 683 1781 717 gratias
1794 691 1874 717 agen—

1078 728 1125 754 das
1154 725 1276 758 Domino,
1293 726 1416 753 laudibus
1430 733 1461 753 os
1488 726 1590 761 implet,
1611 731 1742 762 rogatque
1756 732 1786 754 ut
1813 728 1873 762 ipse

1077 774 1247 807 omnipotens
1263 772 1333 799 Deus
1358 771 1449 804 Pater,
1464 772 1506 799 cui
1521 771 1677 799 deserviunt
1688 773 1873 808 cotlestespo—

1079 824 1200 851 testatos,
1215 826 1262 846 sua
1276 819 1361 854 gratia
1380 817 1486 846 illorum
1500 819 1612 846 vocibus
1622 819 1716 853 jubeat
1736 821 1872 848 humanas

1079 866 1214 893 associare
1239 864 1439 897 confessiones;
1457 870 1538 900 quam
1560 865 1776 900 deprecationem
1804 874 1869 893 mox

1077 911 1254 945 subsequitur
1272 910 1331 937 laus
1344 918 1377 938 ex
1395 909 1525 945 angelicis
1551 916 1578 938 et
1597 911 1724 938 immanis
1745 912 1872 939 cantibus

1077 955 1209 982 confecta.
1227 955 1352 987 Sanctus,
1377 955 1500 988 Sanctus,
1521 955 1634 983 Sanctus
1648 954 1776 984 Dominus
1799 956 1871 984 Deus

1077 996 1202 1031 Sabaoth,
1230 1000 1299 1036 pleni
1319 1005 1380 1027 sunt
1403 1000 1460 1027 cuin
1482 1006 1505 1027 et
1530 1006 1598 1028 terra
1614 1001 1700 1037 gloria
1727 1006 1784 1035 tua,
1812 1007 1867 1029 etc.

1077 1047 1178 1074 Dehinc
1190 1047 1245 1082 jam
1270 1046 1438 1074 consecratio
1456 1046 1577 1081 corporis
1602 1051 1629 1074 et
1649 1047 1788 1082 sanguinis
1818 1048 1871 1075 Do-

1077 1093 1142 1120 mini
1171 1093 1255 1126 lit,_ct
1278 1091 1434 1127 deprecatio
1458 1091 1545 1118 valida
1557 1092 1591 1119 ad
1609 1088 1704 1125 Deum,
1727 1092 1799 1120 inter
1812 1100 1873 1127 qua:

1077 1143 1103 1165 ct
1123 1137 1262 1165 Dominica
1282 1138 1370 1165 oratio
1390 1137 1557 1165 decantatur.
1586 1137 1733 1173 Postquam
1747 1139 1820 1165 enim
1837 1139 1872 1165 ad

1078 1183 1330 1211 communicandum
1343 1187 1371 1210 ct
1383 1183 1416 1210 ad
1430 1181 1632 1218 percipiendum
1644 1190 1742 1218 corpus
1755 1191 1873 1218 perven-

1078 1233 1134 1256 tum
1159 1229 1249 1262 fucrit,
1277 1230 1353 1264 pacis
1374 1230 1496 1257 osculum
1522 1229 1572 1257 sibi
1601 1230 1717 1257 invicem
1746 1231 1871 1262 tradunt,

1078 1279 1220 1301 cantantes
1233 1281 1240 1300 :
1254 1274 1343 1308 Agnus
1357 1272 1416 1306 Dei,
1432 1275 1476 1309 qui
1493 1274 1562 1301 tollis
1579 1279 1685 1309 peccato
1699 1274 1803 1307 mundi,
1819 1274 1872 1302 mi—

1079 1328 1162 1347 serere
1174 1321 1257 1351 nobis,
1266 1326 1306 1351 ut,
1315 1320 1419 1354 paciﬁci
1430 1325 1629 1347 sacramentum
1640 1320 1829 1355 percipientes,
1845 1321 1872 1348 in

1079 1366 1195 1392 filiorum
1211 1366 1258 1393 Dei
1271 1373 1384 1393 numero
1402 1365 1533 1400 (remissis
1545 1365 1651 1392 delictis
1664 1365 1800 1401 omnibus)
1816 1373 1876 1393 me-

1080 1416 1192 1439 reantur
1205 1412 1337 1447 copulari.
1363 1411 1429 1439 Post
1451 1411 1667 1438 communionem
1682 1415 1756 1447 ergo,
1775 1415 1875 1446 etpost

1079 1456 1200 1491 ejusdem
1213 1457 1330 1483 nominis
1357 1456 1504 1487 canticum,
1520 1456 1583 1483 data
1597 1453 1783 1484 benedictione
1794 1464 1808 1483 a
1827 1464 1874 1483 sa-

1079 1503 1190 1530 cerdote
1217 1503 1251 1530 ad
1270 1502 1385 1538 plebem,
1402 1502 1531 1529 diaconus
1557 1502 1686 1536 praedicat
1707 1502 1797 1530 missae
1809 1502 1870 1529 oili-

1079 1549 1150 1576 cium
1168 1554 1228 1575 esse
1247 1551 1399 1582 peractum,
1416 1547 1482 1574 dans
1495 1547 1633 1574 licentiam
1645 1547 1770 1575 abeundi.
1789 1547 1874 1574 istum

1078 1600 1143 1628 ergo
1162 1593 1284 1620 ordinem
1306 1592 1340 1618 ab
1364 1592 1505 1626 apostolis,
1530 1595 1557 1619 et
1587 1592 1621 1620 ab
1640 1591 1796 1627 apostolicis
1806 1592 1876 1619 viris

1078 1638 1207 1665 traditum
1225 1637 1348 1663 Romana
1362 1640 1434 1663 tcnct
1448 1635 1580 1668 Ecclesia,
1601 1639 1628 1663 et
1638 1643 1687 1671 per
1705 1639 1791 1663 totum
1806 1643 1876 1671 pene

1077 1683 1262 1713 Occidentem,
1288 1688 1382 1708 omnes
1402 1680 1530 1708 Ecclesiae
1553 1681 1675 1708 eamdem
1698 1681 1873 1708 traditionem

1078 1734 1196 1756 servant.
1212 1728 1265 1755 Sed
1279 1728 1342 1762 quia
1361 1728 1394 1753 de
1404 1725 1544 1754 ordinibus
1559 1727 1656 1758 sacris,
1676 1726 1746 1754 etde
1757 1731 1877 1761 quatuor

1078 1774 1265 1806 sacramentis,
1282 1780 1331 1800 nec
1344 1777 1396 1800 non
1412 1776 1440 1800 et
1461 1772 1493 1800 de
1507 1772 1596 1800 oiiicio
1608 1772 1698 1799 missa:
1715 1776 1873 1799 sermonem

1077 1820 1280 1856 explicavimus,
1307 1818 1370 1846 huic
1391 1817 1461 1845 libro
1484 1817 1629 1845 terminum
1649 1816 1694 1845 hic
1719 1817 1876 1851 ponendum

1078 1872 1138 1893 esse
1157 1866 1299 1891 censemus
1315 1872 1321 1889 :
1335 1863 1360 1889 in
1382 1862 1567 1897 sequentibus,
1597 1862 1630 1889 de
1649 1861 1757 1889 caeteris
1778 1859 1876 1888 ofﬁciis

1078 1914 1159 1945 atque
1176 1907 1411 1936 obaertrationibtts
1425 1907 1461 1942 (si
1476 1907 1607 1936 nominas
1630 1906 1770 1943 maere)
1795 1906 1876 1942 plura

1078 1955 1199 1983 relaturi.

1358 1997 1464 2027 Additio‘
1475 2000 1506 2028 de
1525 2000 1615 2027 missu.

1113 2045 1283 2080 Anastasius,
1304 2046 1414 2073 natione
1435 2040 1582 2078 Romanus,
1597 2040 1731 2080 δώμαις
1753 2037 1876 2072 Ilaximo

1078 2090 1119 2127 (iit.
1130 2088 1227 2127 legitur
1240 2091 1266 2118 in
1280 2091 1362 2127 gestis
1376 2088 1596 2125 susceperimus),
1609 2088 1750 2117 constituit
1763 2093 1794 2116 ut
1807 2091 1877 2123 quo-

1079 2138 1238 2173 ties‘cuiique
1254 2137 1347 2165 sancta
1363 2136 1546 2164 recitarentur
1566 2135 1722 2172 Evangelia,
1743 2135 1876 2163 sacerdo-

1079 2186 1120 2210 tes
1144 2185 1173 2210 et
1193 2183 1326 2217 reliquum
1339 2181 1435 2217 vulgus
1449 2184 1503 2209 non
1526 2181 1663 2213 Sederent,
1685 2180 1733 2208 sed
1755 2183 1878 2207 starent.

1080 2225 1181 2254 Deinde
1193 2227 1343 2254 orationem
1358 2234 1407 2261 pro
1426 2226 1483 2254 suis
1493 2226 1610 2261 propriis
1627 2224 1731 2253 delictis
1741 2228 1773 2252 et
1788 2222 1878 2260 plebis

1081 2271 1250 2303 remissione,
1271 2276 1301 2298 ut
1318 2271 1414 2307 dignus
1437 2271 1473 2298 sit
1488 2271 1618 2298 accedere
1640 2269 1674 2297 ad
1687 2269 1784 2301 altare,
1799 2274 1828 2296 ct
1841 2269 1877 2296 ad

1079 2319 1182 2345 (aetum
1196 2315 1358 2349 ob'la'ta‘ru'm,
1374 2323 1408 2344 ne
1435 2316 1483 2343 fiat
1497 2316 1534 2343 illi
1557 2316 1629 2351 quod
1643 2315 1742 2343 factum
1765 2318 1808 2342 est
1823 2313 1878 2341 Be-

1080 2360 1214 2390 tbsamitis
1227 2363 1272 2397 qui
1285 2358 1386 2390 temere
1392 2364 1483 2389 ar‘ca‘m
1495 2362 1601 2390 Domini
1611 2355 1756 2397 (angebant
1767 2359 1793 2396 (I
1807 2357 1873 2394 Reg.

1078 2408 1117 2443 v).
1138 2407 1277 2443 Susceptis
1298 2407 1483 2436 oblationibus
1511 2408 1657 2435 revertitur
1686 2406 1816 2434 sacerdos
1839 2406 1876 2432 ad

1078 2453 1173 2485 altare.
1198 2455 1226 2480 et
1245 2453 1318 2480 lavat
1345 2454 1443 2481 manus
1467 2455 1539 2486 suas,
1561 2457 1589 2480 et
1605 2452 1722 2488 extergit
1747 2452 1782 2478 ab
1809 2455 1877 2478 actu

1078 2498 1262 2525 communium
1277 2499 1407 2525 manuum
1418 2498 1499 2533 atque
1515 2498 1625 2525 terreno
1639 2499 1719 2532 pane,
1743 2496 1878 2523 sacerdos

1078 2542 1142 2571 facit
1152 2543 1186 2571 de
1199 2543 1289 2571 oblata
1304 2544 1371 2571 dna's
1387 2547 1483 2571 cruces
1495 2542 1573 2577 ittxta
1589 2543 1711 2575 calicem,
1732 2546 1763 2568 nt
1777 2541 1879 2569 doceat

1078 2587 1216 2616 Christum
1230 2586 1381 2624 depositum
1397 2592 1457 2616 esse
1471 2590 1505 2617 de
1527 2592 1618 2621 cruce,
1636 2591 1685 2623 pro”
1696 2588 1802 2615 duobus
1825 2596 1878 2622 p0-

1078 2632 1149 2668 pulls
1174 2635 1202 2661 c‘t
1220 2633 1389 2662 cruciﬁxum.
1406 2628 1526 2661 Elei-alio
1538 2634 1689 2662 sacerdotis
1712 2636 1740 2661 et
1764 2633 1879 2660 diaconi

1079 2678 1200 2712 corporis
1220 2682 1248 2706 et
1273 2679 1413 2714 sanguinis
1426 2672 1547 2714 ﬁlium,
1565 2679 1743 2707 elevationem
1757 2678 1819 2712 ejus
1842 2678 1880 2706 ad

1077 2730 1186 2750 crucem
1215 2723 1331 2751 insinuat
1351 2732 1400 2759 pro
1414 2725 1498 2752 totius
1526 2724 1618 2751 mundi
1638 2723 1734 2751 salute.
1763 2722 1880 2750 Pannus

1078 2771 1207 2796 extensus
1226 2774 1307 2804 super
1327 2769 1421 2802 altam,
1438 2770 1537 2804 corpus
1554 2768 1659 2796 Domini
1673 2770 1805 2796 monstrat
1825 2775 1879 2794 cx-
1914 2778 1918 2783 -

1081 2819 1184 2842 tonsum
1212 2815 1239 2842 in
1267 2819 1358 2849 cnice,
1384 2819 1411 2842 et
1430 2822 1511 2850 super
1540 2822 1573 2843 eo
1596 2818 1694 2849 corpus
1714 2817 1741 2840 et
1760 2812 1882 2847 sanguis
