4002 6204
298 231 414 342 39.5
1120 274 1209 332 DE
1246 273 1689 333 CLERICORUM
1727 273 2233 348 lNS'l‘lTU'llONE,
2276 270 2514 334 E'l'C.—
2549 274 2681 332 LIB.
2719 276 2761 332 ι.
3477 281 3582 339 525

300 391 518 452 Domini
550 395 952 452 consecratum,
982 383 1126 456 quod
1161 397 1262 440 nos
1303 383 1716 448 manducamus,
1756 398 1896 454 aqua
1925 391 1976 448 Λ
2001 387 2076 442 cit
2106 401 2318 458 pacem,
2365 395 2426 441 ut
2473 385 2790 441 ostendatur
2841 383 2985 456 quod
3027 400 3126 444 nos
3168 387 3414 446 membra
3465 393 3590 462 ejus

298 495 362 544 et
403 483 592 538 vinum
619 479 674 535 in
702 477 870 532 calice
915 481 1226 530 monstrant
1269 480 1631 536 sacramenta,
1683 486 1805 543 quae
1837 471 1904 527 de
2015 491 2224 542 sumus,
2275 477 2368 546 qui
2423 492 2521 547 pro
2561 476 2716 531 nobis
2751 475 3042 533 cruciﬁxus
3069 485 3154 534 est
3182 487 3238 535 et
3271 485 3591 552 resurrexit,

299 574 480 629 latere
530 566 748 624 Domini
784 565 838 620 in
861 578 1024 621 cruce
1051 561 1346 628 ﬂuxerunt,
1375 561 1573 632 (Ιυίδιιδ
1603 575 1702 616 “05
1731 559 1904 630 Ῥοωῑὶ
2006 566 2150 621 facta
2179 581 2312 637 pace
2345 566 2601 621 sacerdos
2634 573 2857 637 rumpat
2879 566 3116 623 oblatam
3144 584 3212 624 ex
3240 568 3410 626 latere
3460 572 3592 627 dex-

261 672 518 721 ’sumus.
551 655 824 714 lmmissio
867 654 1026 727 panis
1063 653 1117 708 in
1147 653 1354 719 vinum,
1389 651 1542 706 varie
1567 649 1707 720 apud
1737 664 1905 720 qucs-
2006 666 2092 712 u-o
2121 670 2228 711 una
2277 655 2541 726 particula
2586 655 2776 711 relicta
2816 672 2979 729 super
3027 658 3208 723 altari,
3261 667 3316 715 et
3357 661 3598 732 reliquas

301 755 432 809 dam
469 751 705 806 habetur
747 755 803 802 et
837 746 1035 818 agitur.
1081 742 1199 798 ltali
1231 755 1446 813 quoque
1472 741 1648 812 primo
1686 739 1908 793 mittunt
2006 747 2309 804 oblationes
2358 756 2524 816 ponat
2565 747 2619 802 in
2655 755 2905 818 patenam
2930 757 3148 804 tenente
3184 766 3304 807 eam
3341 753 3591 810 diacono.

303 847 376 903 de
414 851 607 901 sancto
656 854 798 911 pane
833 838 890 893 in
918 837 1166 902 calicem,
1203 841 1258 888 et
1303 841 1492 920 postea
1534 831 1722 886 dicunt
1753 845 1766 883 ε
1797 844 1905 900 tum:
2003 835 2111 893 Per
2140 837 2457 908 particulam
2487 837 2680 893 oblatae
2712 838 2967 894 immissa:
2993 841 3047 895 in
3086 843 3312 898 calicem
3354 846 3594 900 ostendit

305 935 548 1004 Domini,
583 933 750 1005 aliqui
786 945 918 988 vero
960 935 1245 984 reservant
1296 927 1687 982 immissionem
1732 938 1905 995 usque
2005 930 2208 986 Christi
2242 945 2459 1002 corpus,
2485 930 2628 1001 quod
2647 932 2760 1003 jam
2786 937 3086 989 resurrexit
3115 951 3146 990 τι
3191 937 3438 992 mortuis.
3491 939 3599 995 per

304 1031 435 1086 dum
468 1043 572 1099 pax
596 1024 869 1081 celebrata
899 1022 970 1077 sit
1006 1029 1062 1076 et
1091 1019 1283 1075 i'ractio
1307 1020 1482 1090 panis.
1516 1016 1746 1072 Romani
1775 1030 1906 1070 vero
2007 1031 2307 1078 comesiam
2356 1039 2385 1077 ει
2417 1025 2701 1079 sacerdote
2730 1034 2786 1080 ει
2813 1027 3031 1098 populo,
3077 1029 3218 1098 quod
3248 1039 3372 1100 ροει
3413 1047 3596 1087 Γρδιιιι..

302 1137 432 1176 cum
475 1119 661 1173 dicunt
689 1112 809 1168 Pax
834 1112 1044 1167 Domini
1071 1112 1139 1166 sit
1194 1126 1401 1181 semper
1435 1107 1722 1174 vobiscum,
1773 1106 1903 1161 mit-

305 1219 431 1267 tunt
481 1221 679 1278 corpus
730 1204 952 1262 Domini
1002 1202 1058 1258 in
1100 1203 1328 1257 calicem
1359 1200 1555 1255 oblata:
1600 1198 1899 1270 particulae.

303 1302 491 1372 ipsum
526 1313 728 1370 corpus
763 1297 920 1353 nobis
969 1304 1095 1350 ante
1145 1294 1330 1349 oculos
1366 1293 1604 1348 ostendit
1631 1290 1774 1362 quod
1803 1304 1903 1360 pro

306 1391 470 1447 nobis
509 1398 598 1446 est
626 1387 970 1444 cruciﬁxum.
996 1387 1123 1442 Ideo
1175 1400 1304 1441 vero
1331 1385 1502 1458 tangit
1541 1393 1775 1455 quatuor
1825 1383 1902 1437 la-

308 1494 428 1540 tera
473 1482 684 1549 calicis,
731 1481 857 1552 quia
915 1495 1015 1550 per
1073 1477 1205 1533 illud
1245 1478 1542 1532 humanum
1587 1489 1759 1546 genus
1805 1487 1903 1544 per

303 1583 547 1647 quatuor
584 1573 805 1630 climata
848 1569 1036 1626 mundi
1087 1568 1154 1624 ad
1175 1568 1441 1623 unitatem
1465 1566 1626 1621 unius
1653 1563 1902 1635 corporis

300 1662 592 1734 coniungit
620 1670 678 1717 et
701 1661 769 1716 ad
789 1669 980 1732 pacem
1010 1656 1271 1713 Ecclesia:
1296 1655 1575 1712 catholicae
1597 1661 1652 1710 et
1680 1661 1899 1725 aposto-

302 1755 426 1810 iicaa
465 1753 744 1826 producit,
771 1750 974 1806 talibus
1015 1762 1252 1820 namque
1279 1748 1462 1804 verbis
1505 1747 1676 1802 mittit
1713 1746 1769 1801 in
1812 1760 1902 1800 ca-

303 1846 467 1902 licem
523 1859 726 1916 corpus
753 1841 967 1898 Domini
1011 1858 1026 1896 :
1071 1840 1199 1896 Fiat
1233 1841 1523 1895 eommistio
1575 1839 1810 1910 corporis
1854 1847 1902 1893 et

305 1936 585 2008 sanguinis
615 1933 828 1989 Domini
855 1932 1228 2005 accipientibus
1244 1931 1393 1986 nobis
1421 1930 1490 1986 ad
1518 1928 1739 1984 salutem
1767 1945 1905 1982 men-

306 2028 377 2082 tis
424 2036 475 2082 et
501 2025 743 2097 corporis
772 2022 829 2078 in
851 2023 1010 2079 vitam
1060 2029 1348 2088 cateruam;
1401 2027 1531 2076 tunc
1563 2018 1794 2089 populus
1819 2017 1898 2073 i‘a-

2008 1117 2302 1172 rectionem
2343 1117 2517 1172 adhuc
2561 1133 2684 1172 cum
2715 1119 2995 1188 discipulis
3027 1121 3312 1178 ambulans
3341 1124 3395 1177 in
3425 1132 3589 1189 terra,

2005 1215 2060 1262 et
2089 1207 2326 1278 seipsum
2352 1207 2551 1262 victum
2575 1210 2842 1278 praebens.
2893 1207 2999 1264 Per
3035 1210 3279 1266 relictam
3311 1211 3366 1264 in
3413 1211 3592 1276 altari,

2005 1298 2245 1354 insinuat
2307 1314 2428 1353 eum
2466 1298 2652 1369 jacere
2681 1301 2734 1353 in
2776 1300 3044 1369 sepulcro,
3087 1309 3193 1356 eta
3228 1301 3508 1372 discipulis
3536 1301 3592 1356 in

2004 1389 2256 1460 passione
2295 1388 2634 1443 derelictum.
2680 1388 2952 1456 Qumritur
2982 1390 3035 1445 in
3067 1406 3173 1460 quo
3222 1391 3340 1445 loco
3373 1391 3595 1446 inchoa-

2007 1487 2094 1534 tur
2113 1477 2347 1534 cilicium
2370 1479 2572 1543 missae,
2601 1486 2656 1535 et
2679 1479 2724 1533 si
2757 1478 2897 1533 forte
2927 1480 2996 1534 ad
3021 1489 3190 1534 totum
3222 1479 3454 1535 cilicium
3485 1496 3594 1534 non

2003 1569 2323 1635 occurrerit,
2384 1569 2474 1623 ubi
2503 1577 2832 1638 praesentare
2860 1567 3054 1625 debeat
3075 1571 3129 1623 in
3159 1570 3314 1625 initio
3364 1571 3545 1624 missae
3573 1571 3597 1624 ?

2003 1660 2171 1716 Nobis
2206 1659 2421 1715 videtur
2470 1659 2693 1714 missam
2745 1661 2932 1715 vocari
2983 1662 3051 1716 ab
3082 1675 3148 1716 eo
3182 1661 3322 1725 loco,
3380 1661 3471 1715 ubi
3511 1661 3597 1715 in-

1934 1779 1978 1837 B
2005 1750 2136 1821 cipit
2157 1750 2410 1805 sacerdos
2441 1749 2769 1804 sacriﬁcium
2816 1749 2928 1803 Dec
2959 1749 3152 1804 oil'erre
3175 1764 3348 1818 usque
3372 1748 3440 1803 ad
3462 1749 3594 1803 ulti-

2007 1855 2153 1895 mam
2211 1839 2643 1895 benedictionem
2703 1855 2809 1912 qua
2850 1839 3121 1895 clamante
3153 1839 3362 1907 Levita,
3416 1839 3593 1895 dicit:

2008 1930 2110 1998 Ite,
2139 1930 2297 1986 missa
2331 1939 2427 1986 est.

317 2165 3575 2196 ΜΨ

1473 2273 1779 2354 LIBER
1853 2269 2413 2350 SECUNDUS.

833 2501 1066 2565 CAPUT
1098 2501 1391 2563 PRIMUM.

379 2607 452 2660 De
481 2601 670 2676 ofﬁciis
707 2607 754 2655 et
785 2597 1110 2653 orationibus
1144 2597 1519 2652 canonicarum
1555 2595 1827 2653 horarum.

379 2697 630 2756 Oilicium
659 2708 792 2766 ergo
824 2692 1024 2758 missae,
1055 2690 1198 2761 quod
1230 2691 1285 2745 in
1313 2692 1580 2762 superiori
1608 2692 1748 2747 libro
1778 2708 1906 2750 con-

317 2789 618 2852 texuimus,
671 2781 908 2838 maxima
944 2796 1011 2836 ex
1047 2789 1205 2850 parte
1250 2778 1318 2835 ad
1351 2779 1524 2835 solum
1553 2781 1792 2851 pertinet
1817 2797 1905 2840 sa-

309 2880 616 2945 cerdotem,
643 2875 735 2932 cui
764 2871 1106 2930 sacriﬁcandi
1134 2871 1258 2928 data
1284 2871 1504 2927 licentia
1534 2882 1638 2938 est,
1663 2881 1719 2928 et
1745 2887 1906 2928 vene-

309 2971 482 3028 randa
505 2966 776 3040 mysteria
818 2975 1162 3020 consecrare.
1197 2961 1303 3018 Sed
1350 2964 1479 3035 quia
1509 2965 1654 3021 istud
1681 2981 1782 3038 pro
1806 2979 1903 3022 sua

2002 2525 2108 2580 qua
2135 2507 2188 2582 (Ι
2217 2507 2400 2564 Thess.
2436 2507 2514 2583 v).
2541 2505 2868 2563 Bcuedicere
2895 2505 3041 2562 enim
3071 2505 3241 2561 Deum
3273 2512 3358 2562 est
3398 2505 3453 2562 in
3477 2521 3598 2562 cm-

2002 2603 2058 2658 ni
2091 2611 2357 2672 tempcre,
2393 2615 2611 2671 semper
2646 2599 2799 2656 illum
2841 2599 3004 2669 digna
3031 2599 3446 2654 conversatione
3481 2599 3594 2654 Iau-

2001 2695 2167 2758 dare;
2201 2701 2258 2749 et
2278 2683 2395 2747 sine
2417 2690 2820 2748 intermissione
2848 2707 3027 2756 orare,
3055 2698 3139 2746 est
3167 2690 3350 2745 omnia
3385 2691 3440 2745 in
3479 2690 3596 2762 glo-

2004 2785 2142 2839 riam
2181 2783 2277 2838 Dei
2313 2798 2496 2853 agere,
2549 2782 2690 2838 sicut
2737 2781 2870 2837 dicit
2924 2781 3066 2836 idem
3109 2781 3398 2851 Apostolus
3431 2799 3443 2835 :
3477 2779 3598 2836 Sive

2003 2871 2140 2930 enim
2167 2873 2531 2938 manaucatis,
2567 2873 2672 2926 sive
2704 2872 2908 2938 bibitis,
2937 2872 3043 2926 sire
3068 2871 3216 2925 aliud
3243 2872 3368 2942 quid
3392 2870 3594 2940 facitis,

2005 2965 2184 3021 omnia
2221 2965 2277 3021 in
2317 2965 2542 3037 gloriam
2589 2965 2683 3019 Dei
2713 2965 2875 3035 facite
2908 2963 2959 3036 (Ι
2986 2963 3110 3019 Cor.
3142 2962 3222 3036 ιι).
3254 2963 3594 3033 Supradicta:

314 3057 623 3117 reverentia
652 3062 709 3112 et
740 3053 1004 3127 dignitate
1032 3053 1208 3124 primo
1241 3052 1361 3109 loco
1404 3054 1641 3125 positum
1686 3061 1790 3124 est,
1839 3056 1907 3113 de
1933 3060 1978 3123 C
2009 3057 2152 3114 enim
2169 3058 2317 3114 horze
2338 3058 2460 3114 ideo
2481 3057 2792 3129 specialiter
2813 3057 2881 3112 ad
2893 3057 3155 3112 orandum
3173 3055 3422 3112 discretae
3443 3063 3593 3122 sunt,

307 3147 530 3207 caeteris
562 3144 758 3202 ciliciis
793 3142 1118 3200 diurualium
1147 3142 1263 3198 sive
1309 3141 1711 3202 nocturnalium
1743 3147 1908 3202 hora-

312 3257 455 3306 rum,
513 3238 716 3310 quibus
753 3235 916 3292 certis
954 3234 1252 3304 spatiorum
1308 3233 1554 3291 terminis
1599 3250 1792 3306 preces
1853 3245 1910 3292 et

312 3330 599 3387 oraticnes
647 3323 977 3399 generaliter
1007 3323 1124 3379 sine
1151 3319 1453 3379 diilerentia
1504 3325 1774 3382 universae
1803 3325 1910 3382 Do-

314 3427 463 3484 nunc
491 3419 696 3481 oﬁ‘erre
723 3421 878 3477 decet
914 3413 1192 3484 Ecclesiae,
1237 3428 1634 3490 consequenter
1670 3436 1910 3492 expona-

315 3537 458 3577 mus.
514 3516 710 3575 Oratio
757 3515 904 3572 enim
953 3513 1144 3586 petitio
1189 3513 1404 3582 dicitur,
1455 3531 1580 3570 nam
1624 3532 1785 3575 orare
1828 3526 1911 3575 est

313 3620 526 3682 petere,
597 3603 740 3662 sicut
803 3619 1032 3660 exorare
1074 3599 1387 3674 impetrare.
1441 3603 1669 3662 Constat
1726 3617 1907 3665 autem

314 3698 494 3754 oratio
543 3695 669 3752 loco
718 3703 774 3750 et
805 3702 1068 3764 tempore.
1111 3690 1278 3760 Loco,
1332 3695 1587 3765 quoniam
1618 3696 1818 3768 ubique
1854 3707 1911 3755 et

316 3788 366 3844 in
396 3785 624 3860 publico
651 3784 765 3840 sive
813 3784 868 3838 in
905 3779 1099 3852 plateis
1139 3799 1292 3839 more
1316 3779 1716 3841 Pharisrccrum
1752 3802 1910 3844 orare

317 3897 346 3936 a
391 3877 620 3937 Christo
666 3869 1039 3949 prohibemur,
1090 3873 1185 3932 sed
1249 3875 1341 3932 ubi
1393 3881 1772 3948 opportunitas
1816 3881 1913 3936 de-

317 3971 482 4037 derit,
518 3977 616 4024 aut
641 3967 943 4024 necessitas
963 3967 1358 4036 importaverit.
1396 3966 1583 4037 Neque
1609 3969 1754 4024 enim
1783 3968 1911 4025 huic

318 4059 447 4117 illud
476 4057 729 4131 Apostoli
763 4049 1102 4114 contrarium
1133 4064 1235 4122 est,
1273 4057 1416 4128 quod
1455 4057 1590 4114 dicit
1622 4057 1690 4112 ad
1728 4057 1911 4115 Timo-

319 4150 506 4208 theam
555 4147 849 4206 scribens:
891 4145 1046 4215 Volo,
1093 4139 1291 4218 inquit,
1333 4146 1470 4201 viros
1494 4164 1648 4202 orare
1684 4148 1739 4200 in
1767 4149 1910 4204 omni

318 4239 450 4306 loco,
478 4237 711 4295 levantes
725 4255 887 4310 puras
909 4254 1098 4292 manus
1121 4233 1233 4309 sine
1254 4237 1337 4290 ira
1361 4245 1409 4290 et
1435 4235 1830 4306 disceptatione,
1855 4245 1912 4294 et

320 4330 528 4402 reliqua
565 4327 622 4402 (Ι
645 4327 782 4384 Tim.
813 4327 899 4402 ιι).
929 4327 999 4383 Ει
1049 4343 1227 4399 neque
1253 4326 1386 4384 illud
1423 4318 1725 4384 Psalmistaa
1765 4330 1910 4400 quod

2008 3156 2067 3203 ut
2095 3148 2142 3204 si
2170 3147 2310 3204 forte
2335 3149 2518 3218 aliquo
2547 3164 2712 3219 opere
2741 3147 3007 3203 fuerimus
3040 3147 3266 3212 detenti,
3298 3147 3474 3217 ipsum
3496 3161 3596 3202 nos

2008 3240 2077 3294 ad
2105 3239 2338 3296 cilicium
2369 3247 2582 3310 tempus
2603 3240 2912 3296 admoneat.
2944 3240 3075 3306 Quae
3099 3248 3341 3308 tempora
3367 3238 3422 3292 in
3449 3236 3598 3292 Scri-

2008 3330 2184 3398 pturis
2210 3329 2410 3386 divinis
2438 3331 2738 3402 praestituta
2772 3330 3141 3386 inveniuntur.
3167 3329 3303 3385 Nam
3332 3330 3384 3384 in
3417 3329 3599 3386 Veteri

2011 3419 2360 3476 Testamento
2393 3429 2722 3492 praeceptum
2774 3429 2860 3476 est
2903 3419 3166 3492 quotidie,
3224 3433 3390 3474 mane
3423 3427 3479 3473 et
3510 3433 3602 3474 ve-

2009 3526 2188 3582 spere,
2235 3511 2468 3569 Domino
2514 3513 2733 3569 adolere
2774 3513 3086 3568 incensum.
3113 3511 3182 3566 Et
3212 3511 3382 3566 David
3411 3511 3544 3566 dicit
3577 3525 3592 3564 :

2019 3603 2262 3674 Vespere,
2306 3620 2482 3670 mane,
2505 3613 2553 3658 et
2574 3603 2810 3668 meridie,
2845 3603 3073 3657 narrabo
3093 3612 3142 3656 et
3171 3601 3516 3668 annuntiabo,
3551 3611 3600 3656 et

2009 3695 2254 3750 exaudiet
2305 3711 2480 3749 vocem
2514 3711 2686 3748 meam
2724 3693 2897 3763 (Psal.
2927 3694 3040 3765 cx).
3071 3694 3140 3747 Et
3184 3694 3315 3748 item
3353 3711 3368 3748 :
3399 3692 3601 3764 Septies

2009 3784 2065 3838 in
2110 3785 2195 3838 die
2237 3783 2448 3838 laudern
2479 3784 2593 3838 dixi
2617 3783 2730 3837 tibi.
2773 3783 2884 3838 Sed
2911 3791 2969 3838 et
3002 3790 3224 3838 sanctus
3245 3783 3432 3838 Daniel
3468 3798 3598 3852 pro-

2009 3874 2175 3945 pheta
2216 3873 2398 3939 tertia,
2425 3881 2482 3928 et
2529 3881 2708 3938 sexta,
2737 3880 2794 3928 et
2816 3887 2981 3937 nona,
3013 3871 3149 3926 hora
3187 3871 3292 3926 diei
3320 3871 3388 3926 ad
3412 3872 3600 3942 depre-

2011 3966 2242 4022 candum
2269 3965 2557 4021 Dominum
2580 3966 2822 4022 ascendit
2844 3967 2898 4020 in
2921 3965 3176 4020 solarium
3197 3978 3375 4028 suum,
3399 3977 3600 4032 expan-

2011 4057 2089 4114 sis
2122 4057 2375 4114 manibus
2410 4058 2480 4113 ad
2530 4057 2732 4114 coelum
2766 4047 2939 4114 Deum
2967 4057 3292 4128 deprecatur
3311 4069 3411 4126 pro
3457 4063 3600 4110 seet

2011 4163 2112 4220 pro
2149 4147 2346 4219 populo
2364 4147 2551 4204 lsrael.

2655 4237 2884 4296 CAPUT
2922 4238 2986 4292 ll.

2447 4330 2520 4388 De
2542 4331 2806 4386 matutina
2831 4329 3196 4386 celebratione.

320 4419 451 4478 dicit
482 4419 590 4475 ειη
613 4419 760 4475 omni
776 4419 890 4474 loco
912 4419 1287 4476 dominationis
1309 4419 1446 4492 ejus,
1468 4421 1701 4488 benedic,
1731 4424 1911 4478 anima
1936 4407 1990 4469 Β
2085 4423 2329 4482 Primum
2353 4439 2485 4498 ergo
2515 4425 2581 4482 de
2618 4424 3010 4480 matutinorum
3059 4421 3388 4491 antiquitate
3432 4419 3602 4478 David

320 4531 456 4581 mea,
500 4507 792 4568 Dominum
825 4507 996 4583 (Psal.
1022 4509 1140 4584 cn).
1175 4503 1283 4567 Sed
1317 4512 1434 4568 haec
1469 4511 1536 4568 ad
1571 4513 1783 4570 interna
1829 4527 1916 4570 re-

320 4609 597 4676 spectant,
645 4597 842 4672 quibus
867 4616 1082 4674 semper
1130 4597 1303 4658 Deum
1326 4618 1486 4659 orare
1515 4610 1572 4658 et
1593 4602 1916 4660 benedicere

319 4699 556 4764 oportet.
587 4685 683 4746 ille
729 4699 860 4762 ergo
905 4691 959 4744 in
995 4690 1144 4746 omni
1165 4691 1287 4748 loco
1317 4701 1441 4748 orat
1467 4691 1663 4760 Deum,
1695 4693 1788 4764 qui
1817 4708 1917 4765 per

321 4781 615 4839 cbaritatis
635 4777 811 4836 cilicia
839 4788 894 4836 et
934 4782 1075 4838 bona
1118 4798 1283 4854 opera
1325 4785 1527 4856 ubique
1564 4802 1760 4842 manus
1793 4802 1917 4843 cor-

322 4871 402 4927 dis
439 4869 678 4926 mandas
715 4869 932 4926 elevare
969 4871 1038 4927 ad
1066 4871 1232 4928 Deum
1263 4875 1478 4948 satagit.
1529 4871 1793 4949 Tempore
1820 4893 1918 4936 au-

322 4969 452 5028 tem,
513 4959 776 5031 quoniam
809 4961 1106 5018 canonicas
1144 4963 1310 5018 horas
1341 4959 1412 5020 ad
1436 4965 1700 5021 orandum
1731 4982 1762 5021 a
1807 4967 1914 5022 Pa-

324 5053 495 5108 tribus
544 5052 872 5108 constitutas
923 5053 1260 5110 incessanter
1290 5063 1472 5111 servat
1495 5055 1756 5125 Ecclesia,
1781 5074 1916 5130 quas

324 5143 474 5213 quasi
504 5157 607 5215 pro
643 5135 828 5199 debito
854 5137 1117 5200 exorandi
1139 5143 1320 5200 cilicio
1340 5153 1551 5203 statuas
1576 5147 1722 5203 nullo
1755 5150 1915 5204 modo

328 5229 604 5305 negligere
639 5231 722 5290 fas
747 5243 850 5299 est,
881 5244 940 5291 nt
961 5243 1088 5292 sunt
1106 5237 1304 5308 prima,
1338 5238 1517 5306 tertia,
1547 5249 1720 5306 sexta,
1748 5257 1910 5308 noua,

327 5339 573 5395 vespera,
603 5333 660 5381 et
693 5334 902 5382 caetera
931 5335 1052 5397 Quae
1089 5328 1340 5384 similiter
1368 5329 1748 5385 observantur.
1805 5327 1915 5388 Nec

327 5415 466 5471 enim
522 5415 657 5472 illud
707 5415 849 5473 banc
907 5419 1348 5477 Constitutionem
1405 5420 1708 5489 confundit,
1771 5421 1914 5494 quod

301 5507 615 5566 ,i‘salm'ista
646 5509 777 5566 dicit
808 5527 823 5566 :
852 5509 1170 5570 Benedicam
1209 5509 1488 5572 Dominum
1528 5517 1583 5572 in
1623 5518 1765 5572 omni
1785 5529 1914 5574 tem-

327 5617 468 5666 pore,
510 5618 720 5671 semper
749 5601 866 5658 laus
899 5604 1012 5676 ejus
1046 5605 1100 5662 in
1129 5624 1218 5662 ore
1239 5624 1350 5663 meo
1378 5601 1550 5680 (Psal.
1593 5609 1809 5678 xxxiii).
1847 5609 1914 5666 Et

332 5688 618 5757 Apostolus
659 5711 671 5746 :
705 5690 828 5748 Sine
855 5694 1259 5765 intermissione,
1293 5697 1488 5770 inquit,
1520 5707 1684 5769 orate,
1722 5706 1776 5754 et
1797 5698 1918 5754 reli-

2014 4516 2277 4587 propheta
2299 4523 2530 4572 testatus
2554 4523 2640 4572 est
2657 4515 2880 4571 dicens:
2907 4513 3074 4578 Deus,
3100 4511 3246 4567 Deus
3263 4526 3434 4578 meus,
3459 4509 3529 4566 ad
3545 4519 3604 4564 te

2014 4609 2080 4664 de
2101 4608 2218 4664 luce
2244 4608 2399 4680 vigilo
2423 4605 2598 4680 (Psal.
2639 4607 2752 4678 ex).
2783 4607 2854 4663 Et
2886 4608 3015 4664 item
3040 4623 3053 4661 :
3083 4605 3152 4660 In
3191 4605 3465 4660 matutinis
3494 4619 3603 4658 rne-

2014 4699 2226 4755 ditabor
2244 4700 2302 4755 in
2327 4708 2398 4755 te.
2429 4699 2500 4754 Et
2521 4699 2652 4754 item
2681 4716 2698 4753 :
2728 4697 3108 4754 Ρηρυοπεηιηι
3147 4693 3285 4751 oculi
3315 4697 3418 4750 mei
3455 4693 3526 4748 ad
3553 4703 3602 4747 te

2015 4790 2271 4857 diluculo,
2323 4800 2381 4868 ut
2432 4791 2714 4845 meditarer
2753 4790 2960 4862 eloquia
2993 4798 3104 4843 tua.
3139 4789 3384 4845 Diluculo
3419 4795 3603 4842 autem

2015 4881 2244 4952 proinde
2287 4889 2499 4947 oratur,
2548 4889 2610 4936 ut
2661 4881 2990 4937 resurrectio
3029 4880 3234 4940 Christi
3274 4879 3598 4936 celebretur.

2014 4972 2072 5028 In
2112 4973 2296 5044 vigilia
2326 4987 2457 5042 ergo
2484 4971 2751 5026 matutina
2777 4972 3040 5028 Dominus
3063 4971 3228 5027 lsrael
3268 4971 3474 5025 ducens
3502 4983 3603 5038 per

2017 5081 2169 5121 mare
2204 5065 2469 5130 Rubrum,
2523 5065 2866 5121 Pharaonem
2905 5074 2967 5120 et
2987 5064 3271 5136 Egyptics
3300 5063 3352 5115 in
3383 5061 3497 5129 ipso
3519 5059 3601 5113 di-

2015 5156 2241 5222 mersit;
2277 5163 2334 5210 et
2388 5155 2655 5210 matutina
2695 5156 2828 5212 hora
2881 5155 3134 5214 Christus
3158 5169 3190 5207 a
3214 5159 3390 5207 morte
3419 5164 3601 5203 resur-

2015 5261 2166 5318 gens,
2191 5244 2445 5317 populum
2472 5260 2636 5302 suum
2677 5247 2915 5312 salvans,
2951 5243 3220 5301 diabolum
3248 5253 3306 5296 et
3339 5238 3601 5295 atellites

2013 5339 2132 5410 eius
2183 5349 2392 5396 aeterna
2432 5340 2747 5408 captivitate
2791 5338 3088 5396 damnavit.
3147 5333 3408 5389 Matutina
3452 5331 3600 5387 enim

2015 5429 2136 5486 luce
2183 5429 2453 5496 radiante,
2503 5429 2765 5485 Dominus
2783 5438 2839 5484 et
2871 5428 3120 5483 Salvator
3141 5433 3327 5480 noster
3367 5425 3436 5478 ab
3464 5421 3602 5478 infe-

2018 5521 2094 5576 ris
2119 5521 2440 5585 resurrexit,
2469 5521 2687 5590 quando
2709 5519 2876 5590 cepit
2893 5517 3026 5573 oriri
3051 5514 3301 5572 ﬁdelibus
3329 5514 3444 5580 lux,
3479 5527 3601 5583 quae

2017 5608 2283 5664 moriente
2323 5606 2542 5664 Christo
2568 5609 2844 5665 occiderat
2863 5605 3260 5678 peccatoribus.
3317 5604 3599 5675 Siquidem

2020 5709 2075 5757 et
2097 5700 2286 5758 eodem
2314 5709 2556 5772 tempore
2580 5699 2789 5757 cunctis
2815 5713 2938 5770 spes
2968 5698 3162 5756 futurae
3185 5700 3603 5758 resurrectionis
