4002 6204
361 253 465 312 527

1035 245 1096 300 Β.
1137 241 1389 303 MBAN]
1427 240 1650 298 MAURI
1687 238 2007 318 ABCHlEP.
2049 235 2360 295 MOGUNT.
2403 230 2686 288 OPERUM
2731 227 2910 286 PARS
2948 229 2990 284 ι.

3515 229 3628 288 338

348 363 613 426 creditur,
670 374 794 416 cum
826 353 959 429 justi
1021 364 1076 410 et
1142 370 1332 412 omnes
1386 353 1455 410 ab
1480 349 1600 407 'bae
1653 351 1930 422 temporali
1960 357 2008 416 Α
2037 351 2188 420 regio
2214 364 2277 404 ac
2299 343 2618 402 sacerdotali
2643 343 2857 400 functus
2877 340 3076 408 ollieio,
3096 339 3320 396 dicens:
3355 339 3635 412 Dirigatur

349 459 542 515 morte,
595 449 751 520 quasi
804 462 836 502 a
888 460 1083 516 sopore
1133 445 1307 500 somni
1373 451 1720 513 resurgentes
1767 442 1934 513 evigi-

350 543 558 598 labunt.

973 625 1200 682 CAPUT
1236 624 1324 680 Ill.

800 718 879 773 De
915 717 1078 790 ofﬁcio
1106 717 1290 788 prima:
1318 717 1482 771 hanc.

426 816 618 869 Primae
652 821 830 866 autem
857 811 1005 865 horae
1042 808 1336 865 celebratio
1365 805 1589 878 proinde
1617 801 1698 871 ﬁt,
1724 803 1849 876 quia
1884 803 1938 858 in

355 917 476 961 ortu
513 905 616 960 diei
649 903 866 974 quando
903 901 981 956 sol
1018 901 1086 956 ab
1127 900 1408 957 occidente
1433 899 1666 969 primum
1696 905 1939 968 apparet,

359 1003 571 1065 oportet
598 1003 658 1049 ut
689 991 866 1048 Solem
907 991 1130 1060 justitiae
1167 991 1296 1046 oriri
1327 988 1680 1059 postulcmus,
1708 997 1767 1042 ut
1793 989 1846 1042 in
1882 986 1946 1040 il-

361 1087 464 1140 lius
495 1085 696 1140 lumine
732 1082 1070 1136 ambulantes
1102 1088 1450 1150 peccatorum
1479 1078 1730 1133 tenebras
1768 1085 1822 1132 et
1862 1077 1942 1131 la-

362 1191 532 1247 queos
551 1174 743 1229 mortis
765 1173 1075 1227 evadamus.
1095 1169 1256 1224 Juxta
1280 1169 1409 1224 illud
1431 1167 1570 1238 quod
1594 1168 1709 1238 ipsa
1733 1167 1947 1222 Veritas

362 1281 462 1320 nos
507 1265 779 1326 admonet,
809 1261 995 1316 dicens
1021 1278 1034 1313 :
1064 1258 1341 1313 Ambulate
1378 1258 1503 1312 dum
1534 1256 1700 1311 lucem
1727 1257 1944 1319 habetis,

365 1374 426 1410 ne
457 1355 591 1423 forte
621 1354 844 1408 tenebraz
895 1368 984 1408 vos
1033 1349 1470 1420 comprehendant
1501 1345 1683 1416 (Joan.
1730 1347 1853 1416 xu).
1885 1346 1953 1400 Et

365 1448 492 1501 item
521 1463 533 1498 :
570 1443 673 1511 Qui
695 1441 926 1496 ambulat
950 1441 1002 1494 in
1030 1439 1136 1504 die,
1171 1455 1274 1493 non
1295 1436 1510 1507 olfendit
1544 1434 1728 1508 (Ioan.
1761 1435 1838 1506 ι).

970 1549 1198 1606 CAPUT
1248 1547 1338 1603 IV.

742 1642 822 1697 De
851 1644 1019 1696 tertia:
1045 1642 1188 1695 hora:
1217 1638 1583 1694 celebratione.

439 1735 636 1792 Tertiae
681 1735 829 1787 hora:
867 1731 1104 1785 ollicium
1145 1729 1265 1784 ideo
1307 1728 1386 1793 ﬁt,
1437 1728 1563 1797 quia
1612 1726 1770 1782 tertia
1817 1724 1953 1780 hora
1979 1704 2028 1764 Β

368 1826 570 1882 Christi
594 1824 774 1896 passio
798 1821 981 1890 coepit,
1013 1835 1134 1876 cum
1155 1834 1254 1890 per
1277 1817 1585 1873 Judaeorum
1611 1817 1820 1888 linguas
1840 1816 1955 1886 jam

373 1925 503 1971 tunc
533 1914 794 1970 Dominus
819 1911 1114 1968 cruciﬁxus
1145 1919 1250 1973 est,
1279 1915 1334 1963 et
1361 1915 1484 1978 post
1505 1907 1956 1962 resurrectionem

370 2007 490 2078 ejus
519 2007 574 2062 in
599 2005 684 2061 die
712 2004 1081 2067 Pentecostes,
1115 2000 1271 2056 tertia
1297 1999 1453 2064 hora,
1481 1997 1715 2068 Spiritus
1738 2007 1958 2053 sanctus

373 2113 536 2169 super
579 2094 850 2166 apostolos
893 2091 1188 2147 descendit.
1238 2089 1348 2144 Suo
1386 2088 1573 2157 utique
1615 2087 1734 2143 loco
1761 2095 1817 2143 et
1861 2103 1960 2141 nu-

374 2204 526 2244 mero
552 2187 619 2241 ad
643 2183 1017 2255 probationem
1043 2178 1367 2236 venerabilis
1393 2177 1691 2240 Trinitatis,
1724 2175 1960 2246 Spiritus

372 2278 686 2333 Paracletus
715 2272 995 2330 descendit
1037 2271 1106 2327 ad
1149 2278 1344 2336 terras,
1373 2267 1694 2337 impleturus
1729 2266 1960 2339 gratiam

372 2384 538 2440 quam
560 2364 809 2422 Christus
845 2361 1112 2434 promisit.

993 2469 1219 2526 CAPUT
1257 2469 1323 2524 ν.

847 2543 921 2598 De
950 2543 1113 2613 ofﬁcio
1147 2549 1310 2595 sexta:
1334 2539 1496 2594 horae.

446 2638 612 2696 Sexta
637 2645 819 2692 autem
849 2635 984 2690 hora
1012 2632 1262 2688 Christus
1287 2631 1343 2684 in
1368 2644 1521 2685 aram
1555 2629 1734 2685 crucis
1771 2643 1962 2685 ascen-

375 2729 474 2794 dit,
504 2737 713 2783 aalerno
758 2724 908 2780 Patri
941 2723 1178 2792 seipsum
1204 2719 1452 2786 oﬂ‘erens,
1495 2727 1558 2774 ut
1593 2735 1692 2774 nos
1735 2734 1766 2774 a
1809 2729 1963 2792 pote-

375 2828 517 2876 state
547 2817 750 2874 inimici
791 2824 846 2870 et
881 2830 913 2869 a
954 2821 1214 2885 perpetua
1255 2820 1429 2867 morte
1472 2811 1759 2876 liberaret;
1800 2819 1962 2884 atque

377 2912 500 2968 ideo
525 2910 776 2965 convenit
803 2917 863 2964 ut
898 2923 961 2962 ea
987 2922 1086 2962 nos
1113 2907 1246 2961 hora
1270 2913 1486 2960 orantes
1519 2912 1575 2960 et
1609 2903 1962 2975 deprecantes

378 3001 433 3056 in
475 3000 723 3061 laudibus
757 2997 875 3066 ejus
920 2995 1186 3068 inveniatf,
1229 3011 1336 3065 qua
1381 2996 1497 3066 ipse
1536 3010 1636 3051 nos
1669 3009 1769 3066 per
1807 3008 1960 3051 suam

379 3092 684 3162 passionem
707 3089 776 3144 ad
801 3089 969 3143 vitam
993 3095 1252 3142 aeternam
1281 3085 1624 3141 restauravit.

997 3196 1224 3253 CAPUT
1256 3195 1344 3252 Vl.

849 3268 927 3322 De
949 3269 1114 3338 ojjicio
1140 3283 1292 3322 nona:
1314 3267 1478 3321 horta.

450 3365 603 3421 Nona
629 3363 815 3433 utique
839 3362 974 3416 hora
999 3359 1124 3415 inde
1144 3367 1516 3424 consecratur,
1544 3357 1671 3428 quia
1696 3357 1752 3412 in
1771 3371 1836 3413 ea
1857 3357 1964 3412 Do—

382 3459 562 3514 minus
584 3469 684 3528 pro
712 3454 947 3510 inimicis
975 3452 1253 3524 postulans
1290 3453 1346 3507 in
1377 3467 1572 3506 manus
1599 3449 1775 3505 Patris
1809 3448 1966 3520 spiri-

385 3560 500 3605 tum
557 3546 992 3615 commendavit,
1039 3560 1144 3615 qua
1198 3545 1449 3600 videlicet
1496 3543 1680 3600 ﬁdeles
1725 3558 1966 3613 quosque

386 3647 602 3711 oportet
623 3647 679 3692 ut
711 3653 769 3692 se
793 3637 903 3691 Deo
928 3636 1304 3692 commendent
1329 3650 1451 3689 cum
1481 3634 1670 3689 devota
1698 3634 1963 3698 oratione,

382 3731 491 3799 qua
515 3734 676 3798 caput
704 3742 859 3782 suum
885 3733 1218 3796 cognoscunt
1245 3723 1514 3795 propriam
1555 3723 1788 3776 animam
1819 3721 1966 3776 Patri

383 3840 484 3881 suo
507 3823 934 3886 commendasse,
965 3829 1024 3875 ut
1059 3821 1112 3875 in
1138 3818 1254 3888 ejus
1283 3831 1477 3890 corpus
1505 3815 1812 3882 coadunatl,
1843 3831 1965 3871 eum

383 3915 502 3986 ipso
525 3928 750 3984 regnum
777 3911 987 3983 possint
1013 3910 1217 3964 intrare
1238 3915 1575 3980 perpetuum.
1603 3905 1825 3976 Hocque
1845 3921 1967 3960 con-

385 4005 715 4059 sideratione
757 4001 978 4072 dignum
1013 4007 1114 4064 est,
1151 3999 1295 4068 quod
1335 4013 1432 4068 per
1467 4003 1662 4052 cuncta
1693 3995 1807 4050 haec
1833 4003 1966 4051 tem-

378 4109 575 4164 porum
620 4093 795 4164 spatia
845 4089 1116 4146 ternarius
1165 4101 1422 4142 numerus
1465 4085 1599 4141 satis
1645 4085 1966 4142 venerabilis

381 4187 599 4250 emicat,
633 4199 734 4238 nos
758 4182 1055 4237 admonens
1085 4186 1144 4232 ut
1171 4186 1292 4248 post
1317 4177 1480 4231 trium
1511 4178 1764 4232 horarum
1793 4176 1966 4231 curri-

381 4278 503 4335 cula
555 4275 978 4346 unumquodque
1023 4272 1215 4328 horum
1254 4268 1555 4328 ciliciorum
1607 4276 1927 4341 peragentes
1949 4307 1967 4334 ,

381 4373 627 4422 sanctam
682 4363 1004 4418 Trinitatem
1071 4361 1244 4416 sacris
1304 4359 1552 4415 laudibus
1608 4357 1963 4413 celebremus.

379 4455 587 4510 Horum
643 4467 858 4523 quoque
901 4451 1199 4507 ofﬁciorum
1247 4458 1448 4504 statuta
1499 4450 1816 4504 observasse
1859 4446 1959 4515 ipsi

381 4542 613 4615 apostoli
633 4542 905 4613 leguntur,
933 4542 1076 4596 sicut
1103 4541 1158 4594 in
1182 4539 1408 4596 Actibus
1434 4538 1798 4610 apostolon
1828 4537 1962 4608 legi-

381 4643 496 4702 tur,
520 4633 662 4706 quod
690 4633 882 4688 Petrus
915 4647 1024 4702 qua
1053 4632 1141 4687 die
1169 4631 1432 4687 visionem
1464 4631 1962 4686 communicationis

383 4729 439 4785 in
485 4728 576 4784 illo
602 4725 820 4783 vasculo
843 4734 1094 4795 expertus
1127 4731 1228 4789 est,
1257 4732 1410 4778 sexta
1447 4737 1543 4779 ora
1568 4723 1756 4780 orandi
1789 4725 1962 4796 gratia

382 4821 689 4879 ascenderit
711 4818 848 4892 (Act.
875 4817 953 4890 χ).
981 4817 1048 4871 Ει
1068 4816 1199 4872 item
1224 4833 1238 4870 :
1270 4815 1480 4883 Petrus,
1513 4816 1705 4886 inquit,
1732 4826 1780 4870 et
1800 4816 1964 4872 Joan-

383 4929 474 4968 nes
503 4910 846 4968 ascendebant
891 4907 947 4962 in
994 4903 1242 4977 templum
1277 4905 1345 4960 ad
1372 4905 1557 4961 horam
1584 4905 1838 4962 orationis
1862 4921 1959 4961 no-

383 5021 506 5060 nam
536 5004 674 5064 (Act.
702 5001 806 5073 ιιι).
1133 5057 1151 5078 l

977 5091 1206 5149 CAPUT
1245 5091 1355 5146 VII.

769 5185 847 5240 De
883 5186 1171 5256 vespertina
1204 5183 1566 5240 celebratione.

457 5278 832 5348 Vespertinum
873 5274 1106 5331 cilicium
1149 5276 1205 5330 in
1243 5276 1451 5330 diurnae
1475 5275 1609 5330 lucis
1635 5289 1832 5330 occasu
1857 5282 1959 5339 est,

385 5368 538 5438 cujus
570 5384 636 5423 ex
663 5367 844 5423 Veteri
877 5367 1222 5423 Testamento
1257 5368 1514 5423 solemnis
1539 5375 1623 5422 est
1650 5367 1960 5422 celebratio.

386 5463 627 5531 Denique
651 5461 755 5515 hoc
780 5472 1021 5530 tempore
1056 5470 1298 5514 veterum
1330 5459 1598 5514 sacriﬁcia
1621 5459 1802 5513 offerri
1832 5459 1964 5513 ado-

386 5549 595 5620 lerique
644 5550 835 5606 altario
872 5559 1112 5605 aromata
1140 5561 1196 5606 et
1224 5551 1382 5604 thura
1420 5551 1581 5622 (sicut
1618 5566 1777 5621 supra
1823 5551 1965 5606 dixi-

388 5639 532 5710 mus)
563 5653 678 5695 mos
717 5648 854 5707 erat,
882 5641 1034 5710 cujus
1069 5639 1146 5695 rei
1179 5640 1332 5695 testis
1371 5648 1452 5696 est
1489 5639 1831 5711 hymnidicus
1857 5640 1964 5710 ille,

1989 3054 2035 3117 C

2038 439 2206 493 oratio
2235 453 2350 490 mea
2377 436 2511 490 sicut
2553 434 2821 488 incensum
2857 433 2911 486 in
2947 441 3222 501 conspectu
3260 440 3386 496 tuo;
3413 431 3634 486 elevatio

2037 543 2290 582 manuum
2337 540 2570 580 mearum
2618 523 2938 592 sacriﬁcium
2979 523 3346 593 vespertinum.
3385 521 3442 577 ln
3485 522 3635 578 Novo

2039 631 2252 687 quoque
2278 615 2624 670 Testamento
2650 627 2715 668 eo
2749 620 2990 681 tempore
3016 611 3279 667 Dominus
3303 620 3362 667 et
3385 609 3639 666 Salvator

2041 715 2226 763 noster
2251 704 2592 761 coenantibus
2621 701 2880 773 apostolis
2909 701 3232 772 mysterium
3270 701 3354 756 sui
3392 701 3640 772 corporis

2041 809 2096 855 et
2123 797 2400 868 sanguinis
2445 795 2499 849 in
2546 794 2699 848 initio
2737 792 2980 857 tradidit,
3013 799 3073 845 ut
3110 799 3321 862 tempus
3351 791 3528 861 ipsum
3559 808 3646 848 sa-

2043 886 2234 942 criﬁcii
2260 899 2542 954 vesperum
2580 882 2893 937 ostenderet
2927 880 3132 936 saeculi.
3165 879 3402 936 Proinde
3435 882 3493 938 in
3537 881 3639 936 Ιιος

2045 992 2232 1032 norem
2279 991 2343 1031 ac
2371 974 2686 1029 memoriam
2728 980 3002 1027 tantorum
3059 980 3529 1027 sacramentorum
3585 973 3643 1028 in

2049 1071 2132 1124 bis
2163 1068 2492 1138 temporibus
2512 1067 2702 1120 adesse
2732 1079 2831 1119 nos
2859 1064 3015 1119 decet
3051 1063 3145 1118 Dei
3171 1065 3550 1134 conspectibus
3588 1073 3646 1117 et

2049 1175 2359 1232 personare,
2392 1160 2446 1213 in
2477 1159 2593 1228 ejus
2620 1155 2853 1212 cultibus
2881 1155 3186 1209 orationum
3224 1163 3534 1210 nostrarum
3565 1154 3642 1212 illi

2051 1249 2377 1306 sacriﬁcium
2405 1246 2717 1309 ollerentes,
2744 1253 2906 1313 atque
2928 1245 2980 1297 in
3008 1241 3124 1312 ejus
3160 1243 3407 1297 laudibus
3435 1244 3648 1314 pariter

2050 1341 2402 1396 exsultantes.
2462 1338 2755 1406 Vesperum
2806 1344 2989 1391 autem
3036 1336 3344 1391 nominatur
3381 1350 3413 1389 a
3466 1335 3650 1392 sidere

2055 1433 2198 1504 quod
2225 1430 2432 1500 Vesper
2455 1437 2702 1494 vocatur,
2729 1435 2784 1483 et
2814 1428 3096 1483 deeidente
3131 1426 3244 1482 sole
3283 1427 3548 1492 exoritur,
3580 1429 3650 1482 de

2055 1537 2162 1592 quo
2189 1522 2450 1592 propheta
2477 1520 2608 1575 dicit
2637 1537 2650 1573 :
2684 1519 2753 1573 Et
2800 1533 3068 1588 vesperum
3108 1534 3264 1588 super
3295 1518 3436 1587 ﬁlios
3471 1518 3648 1572 homi-

2057 1630 2182 1668 num
2209 1612 2495 1683 producere
2519 1611 2647 1682 facit
2679 1609 2823 1680 (Job.
2853 1608 3110 1680 xxxviii).

2650 1719 2878 1776 CAPUT
2921 1719 3047 1774 Vlll.

2619 1811 2696 1867 De
2724 1811 3079 1883 completorio.

2129 1907 2206 1962 De
2233 1905 2514 1977 completis
2553 1914 2734 1959 autem
2763 1903 3101 1961 celebrandis
3135 1903 3299 1959 etiam
3329 1905 3382 1959 in
3424 1903 3652 1960 Patrum

2060 1997 2364 2052 invenimus
2387 1994 2667 2064 exemplis,
2701 1994 2868 2048 David
2896 1993 3155 2063 propheta
3189 1995 3402 2050 dicente
3427 2011 3439 2046 :
3477 1993 3536 2049 Si
3563 2011 3654 2050 as-

2060 2087 2280 2142 cendero
2307 2085 2576 2140 inlectum
2606 2086 2759 2140 strati
2803 2084 2924 2151 mei,
2956 2087 3002 2138 si
3035 2085 3223 2140 dedero
3258 2103 3500 2140 somnum
3527 2105 3654 2141 ocu-

2059 2177 2124 2232 lis
2146 2176 2297 2242 meis,
2327 2185 2374 2231 et
2402 2174 2660 2246 palpebris
2683 2177 2810 2229 meis
2837 2175 3278 2242 dormitationem,
3302 2186 3392 2231 aut
3423 2180 3655 2247 requiem

2061 2269 2398 2341 temporibus,
2419 2267 2582 2322 donec
2603 2267 2861 2321 inveniam
2886 2265 3055 2320 locum
3082 2266 3325 2331 Domino,
3341 2268 3658 2322 tabernacu-

2061 2362 2170 2416 lum
2204 2361 2314 2416 Deo
2340 2359 2505 2414 Iacob
2533 2355 2704 2430 (Psal.
2721 2355 2929 2428 cum).
2948 2357 3079 2424 Quis
3093 2371 3198 2412 non
3213 2366 3426 2427 stupeat
3443 2367 3653 2414 tantam

2062 2453 2116 2507 in
2153 2465 2339 2507 amore
2366 2451 2462 2505 Dei
2509 2449 2850 2505 devotionem
2891 2449 3080 2513 animi,
3128 2449 3183 2502 ni
3229 2464 3479 2504 somnum
3527 2451 3652 2516 sibi,

2061 2546 2182 2600 sine
2210 2557 2318 2612 quo
2354 2542 2540 2611 utique
2587 2555 2815 2610 corpora
2869 2540 3106 2593 humana
3135 2538 3410 2603 deﬁciunt,
3438 2541 3658 2609 penitus

2063 2631 2425 2697 interdixerit,
2455 2631 2625 2686 donec
2663 2630 2838 2684 locum
2861 2644 2925 2683 ac
2947 2629 3205 2700 templum
3231 2628 3458 2684 Domino
3490 2629 3660 2685 fabri-

2062 2725 2296 2780 candum
2338 2722 2392 2776 in
2439 2728 2660 2788 pectore
2702 2734 2800 2773 suo
2832 2734 2926 2773 rex
2973 2727 3027 2773 et
3061 2719 3322 2789 prapheta
3358 2721 3660 2788 reperiret?

2063 2815 2194 2886 Quae
2225 2831 2312 2870 res
2338 2829 2437 2870 nos
2465 2813 2624 2868 debet
2657 2811 2872 2867 fortiter
2909 2813 3224 2878 admonere,
3254 2821 3313 2866 ut
3352 2810 3394 2866 si
3443 2812 3541 2880 ipsi
3579 2810 3659 2866 lo-

2063 2923 2159 2965 cus
2189 2906 2401 2962 Domini
2429 2919 2549 2961 esse
2575 2903 2848 2970 volumus,
2889 2913 2944 2958 et
2975 2903 3381 2959 tabernaculum
3418 2903 3555 2970 ejus,
3593 2917 3661 2956 ac

2065 2997 2323 3070 templum
2376 2997 2623 3066 cupimus
2677 2994 2894 3060 haberi,
2946 2993 3000 3049 in
3053 3005 3314 3065 quantum
3366 3009 3661 3064 possumus

2067 3089 2314 3160 exempla
2356 3097 2664 3144 sanctorum
2702 3087 2999 3151 imitemur,
3043 3101 3110 3140 ne
3144 3086 3210 3140 de
3250 3085 3403 3140 nobis
3443 3081 3664 3138 dicatur

2067 3181 2214 3252 quod
2257 3180 2485 3249 legitur:
2524 3178 2862 3232 Dormierunt
2915 3193 3158 3231 somnum
3205 3193 3378 3241 suum,
3423 3185 3467 3229 et
3524 3175 3664 3228 nihil

2065 3273 2395 3336 invenerunt,
2425 3278 2480 3324 et
2510 3269 2735 3340 reliqua.
2763 3268 2919 3324 Circa
2933 3267 3302 3324 'undecimam
3344 3276 3522 3324 autem
3560 3269 3666 3322 ho-

2067 3379 2206 3430 ram,
2238 3363 2291 3419 id
2313 3371 2396 3417 est
2423 3362 2476 3416 in
2505 3361 2612 3416 line
2642 3361 2768 3425 diei,
2799 3360 3014 3430 quando
3055 3359 3217 3430 hujus
3247 3359 3405 3414 ollieii
3445 3368 3665 3427 tempus

2067 3463 2168 3518 est,
2204 3453 2476 3509 credimus
2507 3452 2806 3508 Salvatoris
2849 3466 3044 3520 corpus
3070 3451 3304 3520 positum
3339 3463 3456 3504 esse
3487 3448 3538 3501 in
3573 3462 3667 3502 se—

2065 3546 2274 3618 pulcro,
2300 3560 2364 3600 ac
2391 3544 2612 3616 perinde
2641 3543 2796 3598 istius
2819 3558 3035 3614 quoque
3058 3556 3252 3596 cursus
3277 3540 3529 3595 solemnis
3558 3539 3666 3594 de-

2067 3638 2160 3692 bet
2199 3649 2318 3692 esse
2359 3635 2682 3700 celebratio;
2716 3645 2880 3704 atque
2913 3647 3239 3704 magnopere
3263 3631 3533 3701 postulare
3563 3632 3670 3686 de-

2068 3726 2280 3791 bemus,
2304 3733 2364 3779 ut
2390 3726 2505 3795 ipse
2538 3723 2628 3794 qui
2660 3724 2763 3779 hac
2790 3724 2923 3777 hora
2952 3723 3188 3792 quietem
3219 3721 3447 3791 sepulcri
3480 3721 3666 3778 intra-

2068 3820 2149 3874 vit
2190 3817 2346 3873 nobis
2388 3825 2646 3872 aeternam
2693 3815 2938 3886 requiem
2981 3814 3036 3868 in
3071 3813 3225 3870 cadis
3253 3813 3548 3870 concedere
3577 3813 3668 3868 di-

2072 3919 2286 3981 gnetur.

2682 3994 2910 4052 CAPUT
2947 3993 3038 4051 1X.

2321 4089 2399 4146 De
2425 4097 2680 4144 nocturna
2710 4086 3009 4158 vigilian
3045 4083 3405 4140 celebratione.

2144 4181 2220 4236 De
2271 4179 2573 4250 vigiliarum
2622 4192 2837 4248 quoque
2867 4175 3262 4231 noeturnalium
3292 4173 3669 4230 celebratione

2072 4275 2293 4346 antiqua
2339 4282 2423 4330 est
2452 4273 2738 4338 institutio,
2788 4271 3095 4342 vigiliarum
3133 4269 3348 4325 devotio
3391 4268 3667 4325 familiare

2071 4366 2270 4422 bonum
2297 4374 2380 4422 est
2410 4366 2660 4421 omnibus
2688 4363 2909 4419 sanctis.
2947 4362 3114 4416 Isaias
3141 4375 3355 4431 quoque
3391 4359 3670 4415 exclamat

2069 4459 2139 4514 ad
2167 4459 2336 4513 Deum
2383 4456 2570 4512 dicens
2600 4475 2612 4511 :
2646 4456 2723 4511 De
2754 4463 2902 4510 nocte
2939 4453 3116 4525 vigilat
3158 4452 3374 4522 spiritus
3413 4467 3554 4506 meus
3589 4452 3668 4505 ad

2071 4560 2142 4618 te,
2167 4549 2408 4615 Domine,
2434 4550 2558 4620 quia
2581 4548 2674 4603 tua:
2695 4557 2952 4619 prtecepta
2981 4554 3075 4599 tua
3105 4554 3226 4599 sunt
3257 4560 3412 4615 super
3436 4552 3663 4597 terram.

2070 4641 2206 4698 item
2247 4641 2414 4697 David
2457 4648 2511 4696 et
2545 4639 2697 4710 regio
2723 4645 2780 4694 et
2803 4637 3120 4709 prophetico
3145 4634 3514 4690 sanetilieatus
3554 4648 3667 4686 un-

2073 4743 2270 4808 guento
2299 4735 2372 4790 ita
2399 4733 2543 4790 canit
2572 4749 2584 4786 :
2620 4730 2796 4786 Media
2838 4740 2985 4785 nocte
3012 4727 3286 4800 surgebam
3312 4727 3381 4781 ad
3407 4726 3668 4794 con/itea-

2071 4827 2198 4881 dum
2243 4825 2356 4892 tibi,
2404 4840 2560 4895 super
2589 4822 2795 4893 judicia
2817 4822 3041 4893 justitia:
3089 4829 3194 4874 tuae
3240 4817 3411 4891 (Psal.
3440 4817 3663 4888 cxvul).

2069 4915 2221 4973 Hane
2259 4930 2494 4985 namque
2540 4922 2784 4984 tempore
2824 4920 3065 4968 vastator
3105 4911 3328 4983 angelus
3359 4909 3665 4976 transiens,

2066 5005 2425 5079 primogenita
2454 5004 2832 5078 Egyptiorum
2853 5004 3138 5075 percussit.
3165 5001 3317 5058 Unde
3341 5010 3396 5057 et
3425 5016 3521 5056 nos
3546 5001 3668 5055 evi-

2068 5098 2236 5170 gilare
2280 5104 2514 5166 oportet,
2552 5109 2621 5150 ne
2650 5093 2890 5165 periculo
2935 5092 3316 5167 Egyptiorum
3358 5091 3668 5146 admiscea-

2067 5205 2208 5244 mur.
2266 5188 2484 5244 Eisdem
2533 5187 2699 5242 etiam
2761 5185 2912 5242 horis
2959 5193 3249 5240 venturum
3301 5199 3358 5240 se
3415 5197 3537 5239 esse
3603 5182 3666 5236 in

2069 5276 2360 5349 Evangelio
2395 5275 2645 5331 Salvator
2673 5273 2926 5340 astruxit,
2955 5273 3099 5331 unde
3139 5283 3196 5330 et
3230 5274 3297 5329 ad
3324 5271 3666 5343 vigilandum

2069 5369 2346 5424 auditores
2381 5381 2508 5422 suos
2551 5366 2816 5430 excitans,
2842 5364 3014 5420 dixit:
3044 5363 3196 5418 Beati
3230 5363 3364 5418 servi
3393 5361 3496 5424 illi,
3522 5377 3668 5432 quos

2069 5476 2186 5514 cum
2219 5460 2412 5515 venerit
2444 5457 2702 5513 Dominus
2727 5455 2976 5511 invenerit
3014 5451 3286 5526 vigilantes
3335 5451 3484 5523 (Luc.
3528 5453 3671 5523 xu).

2075 5547 2300 5618 Vigilate
2329 5563 2470 5619 ergo,
2512 5547 2716 5602 nescitis
2745 5548 2880 5601 enim
2926 5545 3137 5616 quando
3174 5543 3428 5597 Dominus
3460 5540 3666 5606 veniat,

2069 5657 2207 5709 sero,
2240 5658 2310 5696 an
2356 5641 2527 5697 media
2579 5649 2746 5708 nocte,
2790 5657 2850 5694 ac
2900 5636 3026 5710 galli
3065 5646 3244 5705 cantu,
3283 5652 3352 5689 an
3388 5649 3565 5699 mane,
3600 5650 3673 5689 ne
