4002 6204
303 319 407 375 529

1134 315 1220 369 DE
1258 314 1702 374 CLERICORUM
1742 315 2249 384 INSTITUTIONE,
2292 318 2440 375 ETC.
2467 351 2537 362 --
2569 321 2698 379 LIB.
2735 323 2798 380 ll.

3474 333 3579 387 550

299 445 417 485 cunt
445 429 644 483 merit
681 430 909 484 inveniat
954 445 1039 483 vos
1077 430 1393 486 dormientes
1424 430 1617 501 (Marc.
1654 432 1794 500 xm).
1829 432 1896 488 Et
1923 437 1969 494 Α
1999 431 2073 484 nit
2102 428 2274 504 (Psal.
2317 432 2394 505 v).
2435 433 2568 490 Nam
2613 439 2830 493 assidue
2873 446 2927 493 et
2967 448 3235 496 instanter
3275 458 3431 501 orare
3471 448 3584 518 ipsa

296 538 368 578 ne
398 521 530 578 solis
567 521 828 592 apostolis
869 522 1000 577 illud
1041 532 1369 594 praeceptum
1406 539 1523 580 esse
1558 523 1892 589 crederetur.

299 630 427 671 mox
469 614 754 684 snljunxit
777 613 978 680 :Quod
1001 625 1197 681 autem,
1227 615 1421 685 inquit,
1448 616 1586 670 vobis
1609 616 1746 678 dico,
1779 632 1894 670 om.-

301 707 457 760 nibus
489 706 633 768 dico,
664 704 890 775 vigilate.
933 703 1210 774 Siquidem
1241 721 1344 761 nec
1379 707 1562 762 verbis
1599 707 1774 762 solum
1799 707 1899 761 .do-

301 798 418 852 cuit
453 797 683 867 vigilias.
728 797 825 852 sed
863 797 1029 852 etiam
1057 797 1401 854 conﬁrmavit
1436 800 1706 870 exemplo,
1744 815 1899 854 nam-

302 903 408 959 que
443 895 682 943 testatur
712 888 1057 958 Evangelium
1099 891 1225 960 quia
1265 901 1377 946 erat
1403 891 1562 947 Iesus
1589 903 1901 964 pernoctans

303 983 358 1034 in
389 980 630 1033 oratione
672 979 787 1034 Dei.
831 979 1030 1036 Paulus
1057 995 1274 1050 quoque
1303 989 1358 1037 et
1393 981 1536 1038 Silas
1569 983 1623 1037 in
1655 984 1902 1038 custodia

306 1069 524 1140 publica
554 1069 702 1123 circa
740 1068 978 1124 medium
1025 1070 1204 1125 noctis
1229 1080 1469 1136 orantes,
1498 1073 1756 1143 hymnum
1785 1072 1904 1146 (au-

307 1162 588 1218 dientibus
630 1161 864 1233 cunctis)
903 1161 1067 1217 vincti
1109 1162 1312 1218 divisse
1356 1173 1728 1220 memorantur
1761 1165 1900 1237 (Act.

307 1254 449 1324 xu),
491 1253 582 1308 ubi
615 1263 922 1312 ternemotu
955 1264 1174 1325 repente
1200 1254 1364 1321 facto,
1394 1264 1450 1311 et
1485 1258 1765 1314 concussis
1790 1274 1905 1313 car-

307 1346 454 1401 ceris
499 1344 884 1411 fundamentis,
934 1355 987 1400 et
1017 1343 1198 1413 ianua:
1235 1355 1427 1417 sponte
1459 1356 1680 1418 apertae,
1712 1358 1767 1404 et
1789 1365 1905 1404 om-

309 1435 463 1490 nium
513 1435 728 1490 vincula
777 1443 904 1491 sunt
948 1435 1144 1492 soluta.
1192 1437 1346 1493 Unde
1386 1446 1601 1509 oportet
1637 1439 1722 1494 his
1757 1439 1906 1494 horis

308 1529 580 1600 psallendi
614 1529 915 1599 orandique
957 1529 1321 1600 frequentiam
1367 1547 1466 1586 nos
1496 1531 1548 1586 in
1577 1532 1779 1586 sanctis
1803 1533 1903 1586 ha—

310 1621 442 1675 bere
469 1617 683 1684 ciliciis,
712 1617 984 1688 ﬁnemque
1009 1628 1278 1684 nostrum,
1306 1619 1389 1674 vel
1429 1619 1474 1675 si
1503 1621 1781 1676 advenerit
1805 1621 1908 1677 sub

311 1712 406 1765 tali
447 1720 578 1767 actu
617 1719 934 1781 exspectare
979 1726 1219 1767 securos.
1275 1712 1372 1767 Est
1418 1720 1596 1768 autem
1633 1713 1904 1782 quoddam

1999 519 2216 577 Veritas
2241 537 2339 577 nos
2369 523 2576 589 docuit,
2611 541 2735 580 cum
2765 528 2900 584 dixit
2930 547 2942 582 :
2984 529 3152 585 Potite
3179 542 3228 588 et
3262 534 3474 590 dubitur
3502 555 3588 594 uo-

1999 611 2099 677 bis,
2129 614 2347 682 quarite
2375 624 2421 668 et
2464 615 2750 682 invenietis,
2782 618 2985 690 pulsate
3022 631 3068 675 et
3111 625 3373 694 aperietur
3414 629 3590 696 vobis;

1999 702 2170 756 omnis
2198 703 2335 758 enim
2361 705 2452 775 qui
2478 708 2602 775 petit
2643 711 2850 780 accipit,
2881 721 2927 764 et
2961 715 3050 783 qui
3077 717 3266 784 quarrit
3302 716 3514 787 invenit,
3542 731 3592 778 et

2001 790 2233 862 pulsanti
2277 797 2537 865 aperietur
2581 797 2795 868 (Matth.
2843 801 2958 874 vn).
2985 795 3063 858 Ἐι
3101 813 3161 859 ut
3198 811 3445 881 exemplo
3494 813 3592 868 ali-

2005 897 2112 952 quo
2143 886 2388 940 eamdem
2431 902 2544 942 rem
2576 890 2748 960 magis
2769 893 3038 959 suaderet,
3062 896 3374 964 parabolam
3403 901 3470 956 de
3495 903 3592 958 ho-

2004 975 2149 1032 mine
2187 977 2241 1032 in
2290 980 2524 1035 medium
2554 983 2755 1051 posuit,
2799 984 2892 1054 qui
2935 987 3169 1042 amicum
3199 1005 3354 1046 suum
3385 992 3438 1048 in
3464 1009 3596 1050 con-

2004 1063 2142 1119 clavi
2172 1068 2406 1136 positum
2437 1069 2504 1125 de
2535 1072 2709 1127 tribus
2746 1075 2974 1143 panibus
3001 1080 3313 1147 postulavit,
3356 1093 3411 1138 et
3437 1088 3610 1156 panis,

2005 1162 2059 1208 et
2087 1154 2298 1226 lapidis,
2328 1159 2493 1229 piscis
2518 1170 2572 1217 et
2593 1166 2880 1233 serpentis,
2909 1169 2992 1222 ovi
3031 1178 3086 1225 et
3115 1175 3417 1243 scorpionis
3437 1154 3594 1232 com-

2005 1248 2343 1316 parationem
2375 1251 2598 1320 faciens,
2630 1257 2922 1314 novissime
2952 1261 3026 1316 ita
3065 1267 3426 1322 narrationem
3466 1286 3594 1325 con-

2006 1339 2184 1397 clusit.
2221 1341 2280 1398 Si
2300 1361 2421 1415 ergo
2445 1363 2553 1413 vos,
2576 1348 2770 1420 inquit,
2787 1369 2907 1407 cum
2934 1356 3049 1410 sitis
3089 1358 3234 1426 mali,
3267 1365 3429 1417 nostis
3458 1364 3594 1420 boni

2006 1431 2132 1486 data
2157 1433 2284 1488 dare
2307 1435 2435 1504 ﬁliis
2462 1440 2666 1506 vestris,
2708 1454 2905 1512 quanto
2943 1449 3111 1518 magis
3150 1449 3313 1506 Pater
3340 1466 3503 1510 vester
3529 1457 3594 1514 de

2008 1523 2133 1578 ctelo
2161 1525 2307 1582 dabit
2335 1530 2575 1598 spiritum
2609 1532 2800 1588 bonum
2827 1539 3115 1605 petentibus
3145 1558 3200 1597 se
3225 1542 3435 1616 (Ibid.).

2613 1621 2842 1682 CAPUT
2879 1627 2992 1684 XII.

2286 1710 2358 1766 De
2383 1712 2769 1785 quadripartito
2796 1721 2964 1789 specie
2989 1727 3307 1780 orationum.

310 1818 485 1870 genus
512 1803 914 1868 hatreticorum,
946 1800 1244 1872 superﬂuas
1269 1803 1694 1858 existimantium
1720 1819 1907 1860 sacras
1936 1789 1982 1849 Β
2079 1794 2395 1857 Oratiouum
2433 1818 2564 1874 ergo
2597 1807 2834 1875 speciem
2871 1810 3162 1881 Apostolus
3202 1819 3596 1888 quadripartita

311 1890 548 1960 vigilias,
582 1901 640 1946 et
662 1890 892 1961 spiritali
915 1905 1078 1961 opere
1106 1889 1488 1951 infructuosus.
1519 1894 1759 1949 dicentes
1777 1895 1902 1964 jura

311 1983 570 2038 temerari
607 1983 811 2048 divina,
845 1997 968 2039 cum
1019 1982 1159 2038 Deus
1203 1993 1414 2040 noctem
1464 1983 1656 2040 fecerit
1705 1985 1773 2039 ad
1820 2001 1904 2041 re-

309 2074 511 2143 quiem,
547 2075 693 2130 sicut
731 2074 877 2130 diem
913 2073 979 2135 ad
1006 2073 1265 2132 laborem.
1304 2075 1406 2143 Qui
1450 2076 1690 2132 haeretici
1715 2074 1904 2132 Graeco

309 2179 565 2220 sermone
610 2175 885 2237 nystages,
924 2175 1216 2241 νυσταγεῖς,
1263 2167 1367 2223 hoc
1407 2175 1492 2223 est
1535 2167 1902 2232 somnicolosi,

309 2263 595 2310 vocantur.
628 2255 734 2312 Iste
757 2265 941 2313 autem
983 2266 1066 2313 est
1106 2258 1406 2315 catholicus
1437 2259 1571 2314 ordo
1600 2259 1901 2315 divinarum

308 2347 756 2411 celebrationum,
789 2348 882 2418 qui
914 2349 983 2404 ab
1010 2350 1264 2406 universa
1308 2349 1550 2408 Ecclesia
1586 2349 1787 2408 Christi
1817 2353 1900 2406 in-

310 2437 772 2494 comutabiliter
801 2447 1069 2495 serva-tur.

941 2528 1170 2586 CAPUT
1205 2531 1272 2586 Χ.

630 2617 710 2672 De
737 2620 941 2675 ca'teris
969 2619 1213 2691 legitimis
1235 2625 1579 2679 orationibus.

377 2704 518 2762 Sunt
545 2719 602 2764 et
633 2709 754 2765 aliae
777 2711 1051 2768 orationes
1073 2712 1341 2783 legitimai,
1369 2730 1490 2787 quae
1518 2715 1637 2771 sine
1666 2715 1770 2771 ulla
1806 2717 1902 2772 ad-

311 2798 608 2854 monitione
651 2801 936 2866 debentur,
979 2814 1040 2858 ut
1075 2811 1159 2859 est
1193 2803 1281 2858 illa
1325 2820 1486 2874 quam
1517 2806 1748 2862 dicimus
1772 2816 1903 2862 ante

307 2881 674 2959 Inceptionem
700 2890 930 2960 alicujus
968 2894 1170 2963 operis,
1197 2893 1410 2948 Domini
1447 2894 1774 2966 adjutorium
1799 2909 1902 2966 po-

307 2980 592 3036 stulantes.
629 2980 740 3037 Nec
769 2983 913 3038 enim
939 2983 1093 3040 decet
1119 2983 1485 3040 Christianum
1513 2983 1730 3056 aliquod
1764 2999 1903 3056 opus

303 3085 406 3126 sua
432 3073 1134 3146 presumption-incipere,
1159 3084 1450 3145 antequam
1476 3077 1690 3132 stmieat
1717 3075 1902 3132 Domi-

2010 1889 2219 1944 ratione
2249 1891 2514 1960 distinxit,
2545 1897 2732 1954 dicens
2762 1918 2773 1953 :
2802 1900 3066 1972 Deprecor
3090 1907 3265 1979 itaque
3292 1913 3460 1981 primo
3484 1932 3596 1970 om-

2008 1978 2152 2032 nium
2173 1979 2291 2046 ﬁeri
2313 1983 2717 2053 obsecrationes,
2740 1993 3021 2060 orationes,
3045 1978 3444 2069 postulationes,
3472 2022 3596 2076 gra-

2004 2067 2198 2122 tiarum
2245 2073 2476 2128 actiones
2526 2075 2575 2148 (I
2611 2077 2745 2134 Tim.
2791 2086 2932 2154 vui),
2961 2100 3082 2154 qua:
3111 2104 3218 2145 nou
3251 2067 3495 2151 inaniter
3525 2099 3597 2153 ab

2004 2155 2260 2227 Apostolo
2289 2161 2363 2216 ita
2409 2163 2575 2220 fuisse
2615 2168 2788 2226 divisa
2836 2173 3060 2234 minime
3092 2178 3442 2240 dubitandum
3487 2199 3592 2245 est.

2004 2246 2122 2304 Non
2149 2251 2293 2307 enim
2321 2257 2649 2314 credendum
2678 2269 2763 2317 est
2798 2264 3000 2336 aliquid
3027 2273 3339 2331 transitoria
3381 2293 3447 2334 ac
3475 2281 3596 2337 sine

2006 2342 2216 2438 ratione
2243 2344 2504 2417 Spiritum
2533 2362 2780 2412 sanctum
2810 2373 2908 2429 per
2933 2360 3250 2433 Apostolum
3277 2370 3591 2438 protulisse,

2003 2435 2218 2530 acideo
2245 2440 2497 2509 primitus
2527 2444 2890 2520 indagandum
2918 2462 3004 2509 est
3029 2457 3158 2527 quid
3191 2435 3590 2530 obsecratione,

2004 2526 2131 2622 quid
2177 2531 2456 2622 oratione,
2502 2537 2632 2606 quid
2677 2526 3075 2611 postulatione,
3117 2549 3247 2618 quid
3292 2526 3592 2622 gratiarum

2001 2616 2213 2674 actione
2253 2611 2534 2692 'signetur;
2580 2625 2776 2686 deinde
2817 2611 3237 2702 perquirendum
3278 2611 3459 2698 utrum
3509 2611 3594 2700 hin

2001 2714 2238 2776 quatuor
2266 2712 2476 2781 species
2523 2715 2592 2770 ab
2637 2732 2965 2791 unoquoque
3000 2733 3193 2784 orante
3237 2728 3346 2785 sint
3386 2735 3592 2802 pariter

2003 2803 2361 2893 assumendae,
2415 2821 2485 2862 an
2533 2807 2672 2867 alius
2717 2813 2936 2883 quidem
2980 2819 3408 2893 obsecrationes,
3453 2829 3594 2886 alius

2001 2891 2297 2960 orationes,
2333 2896 2471 2954 alius
2497 2915 2628 2957 vero
2660 2906 3070 2978 postulationes,
3115 2914 3360 2987 aliusque
3389 2891 3592 2991 gratia-

2003 2997 2126 3040 rum
2154 2987 2396 3046 actiones
2434 2992 2546 3050 Deo
2588 2996 2784 3054 debeat
2825 3001 3102 3060 exhibere.
3143 3005 3248 3064 Sed
3282 2987 3590 3068 mensuram

2004 3073 2213 3172 scilicet
2239 3079 2414 3136 aetatis
2440 3097 2574 3172 suae,
2605 3085 2659 3140 in
2691 3103 2797 3158 qua
2823 3105 3158 3164 unaquaeque
3194 3112 3349 3156 mens
3374 3117 3473 3172 per
3512 3104 3594 3158 iu-

309 3176 441 3216 uum
470 3162 522 3217 in
555 3163 814 3218 auxilium
843 3166 1128 3231 advocare,
1158 3167 1284 3236 quia
1312 3167 1426 3238 ipse
1455 3167 1593 3222 dixit
1619 3183 1634 3221 :
1668 3165 1794 3222 Sine
1820 3183 1902 3222 me
1929 3159 1977 3221 ϐ
2007 3166 2302 3224 tentionem
2371 3171 2617 3241 proficit,
2671 3185 2728 3232 et
2784 3159 3104 3239 industriam
3155 3159 3595 3264 unumquemque

309 3251 442 3304 nihil
467 3258 681 3321 potestis
704 3253 876 3322 facere
906 3254 1089 3326 (Joan.
1123 3258 1238 3328 xv).
1271 3257 1558 3314 Humiliter
1581 3272 1712 3330 ergo
1735 3257 1898 3313 advo-

307 3353 467 3399 catus
495 3345 750 3417 dignatur
786 3363 884 3405 nos
924 3347 1200 3418 adjuvare,
1232 3351 1374 3407 sicut
1399 3352 1467 3407 de
1495 3352 1612 3422 ipso
1639 3351 1898 3421 scriptum

308 3443 435 3490 est:
473 3435 739 3491 [avocabit
785 3455 886 3506 me,
933 3440 1140 3511 inquit,
1182 3451 1229 3495 et
1280 3457 1373 3512 ego
1421 3443 1702 3495 exaudiam
1736 3455 1896 3495 eum:

307 3544 429 3582 cum
455 3546 567 3599 ipso
602 3548 720 3585 sum
759 3533 813 3586 in
843 3532 1198 3600 tribulatione,
1223 3534 1441 3605 eripiam
1476 3550 1596 3588 eum
1621 3541 1669 3588 et
1693 3532 1896 3605 glorifi-

307 3620 441 3674 eabo
470 3637 608 3687 eum,
640 3631 694 3677 et
723 3623 929 3694 reliqua
976 3622 1149 3696 (Psal.
1203 3624 1312 3695 xc).
1355 3625 1463 3681 Sed
1491 3634 1546 3679 et
1574 3624 1754 3680 cibum
1791 3639 1901 3679 non

305 3713 463 3784 prius
491 3729 706 3770 sumere
732 3715 858 3770 licet
881 3731 1046 3786 quam
1077 3716 1392 3788 interposita
1421 3717 1689 3780 oratione,
1718 3719 1900 3787 priora

307 3804 455 3859 enim
497 3805 745 3863 habenda
789 3817 915 3862 sunt
945 3810 1167 3879 spiritus
1195 3809 1474 3880 refrigeria
1503 3825 1666 3882 quam
1697 3811 1898 3877 carnis,

306 3898 437 3968 quia
473 3899 653 3969 priora
697 3909 823 3956 sunt
865 3900 1105 3956 cmlestia
1144 3917 1308 3971 quam
1356 3911 1591 3958 terrena.
1636 3901 1902 3958 Similiter

310 3997 494 4044 autem
525 3999 580 4046 ct
615 3999 736 4060 post
763 3992 942 4048 cibum
967 4007 1127 4048 orare
1155 3991 1429 4057 convenit,
1460 4001 1518 4047 ut
1552 3993 1776 4049 Domino
1801 4009 1900 4064 pro

309 4079 425 4133 suis
469 4078 624 4135 donis
651 4082 839 4148 gratia:
878 4082 1202 4148 referantur,
1247 4091 1306 4138 ut
1353 4083 1484 4138 illud
1521 4085 1574 4138 in
1605 4085 1708 4140 hoc
1748 4100 1899 4141 com-

307 4167 523 4236 pleatur
551 4169 848 4226 Psalmista:
873 4173 1015 4242 quod
1041 4173 1173 4227 dicit
1202 4191 1214 4226 :
1246 4173 1417 4228 Edent
1443 4191 1715 4244 pauperes,
1742 4185 1790 4230 et
1815 4193 1902 4232 sa-

307 4261 668 4328 turabuntur,
717 4273 766 4317 et
807 4264 1098 4320 laudabunt
1153 4265 1435 4321 Dominum
1491 4268 1581 4336 qui
1636 4267 1902 4337 requirunt

303 4371 425 4409 eum
456 4353 629 4427 (Psal.
657 4359 792 4431 ut).

927 4451 1155 4508 CAPUT
1194 4451 1282 4506 XI.

681 4541 758 4596 De
786 4542 1135 4614 peculiaribus
1168 4545 1510 4601 orationibus.

374 4629 690 4688 Peculiares
709 4643 890 4688 autem
909 4636 1182 4691 orationes
1202 4651 1336 4706 pure
1359 4636 1671 4708 frequenter
1695 4638 1892 4705 facere,

298 4731 356 4776 et
381 4720 583 4776 bonum
613 4732 670 4778 et
708 4723 972 4780 laudabile
1017 4735 1120 4793 est,
1172 4729 1300 4798 quia
1340 4729 1632 4785 multorum
1671 4729 1893 4786 Patrum

299 4814 554 4886 exempla
597 4816 651 4870 id
681 4833 780 4873 nos
812 4816 990 4875 facere
1020 4821 1267 4887 suadent,
1304 4823 1418 4893 ipse
1445 4824 1704 4880 Dominus
1731 4827 1893 4880 etiam

300 4921 405 4961 suo
436 4908 751 4981 magisterio
781 4911 883 4966 hoc
911 4911 1108 4969 docere
1141 4929 1240 4969 nos
1269 4915 1519 4986 dignatus
1544 4927 1629 4973 est
1664 4918 1887 4974 dicens:

303 4994 385 5048 Ta
416 5007 592 5051 autem
627 5015 746 5054 cum
771 5004 1001 5058 oraveris
1046 5005 1186 5059 intra
1210 5007 1265 5059 in
1293 5006 1610 5074 cubiculum,
1635 5018 1684 5064 et
1713 5009 1894 5063 clauso

302 5087 439 5139 ostio
467 5104 561 5140 ora
590 5084 803 5144 Patrem
841 5103 1011 5157 tuum,
1050 5105 1096 5149 et
1137 5092 1298 5151 Pater
1332 5107 1451 5153 tuus
1480 5101 1568 5169 qui
1603 5100 1736 5155 videt
1761 5112 1810 5156 te
1840 5104 1894 5156 in

303 5177 611 5232 abscondito
639 5181 817 5236 reddet
845 5183 936 5238 tibi
965 5183 1179 5256 (Matth.
1211 5187 1308 5258 vi).
1345 5189 1449 5244 Sed
1486 5199 1542 5245 et
1576 5191 1678 5246 hoc
1702 5207 1806 5247 non
1839 5195 1892 5249 in

301 5268 545 5324 clamosa
569 5285 700 5326 voce
728 5270 1030 5330 faciendum
1054 5283 1156 5342 est,
1185 5279 1278 5334 sed
1300 5295 1422 5334 cum
1452 5280 1748 5337 intentione
1773 5297 1894 5338 cor-

302 5362 390 5418 dis
438 5370 494 5418 et
539 5365 952 5434 compunctione
995 5365 1374 5440 lacrymarum,
1415 5372 1537 5442 quia
1590 5372 1691 5428 hoc
1735 5375 1892 5430 modo

301 5469 407 5508 nos
428 5455 675 5509 exaudiri
701 5471 731 5509 a
752 5455 983 5513 Domino
1009 5460 1304 5528 credimus,
1333 5462 1545 5519 dicente
1564 5462 1848 5520 Psalmista
1875 5484 1889 5521 :

305 5544 595 5600 Exaudicit
640 5545 898 5602 Dominus
943 5565 1118 5604 uocem
1179 5553 1332 5621 fletus
1391 5555 1531 5619 mei,
1577 5563 1632 5610 et
1689 5557 1892 5628 reliqua

305 5633 484 5705 (Psal.
512 5638 610 5708 vn).
648 5637 716 5693 Et
741 5638 867 5695 item
894 5658 908 5695 :
942 5637 1275 5710 Sacriﬁcium
1318 5643 1426 5698 Deo
1459 5645 1670 5717 spiritus
1699 5650 1894 5704 contri-

307 5728 556 5783 bulatus:
587 5745 678 5781 cor
701 5732 977 5785 contritum
1004 5743 1050 5786 et
1078 5733 1408 5789 humiliatum
1451 5735 1589 5790 Dens
1625 5753 1726 5791 non
1750 5754 1889 5807 sper.

713 5827 984 5886 l’ATttOL
1021 5827 1212 5891 CV11.

1922 4507 1977 4568 D

1997 3265 2211 3352 oportet
2229 3259 2526 3319 intendere.
2551 3263 2968 3327 Obsecrationes
2989 3272 3172 3344 itaque
3193 3285 3319 3332 sunt
3344 3259 3592 3352 implora-

2001 3345 2177 3442 tiones
2203 3363 2298 3405 seu
2329 3352 2622 3442 petitiones
2655 3371 2754 3426 pro
2783 3361 3040 3431 peccatis,
3091 3365 3289 3434 quibus
3333 3345 3435 3426 vel—
3460 3389 3591 3442 pra:-

1998 3438 2240 3495 sentibus
2269 3441 2352 3496 vel
2389 3446 2678 3513 praeteritis
2731 3450 2985 3508 admissis
3043 3454 3159 3510 suis
3217 3438 3592 3533 unusquisque

1999 3539 2352 3598 compunctus
2398 3535 2613 3591 veniam
2674 3534 3019 3608 deprecatur.
3079 3543 3369 3605 Orationes
3421 3563 3548 3607 sunt
3572 3595 3587 3617 ,

1998 3619 2194 3687 quibus
2231 3621 2433 3693 aliquid
2481 3624 2762 3685 oderimus
2809 3646 2904 3687 seu
2952 3647 3214 3692 vovemus
3256 3637 3388 3706 Deo,
3438 3644 3588 3699 verbi

1998 3716 2174 3784 gratia
2211 3735 2224 3770 :
2256 3716 2509 3787 Oramus,
2541 3737 2666 3778 cum
2707 3728 3086 3786 renuntiantes
3125 3731 3252 3788 huic
3289 3736 3490 3792 mundo
3535 3749 3592 3794 et

2000 3807 2231 3874 actibus,
2280 3817 2444 3881 atque
2487 3817 2884 3872 conversationi
2934 3821 3219 3878 mundana:
3263 3827 3589 3894 spondemus

1999 3912 2100 3953 nos
2128 3906 2276 3955 tanta
2303 3901 2604 3960 intentione
2635 3907 2816 3963 cordis
2845 3908 3075 3966 Domino
3103 3913 3419 3971 servituros.
3449 3918 3588 3974 Ora-

1999 4006 2144 4056 mus,
2182 4007 2305 4046 cum
2334 3995 2698 4062 promittimus
2724 4014 2823 4054 nos
2846 4001 3191 4069 purissimam
3217 4006 3462 4074 wtporis
3489 4023 3586 4062 ca-

2000 4083 2262 4150 stitatem,
2285 4100 2380 4141 seu
2406 4087 2734 4144 immobilem
2763 4090 3078 4160 patientiam
3102 4094 3443 4151 exhibituros
3468 4112 3591 4153 esse

2001 4186 2280 4247 perpetuo,
2323 4177 2404 4233 vel
2433 4194 2556 4234 cum
2594 4180 2659 4244 de
2687 4183 2850 4236 corde
2876 4190 3062 4238 nostro
3093 4184 3302 4240 radices
3330 4187 3441 4250 inn,
3472 4189 3588 4244 sive

2002 4271 2234 4326 tristitiae
2280 4281 2508 4329 mortem
2555 4276 2834 4344 operantis
2886 4291 3146 4334 vovemus
3199 4295 3299 4337 nos
3346 4282 3588 4342 funditus

2003 4374 2212 4416 eruere.
2245 4361 2428 4418 Tertio
2451 4363 2568 4419 loco
2590 4375 2865 4434 ponuntur
2890 4367 3294 4437 postulationes,
3324 4388 3458 4443 quas
3487 4391 3586 4446 pro

2005 4452 2124 4508 aliis
2151 4468 2385 4524 quoque.
2416 4455 2542 4510 dum
2573 4471 2759 4511 sumus
2792 4458 2844 4512 in
2888 4459 3102 4516 fervore
3121 4462 3344 4531 spiritus
3376 4471 3584 4522 consti-

2005 4547 2122 4610 tuti,
2163 4547 2398 4603 solemus
2435 4549 2712 4614 emittere,
2763 4552 2847 4607 vel
2875 4553 3056 4609 charis
3105 4557 3314 4613 scilicet
3361 4563 3583 4630 nostris,

1999 4639 2082 4695 vel
2109 4654 2207 4710 pro
2235 4641 2400 4696 totius
2427 4642 2612 4697 mundi
2639 4657 2772 4714 pace
2796 4656 3100 4714 poscentes,
3132 4658 3192 4703 ut
3235 4649 3404 4720 ipsius
3441 4653 3592 4724 Apo-

1993 4730 2121 4786 stoli
2167 4733 2350 4787 verbis
2392 4732 2639 4804 eloquar,
2670 4749 2793 4790 cum
2833 4751 2932 4808 pro
2959 4741 3212 4797 omnibus
3253 4742 3584 4816 hominibus,

1997 4835 2097 4890 pro
2123 4822 2340 4893 regibus
2381 4832 2437 4879 et
2475 4839 2574 4895 pro
2612 4825 2696 4880 his
2732 4827 2822 4896 qui
2852 4827 2906 4882 in
2935 4829 3265 4888 sublimitate
3296 4845 3422 4890 sunt
3459 4852 3586 4907 sup-

1998 4913 2278 4983 plicamus.
2321 4914 2527 4982 Quarto
2573 4918 2766 4974 deinde
2813 4919 2952 4986 loco,
3003 4924 3295 4993 gratiarum
3342 4930 3583 4988 actiones

1997 5016 2288 5075 ponuntur,
2316 5024 2451 5078 quas
2492 5025 2647 5065 mens
2680 5012 2762 5067 vel
2806 5029 2930 5068 cum
2968 5018 3238 5085 praeterita
3276 5021 3368 5075 DL-i
3394 5025 3584 5080 recolit

1998 5094 2280 5160 beneﬁcia,
2311 5096 2394 5151 vel
2427 5112 2550 5152 cum
2579 5102 2864 5169 prmsentia
2895 5105 3291 5174 complectitur,
3332 5123 3426 5163 seu
3455 5125 3577 5166 cum

2000 5185 2052 5239 in
2102 5185 2341 5242 futurum
2386 5203 2508 5259 qua:
2551 5199 2606 5245 et
2643 5203 2842 5260 quanta
2881 5198 3266 5265 praeparaverit
3311 5194 3453 5256 Dens
3495 5203 3580 5258 his

1997 5277 2089 5346 qni
2130 5277 2353 5350 diligunt
2383 5294 2505 5335 eum
2527 5283 2821 5351 prospicit,
2862 5298 2959 5352 per
3001 5283 3296 5341 ineffabiles
3325 5299 3583 5348 excessus

2000 5367 2228 5423 Domino
2273 5367 2456 5424 refert.
2494 5371 2608 5440 Qua
2649 5373 2942 5428 intentione
2970 5389 3354 5444 nonnunquam
3389 5387 3582 5448 preces

2001 5460 2278 5518 uberiores
2303 5463 2479 5518 emitti
2513 5463 2711 5530 solent,
2739 5465 2865 5519 dum
2904 5465 2991 5519 illa
3020 5480 3139 5535 qua
3167 5468 3339 5536 posita
3369 5480 3497 5528 sunt
3521 5472 3578 5531 in

2000 5557 2181 5612 futuro
2216 5555 2457 5627 prtemia,
2503 5553 2805 5624 purissimis
2846 5553 3018 5609 oculis
3059 5554 3336 5624 intuendo,
3376 5563 3580 5633 gratias

1998 5663 2122 5704 cum
2163 5647 2429 5703 immenso
2467 5645 2660 5716 gaudio
2692 5644 2917 5714 spiritus
2948 5653 3132 5702 noster
3170 5647 3456 5716 instigatur
3487 5655 3574 5711 in-

1995 5737 2239 5794 fundere.

3064 5831 3129 5892 11
