2001 3102
185 159 238 187 535

582 155 625 183 DE
644 128 867 183 ειειιιὸοιιυδι
887 153 1139 187 ιΝετιτυΤιοΝε,
1160 154 1236 182 ETC.
1260 169 1291 174 —
1308 154 1372 181 LIB.
1394 154 1426 181 ll.

1768 155 1822 184 333

183 219 225 243 est
238 214 322 242 etiam
342 220 424 248 quam
445 212 580 247 poscimus
606 210 740 242 remissio,
763 210 809 237 ubi
833 214 875 236 est
889 208 978 236 omnis
992 212 1016 240 Α
1029 208 1100 235 enim
1122 212 1331 243 prosternuntur
1352 208 1427 239 vitia.
1451 208 1607 237 Itumiliatur
1626 215 1698 241 caro,
1723 209 1822 240 diaboli

183 258 342 288 commissio
357 261 540 293 peccatorum.
565 255 615 283 llic
630 255 793 283 tentatioucs
813 261 873 289 quzc
886 260 938 280 nos
947 253 981 279 ad

183 305 351 341 peccandum
365 302 407 330 vel
430 302 551 330 alliciunt
568 301 611 329 vel
629 301 779 336 impellunt,
800 300 844 327 hic
865 299 982 333 denique

184 351 286 378 malum
299 349 372 376 unde
385 348 509 383 cupimus
531 347 651 379 liberari,
669 347 724 375 illic
748 351 838 374 autem
852 345 918 373 nihil
933 346 982 373 ho-

184 404 243 424 rum
259 399 311 423 est.
330 393 501 429 Evangelista
515 401 580 421 vero
597 393 685 420 Lucas
697 393 724 419 in
745 392 866 419 oratione
888 390 980 418 Domi-

184 441 244 468 nica
259 439 403 475 petitiones
419 446 472 465 non
494 442 607 473 septem.
632 438 681 465 sed
694 438 812 472 quinque
825 436 982 471 complexus

183 489 235 517 est,
260 491 312 511 nec
334 483 369 510 ab
388 483 447 518 ipso
469 483 562 517 utique
586 482 760 517 discrepavit,
780 482 826 509 sed
845 481 981 516 quomodo

183 531 237 558 ista
248 534 351 564 septem
363 532 426 555 sunt
437 527 620 562 intelligenda,
632 528 689 562 ipse
699 535 747 554 sua
762 526 893 554 brevitate
907 533 981 553 com-

184 575 299 603 monuit.
316 574 418 601 Nomen
433 573 532 608 quippe
548 573 592 600 Dei
619 572 808 606 sanctificatur,
824 571 851 598 in
874 572 980 606 spiritu,

184 621 234 649 Dei
247 626 338 648 autem
354 627 466 655 regnum
479 620 505 646 in
521 619 610 646 carnis
624 618 823 646 resurrectione
835 623 980 646 venturum

184 672 237 695 est.
263 666 415 695 Ostendcns
430 672 494 700 ergo
515 665 603 692 Lucas
618 665 725 692 tertiani
740 665 897 699 petitionem
916 664 982 691 dua-

185 720 246 740 rum
271 712 441 747 superiorum
466 718 526 738 eSse
550 710 749 745 quodammodo
781 709 979 744 repetitionem,

185 757 274 792 magis
287 765 348 784 eam
368 755 557 791 prmmittendo
570 755 633 782 fecit
656 755 766 789 intelligi
781 763 788 787 ;
816 755 913 782 deinde
925 759 981 782 tres

185 804 255 831 alias
279 802 401 838 adjungit
423 803 456 830 de
480 808 550 837 pane
572 801 741 837 quotidiano,
764 801 798 828 de
822 800 981 828 remissione

186 852 372 884 peccatorum,
385 848 418 875 de
431 848 581 874 tentatione
594 846 714 873 vitanda.
729 846 764 873 At
776 853 841 873 vero
852 846 924 880 quod
935 845 982 873 ille

1034 258 1198 281 tentamcnta
1214 258 1367 282 Vincuntur.

1307 309 1421 337 CAPUT
1442 308 1532 337 XVI".

1155 344 1225 376 Quid
1238 347 1271 371 sit
1283 344 1351 371 inter
1366 345 1500 379 jejunium
1512 350 1537 372 et
1549 345 1697 373 stationem.

1066 389 1201 425 Jejunium
1213 394 1256 417 est
1266 394 1293 418 et
1306 391 1471 425 parcimonia
1494 392 1592 425 victus,
1609 393 1826 428 abstinentiaque

1031 435 1165 467 ciborum,
1190 436 1233 462 cui
1260 443 1357 463 nomen
1372 436 1485 464 inditum
1501 441 1543 464 est
1563 445 1596 464 ex
1611 438 1727 472 quadam
1749 443 1827 472 parte

1031 480 1165 508 viscerum
1180 481 1251 508 tenui
1274 488 1381 516 semper
1394 487 1420 510 et
1444 490 1538 515 vacua,
1565 484 1636 518 quod
1662 484 1738 519 vulgo
1756 485 1828 520 jeju-

1032 534 1096 552 num
1108 532 1229 554 vocatur.
1247 527 1323 555 Unde
1333 526 1437 562 jejunio
1459 536 1557 556 nomen
1578 530 1739 562 derivatum,
1754 531 1826 565 quod

1031 571 1073 599 sui
1101 572 1190 599 inedia
1221 573 1325 600 viscera
1355 581 1439 600 vacua
1466 578 1494 600 et
1527 574 1665 602 exinanita
1694 576 1824 603 existant.

1031 617 1165 651 Jejunium
1187 622 1278 645 autem
1300 622 1328 645 et
1348 618 1430 646 statio
1453 619 1561 646 dicitur.
1586 618 1673 647 Statio
1690 625 1778 648 autem
1793 621 1827 649 do

1031 662 1141 689 militari
1155 663 1277 698 exemplo
1290 671 1388 691 nomen
1412 663 1526 698 accepit,
1547 671 1597 698 pro
1611 672 1643 692 eo
1668 665 1739 700 quod
1752 666 1826 693 nulla

1031 707 1123 735 laetitia
1136 708 1283 735 obveniens
1295 709 1392 736 castris
1401 709 1546 736 stationem
1557 709 1671 737 militum
1686 711 1824 738 rescindit.

1031 752 1098 780 Nam
1113 753 1206 780 laetitia
1219 753 1338 786 liberius,
1354 753 1465 782 tristitia
1488 754 1629 782 sollicitius
1655 756 1828 784 administrat

1031 798 1210 834 disciplinam.
1235 798 1397 827 Discat-nunt
1424 804 1515 833 autem
1541 801 1651 836 quidam
1668 801 1739 828 inter
1757 801 1827 837 jeju-

1031 844 1106 872 nium
1122 849 1149 872 et
1162 846 1317 873 stationem.
1338 845 1404 873 Nam
1425 846 1561 881 jejunium
1579 846 1764 875 indiﬂ'erenter
1777 855 1825 875 cu-

187 893 214 920 in
230 893 326 920 ultimo
343 892 452 927 posuit:
481 891 533 919 Sed
556 891 637 919 libera
666 899 713 918 nos
727 899 743 917 a
762 891 840 923 nullo,
866 891 917 918 iste
929 898 983 918 non
999 886 1021 915 Β
1031 888 1143 923 juslibet
1157 891 1210 918 diei
1225 895 1267 918 est
1282 891 1457 923 abstinentia,
1472 898 1524 919 non
1538 899 1587 927 per
1608 891 1704 927 legem,
1720 892 1766 920 sed
1780 900 1825 921 se—

186 939 287 974 posuit,
304 942 336 966 ut
350 937 561 974 intelligeremus
578 937 612 964 ad
636 936 700 964 illud
725 936 849 971 superius
863 936 935 971 quod
948 936 983 963 de

186 983 338 1012 tentatione
349 984 449 1010 dictum
460 987 500 1010 est
513 982 658 1018 pertinere.
673 982 736 1009 Ideo
756 982 854 1017 quippe
867 982 915 1014 ait,
937 981 981 1008 sed

186 1030 280 1063 libera,
306 1037 362 1057 non
390 1029 427 1056 ait
449 1033 473 1056 et
496 1028 588 1061 libera,
605 1033 733 1063 tanquam
747 1028 905 1063 petitionem
921 1034 981 1054 esse

186 1076 390 1107 demonstrans.
403 1075 458 1102 noli
479 1075 542 1107 hoc,
559 1075 606 1101 sed
623 1074 685 1106 hoc,
704 1077 734 1101 ut
754 1073 821 1101 sciat
836 1073 981 1107 unusquis-

186 1128 238 1156 que
254 1121 282 1148 in
296 1128 330 1148 eo
344 1128 373 1148 se
400 1119 510 1147 liberari
533 1127 548 1146 a
566 1119 647 1152 malo,
674 1126 728 1154 quo
752 1126 805 1146 non
828 1118 942 1146 infertur
956 1118 982 1145 in

186 1166 376 1194 mutationem.
392 1165 454 1192 Haec
467 1172 531 1200 ergo
545 1165 643 1197 oratio,
665 1164 728 1192 licet
740 1171 848 1192 omnem
860 1164 983 1191 videatur

185 1210 365 1246 perfectionis
393 1209 586 1244 plenitudinem
616 1209 756 1237 continere
770 1229 778 1240 .
805 1213 897 1244 utpote
922 1215 983 1243 quae

187 1257 272 1293 ipsius
284 1256 391 1284 Domini
409 1255 570 1283 auctoritate
583 1255 625 1282 vel
640 1255 745 1282 initiata
763 1255 799 1282 sit
813 1254 855 1282 vel
870 1258 982 1286 statuta,

186 1301 312 1337 provehit
325 1305 415 1328 tamen
430 1301 592 1328 domesticos
608 1307 672 1328 suos
692 1300 725 1328 ad
740 1300 815 1327 illum
828 1300 981 1335 praecisio-

188 1354 244 1374 rem
265 1354 346 1381 quem
366 1346 492 1380 superius
506 1347 777 1373 commemoravimus
792 1351 903 1378 statum,
919 1353 982 1373 eos-

190 1398 244 1426 que
255 1390 291 1418 ad
306 1390 380 1418 illam
403 1390 508 1426 igneam
531 1398 563 1418 ac
577 1391 718 1426 perpaucis
733 1391 867 1425 cognitam
883 1390 926 1418 vel
937 1398 984 1418 ex-

187 1440 306 1472 pertam,
321 1436 376 1462 imo
400 1435 441 1471 (ut
461 1436 537 1470 prius
558 1435 689 1471 dixeram)
706 1435 866 1462 inellabilcm
882 1436 984 1463 oratio-

188 1488 250 1508 nem
265 1480 352 1516 gradu
366 1480 546 1508 eminentiore
563 1479 695 1515 perducit,
712 1487 791 1514 quem
812 1483 910 1507 statum
929 1479 983 1508 Do-

189 1526 279 1553 minus
304 1532 412 1561 quoque
435 1529 529 1553 noster
551 1525 657 1553 illorum
680 1525 905 1560 supplicationum
927 1525 984 1555 for-

190 1572 272 1604 mula,
289 1556 357 1606 quas
367 1556 421 1599 ’νει
438 1571 513 1599 solus
533 1571 559 1598 in
575 1575 667 1598 monte
681 1556 822 1604 secedens,
844 1571 886 1599 vel
901 1572 983 1599 tacite
997 1556 1020 1588 δ

189 1616 291 1644 fudisse
306 1617 477 1649 describitur,
493 1615 619 1644 similiter
638 1615 773 1652 ﬁguravit,
795 1625 856 1645 cum
878 1617 904 1645 in
919 1625 983 1645 ora-

190 1662 273 1689 tionis
284 1662 380 1697 agonia
398 1662 562 1689 constitutus
575 1661 656 1689 etiam
670 1667 761 1697 guttas
781 1663 919 1698 sanguinis
931 1663 983 1690 ini-

191 1708 306 1735 mitabili
321 1707 478 1735 intentionis
497 1706 617 1743 profudit
629 1708 762 1744 exemplo.
776 1708 828 1742 Qui
842 1709 914 1737 enim
929 1710 987 1737 vult

191 1754 341 1781 cntionem
353 1761 430 1781 suam
444 1753 477 1781 ad
489 1754 633 1781 Dominum
645 1754 744 1787 volare,
765 1755 846 1782 faciat
861 1755 898 1782 illi
918 1755 986 1784 duas

191 1800 259 1832 alas,
283 1799 416 1834 jejunium
429 1804 456 1827 et
471 1799 679 1836 cleemosynam,
695 1804 723 1828 et
739 1801 868 1828 ascendet
890 1800 987 1829 celeri-

190 1850 243 1880 ter,
259 1851 288 1874 et
298 1847 469 1875 exaudietur.
482 1847 618 1883 ieiunium
635 1854 701 1883 ergo
713 1854 776 1875 cum
788 1847 911 1875 oratione
927 1854 986 1874 om-

191 1900 253 1920 nem
266 1893 396 1920 virtutem
412 1892 514 1920 inimici
529 1899 652 1928 superat,
665 1897 693 1920 et
706 1896 831 1921 cunctam
852 1893 987 1928 protervi-

190 1942 274 1967 tatem
290 1938 349 1974 ejus
363 1939 482 1974 expellit,
507 1940 578 1975 quod
600 1940 719 1968 ostendit
742 1940 768 1967 in
784 1939 923 1974 evangelio
936 1939 987 1966 Do-

191 1986 303 2019 minus;
318 1994 379 2014 cum
399 1986 512 2022 apostoli
532 1987 673 2021 conquesti
698 1986 805 2013 fuerant
827 1986 897 2021 quod
910 1985 987 2014 luna-

190 2031 275 2060 ticum
289 2040 386 2059 curare
407 2039 460 2059 non
482 2035 618 2067 poterant,
641 2032 677 2058 ita
700 2031 846 2066 respondet
864 2031 913 2058 eis.
929 2030 987 2058 Hoc

191 2083 280 2105 autem
305 2085 387 2112 genus
410 2085 461 2103 non
475 2077 595 2112 ejiciatur
610 2077 661 2104 nisi
684 2077 884 2113 perorationem
906 2081 930 2103 et
942 2076 986 2112 je-

187 2123 297 2159 junium
313 2122 423 2158 (Matth.
436 2122 514 2158 xvii).
530 2123 724 2158 Elecmosynas
734 2126 824 2150 autem
836 2122 987 2150 orationem

192 2168 339 2195 confirmat
362 2167 489 2202 adjuvare
512 2167 581 2194 liber
608 2168 693 2195 Actus
715 2167 908 2202 apostolorum,
926 2173 987 2194 cum

1033 936 1150 963 cundum
1163 937 1300 971 propriam
1314 936 1489 964 voluntatem.
1505 935 1591 964 Statio
1604 937 1757 965 observatio
1770 943 1827 964 sta-

1034 987 1152 1010 tutorum
1166 983 1270 1010 dierum
1294 982 1337 1010 vel
1351 987 1521 1017 temporum:
1542 983 1658 1015 dierum,
1680 987 1710 1010 ut
1723 988 1827 1018 quarta:

1034 1027 1109 1056 feriae
1122 1032 1151 1056 et
1171 1032 1254 1055 sexta:
1274 1027 1350 1055 feria:
1366 1027 1497 1063 jejunium
1515 1035 1548 1055 ex
1571 1032 1662 1056 vetere
1683 1028 1742 1064 lege
1754 1037 1826 1064 prai-

1032 1078 1151 1108 ceptum,
1166 1073 1199 1100 de
1212 1080 1263 1107 qua
1287 1073 1403 1100 statione
1418 1073 1444 1100 in
1460 1073 1607 1108 Evangelio
1619 1074 1686 1101 dixit
1699 1073 1743 1101 ille
1756 1083 1763 1100 :
1778 1074 1825 1101 Je-

1028 1119 1099 1154 juno
1109 1119 1147 1145 bis
1161 1119 1191 1145 in
1206 1118 1314 1146 sabbato
1333 1118 1408 1153 (Luc.
1423 1118 1511 1154 xvut),
1525 1118 1552 1146 id
1572 1123 1625 1152 est,
1641 1119 1668 1146 in
1681 1123 1778 1154 quarta
1799 1124 1828 1147 et

1033 1168 1110 1192 sexta
1125 1164 1252 1196 sabbati;
1278 1168 1430 1198 temporum
1455 1168 1546 1192 autem
1561 1172 1622 1199 qua:
1635 1164 1765 1200 legalibus
1781 1169 1829 1192 aut

1032 1210 1199 1245 propheticis
1230 1210 1445 1238 institutionibus
1475 1210 1628 1238 terminatis
1662 1211 1828 1246 temporibus

1033 1262 1134 1285 statuta
1156 1261 1229 1289 sunt,
1247 1261 1276 1284 ut
1297 1256 1429 1291 jejunium
1454 1257 1554 1292 quarti,
1576 1256 1708 1292 jejunium
1729 1257 1826 1292 quinti,

1031 1301 1163 1337 jejunium
1177 1302 1296 1337 septimi,
1320 1306 1348 1329 et
1363 1301 1496 1337 jejunium
1511 1303 1627 1335 decimi;
1648 1303 1690 1331 vel
1715 1304 1785 1330 sicut
1800 1303 1828 1331 in

1033 1348 1180 1383 Evangelia
1190 1347 1248 1375 dies
1259 1347 1297 1374 illi
1312 1348 1338 1374 in
1351 1348 1449 1382 quibus
1463 1347 1569 1375 ablatus
1580 1352 1623 1375 est
1636 1355 1751 1383 sponsus
1763 1356 1771 1380 ;
1786 1348 1828 1375 vel

1033 1394 1104 1422 sicut
1113 1395 1268 1423 observatio
1278 1394 1506 1429 Quadragesimze,
1517 1402 1577 1430 quat
1587 1394 1613 1421 in
1624 1395 1752 1422 universo
1761 1395 1830 1422 orbo

1034 1439 1204 1467 institutione
1231 1439 1379 1474 apostolica
1398 1439 1560 1467 observatur
1583 1440 1658 1468 circa
1682 1439 1830 1468 conﬁnium

1035 1485 1182 1513 Dominieae
1195 1485 1338 1520 passionis.

1333 1531 1446 1560 CAPUT
1461 1531 1533 1560 XIX.

1036 1576 1076 1605 De
1088 1577 1192 1613 jejunio
1206 1577 1305 1613 quarti,
1324 1577 1425 1613 quinti,
1448 1578 1551 1613 septimi
1568 1582 1593 1605 at
1608 1577 1702 1605 decimi
1721 1578 1828 1606 mentis.

1071 1620 1206 1656 Jejunium
1220 1629 1286 1657 ergo
1297 1621 1386 1656 quarti
1400 1625 1442 1649 est
1460 1622 1490 1649 in
1504 1629 1597 1650 mense
1617 1622 1698 1655 Julio,
1712 1623 1830 1658 septima

1037 1667 1142 1695 decima
1173 1667 1216 1695 die
1238 1667 1339 1694 mensis
1366 1666 1486 1701 ejusdem
1503 1687 1510 1700 ,
1533 1668 1642 1702 quando
1664 1669 1831 1697 descendens

1038 1712 1143 1749 Moyses
1155 1713 1189 1741 de.
1199 1717 1290 1741 monte
1301 1713 1407 1741 tabulas
1420 1713 1486 1750 legis
1500 1713 1651 1750 confregit;
1666 1715 1693 1742 in
1702 1722 1735 1742 eo
1747 1715 1831 1742 etiam

1038 1759 1081 1787 die
1094 1759 1341 1788 Nabuchodonosor
1352 1761 1427 1788 urbis
1438 1759 1587 1788 Jerusalem
1605 1761 1723 1796 primum
1737 1769 1830 1789 muros

1037 1804 1180 1831 destruxit.
1196 1804 1258 1832 Dies
1277 1804 1373 1840 jejuuii
1390 1805 1476 1839 quinti
1498 1806 1526 1833 in
1539 1813 1631 1833 mense
1644 1805 1765 1841 Augusto
1777 1811 1829 1839 est,

1038 1850 1146 1884 quando
1158 1857 1207 1885 pro
1228 1850 1444 1885 speculatoribus
1462 1851 1494 1878 ad
1505 1855 1606 1879 terram
1628 1856 1750 1879 sanctam
1764 1852 1831 1879 mis-

1038 1896 1086 1928 sis,
1102 1895 1197 1923 seditio
1211 1895 1239 1923 in
1256 1896 1353 1923 castris
1374 1895 1548 1923 Hebraeorum
1568 1900 1664 1923 exorta
1678 1902 1730 1930 est,
1746 1901 1774 1924 et
1789 1897 1831 1924 fa-

1039 1946 1112 1968 ctum
1125 1945 1167 1968 est
1181 1945 1211 1968 ut
1220 1948 1270 1976 per
1281 1941 1418 1969 desertum
1432 1941 1612 1977 quadraginta
1626 1949 1712 1970 annos
1725 1942 1831 1970 discur-

1039 1990 1130 2014 rerent
1151 1986 1295 2019 laboriose,
1309 1990 1338 2014 et
1359 1986 1385 2013 in
1401 1987 1480 2014 annis
1499 1987 1678 2022 quadraginta
1698 1987 1726 2014 in
1739 1995 1833 2015 eremo

1038 2038 1134 2059 omnes
1148 2031 1279 2066 perirent.
1304 2031 1444 2066 Siquidem
1465 2036 1493 2059 et
1513 2032 1541 2059 in
1556 2040 1589 2060 eo
1601 2040 1694 2061 mense
1706 2040 1723 2060 a
1739 2032 1831 2060 Nabu-

1039 2077 1218 2108 chodonosor,
1242 2081 1270 2103 et
1294 2076 1378 2104 multo
1393 2081 1454 2112 post
1476 2081 1596 2112 tempore
1609 2085 1624 2104 a
1639 2077 1747 2106 Caesare
1771 2078 1833 2106 Tito

1039 2122 1168 2157 templum
1182 2130 1306 2150 eversum
1330 2127 1371 2149 est
1395 2127 1478 2157 atque
1494 2130 1665 2156 succensum,
1693 2127 1722 2151 et
1742 2124 1770 2151 in
1781 2131 1830 2158 op-

1038 2168 1178 2203 probrium
1196 2167 1283 2203 gentis
1302 2167 1414 2202 perdite
1433 2171 1585 2195 exaratum.
1601 2168 1664 2196 Dies
1681 2167 1777 2203 jejunii
1791 2177 1834 2197 se-

190 2217 288 2240 narrat
297 2212 423 2247 angelum
438 2211 563 2239 Cornelio
577 2212 727 2239 centurioni
741 2212 777 2238 ita
788 2211 888 2239 dixisse
900 2219 908 2238 :
920 2210 987 2238 Cor-
1001 2230 1026 2260 Β
1040 2213 1127 2248 ptimi,
1143 2213 1169 2240 in
1183 2213 1298 2248 septimo
1314 2220 1405 2240 mense
1420 2217 1472 2246 est,
1485 2213 1531 2248 qui
1547 2214 1697 2249 appellatur
1711 2214 1834 2251 Septem-

192 2259 255 2292 neli,
276 2259 408 2286 arationes
419 2263 471 2286 tute
485 2263 509 2285 et
526 2258 695 2294 eleemosyna:
708 2263 761 2286 tua:
775 2259 947 2285 ascenderunt
960 2258 987 2285 in

192 2309 358 2340 conspectum
373 2303 479 2330 Domini
503 2303 572 2339 (Act.
585 2303 623 2340 x).
648 2303 701 2331 Sed
729 2303 804 2339 prius
817 2303 851 2331 de
874 2302 986 2338 jejunio,

191 2352 287 2384 postea
314 2348 347 2375 de
371 2347 549 2384 eleemosynis
564 2348 694 2376 dicemus.
717 2348 784 2381 Quis
809 2348 881 2376 enim
898 2348 987 2383 parci—

193 2395 312 2423 moniam
328 2401 383 2422 non
403 2393 505 2427 laudet,
520 2395 565 2430 qui
590 2395 685 2423 recolit
710 2395 790 2430 primi
816 2394 934 2422 hominis
948 2394 988 2421 la-

192 2446 271 2476 psum
284 2445 334 2474 per
347 2439 414 2473 gnlze
433 2440 580 2474 appetitum
602 2439 754 2467 accidisse?
777 2446 838 2474 quis
858 2437 989 2473 jejunium

1041 2259 1105 2290 bris,
1119 2260 1145 2286 in
1157 2267 1211 2294 quo
1225 2259 1330 2287 occisus
1341 2264 1382 2286 est
1396 2259 1499 2293 Golias,
1509 2264 1535 2286 et
1550 2260 1646 2295 reliqui
1659 2261 1704 2296 qui
1715 2266 1794 2289 erant
1807 2263 1833 2290 in

1040 2304 1190 2333 Jerusalem
1207 2305 1342 2333 interfecti
1354 2310 1426 2338 sunt,
1439 2304 1517 2340 juxta
1531 2306 1604 2340 quod
1623 2306 1743 2342 loquitur
1757 2308 1833 2336 Jere-

1043 2352 1110 2380 mias
1123 2352 1229 2388 (Jerem.
1241 2352 1345 2388 xxxvi).
1362 2352 1424 2380 Dies
1430 2352 1526 2388 jejunii
1539 2352 1637 2380 decimi
1651 2358 1693 2381 est
1703 2354 1730 2381 in
1744 2362 1835 2381 mense

1043 2398 1157 2431 decimo,
1174 2398 1220 2433 qui
1243 2398 1314 2434 apud
1327 2406 1377 2426 nos
1404 2402 1518 2426 vocatur
1542 2398 1701 2432 December,
1727 2400 1835 2435 quando

1044 2447 1229 2478 cognoverunt
1252 2443 1342 2471 cuncti
1361 2442 1500 2478 Babylonii
1526 2444 1597 2478 capti
1625 2444 1721 2478 quinto
1743 2452 1836 2471 mense

193 2493 247 2513 non
260 2484 399 2520 praedicet,
418 2485 463 2520 qui
476 2485 552 2512 novit
571 2485 767 2520 protoplastum
787 2488 925 2517 parentem
946 2489 984 2510 no

1045 2488 1174 2524 templum
1188 2488 1272 2516 fuisse
1285 2489 1462 2521 destructum,
1476 2494 1504 2516 et
1514 2488 1636 2516 fecerunt
1648 2489 1782 2523 planctum
1795 2495 1836 2516 at-

194 2534 281 2558 strum
297 2537 347 2565 per
358 2538 435 2557 esum
451 2530 563 2563 victum,
580 2535 607 2557 et
621 2529 789 2557 Salvatorent
806 2528 992 2564 perjcjunium

194 2575 331 2604 diabolum
346 2575 443 2604 vicisse
451 2575 464 2602 ἲ

490 2642 604 2672 CAPUT
626 2642 706 2670 XVll.

505 2698 546 2727 De
561 2699 677 2735 jejunio.

188 2758 193 2761 ’
232 2763 366 2801 Ieiunium
382 2773 427 2794 res
439 2769 481 2794 est
500 2770 606 2799 sancta,
629 2772 697 2801 opus
717 2764 839 2796 caeleste,
852 2763 935 2799 janua
950 2770 992 2790 re-

196 2809 253 2847 gni,
268 2811 353 2839 forma
374 2810 467 2838 futuri.
482 2810 557 2845 Quod
577 2810 622 2846 qui
638 2813 731 2837 sancte
745 2809 810 2844 agit,
835 2808 889 2836 Deo
899 2807 990 2844 jungi-

198 2860 251 2890 tur,
267 2857 402 2884 alienatnr
430 2856 539 2889 mundo,
566 2855 696 2891 spiritalis
721 2854 843 2882 cllicitur.
873 2854 925 2882 Per
939 2855 990 2881 hoc

1044 2544 1097 2570 que
1108 2535 1251 2571 jejunium.
1268 2534 1330 2562 Haec
1344 2535 1517 2562 beatissimus
1531 2534 1708 2569 Hieronymus
1720 2534 1746 2560 in
1759 2541 1834 2561 com-

1045 2581 1186 2610 mentariis
1203 2580 1341 2608 Zachariae
1361 2580 1478 2615 scripsit.
1510 2580 1563 2607 Sed
1577 2580 1640 2614 quia
1655 2579 1713 2607 beo
1733 2578 1836 2613 jejunio

1046 2626 1133 2662 magis
1146 2626 1174 2653 in
1186 2625 1276 2653 Veteri
1291 2624 1465 2652 Testamento
1478 2631 1559 2659 quam
1574 2624 1600 2651 in
1612 2623 1686 2650 Novo
1700 2623 1835 2650 celebrata

1043 2676 1117 2704 sunt,
1130 2679 1163 2699 ne
1176 2671 1284 2706 penitus
1297 2670 1342 2698 illa
1366 2669 1571 2706 prietermisisse
1593 2668 1748 2696 videremur
1761 2667 1836 2703 (quia

1044 2720 1069 2746 in
1083 2719 1215 2754 propheta
1235 2717 1368 2745 Zacharia
1384 2719 1596 2744 commemorata
1618 2714 1692 2750 sunt)
1716 2714 1836 2742 breviter

1043 2766 1243 2797 adnotavimus,
1258 2764 1291 2792 ad
1308 2763 1372 2791 Novi
1385 2761 1550 2790 Testamenti
1560 2760 1661 2797 jejunia
1675 2760 1834 2797 exponenda

1041 2815 1221 2839 transeuntes.
