3994 6196
1052 329 1111 383 n.
1155 330 1407 386 assam
1446 329 1663 385 MAUltl
1700 329 2016 387 ARCHIEP.
2056 332 2364 392 MOGUNT.
2405 299 2690 398 OPEltUll
2726 341 2906 398 rans
2940 339 2980 399 l‘.

1007 441 1233 498 CAPUT
1291 440 1405 495 XX.
2019 449 2064 504 Α
2093 443 2190 510 lilii
2213 449 2390 515 sponsi
2417 447 2591 518 lugere
2627 449 2862 521 quandiu
2891 466 3009 504 cum
3035 449 3141 505 illis
3181 462 3254 506 est
3279 458 3544 524 sponsus?
3578 457 3679 514 Ve-

783 533 860 588 De
889 533 1332 604 quadragesimali
1361 533 1592 603 jejunio.
2085 533 2225 588 nient
2256 545 2431 590 autem
2453 538 2562 592 dies
2583 555 2700 592 cum
2730 539 3000 608 auferetur
3028 544 3092 596 ab
3107 544 3182 600 eis
3207 560 3452 614 sponsus,
3473 556 3522 600 et
3550 557 3674 604 tunc

469 619 710 677 Primum
735 623 879 678 enim
895 622 1158 692 jejunium
1191 625 1626 694 Quadragesima:
1648 633 1752 688 est,
1784 624 1928 693 quod
1950 641 1982 680 a
2073 622 2392 692 jejunobunt
2433 626 2628 697 (Marc.
2648 627 2734 699 ιι).
2761 630 2955 686 Dicunt
2983 634 3127 688 enim
3154 644 3278 704 post
3315 623 3683 694 resurrectio-

393 714 668 770 veteribus
695 714 845 770 libris
873 719 1040 785 ctepit
1077 731 1144 770 ex
1169 714 1374 785 jejunio
1419 715 1618 787 Moysis
1648 724 1706 770 et
1748 716 1899 779 Elite,
1927 725 1984 771 et
2082 729 2205 770 nem
2223 715 2434 772 Domini
2457 721 2808 792 quadraginta
2826 721 2931 778 illis
2949 724 3139 778 diebus
3159 725 3355 794 quibus
3374 742 3495 782 cum
3517 725 3680 784 disci-

405 327 509 384 555
1052 329 1111 383 Β.
1155 330 1407 386 ΒΑΒΑΝΙ
1446 329 1663 385 ΜΑυιιι
1700 329 1953 387 ARCHIE

2057 332 2364 392 uocum.
2405 327 2690 398 eranum
2726 341 2906 398 rans
2940 339 2980 399 l‘.
3571 352 3674 410 sas

394 822 460 861 ex
492 806 800 876 Evangelia,
832 807 956 875 quia
989 807 1213 860 totidem
1264 807 1456 862 diebus
1482 807 1742 861 Dominus
1765 804 1977 876 jejuna-

393 897 488 957 vit,
518 897 894 952 demonstrans
924 896 1268 966 Evangelium
1307 912 1414 950 non
1466 897 1752 950 dissentire
1783 912 1813 950 a
1862 897 1979 968 lege

387 989 446 1042 'et
473 988 770 1057 prophetis.
808 987 864 1041 In
911 1002 1141 1057 persona
1170 987 1368 1058 quippe
1416 986 1582 1058 Moysi
1615 986 1719 1050 lex,
1767 986 1820 1040 in
1849 1001 1977 1055 per-

391 1094 521 1134 sona
549 1079 678 1133 Elia:
703 1079 974 1148 propheta:
1003 1079 1360 1148 accipiuntur,
1389 1079 1531 1132 inter
1555 1093 1690 1148 quos
1712 1078 1764 1131 in
1797 1086 1979 1134 monte

387 1173 637 1228 Christus
665 1173 932 1244 gloriosus
961 1173 1230 1241 apparuit,
1266 1179 1324 1225 ut
1369 1171 1671 1226 evidentius
1709 1171 1978 1226 emineret

389 1266 528 1334 quod
569 1265 634 1319 de
663 1264 754 1318 illo
790 1264 922 1318 dicit
955 1263 1277 1332 Apostolus:
1308 1262 1680 1317 Testimonium
1716 1263 1912 1316 habens
1941 1280 1975 1318 a

387 1355 495 1426 lege
521 1366 568 1410 et
605 1355 889 1426 prophetis.
932 1355 989 1409 ln
1019 1370 1124 1424 qua
1164 1370 1294 1425 ergo
1319 1362 1473 1425 parte
1504 1354 1632 1408 anni
1675 1368 1974 1425 congruen-

385 1448 492 1504 tius
542 1447 850 1502 observatio
898 1446 1332 1516 Quadragesimae
1385 1447 1826 1510 constitueretur,
1869 1445 1972 1500 nisi

385 1537 615 1594 confinis
644 1547 803 1609 atque
851 1539 1101 1608 contigua
1151 1539 1442 1594 Dominicze
1493 1537 1784 1609 passionis,
1845 1540 1972 1608 quia

383 1628 437 1682 in
461 1643 524 1682 ea
546 1629 878 1699 signiﬁcatur
899 1630 1013 1684 haec
1045 1629 1153 1683 vita
1186 1629 1492 1684 laboriosa?
1519 1627 1617 1684 Cui
1643 1630 1806 1683 etiam
1837 1645 1973 1698 opus

387 1726 474 1772 est
505 1719 856 1784 continentia,
889 1727 950 1772 ut
993 1719 1062 1773 ab
1113 1719 1281 1787 ipsius
1310 1719 1492 1773 mundi
1527 1718 1794 1774 illecebris
1826 1717 1967 1789 jeju-

2079 807 2220 875 pulis
2234 819 2418 880 postea
2439 810 2636 881 legitur
2649 823 3018 880 conversatus,
3035 832 3142 871 non
3157 827 3406 886 oportere
3420 837 3517 876 nec
3530 820 3674 892 jeju-

2080 896 2210 954 nare
2235 915 2336 958 nec
2376 902 2559 972 lugere
2585 921 2598 956 :
2626 905 2754 974 quia
2795 905 2848 960 in
2880 907 3060 962 laetitia
3089 924 3294 966 sumus.
3324 911 3516 968 Postea
3545 930 3675 971 vero
3743 947 3756 956 κ

2079 1003 2241 1057 quam
2266 1001 2474 1063 tempus
2499 995 2628 1050 illud
2649 997 2911 1065 expletur,
2928 1015 3034 1069 quo
3056 999 3303 1057 Christus
3325 1005 3580 1061 advolans
3603 1009 3676 1064 ad

2077 1080 2266 1148 caelos,
2295 1086 2580 1152 praesentia
2612 1090 2877 1157 corporali
2909 1092 3147 1155 recessit,
3177 1103 3304 1148 tunc
3324 1095 3674 1153 indicendum

2077 1184 2195 1225 esse
2221 1170 2511 1243 jejunium,
2557 1185 2616 1231 ut
2654 1193 2750 1246 per
2784 1181 2963 1235 cordis
3008 1182 3364 1238 humilitatem
3397 1194 3451 1239 et
3496 1189 3672 1243 absti-

2075 1263 2315 1318 nentiam
2340 1267 2541 1333 carnis,
2571 1284 2880 1325 mereamur
2901 1285 2932 1325 e
2961 1274 3112 1329 cmlis
3142 1277 3468 1344 promissum
3495 1281 3672 1336 susci-

2074 1369 2204 1424 pere
2233 1354 2496 1426 Spiritum
2535 1370 2803 1418 sanctum.
2831 1362 2937 1419 Sed
2987 1367 3128 1422 sicut
3167 1369 3417 1436 diximus,
3448 1371 3586 1429 bene
3613 1384 3673 1430 et

2075 1446 2394 1516 regulariter
2421 1451 2524 1506 hoc
2548 1461 2671 1521 post
2699 1453 3054 1512 Pentecosten
3094 1473 3125 1513 a
3172 1457 3419 1516 Patribus
3464 1465 3671 1519 consti-

2075 1541 2250 1589 tutum
2276 1544 2359 1592 est
2381 1538 2663 1604 inchoare,
2694 1549 2752 1596 ut
2779 1543 2973 1614 gaudia
3000 1548 3254 1615 promissi
3286 1547 3520 1619 Spiritus
3538 1568 3668 1608 san-

2068 1625 2146 1693 pti
2167 1627 2504 1686 exsultantes
2531 1630 2586 1686 in
2629 1632 2878 1689 laudibus
2906 1636 3002 1690 Dei
3039 1639 3327 1694 adventum
3362 1642 3527 1710 ipsius
3569 1658 3671 1698 ex-

2073 1728 2400 1788 spectemus,
2453 1732 2510 1778 et
2552 1731 2679 1781 tunc
2730 1741 2827 1796 per
2855 1727 2974 1797 ejus
3017 1731 3246 1800 gratiam
3303 1733 3566 1800 innovati,
3597 1753 3667 1794 ac

381 1824 592 1874 nemus,
621 1810 864 1864 viventes
891 1809 944 1863 in
971 1809 1084 1864 sola
1114 1825 1332 1874 manna,
1373 1809 1423 1864 id
1448 1817 1530 1864 est
1571 1809 1626 1864 in
1656 1809 1967 1865 coelestibus
1994 1799 2042 1859 B
2071 1809 2209 1866 caelo
2261 1812 2528 1882 spirituali
2584 1814 2922 1885 inﬂammati,
2965 1799 3308 1877 abstinentia:
3355 1832 3410 1878 et
3452 1824 3668 1896 jejunio

379 1898 855 1969 Spiritualibusque
883 1899 1188 1969 praeceptis.
1220 1897 1456 1954 Numero
1505 1908 1686 1954 autem
1725 1901 1962 1969 quadra-

383 1989 608 2060 genario
638 1990 746 2043 vita
774 1991 874 2044 ista
901 2001 1185 2061 propterea
1229 1990 1512 2060 ﬁguratur,
1539 1991 1666 2060 quia
1707 1991 1964 2048 denarius

378 2088 461 2134 est
503 2077 764 2149 perfectio
806 2079 1155 2134 beatitudinis
1205 2089 1424 2135 nostra}.
1473 2079 1732 2136 Creatura
1781 2090 1961 2137 autem

375 2169 684 2240 septenario
715 2168 996 2241 ﬁguratur,
1028 2186 1148 2240 qua:
1177 2171 1414 2224 adhaeret
1455 2169 1726 2236 Creatori,
1774 2170 1826 2224 in
1856 2184 1964 2240 quo

376 2260 684 2314 declaratur
712 2260 890 2316 unitas
923 2259 1203 2315 Trinitatis
1229 2275 1326 2330 per
1364 2261 1676 2316 universum
1704 2261 1964 2317 mundum

376 2353 752 2422 temporaliter
774 2353 1110 2407 annuntiata.
1164 2353 1230 2406 Et
1256 2353 1382 2422 quia
1435 2354 1670 2408 mundus
1729 2362 1964 2424 quatuor

373 2443 552 2497 ventis
579 2441 926 2508 describitur,
961 2451 1016 2497 et
1057 2459 1086 2496 a
1122 2453 1357 2512 quatuor
1392 2444 1676 2500 elementis
1713 2445 1960 2519 erigitur,

371 2541 428 2587 et
457 2547 488 2586 a
509 2540 745 2602 quatuor
768 2533 894 2587 anni
921 2541 1223 2603 temporum
1254 2534 1463 2589 vicibus
1485 2535 1748 2601 variatur,
1777 2536 1961 2592 decem

370 2636 564 2695 quater
607 2625 768 2680 ducta
812 2625 864 2679 in
921 2625 1277 2697 quadraginta
1326 2635 1802 2682 consummantur:
1853 2643 1962 2698 quo

368 2732 593 2772 numero
630 2717 936 2773 ostenditur
962 2718 1030 2774 ab
1072 2719 1219 2773 omni
1258 2729 1558 2791 temporum
1606 2721 1963 2777 delectatione

368 2809 748 2865 abstinendum
777 2819 834 2866 et
852 2808 1204 2882 jejunandum
1231 2827 1369 2877 esse,
1410 2820 1466 2866 et
1503 2819 1652 2867 caste
1680 2813 1963 2869 continen-

369 2913 557 2975 terque
576 2906 882 2971 vivendum,
907 2907 1035 2963 licet
1054 2916 1109 2962 et
1129 2906 1272 2963 aliud
1293 2907 1622 2962 sacramenti
1644 2909 1962 2979 mysterium

365 2995 689 3065 exprimitur
717 2995 770 3049 in
815 2995 940 3060 hoc,
971 2996 1114 3063 quod
1139 2997 1500 3068 quadraginta
1548 2997 1742 3052 diebus
1768 2996 1960 3052 eadem

2064 1914 2284 1969 operam
2327 1903 2536 1960 demus.
2589 1905 2758 1976 Cujus
2785 1909 2862 1964 rei
2913 1910 3246 1966 concordant
3285 1915 3446 1969 verba
3477 1915 3662 1983 Luca»,

2063 1991 2262 2060 quibus
2311 1993 2601 2050 Dominum
2653 2013 3004 2055 ascensurum
3059 2002 3111 2057 in
3164 2003 3332 2058 caelos
3383 2005 3666 2076 discipulis

2063 2086 2384 2156 praecepisse
2412 2090 2673 2146 narravit.
2711 2089 2814 2148 Vos
2839 2104 3032 2160 autem,
3068 2096 3261 2168 inquit,
3302 2100 3471 2156 sedete
3509 2102 3566 2155 in
3588 2104 3666 2158 ci-

2063 2177 2272 2232 vitatem
2325 2180 2663 2252 quoadusque
2709 2184 3002 2240 induamini
3035 2187 3222 2243 virtute
3247 2205 3312 2243 ex
3352 2190 3460 2244 alto
3501 2191 3659 2262 (Luc.

2065 2265 2238 2337 xxiv).
2290 2265 2494 2324 Tamen
2547 2272 2593 2325 si
2637 2272 2729 2342 qui
2779 2275 3167 2332 monachorum
3214 2278 3299 2333 vel
3326 2280 3656 2339 clericorum

2057 2359 2306 2430 jejunare
2326 2363 2567 2432 cupiunt,
2596 2380 2703 2420 non
2757 2375 2884 2422 sunt
2929 2369 3275 2438 prohibendi,
3304 2374 3429 2443 quia
3462 2383 3518 2429 et
3539 2376 3658 2431 An-

2065 2449 2262 2516 tonius,
2287 2459 2342 2505 et
2367 2449 2582 2520 Paulus,
2607 2458 2870 2512 et-c:eteri
2903 2456 3092 2515 Patres
3118 2461 3327 2532 antiqui
3353 2463 3438 2519 his
3464 2465 3658 2524 diebus

2064 2538 2118 2592 in
2139 2553 2326 2595 eremo
2347 2540 2604 2610 leguntur
2627 2546 2977 2615 abstinuisse,
3001 2563 3103 2606 nec
3128 2551 3352 2610 solvisse
3376 2555 3661 2614 abstinen—

2064 2628 2216 2694 tiam,
2246 2631 2350 2688 nisi
2375 2641 2583 2689 tantum
2609 2635 2891 2693 Dominico
2913 2640 3018 2695 die.

2651 2744 2879 2803 CAPUT
2918 2747 3080 2804 XXII.

2061 2828 2144 2885 De
2164 2829 2374 2902 jejunio
2418 2842 2539 2888 ante
2567 2835 2891 2911 nativitatem
2925 2837 3152 2903 Domini,
3185 2840 3328 2911 quod
3348 2841 3408 2911 fit
3429 2843 3484 2897 in
3511 2860 3655 2901 none

2591 2914 2641 2958 et
2680 2905 2880 2960 decimo
2918 2924 3112 2963 mense.

2132 2989 2377 3049 Tertium
2411 2991 2676 3064 jejunium
2704 3005 2789 3052 est
2814 2999 2957 3067 quod
2985 3007 3202 3055 constat
3230 3000 3286 3056 in
3325 3017 3515 3060 mense
3543 3004 3655 3063 No-

361 3085 568 3158 jejunia
597 3085 960 3142 celebrantur.
1013 3085 1159 3157 Lege
1183 3087 1328 3142 enim
1358 3087 1588 3144 Mosaica
1633 3089 1959 3161 generaliter
1989 3149 2027 3161 Α
2061 3083 2329 3149 vembrio,
2355 3085 2499 3154 quod
2540 3085 2721 3141 divina
2759 3089 3082 3145 auctoritate
3110 3091 3412 3148 institutum
3436 3095 3524 3150 vel
3548 3097 3658 3153 ini-

365 3149 619 3232 universo
642 3176 840 3246 populo
867 3185 952 3232 est
970 3149 1318 3249 praeceptum,
1347 3179 1586 3234 decimas
1611 3149 1666 3235 et
1685 3179 1956 3250 primitias
1983 3149 2028 3213 Ο
2062 3177 2254 3232 tiatum
2315 3149 2566 3234 Ieremia;
2633 3180 2910 3251 prophetae
2963 3183 3270 3240 testimonio
3313 3149 3650 3255 declaratur,

363 3266 562 3324 olferre
593 3267 822 3324 Domino
865 3267 996 3324 Deo.
1038 3270 1225 3339 Itaque
1271 3285 1394 3325 cum
1429 3270 1483 3324 in
1533 3271 1636 3325 hac
1678 3270 1952 3326 sententia

364 3359 630 3430 principia
686 3359 1022 3431 voluptatum
1077 3359 1678 3430 consummationesque
1725 3375 1953 3430 operum

363 3456 674 3503 nostrorum
725 3448 933 3504 referre
966 3449 1033 3504 ad
1076 3449 1171 3504 Dei
1217 3449 1445 3520 gratiam
1487 3449 1865 3516 admonemur,
1899 3450 1951 3504 in

364 3538 746 3607 supputatione
781 3546 960 3594 tamen
991 3540 1421 3610 quadragesimae
1463 3555 1674 3594 summa
1724 3541 1828 3596 ista
1872 3540 1950 3596 le-

364 3627 568 3694 galium
595 3627 928 3683 decimarum
951 3628 1217 3699 expletur.
1247 3627 1443 3683 Totum
1481 3629 1626 3684 enim
1654 3628 1781 3684 anni
1813 3637 1952 3684 tem-

361 3735 462 3789 pus
495 3721 714 3791 triginta
755 3735 850 3776 sex
878 3723 1086 3777 dierum
1122 3737 1346 3777 numero
1368 3722 1691 3784 decimatur,
1733 3720 1950 3776 subtra-

360 3815 462 3870 ctis
485 3814 629 3869 enim
652 3830 682 3869 e
713 3814 1132 3886 Quadragesima
1159 3813 1348 3870 diebus
1393 3815 1707 3880 Dominicis,
1755 3813 1952 3884 quibus

356 3905 562 3976 jejunia
602 3906 964 3972 resolvuntur,
998 3906 1084 3961 his
1112 3905 1302 3960 diebus
1337 3908 1495 3976 quasi
1524 3920 1622 3976 pro
1653 3905 1822 3960 totius
1851 3919 1947 3958 an-

359 3997 416 4050 ni
463 3996 690 4051 decimis
737 3998 802 4051 ad
854 3995 1137 4052 ecclesiam
1187 3997 1583 4062 concurrimus,
1622 4004 1948 4064 actuumque

2057 3268 2272 3324 dicente
2295 3267 2362 3325 ad
2387 3284 2512 3324 eum
2541 3269 2770 3326 Domino
2795 3285 2810 3325 :
2845 3269 2990 3327 Tolle
3012 3273 3248 3330 volumen
3273 3274 3415 3342 libri,
3442 3287 3492 3332 et
3517 3280 3656 3334 scri-

2057 3360 2142 3414 bes
2164 3360 2219 3412 in
2255 3375 2315 3414 eo
2338 3361 2514 3414 omnia
2538 3361 2694 3416 verba
2717 3377 2836 3432 qua:
2881 3361 3086 3418 locutus
3113 3381 3232 3418 sum
3260 3365 3353 3420 tibi
3393 3367 3652 3425 adversus

2055 3449 2228 3504 Israel
2258 3460 2306 3504 et
2327 3450 2544 3515 ludam,
2573 3461 2621 3506 et
2642 3452 2893 3508 adversus
2917 3469 3119 3509 omnem
3143 3466 3380 3527 gentem;
3423 3460 3470 3513 si
3508 3459 3654 3528 forte

2056 3549 2342 3595 revertatur
2369 3541 2734 3614 unusquisque.
2758 3559 2790 3597 a
2829 3544 2913 3598 via
2953 3561 3049 3599 sua
3092 3547 3339 3616 pessima,
3386 3551 3655 3620 prapitius

2053 3647 2143 3685 ero
2171 3631 2437 3702 iniquitati
2463 3648 2662 3688 eorum.
2726 3632 2937 3688 Vocavit
2975 3651 3097 3706 ergo
3127 3636 3384 3692 Jeremias
3429 3637 3652 3696 Bartsch

2052 3723 2223 3793 ﬁlium
2274 3723 2479 3791 Neriar,
2534 3737 2582 3780 et
2641 3726 2847 3796 scripsit
2900 3725 3110 3780 Baruch
3156 3744 3220 3782 ea:
3269 3745 3358 3782 ore
3397 3729 3652 3788 Ieremia:

2052 3829 2230 3868 omnes
2251 3830 2514 3868 sermones
2555 3813 2790 3880 Domini,
2815 3832 2946 3886 quos
2987 3815 3192 3871 locutus
3239 3828 3315 3872 est
3343 3818 3413 3872 ad
3439 3836 3559 3874 eum
3587 3822 3648 3876 in

2051 3903 2310 3960 volumine
2336 3904 2476 3960 libri.
2519 3905 2590 3960 Et
2618 3906 2862 3978 praecepit
2891 3906 3152 3962 Jeremias
3177 3907 3392 3964 Bartsch
3419 3911 3600 3967 dicens
3626 3927 3648 3965 .-

2051 3994 2333 4067 Ingredere
2354 4006 2404 4052 et
2451 3996 2560 4068 lege
2605 3998 2669 4051 de
2694 3997 2952 4052 volumine
2981 3998 3120 4070 quod
3159 4000 3414 4069 scripsisti
3457 4017 3523 4054 ex
3551 4020 3649 4058 ore

359 4096 669 4141 nostrorum
696 4088 1066 4158 Operationem
1113 4086 1223 4141 Deo
1259 4087 1312 4142 in
1335 4088 1564 4142 hostiam
1607 4086 1947 4156 jubilationis
2047 4101 2188 4151 meo,
2219 4086 2370 4141 verba
2402 4085 2615 4141 Domini
2658 4088 2901 4142 audiente
2925 4089 3118 4159 populo
3145 4088 3198 4144 in
3224 4090 3379 4144 domo
3422 4091 3647 4148 Domini

357 4179 653 4245 oll'erimus,
703 4180 858 4250 cujus
895 4179 1113 4250 quidem
1163 4178 1598 4250 Quadragesimae
1623 4179 1738 4250 lege
1782 4177 1946 4251 (sicut
2047 4177 2102 4231 in
2131 4177 2215 4232 die
2229 4177 2426 4248 jejunii
2450 4177 2608 4248 leges,
2634 4179 2680 4232 si
2699 4178 2834 4248 forte
2853 4178 3008 4232 cadat
3031 4180 3200 4234 oratio
3227 4196 3408 4235 eorum
3434 4183 3489 4235 in
3508 4199 3643 4238 eon-

357 4270 436 4324 ait
487 4277 674 4326 noster
697 4269 1007 4342 Cassianus)
1043 4270 1243 4340 quique
1286 4269 1510 4340 perfecti
1556 4281 1682 4326 sunt
1708 4271 1941 4341 quodam
2043 4278 2276 4339 spectum
2301 4268 2534 4334 Domini,
2579 4278 2626 4324 et
2658 4278 2945 4324 revertatur
2983 4270 3335 4342 unusquisque
3372 4289 3404 4326 a
3431 4273 3513 4326 via
3537 4291 3642 4329 sua

355 4361 518 4416 modo
539 4377 646 4416 non
676 4371 947 4426 tenentur,
970 4376 1069 4416 nec
1097 4362 1277 4433 exigui
1306 4362 1465 4432 hujus
1493 4362 1720 4417 canonis
1760 4361 1940 4432 subje-
2043 4358 2208 4426 mala,
2229 4361 2478 4430 quoniam
2506 4376 2727 4430 magnus
2756 4359 2906 4429 [uror
2930 4369 2975 4414 et
3007 4361 3320 4432 indignatio,
3348 4379 3508 4434 quam
3551 4365 3639 4418 lo-

356 4453 536 4508 etione
563 4452 803 4506 contenti
844 4460 987 4505 sunt.
1019 4453 1188 4518 Quem
1234 4453 1535 4522 prmsertim
1581 4451 1686 4506 illis
1720 4453 1814 4521 qui
1842 4467 1940 4520 per
1966 4503 2016 4523 “
2043 4461 2194 4506 cutus
2215 4461 2287 4504 est
2321 4448 2576 4504 Dominus
2619 4450 2894 4504 adversum
2939 4450 3189 4521 populum
3218 4451 3372 4506 hunc.
3415 4452 3486 4507 Et
3510 4455 3641 4523 fecit

355 4555 529 4601 totum
561 4545 687 4600 anni
711 4545 946 4614 spatium
976 4503 1182 4600 deliciis
1218 4503 1282 4598 ac
1323 4545 1553 4615 negotiis
1593 4503 1940 4602 saecularibus
1964 4503 2018 4562 Β
2042 4541 2254 4597 Baruch
2282 4540 2426 4610 ﬁlius
2451 4540 2628 4595 Neria:
2649 4540 2805 4610 juxta
2835 4503 3010 4594 omnia
3050 4558 3166 4612 quae
3191 4503 3640 4613 pra'ceperatlle-

357 4635 704 4706 implicantur
743 4634 1092 4690 ecclesiarum
1120 4635 1389 4704 principes
1417 4642 1739 4700 statuerunt,
1768 4643 1825 4689 ut
1853 4638 1936 4692 vel

356 4724 460 4780 hoc
490 4724 646 4795 legali
667 4724 899 4795 quodam
923 4723 1082 4778 modo
1103 4725 1308 4778 dierum
1337 4724 1459 4778 vitae
1483 4738 1612 4789 sum,
1638 4739 1774 4794 quos
1799 4734 1941 4782 totos

351 4821 506 4890 quasi
537 4820 744 4874 fructus
767 4817 1029 4887 quosdam
1075 4817 1286 4872 fuerant
1335 4815 1595 4881 voraturi,
1626 4815 1769 4872 velut
1796 4817 1942 4873 deci-

354 4925 473 4966 mas
503 4910 732 4966 Domino
754 4908 1084 4962 dedicarent.

941 4996 1166 5053 CAPUT
1205 4996 1342 5051 XXI.

823 5087 898 5142 De
911 5088 1115 5158 jejunio
1146 5085 1495 5142 Pentecostes.

425 5179 731 5236 Secundum
753 5177 1016 5248 jejunium
1050 5185 1153 5241 est,
1188 5177 1329 5245 quod
1357 5176 1511 5247 juxta
1537 5193 1774 5234 canones
1813 5189 1937 5251 post

349 5270 702 5328 Pentecosten
743 5270 847 5323 alia
893 5269 980 5323 die
1026 5267 1332 5332 inchoatur,
1377 5269 1670 5324 secundum
1704 5272 1848 5340 quod
1879 5279 1936 5326 et

349 5358 558 5432 Παῖδες
583 5362 692 5416 ait:
745 5359 813 5415 In
846 5360 995 5414 initio
1023 5358 1215 5412 mensis
1261 5358 1528 5414 ordinaris
1564 5359 1767 5429 facietis
1791 5361 1933 5416 vobis

347 5454 698 5509 hebdomadas
728 5463 918 5524 septem
945 5450 1144 5523 (Exod.
1191 5452 1403 5521 xxxtv).
1455 5451 1570 5508 Hoc
1589 5450 1853 5522 jejunium
1898 5470 1931 5510 a

346 5545 616 5615 plerisque
644 5559 711 5600 ex
739 5544 1056 5599 auctoritate
1079 5540 1350 5610 Evangelii
1373 5550 1492 5611 post
1515 5541 1723 5597 Domini
1745 5557 1932 5600 ascen-

348 5638 555 5690 sionem
607 5636 902 5706 completur
927 5678 941 5703 ,
995 5637 1362 5692 testimonium
1415 5634 1544 5691 illud
1591 5634 1932 5694 Dominicum

348 5726 702 5784 bistorialiter
727 5728 1051 5798 accipientes
1079 5729 1171 5786 ubi
1209 5728 1338 5785 dicit
1363 5746 1376 5784 :
1427 5725 1683 5798 Nunquid
1711 5737 1928 5798 possunt

2044 4633 2236 4688 remias
2260 4633 2530 4704 propheta,
2559 4631 2730 4702 legens
2751 4647 2815 4685 ex
2835 4631 3090 4686 volumine
3111 4649 3370 4688 sermones
3392 4635 3447 4688 in
3473 4635 3636 4691 domo

2041 4721 2274 4778 Domini.
2305 4719 2375 4775 Et
2413 4721 2610 4790 factum
2638 4731 2712 4774 est
2738 4721 2790 4775 in
2819 4736 2992 4774 mense
3022 4736 3177 4786 nono,
3218 4723 3636 4792 prtedicaverunt

2030 4813 2301 4884 jejunium
2327 4812 2381 4865 in
2418 4821 2690 4882 conspectu
2717 4810 2927 4865 Domini
2957 4812 3098 4866 omni
3143 4812 3334 4883 populo
3375 4814 3428 4868 in
3469 4815 3634 4870 Jeru-

2044 4902 2204 4958 salem
2234 4900 2450 4975 (Jerem.
2483 4900 2689 4974 xxxvr).
2739 4900 2852 4956 Hac
2895 4916 3026 4973 ergo
3071 4903 3393 4958 auctoritate
3430 4905 3633 4964 divina:

2042 4991 2337 5062 Scriptura:
2383 4991 2622 5047 Ecclesia
2671 5006 2877 5046 rnorem
2905 4992 3162 5058 obtinuit,
3215 5002 3270 5048 et
3316 4995 3632 5068 universale

2030 5080 2298 5152 jejunium
2339 5081 2443 5135 hac
2489 5081 2867 5136 observatione
2915 5080 3191 5136 celebrat:
3243 5084 3387 5152 quod
3440 5093 3632 5143 tamen

2033 5171 2295 5242 jejunium
2320 5171 2582 5240 incipiens
2603 5170 2657 5224 in
2679 5185 2824 5225 nono
2850 5186 3034 5226 mense
3056 5172 3108 5225 in
3135 5172 3401 5228 decimum
3431 5184 3632 5232 exten-

2038 5263 2204 5328 ditur,
2238 5262 2290 5316 id
2324 5270 2428 5327 est,
2466 5276 2635 5330 usque
2663 5261 2733 5316 ad
2775 5261 2917 5315 diem
2958 5262 3154 5317 natalis
3181 5263 3390 5318 Domini
3415 5266 3629 5334 pertin-

2036 5355 2135 5426 git.
2159 5354 2408 5425 Congrua
2437 5355 2617 5424 itaque
2644 5354 2995 5424 dispositione
3016 5371 3046 5409 a
3069 5357 3344 5425 magistris
3366 5356 3631 5416 Ecclesia

2033 5451 2139 5506 hoc
2160 5448 2278 5505 loco
2307 5450 2572 5520 jejunium
2610 5451 3078 5521 quadragesimale
3116 5451 3235 5507 ﬁeri
3263 5453 3624 5510 constitutum

2033 5549 2139 5606 est,
2163 5547 2222 5593 ut
2250 5546 2375 5594 ante
2397 5540 2539 5595 diem
2567 5540 2764 5595 natalis
2789 5541 2999 5596 Domini
3020 5541 3229 5612 jejunio
3255 5551 3311 5596 et
3340 5542 3624 5599 abstinen-

2033 5635 2108 5689 tia
2154 5630 2513 5700 nosmetipsos
2559 5631 2934 5701 castigemus,,
2989 5640 3257 5701 quatenus
3314 5633 3620 5689 venientem

2035 5723 2450 5793 Redemptorem
2501 5723 2660 5794 digna
2713 5724 3128 5780 conversatione
3175 5725 3454 5795 suscipere
3494 5739 3629 5798 pos.
