4002 6204
386 363 491 423 3.37

1173 362 1260 418 DE
1297 362 1741 422 CLERICORUM
1783 366 2291 441 INSTITUTIONE,
2335 376 2487 434 ETC.
2527 408 2596 419 —
2634 378 2762 435 LIB.
2803 380 2866 435 II.

3544 384 3654 442 538

379 483 571 548 simus,
602 478 895 572 sicntante
920 486 1134 550 tempus
1154 480 1572 572 resurrectionis
1600 481 1718 553 ejus
1749 497 1970 539 carnem
1998 484 2051 545 Δ
2077 486 2311 560 legerunt
2335 494 2388 548 in
2431 495 2691 552 volumine
2739 498 2866 570 tegis
2891 498 3103 556 Domini
3128 500 3228 556 Dei
3266 502 3349 556 sui
3385 510 3569 572 quater
3602 501 3658 557 in

377 582 622 628 nostram
653 568 957 642 effligimus,
1000 576 1062 623 ut
1104 571 1518 626 resurrectionis
1562 574 1810 643 gratiam,
1851 589 1972 644 quae

376 683 474 737 per
502 666 678 735 ipsum
711 664 791 730 fit,
813 663 1068 734 consequi
1091 680 1416 720 mereamur.
1449 665 1556 722 Sed
1578 667 1690 724 haec
1714 667 1779 722 de
1802 668 1974 724 tribus

375 757 806 830 quadragesimis
835 757 978 812 dicta
1001 755 1288 811 sufliciant.

949 846 1178 903 CAPUT
1218 847 1405 903 XXIII.

759 942 836 998 De
873 945 1075 997 cwteris
1103 942 1346 1014 legitimis
1359 943 1606 1014 jejuniis.

447 1035 655 1091 Praeter
679 1034 796 1089 haec
818 1041 998 1089 autem
1029 1041 1084 1088 et
1113 1033 1353 1104 legitima
1379 1044 1618 1106 tempora
1640 1033 1966 1104 jejuniorum

377 1141 527 1197 sunt,
562 1133 704 1188 sicut
750 1139 835 1185 est
887 1129 1064 1185 omnis
1117 1138 1269 1184 sexta
1315 1127 1485 1195 feria,
1532 1130 1584 1184 in
1611 1146 1716 1200 qua
1748 1141 1969 1202 propter

375 1227 689 1298 passionem
719 1221 933 1278 Domini
981 1236 1012 1274 a
1060 1217 1308 1274 fidelibus
1329 1218 1628 1288 jejunatur,
1657 1227 1714 1274 et
1755 1221 1964 1276 sabbati

377 1317 520 1378 dies,
551 1313 644 1383 qui
676 1329 706 1366 a
734 1311 1008 1382 plerisque
1032 1317 1253 1379 propter
1273 1307 1416 1377 quod
1446 1309 1498 1361 in
1523 1322 1589 1364 eo
1613 1307 1859 1364 Christus
1876 1309 1963 1380 ja-

377 1410 493 1465 cuit
520 1407 574 1462 in
625 1403 873 1475 sepulcro
896 1401 1107 1474 jejunio
1136 1409 1484 1457 consecratus
1527 1401 1780 1467 habetur,
1827 1402 1969 1457 sicut

374 1500 433 1556 in
463 1497 697 1554 decretis
726 1492 1023 1550 Innocentii
1053 1506 1204 1563 papae
1231 1491 1586 1546 constitutum
1618 1490 1922 1546 invenimus
1948 1533 1961 1557 ,

374 1590 610 1646 scilicet
633 1604 699 1643 ne
737 1585 940 1641 Judazis
963 1583 1285 1640 exsultando
1310 1583 1616 1653 praebeatur
1637 1585 1781 1654 quod
1806 1584 1963 1641 Chri—

374 1695 498 1740 stus
527 1682 744 1740 sustulit
784 1679 1083 1736 moriendo.
1116 1677 1252 1734 Nam
1281 1679 1468 1748 utique
1497 1686 1711 1733 constat
1746 1688 1963 1750 aposto-

375 1777 462 1832 los
502 1776 669 1831 biduo
695 1775 802 1830 isto
847 1781 902 1828 et
944 1772 998 1826 in
1040 1784 1275 1826 maerore
1304 1769 1487 1833 fuisse,
1524 1779 1578 1825 et
1598 1780 1820 1842 pr0pter
1845 1787 1960 1828 me-

2078 579 2183 645 die,
2237 591 2285 636 et
2331 593 2517 654 quater
2552 587 2608 640 in
2652 597 2801 643 nocte
2841 589 3241 659 conﬁtebantur,
3281 600 3330 645 et
3359 590 3653 645 adorabunt

2077 667 2356 726 Dominum
2388 672 2552 729 Deum
2577 693 2751 730 suum.
2795 677 3060 746 Quartum
3107 696 3237 735 vero
3260 688 3346 735 est
3387 680 3654 750 jejunium

2072 761 2278 816 sabbati
2310 763 2362 818 in
2395 765 2604 821 decimo
2634 783 2818 825 mense
2849 779 2974 825 ante
3005 771 3146 826 diem
3176 771 3375 826 natalis
3404 771 3655 838 Domini,

2071 854 2286 921 quando
2311 857 2524 910 venturi
2575 857 2870 915 Salvatoris
2915 861 3148 919 saiubris
3178 862 3232 917 in
3265 861 3439 917 sacris
3467 861 3653 916 lectio-

2071 943 2228 998 nibus
2256 946 2581 1014 prmdicatur
2609 949 2896 1015 adventus,
2921 960 2981 1006 ut
3009 951 3195 1006 fideles
3211 952 3412 1022 quique
3440 952 3544 1007 hac
3571 966 3650 1005 re-

2070 1034 2268 1106 ligione
2295 1037 2563 1105 instructi,
2597 1049 2653 1095 et
2699 1042 3056 1098 medicamine
3100 1052 3412 1098 sanctarum
3460 1042 3656 1098 oratio-

2069 1140 2196 1178 num
2231 1125 2389 1180 simul
2412 1143 2534 1182 cum
2561 1144 2719 1186 sacro
2741 1129 2948 1201 jejunio
2972 1131 3278 1189 confirmati
3310 1131 3649 1186 nativitatem

2068 1212 2446 1284 Redemptoris
2488 1217 2596 1272 laeti
2645 1229 2982 1290 exspectent.
3033 1221 3173 1278 Ante
3223 1223 3338 1277 haec
3403 1221 3654 1277 videlicet

2066 1317 2298 1376 quatuor
2320 1310 2542 1365 sabbata
2567 1312 2618 1366 in
2643 1314 2830 1368 eadem
2857 1315 3192 1370 hebdomada
3217 1331 3433 1386 semper
3459 1325 3651 1387 quarta

2066 1406 2121 1451 et
2148 1408 2297 1452 sexta
2337 1399 2468 1458 feria
2504 1401 2741 1472 legitima
2767 1403 2971 1474 jejunia
3007 1404 3123 1459 ﬁeri
3158 1413 3214 1460 et
3247 1420 3422 1459 canon
3450 1405 3652 1460 oratio-

2068 1505 2196 1542 num
2229 1499 2283 1544 et
2316 1490 2606 1546 lectionum
2646 1494 2698 1548 in
2731 1495 2934 1550 eisdem
2963 1494 3114 1551 feriis
3149 1496 3219 1550 ad
3249 1479 3656 1552 missarum-so—

2065 1579 2264 1634 lemnia
2312 1583 2639 1639 constitutus
2686 1583 2909 1650 indicat,
2951 1594 3007 1641 et
3049 1586 3297 1656 exempla
3339 1587 3650 1657 praeceden-

2063 1671 2198 1725 tium
2230 1673 2448 1726 Patrum
2481 1674 2821 1729 confirmant.
2855 1675 3052 1732 Sacras
3079 1685 3258 1731 autem
3280 1678 3653 1733 ordinationes

2065 1763 2150 1818 bis
2185 1763 2374 1819 diebus
2404 1775 2655 1835 oportere
2705 1765 2842 1832 fieri,
2887 1767 3104 1822 decreta
3143 1767 3344 1822 Gelasii
3392 1783 3545 1840 papa:
3575 1779 3655 1824 te-

373 1878 495 1923 tum
508 1865 892 1922 Judaaorumse
915 1862 1398 1931 oceuluisse,quod
1419 1836 1725 1933 utique—non
1739 1863 1961 1918 dubium
1994 1836 2040 1895 Β
2068 1860 2297 1918 stantur,
2333 1855 2383 1907 in
2413 1855 2700 1924 quibusita
2745 1855 3007 1926 scriptum
3047 1856 3358 1912 continetur
3381 1836 3653 1912 {ordina-

374 1966 463 2013 est
495 1975 508 2012 :
541 1965 596 2012 et
615 1955 889 2027 jejunasse
918 1969 1012 2009 eos
1037 1953 1202 2008 biduo
1252 1960 1572 2019 memorato,
1620 1968 1740 2023 quae
1788 1953 1962 2008 forma

375 2051 566 2121 utique
590 2065 687 2120 per
715 2047 956 2119 singulas
997 2046 1226 2102 tenenda
1271 2054 1353 2101 est
1391 2044 1781 2112 hebdomadas,
1837 2061 1963 2116 pro-

372 2150 496 2210 pter
528 2139 582 2196 id
613 2139 754 2208 quod
790 2136 1238 2193 commemoratio
1279 2135 1423 2190 illius
1471 2135 1576 2191 diei
1613 2151 1825 2207 semper
1879 2146 1964 2192 est

373 2230 726 2286 celebranda.
755 2227 907 2296 Quod
932 2227 977 2282 si
1005 2234 1198 2297 putant
1223 2241 1332 2282 uno
1364 2237 1541 2283 tamen
1573 2227 1798 2282 sabbato
1817 2225 1960 2299 jeju-

372 2321 641 2386 naudum,
669 2334 800 2389 ergo
822 2327 880 2374 et
906 2317 1263 2382 Dominicum,
1293 2325 1348 2371 et
1369 2325 1519 2373 sexta
1551 2317 1684 2373 feria
1713 2316 1878 2373 semel
1907 2318 1964 2373 in

371 2407 586 2466 Pascha
612 2409 720 2465 erit
745 2408 931 2478 utique
959 2405 1362 2462 celebrandum.

947 2516 1174 2574 CAPUT
1212 2517 1401 2573 XXIV.

368 2610 452 2672 De
469 2614 938 2694 jejunioguatuor
973 2611 1332 2694 sabbatorum,
1360 2611 1655 2694 inhquibus
1683 2612 1959 2668 duodecim

606 2680 852 2738 lectiones
881 2681 1036 2750 ﬁunt,
1077 2689 1123 2734 et
1150 2697 1318 2736 sacra:
1347 2680 1722 2737 ordinationes.

443 2773 586 2830 Sunt
605 2785 822 2844 quoque
843 2779 898 2826 et
924 2779 1156 2841 quatuor
1182 2769 1431 2837 sabbata,
1457 2770 1510 2825 in
1540 2779 1774 2842 quatuor
1802 2788 1957 2829 men-

368 2868 545 2931 sibus,
577 2864 787 2937 singula
813 2880 912 2935 per
945 2863 1206 2934 singulos,
1247 2863 1300 2918 in
1329 2863 1524 2933 quibus
1549 2863 1803 2934 specialia
1819 2863 1951 2935 jeju-

366 2957 461 3012 nia
486 2965 614 3011 sunt
635 2956 944 3021 constituta,
971 2963 1028 3010 et
1055 2953 1230 3010 ofIicia
1276 2955 1364 3010 his
1389 2955 1580 3011 diebus
1602 2956 1808 3028 majora
1838 2973 1959 3013 ora-

370 3047 583 3102 tionum
613 3055 670 3101 et
693 3047 985 3101 lectionum
1017 3045 1071 3100 in
1107 3043 1348 3100 Ecclesia
1373 3045 1738 3113 celebrantur,
1770 3047 1823 3103 id
1848 3058 1952 3114 est,

367 3136 422 3190 in
453 3135 648 3191 Martio
674 3151 878 3201 mense,
911 3135 1088 3206 primo
1119 3137 1366 3193 sabbato.
1398 3136 1585 3205 Quarti
1623 3140 1850 3206 mensis,
1901 3139 1954 3196 id

2064 1945 2229 1998 tiones
2256 1955 2429 2000 autent
2458 1948 2878 2017 presbyterorum
2920 1949 3367 2020 diaconorumque
3398 1949 3500 2002 nisi
3538 1966 3652 2004 cer-

2062 2037 2130 2091 tis
2152 2039 2469 2109 temporibus
2507 2049 2554 2094 et
2577 2039 2757 2093 diebus
2780 2056 3019 2094 exercere
3057 2057 3159 2094 non
3194 2041 3432 2102 debeant,
3464 2041 3515 2095 id
3547 2049 3648 2102 est,

2061 2125 2117 2181 in
2135 2128 2312 2197 quarti
2338 2128 2539 2184 mensis
2552 2127 2782 2200 jejunio,
2811 2131 3024 2200 septimi
3053 2141 3108 2185 et
3134 2131 3352 2194 decimi,
3384 2132 3475 2185 sed
3491 2133 3650 2186 etiam

2059 2219 2534 2291 quadragesimalis
2578 2237 2641 2274 ac
2702 2221 2947 2276 mediana
2997 2223 3146 2276 initio
3214 2221 3648 2294 Quadragesimta

2060 2311 2145 2364 die
2172 2310 2374 2365 sabbati
2398 2311 2598 2382 jejunio
2625 2311 2766 2366 circa
2799 2328 3063 2382 vesperam
3103 2312 3336 2366 ncrerint
3371 2313 3642 2367 celebran-

2060 2401 2176 2455 das.
2224 2399 2408 2457 Ofﬁcia
2435 2409 2616 2458 autem
2642 2403 2834 2458 borum
2862 2411 3094 2472 quatuor
3120 2401 3465 2458 sabbatorum
3489 2402 3650 2474 vulgo

2059 2490 2343 2546 duodecim
2381 2491 2640 2548 lectiones
2667 2503 2949 2558 vocantur,
2981 2506 3047 2548 eo
3072 2492 3215 2562 quod
3243 2508 3374 2547 cum
3403 2492 3650 2548 lectioni-

2059 2582 2162 2637 bus
2208 2598 2328 2652 quaa
2367 2583 2655 2656 leguntur,
2699 2592 2754 2640 et
2792 2599 2914 2639 cum
2967 2583 3193 2654 psalmis
3235 2583 3326 2652 qui
3375 2581 3647 2654 leguntur.

2059 2675 2422 2731 duodenarius
2447 2691 2706 2732 numerus
2735 2676 3084 2746 adimpletur,
3109 2676 3200 2745 qui
3243 2674 3650 2731 benedictioues

2057 2775 2286 2835 possunt
2318 2768 2524 2834 vocari,
2551 2782 2616 2824 eo
2645 2768 2788 2839 quod
2835 2767 2978 2823 inter
3002 2767 3291 2824 canonicas
3335 2765 3647 2837 Scripturas

2058 2867 2506 2914 annumerantur.

2636 2949 2867 3007 CAPUT
2906 2949 3073 3006 XXV.

2558 3039 2634 3096 De
2669 3040 2884 3112 privatis
2903 3040 3146 3111 jejuniis.

2131 3131 2395 3190 Prmterea
2427 3131 2716 3201 unicuique
2747 3131 2872 3187 licet
2920 3139 2978 3184 ut
3003 3131 3132 3187 libet
3168 3129 3496 3200 jejuniorum
3527 3148 3644 3188 mo-

364 3238 472 3292 est,
503 3223 672 3280 Junii.
722 3225 780 3280 In
828 3205 1042 3295 septimi
1089 3240 1304 3296 quoque
1355 3226 1576 3292 mensis,
1625 3227 1679 3283 id
1726 3237 1810 3284 est
1836 3205 1952 3285 Se-
1981 3205 2026 3268 C
2058 3222 2184 3278 dum
2231 3223 2454 3290 habere,
2503 3237 2597 3278 seu
2639 3222 2874 3278 inediam
2911 3223 3223 3288 extendere,
3279 3231 3491 3278 servata
3531 3239 3644 3295 pra:

363 3314 655 3386 ptembris,
680 3315 838 3371 tertio
861 3315 1109 3381 sabbato,
1137 3323 1192 3370 et
1211 3316 1264 3370 in
1291 3325 1485 3386 quarto
1507 3317 1732 3374 sabbato
1759 3319 1954 3376 decimi

362 3405 592 3468 mensis,
627 3406 679 3460 id
722 3415 826 3471 est,
870 3405 1203 3461 Decembris.
1233 3406 1472 3474 Quorum
1520 3409 1755 3480 primum
1796 3408 1952 3480 juxta

361 3495 803 3551 observationem
833 3495 1272 3567 Quadragesimae
1301 3512 1470 3553 verno
1513 3506 1758 3570 tempore
1807 3501 1950 3558 cele-

361 3587 578 3650 bratur,
600 3587 818 3656 quando
866 3587 1068 3642 mensis
1100 3602 1360 3643 novorum
1411 3589 1551 3659 apud
1605 3589 1820 3648 Iudaeos
1854 3592 1952 3647 ha-

361 3678 618 3732 bebatur.
650 3676 959 3732 Secundum
989 3688 1169 3734 autem
1212 3679 1266 3734 in
1295 3677 1504 3750 jejunio
1522 3691 1645 3752 post
1690 3683 1952 3742 Penteco-

362 3783 484 3825 sten
539 3771 747 3827 aestatis
789 3779 1065 3840 tempore,
1116 3773 1334 3843 quando
1387 3775 1526 3844 apud
1573 3773 1788 3831 Judznos
1834 3777 1950 3834 dies

361 3861 730 3931 primitiarum
774 3879 836 3918 ex
883 3863 1016 3936 legis
1057 3874 1326 3935 praecepto
1380 3867 1855 3936 custodiebantur,
1895 3870 1948 3926 id

359 3962 468 4017 cst,
501 3956 568 4008 de
612 3952 856 4024 frugibus
895 3953 1055 4024 primi
1104 3971 1272 4025 panes
1317 3955 1428 4011 Deo
1468 3955 1862 4026 offerebantur;
1894 3968 1948 4016 et

357 4043 534 4098 otium
565 4041 861 4114 legitimum
891 4043 1056 4114 ipsius
1098 4043 1204 4100 diei
1233 4045 1556 4102 celebratur.
1594 4047 1836 4105 Tertium
1862 4060 1946 4107 est

362 4133 416 4188 in
445 4134 678 4204 septimo
711 4149 918 4200 mense,
959 4136 1200 4190 autumni
1250 4137 1502 4194 videlicet
1539 4147 1802 4211 tempore,
1851 4143 1944 4212 qui

359 4233 508 4278 totus
540 4224 594 4278 in
615 4223 732 4296 lege
766 4225 932 4280 variis
971 4226 1402 4283 solemnitatibus
1430 4229 1541 4284 Deo
1561 4229 1774 4288 dicatus
1801 4242 1940 4301 erat,

359 4317 412 4370 in
448 4332 556 4386 quo
605 4318 722 4372 dies
761 4318 1128 4388 expiationum
1168 4328 1318 4387 erat,
1356 4321 1568 4378 dicente
1600 4324 1828 4382 Domino
1873 4328 1941 4383 ad

355 4409 580 4481 lloysen
634 4429 646 4464 :
699 4411 915 4466 Decima
960 4413 1046 4466 die
1088 4415 1280 4468 mensis
1335 4415 1494 4486 hujus
1538 4419 1778 4488 septimi,
1829 4419 1941 4475 dies

353 4501 716 4571 expiationem
730 4505 828 4556 erit
849 4519 911 4556 ac
937 4502 1320 4572 celeberrimus,
1345 4515 1393 4560 et
1417 4508 1688 4562 vocabitur
1707 4521 1936 4576 sanctus,

352 4593 694 4664 aﬂiigetisque
719 4594 922 4648 animus
951 4604 1146 4649 vestras
1177 4596 1230 4649 in
1260 4612 1338 4660 eo,
1370 4606 1417 4650 et
1443 4597 1672 4666 oﬂ‘eretis
1693 4599 1938 4655 holocau-

349 4693 490 4736 stum
520 4682 765 4738 Domino.
801 4682 966 4738 Omne
991 4701 1118 4756 opus
1143 4703 1245 4739 non
1268 4685 1470 4754 facietis
1498 4689 1552 4742 in
1574 4699 1803 4761 tempore
1830 4692 1936 4746 diei

349 4775 533 4844 hujus,
558 4776 683 4846 quia
707 4775 817 4829 dies
847 4777 1233 4846 propitiationis
1257 4788 1353 4842 est,
1384 4789 1439 4832 ut
1463 4780 1774 4850 propitietur
1794 4782 1934 4837 vobis

349 4865 610 4918 Dominus
657 4863 802 4918 Deus
844 4874 1049 4929 vester,
1088 4873 1193 4920 etc.
1237 4865 1296 4920 In
1342 4882 1450 4937 quo
1497 4878 1552 4924 et
1586 4869 1704 4925 dies
1747 4871 1932 4926 decem

347 4955 700 5025 Scenopegia:
731 4954 965 5020 fuerant,
1013 4957 1064 5011 id
1105 4966 1190 5012 est
1237 4957 1750 5016 Tabernaculorum.
1797 4961 1932 5016 Nam

344 5045 537 5115 quinta
567 5045 776 5100 decima
800 5045 885 5100 die
917 5047 1118 5102 mensis
1143 5046 1302 5116 hujus
1326 5058 1540 5106 veteres
1562 5052 1935 5111 solemnitates

343 5137 850 5193 Tabernaculorum
897 5137 1266 5206 celebrabant,
1315 5152 1520 5212 septem
1565 5145 1754 5200 diebus
1781 5161 1931 5200 eam-

342 5232 470 5286 dem
520 5229 919 5286 solemnitatem
971 5232 1279 5301 exigentes,
1325 5249 1434 5302 quo
1485 5235 1700 5303 quidem
1722 5235 1931 5307 jejunio

341 5339 474 5378 usos
504 5321 674 5378 fuisse
708 5322 952 5390 mtiquos
975 5322 1160 5378 Esdra:
1183 5323 1318 5378 liber
1344 5326 1609 5380 meminit.
1639 5325 1929 5396 Postquam

341 5415 490 5470 enim
516 5415 793 5470 redierunt
826 5414 915 5467 filii
953 5413 1117 5470 Israel
1154 5417 1206 5470 in
1251 5415 1551 5471 Jerusalem
1578 5425 1634 5472 et
1686 5417 1933 5476 fecerunt

342 5505 449 5562 sibi
486 5502 962 5560 tabernaculorum
993 5503 1234 5558 laetitiam
1283 5521 1553 5575 magnam,
1583 5507 1784 5561 dehinc
1807 5524 1930 5562 cons

342 5604 594 5652 uenerunt
623 5596 678 5647 in
697 5593 907 5663 jejunio
939 5594 994 5647 in
1018 5596 1206 5661 saccis,
1233 5607 1282 5649 et
1322 5596 1512 5650 humus
1551 5613 1708 5666 super
1731 5614 1840 5663 eos,
1881 5609 1930 5653 et

343 5696 624 5749 steterunt,
667 5695 714 5737 et
747 5683 1131 5752 conﬁtebantur
1167 5697 1379 5756 peccata
1404 5704 1502 5741 sua
1552 5697 1600 5741 et
1629 5688 1928 5759 iniquitates

345 5787 557 5844 patrum
605 5790 840 5839 suarum,
879 5783 924 5828 et
969 5784 1408 5831 consurrexerunt
1449 5776 1518 5828 ad
1566 5777 1833 5840 standum,
1878 5787 1925 5831 et

2053 3316 2305 3371 omnibus
2334 3316 2719 3372 constitutione
2757 3315 3118 3386 legitimorum
3141 3316 3473 3388 jejuniorum
3499 3332 3636 3388 quas

2055 3425 2215 3479 supra
2247 3408 2689 3473 memoravimus,
2721 3424 2840 3479 qua:
2866 3408 3190 3479 generaliter
3217 3417 3403 3465 sancta
3429 3418 3484 3464 et
3508 3424 3629 3478 apo-

2052 3500 2243 3556 stolica
2271 3509 2454 3556 servat
2470 3500 2732 3555 Ecclesia.
2761 3498 2869 3555 Nec
2893 3516 2998 3554 non
3022 3508 3078 3555 et
3101 3499 3190 3554 illa
3213 3499 3526 3555 omnimodo
3541 3516 3634 3555 cu-

2051 3593 2258 3648 stodire
2303 3600 2519 3664 oportet
2573 3607 3043 3663 unumquemque,
3101 3607 3220 3662 qua:
3270 3594 3634 3650 communiter

2050 3684 2302 3739 omnibus
2325 3682 2500 3739 facere
2523 3683 2636 3738 sive
2660 3698 2757 3754 pro
2785 3683 3151 3748 tribulatione,
3177 3683 3291 3738 sive
3309 3699 3409 3754 pro
3435 3682 3635 3754 gratia-

2049 3791 2168 3829 rum
2211 3775 2426 3829 actione
2475 3774 2727 3844 proprius
2767 3773 3024 3829 Ecclesia:
3062 3775 3282 3829 mandat
3321 3775 3630 3843 episcopus,

2049 3866 2174 3936 quia
2205 3867 2297 3935 q'ui
2321 3865 2614 3920 constituta
2644 3872 2806 3934 atque
2833 3865 3152 3920 demandata
3176 3862 3380 3934 jejunia
3410 3880 3630 3934 servare

2047 3955 2345 4028 neglexerit
2390 3963 2600 4025 peccat,
2638 3955 2728 4025 qui
2759 3963 2938 4010 autem
2967 3955 3195 4025 expletis
3235 3955 3490 4026 legitimis
3516 3957 3628 4025 pri-

2047 4057 2170 4101 vata
2212 4062 2377 4117 super
2409 4047 2759 4118 expenderit,
2794 4047 3067 4116 propriam
3112 4047 3415 4100 mercedem
3462 4045 3630 4102 habe-

2046 4140 2142 4194 bit.
2177 4139 2312 4193 Nam
2342 4139 2596 4211 leguntur
2637 4137 2802 4208 aliqui
2853 4148 3164 4194 sanctorum
3195 4152 3294 4206 per
3336 4138 3623 4203 biduanas,

2045 4229 2158 4285 sive
2187 4245 2284 4300 per
2317 4229 2617 4293 triduauas,
2655 4229 2769 4284 sive
2795 4229 2958 4282 etiam
2989 4243 3086 4297 per
3126 4236 3294 4283 totam
3335 4227 3627 4282 hebdoma-

2045 4322 2166 4378 dam
2191 4317 2457 4389 jejunium
2486 4318 2808 4385 extendere;
2839 4317 3082 4390 plerique
3116 4318 3259 4388 quod
3311 4332 3409 4373 nec
3437 4317 3620 4372 vinum

2043 4427 2144 4467 nec
2184 4411 2414 4466 siceram
2454 4410 2728 4475 biberunt,
2778 4423 2878 4465 nec
2926 4410 3128 4481 aliquid
3176 4409 3627 4465 manducaverint

2043 4515 2241 4576 praeter
2262 4519 2456 4575 panem
2504 4503 2709 4558 siccum
2755 4511 2811 4557 et
2836 4502 3013 4569 olera;
3062 4503 3153 4557 alii
3183 4503 3327 4574 quod
3378 4503 3448 4558 ab
3475 4501 3626 4558 oumi

2042 4611 2207 4650 carne
2230 4609 2288 4650 se
2313 4594 2695 4658 abstinuerint,
2727 4594 2818 4648 alii
2847 4595 2990 4664 quod
3021 4595 3072 4648 in
3111 4602 3318 4648 tantum
3353 4610 3413 4650 se
3457 4594 3627 4649 absti-

2041 4687 2280 4753 nuerint,
2318 4687 2458 4757 quod
2491 4701 2590 4741 nec
2613 4701 2750 4756 pane
2783 4686 2836 4740 in
2864 4686 2985 4742 cibo
3013 4687 3094 4742 usi
3123 4695 3270 4750 sunt,
3315 4688 3408 4741 sed
3439 4687 3625 4756 paucis

2039 4775 2235 4831 caricis
2256 4790 2454 4844 corpus
2484 4791 2638 4829 suum
2674 4776 3118 4830 sustentavcrint.
3152 4776 3218 4830 Et
3258 4776 3360 4830 alia
3391 4775 3620 4846 plurima

2041 4873 2169 4920 sunt
2196 4881 2394 4934 genera
2425 4865 2786 4931 abstinentite,
2820 4866 2917 4922 sed
2947 4875 3074 4921 ante
3101 4867 3281 4921 omnia
3311 4881 3504 4921 cavere
3530 4867 3623 4919 de.

2040 4955 2131 5008 bet
2155 4955 2245 5024 qui
2285 4968 2343 5008 se
2390 4953 2663 5009 abstinere
2701 4955 2813 5009 vult
2866 4957 2936 5011 ab
2978 4957 3158 5027 aliquo
3201 4957 3322 5012 cibo
3349 4956 3429 5011 vel
3467 4965 3619 5026 potu,

2035 5062 2102 5101 ne
2131 5061 2283 5100 mens
2297 5043 2413 5113 ejus
2433 5046 2641 5100 occulta
2667 5047 2995 5116 cogitatione
3015 5047 3304 5117 polluatur,
3330 5048 3401 5100 ita
3436 5054 3495 5099 ut
3519 5046 3620 5099 ali-

2034 5151 2196 5206 quam
2245 5144 2552 5191 creaturam
2608 5137 2702 5193 Dei
2747 5138 2967 5193 damnet
3012 5138 3301 5207 judiciaria
3349 5137 3613 5206 supersti-

2035 5232 2179 5284 tione
2209 5230 2488 5294 seductus,
2517 5230 2702 5285 dicens
2738 5232 2841 5286 hoc
2867 5231 3055 5295 licere,
3095 5230 3223 5284 illud
3253 5238 3436 5283 autem
3468 5244 3610 5292 non;

2033 5323 2135 5377 boc
2163 5322 2442 5385 mundum,
2477 5322 2606 5376 illud
2652 5331 2832 5378 autem
2865 5322 3197 5376 immundum
3229 5335 3352 5375 esse
3391 5321 3611 5391 cogitet.

2033 5414 2204 5480 Quem
2233 5409 2393 5480 hujus
2421 5412 2608 5466 mundi
2658 5412 2916 5480 cogitatio
2935 5411 3132 5480 pulsat,
3157 5402 3345 5466 'videat
3383 5411 3616 5481 Aposto-

2034 5504 2142 5558 lum
2168 5493 2369 5558 dixisse
2398 5523 2408 5556 ;
2441 5501 2624 5558 Omnis
2662 5513 2903 5556 creatura
2935 5501 3030 5555 Dei
3057 5503 3253 5556 munda
3275 5513 3372 5570 est,
3397 5513 3446 5558 et
3483 5504 3612 5558 nihil

2034 5595 2372 5664 rejicieudunt
2409 5594 2549 5664 quod
2577 5609 2695 5647 curn
2723 5593 3015 5662 gratiarum
3062 5594 3266 5648 actione
3303 5593 3610 5664 percipitur,

2031 5696 2080 5740 et
2110 5685 2307 5738 malum
2330 5696 2406 5738 est
2437 5686 2635 5738 homini
2659 5684 2748 5754 qui
2786 5699 2878 5754 per
2907 5683 3284 5752 o/Tcndiculum
3325 5687 3610 5741 manduca!

2035 5777 2085 5849 (1
2123 5777 2255 5832 Tim.
2287 5793 2370 5845 Iv;
2398 5777 2546 5832 Rom.
2576 5777 2706 5848 xw).
