3994 6196
305 360 440 424 εδο·
504 428 508 434 ,

402 456 405 457 ί
876 454 1103 514 mror
1133 447 1323 506 xxvr.

585 554 665 611 De
684 550 884 622 origine
910 545 1154 602 biduum:
1186 541 1292 595 sive
1311 535 1595 591 triduanaz.

377 675 682 733 Biduanum
732 675 911 723 autem
959 653 1380 726 moremjejunii
1423 666 1550 707 reor
1587 648 1715 703 inde
1744 659 1892 700 sum-

306 779 478 840 ptum,
516 763 657 834 quod
687 755 912 830 apostoli
943 751 1324 824 jejunaverunt
1345 742 1436 798 illo
1460 740 1624 796 biduo
1649 751 1759 807 quo
1786 733 1891 789 Do-

306 825 484 916 iuinus
513 825 707 927 passus
723 825 801 904 ac
847 844 1090 916 sepultus
1130 848 1232 895 est.
1273 832 1564 890 Triduanis
1584 843 1717 899 ergo
1745 825 1889 895 jeju—

307 967 437 1007 nare
465 919 533 1004 ab
559 941 807 1013 exemplo
836 939 1056 994 ductum
1085 941 1168 988 est
1202 927 1589 988 Ninivitarum,
1618 921 1710 991 qui
1738 919 1892 973 dam-

307 1045 448 1100 natis
474 1011 893 1112 pt'istinisvitiis
919 1037 1061 1084 totos
1087 1041 1146 1080 se
1170 1022 1346 1077 tribus
1378 1019 1567 1074 diebus
1591 1011 1794 1085 jejunio
1825 1023 1888 1064 ac

306 1102 636 1208 poenitentia;
663 1126 1025 1185 contulerunt.
1071 1117 1178 1174 Sed
1209 1115 1351 1170 illius
1385 1106 1724 1168 solummodo
1747 1102 1891 1173 jeju-

309 1197 457 1284 nium
486 1226 594 1280 Deo
621 1215 951 1290 acceptabile
990 1220 1096 1277 est,
1127 1208 1221 1280 qui
1241 1207 1320 1262 sic
1337 1202 1547 1275 jejunat
1573 1216 1604 1254 a
1643 1197 1803 1262 cibis,
1832 1205 1892 1248 ut

311 1315 579 1372 abstineat
605 1327 635 1367 a
664 1285 919 1380 peccatis,
945 1311 1200 1359 caeterum
1235 1299 1327 1368 qui
1355 1304 1545 1350 ventre
1571 1299 1782 1345 tantum
1803 1285 1889 1354 je-

307 1410 482 1481 junat,
534 1377 878 1472 reprobatum
920 1393 1028 1450 erit
1079 1391 1195 1460 ejus
1229 1385 1494 1458 jejunium
1527 1395 1714 1437 coram
1755 1377 1890 1441 Deo,

310 1467 400 1567 qui
431 1467 568 1549 dixit
588 1467 685 1562 per
707 1487 1025 1560 prophetam
1055 1501 1068 1536 :
1097 1480 1299 1535 Eccei-n
1323 1475 1502 1530 diebus
1519 1471 1712 1544 jejunii
1737 1467 1892 1524 vestri

313 1586 601 1640 invenietur
628 1580 866 1636 voluntas
893 1584 1084 1640 vestra,
1112 1582 1160 1628 et
1204 1587 1378 1626 omnes
1406 1567 1664 1621 debitores
1697 1571 1894 1616 vestros

313 1675 559 1746 repetitis.
602 1671 734 1736 Ecce
775 1671 844 1723 ad
888 1668 1004 1721 lites
1052 1674 1100 1719 et
1148 1662 1503 1717 contentiones
1526 1656 1806 1727 jejunatis,
1843 1661 1894 1706 et

311 1765 576 1839 percutitis
605 1779 777 1834 pugno
800 1760 974 1831 impie.
1023 1755 1202 1811 Nolite
1220 1755 1466 1824 jejunare
1511 1751 1586 1804 si‘c
1629 1763 1792 1818 usque
1821 1746 1891 1798 ad

311 1858 445 1912 hanc
489 1855 664 1919 diem,
714 1859 770 1906 ut
821 1851 1075 1904 audiatur
1116 1849 1171 1900 in
1214 1843 1432 1899 excelsis
1485 1839 1684 1894 clamor
1708 1847 1892 1891 vester.

316 1947 572 2021 Nunquid
601 1945 705 2000 tale
739 1954 814 2000 est
835 1943 1101 2015 jejunium
1136 1939 1274 2010 quod
1296 1935 1445 2005 elegi,
1477 1949 1567 2003 per
1593 1932 1729 1985 diem
1759 1927 1893 1999 ami-

312 2057 429 2113 gere
457 2039 716 2094 hominem
746 2035 978 2090 animam
1012 2046 1161 2084 suam
1193 2027 1242 2099 (Ι
1249 2043 1328 2080 sa.
1365 2028 1539 2094 Lvm).
1561 2021 1628 2076 Et
1661 2021 1891 2075 deinde:

318 2109 506 2186 Nonne
531 2129 626 2183 hoc
655 2134 730 2182 est
769 2125 937 2195 magis
975 2120 1240 2194 jejunium
1272 2114 1411 2187 quod
1455 2113 1624 2184 elegi?
1662 2109 1897 2164 Dissolve

313 2221 672 2290 colligationes
697 2213 1003 2287 impietatis,
1041 2211 1180 2265 solve
1212 2205 1494 2279 fasciculos
1529 2203 1894 2274 deprimentes,

314 2313 516 2367 dimitte
541 2327 626 2365 eos
669 2309 758 2380 qui
786 2304 1045 2376 confracti
1088 2311 1210 2356 sunt
1251 2299 1462 2364 liberos,
1505 2305 1552 2350 et
1585 2311 1736 2348 omne
1765 2309 1895 2347 onus

315 2405 600 2475 disrumpe.
648 2400 859 2470 Frange
887 2396 1136 2453 esurienti
1182 2409 1370 2465 panem
1413 2401 1582 2454 tuum,
1622 2397 1670 2442 et
1712 2401 1896 2458 egenos

317 2511 570 2570 vagosque
597 2494 754 2549 induc
776 2493 830 2546 in
858 2492 1071 2546 domum
1097 2497 1261 2542 tuam.
1291 2485 1422 2540 Cum
1461 2481 1651 2536 videris
1675 2479 1896 2542 nudum,

316 2591 458 2662 aperi
486 2605 627 2654 eum,
660 2596 708 2641 et
737 2600 946 2640 carnem
971 2593 1116 2636 tuam
1145 2596 1206 2634 ne
1225 2576 1541 2648 despexeris,
1577 2584 1699 2628 tunc
1717 2588 1898 2626 erum-

313 2661 395 2750 ret
440 2679 592 2750 quasi
629 2692 784 2731 mane
833 2673 1009 2729 lumen
1057 2679 1233 2736 tuum,
1269 2677 1318 2722 et
1371 2667 1572 2720 sanitas
1613 2672 1704 2716 tua
1743 2661 1898 2716 citius

317 2771 534 2835 orietur,
560 2775 666 2824 etc.
684 2765 736 2838 (1
742 2763 873 2836 bid.)

883 2852 1112 2912 CAPUT
1148 2851 1367 2908 XXVII.

631 2969 712 3026 De
733 2985 825 3024 esu
850 2969 1088 3023 carnium
1123 2974 1168 3018 et
1205 2964 1412 3034 potione
1432 2961 1558 3016 vini.

386 3083 595 3144 Games
613 3091 795 3139 autem
822 3089 879 3137 et
899 3080 1085 3135 vinum
1125 3085 1250 3148 post
1275 3075 1534 3132 diluvium
1565 3079 1692 3128 sunt
1720 3069 1900 3125 homi-

318 3179 480 3237 nibus
515 3177 572 3233 in
616 3188 776 3232 usum
801 3185 1084 3234 concessa,
1135 3183 1260 3223 nam
1299 3166 1352 3222 in
1393 3165 1548 3220 initio
1577 3162 1900 3234 permissqu
1931 3159 1976 3221 C

320 3289 428 3328 non
457 3268 656 3334 fuerat,
694 3265 800 3322 nisi
834 3272 1042 3320 tantum
1077 3261 1230 3325 illud,
1261 3270 1320 3314 ut
1360 3257 1619 3325 scriptum
1659 3264 1742 3310 est
1772 3273 1784 3308 :
1815 3251 1906 3308 Li-

318 3377 477 3435 gnum
505 3356 839 3430 fructiferum
881 3364 930 3409 et
967 3351 1179 3407 herbam
1218 3345 1574 3404 seminabilem
1611 3343 1730 3397 dedi
1764 3343 1904 3398 vobis

318 3434 375 3508 in
411 3467 603 3506 escam.
647 3446 846 3503 Postea
889 3459 1018 3498 vero
1045 3457 1142 3514 per
1184 3439 1296 3495 Noe
1334 3437 1455 3493 data
1505 3434 1712 3490 suntin
1752 3448 1907 3488 esum

322 3550 518 3601 cuncta
546 3539 828 3607 animalia,
859 3537 1078 3608 vinique
1123 3535 1381 3589 attributa
1409 3529 1627 3587 licentia
1651 3537 1756 3583 est.
1800 3526 1907 3582 Sed

321 3644 609 3708 postquam
634 3631 888 3689 Christus
912 3628 1028 3701 (qui
1073 3635 1155 3682 est
1179 3623 1506 3695 principium
1552 3629 1606 3676 et
1632 3618 1777 3688 ﬁnis)
1815 3632 1911 3687 ap-

321 3705 523 3798 paruit,
552 3724 656 3780 hoc
686 3720 830 3794 quod
869 3719 925 3775 in
968 3716 1233 3789 principio
1261 3712 1635 3783 suspenderat,
1664 3709 1825 3765 etiam
1858 3705 1910 3760 in

325 3797 627 3886 temporum
687 3814 795 3868 ﬁne
849 3810 1106 3875 retraxit,
1168 3808 1394 3877 loquens
1444 3818 1540 3874 per
1593 3797 1908 3872 Apostolum

323 3924 480 3964 suum
514 3905 758 3961 :Bonum
778 3912 853 3959 est
879 3919 982 3957 non
1019 3899 1339 3956 manducare
1366 3907 1598 3957 carnem,
1631 3901 1678 3945 et
1708 3905 1811 3943 non
1836 3888 1912 3941 bi-

324 4005 442 4058 bere
467 4000 644 4055 vinum
665 3997 844 4068 (Rom.
873 3995 1008 4067 xiv).
1040 3995 1108 4049 Et
1133 3994 1330 4048 iterum
1358 4009 1371 4044 :
1399 3987 1504 4056 Qui
1542 3986 1784 4057 inﬁrmus
1813 3994 1909 4046 est,

324 4092 469 4148 olera
510 4090 789 4147 manducet
817 4087 1028 4162 (Ibid.).
1059 4084 1180 4143 Non
1210 4099 1340 4156 ergo
1368 4082 1493 4153 quia
1533 4092 1730 4134 carnes
1760 4073 1916 4131 mala:

325 4193 456 4240 sunt
479 4185 600 4240 ideo
621 4181 1000 4254 prohibentur,
1029 4179 1123 4234 sed
1149 4177 1276 4249 quia
1306 4189 1493 4231 earum
1523 4170 1694 4243 epulae
1729 4167 1914 4224 carnis

327 4275 594 4350 luxuriam
624 4274 866 4346 gignunt.
898 4272 1093 4327 Fomes
1120 4269 1266 4323 enim
1307 4281 1370 4320 ac
1401 4264 1790 4319 nutrimentum
1833 4266 1918 4314 est

327 4365 570 4422 omnium
611 4363 886 4417 vitiorum.
927 4359 1065 4414 Esca
1098 4357 1260 4413 ventri
1293 4366 1339 4411 et
1373 4364 1545 4409 venter
1575 4350 1724 4416 escis,
1776 4348 1916 4403 Deus

329 4465 508 4509 autem
531 4452 612 4524 (ut
644 4451 903 4520 scriptum
933 4447 1038 4518 est)
1077 4456 1124 4501 et
1147 4446 1286 4500 hunc
1307 4453 1356 4498 et
1381 4443 1516 4496 hanc
1542 4441 1793 4494 destruet.
1832 4436 1919 4490 Pi—

334 4560 481 4602 scem
523 4559 653 4599 sane
684 4542 833 4615 (quia
881 4556 1004 4596 eum
1040 4545 1164 4609 post
1209 4534 1661 4590 resurrectionem
1710 4528 1919 4598 accepit

336 4634 618 4706 Dominus)
647 4645 934 4705 possumus
967 4628 1311 4683 manducare.
1353 4624 1466 4678 lloc
1501 4621 1646 4676 enim
1681 4635 1781 4674 nec
1811 4617 1930 4672 Sal-

336 4736 494 4784 vator
531 4739 634 4780 nec
671 4721 898 4794 apostoli
925 4724 1232 4776 vetuerunt.
1278 4714 1473 4770 Avium
1519 4722 1735 4782 quoque
1774 4723 1929 4764 esum

337 4825 504 4882 credo
541 4821 667 4878 inde
690 4836 720 4875 a
749 4818 998 4891 patribus
1040 4815 1366 4888 permissum
1392 4828 1536 4878 esse,
1580 4826 1646 4866 co
1675 4808 1817 4881 quod
1858 4821 1927 4860 ex

333 4917 526 4986 eodem
552 4913 817 4971 elemento
847 4911 913 4966 de
937 4924 1044 4980 quo
1074 4917 1128 4964 et
1156 4908 1332 4980 pisces
1361 4914 1560 4961 creatae
1602 4912 1746 4958 sunt.
1785 4899 1923 4954 Nam

338 5009 392 5064 in
421 5005 605 5080 regula
635 5003 1024 5059 monachorum
1073 5014 1181 5054 non
1210 4997 1517 5054 invenimus
1542 4994 1770 5048 aliarum
1799 5005 1920 5046 car-

338 5101 487 5156 nium
517 5110 670 5153 esum
715 5094 796 5151 eis
842 5093 1238 5148 contradictum
1283 5105 1424 5154 esse,
1471 5086 1574 5143 nisi
1619 5083 1926 5156 quadrupe-

339 5191 506 5247 dium.

1013 5273 1246 5328 Additio.

415 5393 545 5451 Sola
575 5392 943 5466 quadrupedis
988 5403 1096 5444 non
1125 5386 1362 5442 volatilia
1387 5383 1670 5441 monachis
1697 5380 1926 5437 interdi-

339 5497 448 5542 cta.
479 5485 595 5541 Hoc
622 5494 806 5541 autem
854 5491 1099 5551 tempore
1132 5478 1214 5533 Pii
1258 5476 1516 5533 Ludovici
1563 5474 1643 5528 sic
1671 5472 1926 5528 immuta-

344 5589 461 5633 tum
497 5591 618 5634 esse
647 5577 864 5642 dicitur,
904 5582 971 5630 ut
1005 5574 1061 5628 in
1085 5571 1234 5627 omni
1270 5583 1459 5624 eorum
1493 5565 1770 5636 pulmento
1799 5581 1926 5621 san-

347 5667 508 5734 guine
546 5666 624 5720 uti
653 5666 834 5728 liceat,
861 5673 1082 5734 propter
1105 5661 1326 5718 nimiam
1355 5668 1411 5715 et
1455 5658 1578 5714 aliis
1609 5659 1927 5715 damnosam

347 5757 808 5827 consumptionem
839 5754 1135 5810 volatilium
1163 5767 1324 5822 quam
1357 5749 1652 5807 faciebant.

956 347 1018 402 Β.
1059 339 1313 401 RABANI
1357 334 1571 392 MAURI
1611 325 1930 385 ARCHIEP.
1975 321 2286 381 MOGUNT.
2328 317 2612 376 OPERUM
2652 313 2834 372 PARS
2872 316 2911 371 l.

1919 436 1972 496 Α

2529 426 2758 486 CAPUT
2807 426 3038 484 XXVIII.

2329 521 2406 578 De
2439 521 2887 592 eleemosynarum
2918 521 3238 591 diﬁ'erentia.

2066 615 2418 684 Eleemosyna
2447 627 2610 684 ergo,
2668 613 2977 688 ἐλεημοσύνη
2998 652 3012 678 ,
3058 610 3308 666 Graecum
3348 611 3589 667 vocabu-

1993 706 2134 771 lum,
2171 704 2363 760 Latine
2405 704 2796 774 interpretatur
2835 718 2971 775 0pus
2991 702 3410 770 misericordiae,
3435 703 3584 769 inde,

1993 805 2056 850 ut
2081 811 2206 852 reor
2225 796 2394 862 dicta,
2424 795 2570 865 quod
2601 794 2820 850 miseria
2851 794 3104 848 humana:
3130 793 3464 849 inﬁrmitatis
3488 810 3590 850 cor

1990 887 2107 942 sive
2129 887 2368 941 animum
2400 886 2596 956 pulset.
2626 883 2732 941 Sed
2754 885 2869 940 [nec
2907 884 3049 956 apud
3088 884 3358 950 homines,
3387 884 3589 954 quibus

1992 979 2128 1032 varii
2161 979 2343 1032 animo
2371 976 2622 1032 accidunt
2645 973 2902 1041 aﬁ‘ectus;
2933 982 3187 1030 caeterum
3215 974 3360 1045 apud
3389 974 3586 1040 Deum,

1992 1068 2085 1139 qui
2103 1069 2397 1123 secundum
2430 1077 2680 1122 naturam
2707 1081 2921 1137 semper
2942 1075 3026 1122 est
3048 1065 3312 1138 benignus
3333 1075 3388 1121 et
3417 1066 3586 1120 mise-

1994 1157 2187 1221 ricors,
2221 1172 2327 1211 non
2372 1164 2457 1212 est
2495 1154 2865 1225 hujuscemodi
2897 1154 3164 1210 credenda
3217 1153 3449 1210 affectio.
3483 1154 3591 1210 Ne-

1993 1262 2099 1316 que
2127 1247 2272 1302 enim
2326 1246 2701 1317 temporaliter
2734 1245 2843 1301 illic
2872 1245 3079 1314 aliquid
3129 1245 3379 1300 accidere
3418 1245 3584 1311 valet,

1993 1341 2086 1396 ubi
2107 1339 2384 1395 aeternitas
2409 1339 2525 1394 sine
2553 1337 2660 1392 ulla
2684 1338 2767 1393 sui
2799 1337 3096 1391 mutatione
3121 1336 3225 1390 ﬁxa
3257 1343 3460 1402 manet,
3485 1338 3584 1392 sed

1993 1449 2119 1489 cum
2150 1432 2348 1488 dicitur
2382 1430 2710 1495 misericors,
2750 1427 2973 1499 intelligi
3023 1427 3186 1483 debet
3225 1442 3344 1482 esse
3379 1426 3502 1496 pius
3532 1435 3592 1483 et

1995 1523 2255 1588 clemens,
2285 1538 2408 1593 qua:
2438 1522 2611 1594 magis
2637 1521 2853 1576 nomina
2877 1518 3266 1591 proprietatem
3293 1518 3462 1589 ipsius
3489 1535 3590 1573 na-

1998 1628 2133 1672 tura:
2179 1615 2434 1670 videntur
2477 1613 2782 1668 ostendere.
2836 1610 2974 1666 Sunt
3021 1619 3079 1666 et
3119 1609 3586 1680 cleemosynarum

1999 1708 2209 1779 species
2229 1706 2495 1777 plurimas,
2527 1719 2837 1776 quanquam
2863 1703 2917 1758 in
2941 1699 3426 1772 dispensationibus
3445 1715 3584 1770 pau-

1923 1798 1971 1858 B
1999 1813 2189 1868 perum
2219 1799 2323 1853 hoc
2371 1795 2690 1851 vocabulum
2720 1794 2941 1864 quidam
2976 1793 3164 1848 haberi
3212 1791 3409 1846 debere
3439 1791 3586 1845 arbi-

2005 1899 2234 1946 trentur.
2271 1889 2680 1960 Eleemosynam
2723 1886 2875 1952 facit,
2905 1885 2994 1956 qui
3024 1891 3340 1954 peccantem
3380 1890 3436 1936 et
3462 1897 3589 1952 pra-

2003 1985 2086 2039 vis
2113 1984 2368 2055 operibus
2409 1983 2746 2038 insistentem
2794 1978 2975 2049 aliquo
3011 1977 3188 2042 modo,
3220 1977 3334 2031 sive
3371 1990 3468 2046 per
3494 1974 3591 2030 ad-

2003 2078 2377 2142 munitionem,
2408 2075 2521 2130 sive
2544 2088 2642 2144 per
2669 2071 3006 2141 disciplinam
3034 2067 3275 2138 corrigit.
3307 2065 3415 2122 Nec
3441 2066 3590 2121 enim

2003 2172 2121 2227 sine
2157 2166 2528 2224 misericordia
2571 2179 2692 2219 esse
2719 2161 3019 2218 credendus
3044 2167 3146 2224 est,
3179 2157 3270 2230 qui
3318 2157 3588 2230 regulari-

2007 2273 2110 2329 ter,
2141 2264 2254 2317 sive
2281 2277 2376 2333 per
2412 2255 3052 2321 excommunicationem,
3082 2267 3177 2308 seu
3209 2265 3306 2322 per
3337 2250 3586 2314 Verbera,

2004 2355 2280 2410 hominem
2313 2367 2344 2406 a
2384 2350 2624 2421 peccatis
2659 2356 2714 2402 et
2743 2347 2891 2402 vitiis
2920 2360 3176 2402 coercere
3225 2343 3426 2409 studet,
3455 2343 3584 2412 quia

2005 2464 2113 2504 non
2141 2445 2436 2503 secundum
2465 2441 2580 2512 ejus
2611 2441 2962 2505 voluntatem,
2991 2438 3084 2493 sed
3125 2435 3424 2491 secundum
3449 2432 3594 2488 utili;

2008 2553 2173 2600 tatem
2200 2542 2368 2614 ipsius
2405 2538 2714 2593 miseretur.
2758 2533 3168 2602 Eleemosynam
3203 2528 3347 2594 facit,
3371 2527 3464 2598 qui
3505 2541 3594 2581 cr-

2006 2639 2215 2688 r'antem
2248 2632 2300 2686 in
2331 2630 2474 2686 viam
2523 2626 2766 2683 veritatis
2796 2623 3030 2679 deducit.
3075 2619 3485 2690 Eleemosynam
3511 2615 3598 2670 fa-

2009 2725 2102 2789 cit,
2132 2724 2224 2796 qui
2269 2723 2544 2777 indoctum
2583 2719 2762 2781 docet,
2805 2715 2897 2786 qui
2936 2713 3162 2767 verbum
3206 2709 3300 2765 Dei
3331 2707 3596 2781 proximis

2009 2817 2123 2874 suis
2156 2813 2434 2886 praedicat.
2468 2810 2882 2880 Eleemosynam
2910 2804 3060 2868 facit,
3103 2803 3196 2874 qui
3223 2803 3363 2858 bona
3388 2809 3598 2872 tempo-

2010 2906 2143 2963 ralia
2179 2920 2302 2961 cum
2346 2903 2610 2958 fratribus
2638 2899 2773 2964 suis,
2824 2896 2876 2952 id
2910 2905 3012 2957 est,
3045 2895 3256 2951 caeteris
3287 2892 3600 2949 hominibus

2010 2997 2335 3070 participare
2368 3009 2474 3048 non
2503 2993 2719 3048 desiuit.
2748 2989 3160 3059 Eleemosynam
3208 2985 3359 3050 facit,
3389 2984 3480 3054 qui
3518 2986 3600 3040 vi-

2011 3102 2159 3146 ctum
2197 3099 2249 3145 et
2288 3087 2543 3143 vestitum
2581 3081 2947 3154 indigentibus
2976 3079 3199 3149 prmbet,
3227 3077 3316 3148 qui
3363 3075 3601 3148 hospitio

2008 3182 2251 3254 suscipit,
2292 3179 2385 3250 qui
2417 3177 2663 3232 inﬁrmos
2706 3174 2911 3237 visitat,
2944 3171 3036 3240 qui
3081 3171 3134 3224 in
3180 3182 3400 3224 carcere
3440 3175 3495 3223 et
3545 3167 3599 3220 in

2007 3275 2445 3336 tribulationibus
2481 3269 2811 3335 constitutis,
2860 3267 2928 3324 de
2968 3264 3125 3320 bonis
3173 3261 3287 3318 suis
3333 3261 3601 3316 submini-

2008 3379 2162 3434 strat,
2188 3368 2278 3438 qui
2301 3367 2368 3422 ad
2392 3373 2620 3420 mortem
2643 3369 2699 3417 et
2720 3359 2786 3416 ad
2804 3357 3065 3429 supplicia
3087 3356 3388 3413 destinatos
3409 3367 3603 3407 eruere

2008 3477 2116 3517 non
2153 3465 2350 3515 cessat.
2386 3453 2581 3512 Omnia
2616 3451 2763 3508 enim
2792 3450 2935 3506 bona
2964 3465 3084 3519 quae
3128 3448 3182 3502 in
3217 3447 3318 3502 hac
3344 3437 3602 3515 prmsent‘i

2007 3554 2119 3610 vita
2157 3552 2341 3621 justus
2378 3547 2606 3619 quisque
2636 3549 2898 3613 operatur
2924 3540 3027 3595 hoc
3065 3553 3172 3593 uno
3204 3531 3421 3592 nomine
3452 3551 3600 3591 como

2009 3641 2270 3718 prehendi
2295 3647 2541 3713 possunt,
2578 3648 2676 3690 nec
2707 3633 2880 3690 solum
2911 3633 3099 3701 utique
3129 3631 3181 3684 in
3214 3629 3335 3683 aliis
3365 3627 3597 3682 homini-

2010 3739 2132 3802 bus,
2158 3735 2252 3792 sed
2281 3734 2446 3788 etiam
2477 3731 2530 3786 in
2572 3726 2977 3796 nobismetipsis
3005 3725 3379 3794 eleemosynas
3419 3721 3604 3778 facere

2011 3841 2319 3898 possumus,
2359 3824 2500 3878 sicut
2544 3820 2805 3890 scriptum
2838 3826 2958 3872 est:
2989 3815 3236 3870 Miserere
3274 3816 3467 3869 anima:
3495 3822 3604 3866 tua:

2011 3921 2222 3991 placens
2269 3916 2378 3971 Deo
2403 3912 2593 3986 (Eccli.
2634 3909 2784 3981 xxx).
2819 3908 2953 3965 Cum
2983 3922 3112 3978 ergo
3140 3921 3238 3971 nos
3285 3921 3316 3960 a
3361 3903 3605 3974 peccatis

2015 4014 2084 4069 ad
2101 4014 2240 4068 bona
2269 4023 2434 4079 opera
2459 4003 2851 4065 convertimus,
2881 4015 2910 4054 a
2944 3998 3195 4070 superbia
3227 3997 3297 4052 ad
3326 3993 3606 4050 humilita-

2015 4114 2147 4169 tem,
2175 4118 2204 4157 a
2241 4099 2454 4156 luxuria
2492 4096 2560 4152 ad
2597 4092 3010 4157 continentiam,
3039 4105 3068 4143 a
3097 4089 3269 4143 livore
3313 4095 3369 4142 et
3397 4084 3603 4140 invidia

2015 4203 2083 4260 ad
2117 4201 2436 4257 eharitatem
2457 4205 2514 4252 et
2539 4193 2900 4256 dilectionem,
2933 4189 3000 4244 ab
3026 4189 3106 4242 ira
3133 4195 3188 4242 et
3215 4181 3616 4253 disceptatione

2017 4295 2082 4348 ad
2106 4288 2580 4347 mansuetudinem
2611 4292 2666 4338 et
2697 4280 3038 4353 patientiam,
3069 4293 3100 4330 a
3139 4274 3261 4349 gula
3305 4273 3373 4328 ad
3404 4271 3616 4346 sobrie-

2017 4395 2208 4450 tatem,
2233 4383 2300 4437 ab
2329 4379 2556 4434 avaritia
2581 4376 2650 4432 ad
2677 4373 2998 4446 largitatem,
3032 4385 3061 4423 a
3104 4366 3323 4422 tristitia
3357 4363 3614 4420 saeculari

1944 4507 1996 4567 Ι)
2023 4478 2091 4532 ad
2136 4469 2475 4545 spiritualem
2519 4466 2787 4530 lmtitiam,
2837 4463 2906 4517 ab
2955 4456 3162 4514 accidia
3198 4453 3484 4524 temporali
3535 4451 3609 4506 ad

2131 4564 2161 4567 --
2285 4559 2300 4567 -
2612 4555 2662 4567 ..
2730 4554 2762 4567 ..
2823 4553 2837 4567 .
2869 4551 2892 4567 .
2955 4551 2966 4562 .
3130 4562 3279 4567 ,μω
3318 4544 3587 4567 ,ιη-,ΑΜ

2025 4544 2258 4622 studium
2285 4559 2510 4624 bonum,
2535 4555 2665 4628 quid
2695 4553 2838 4608 aliud
2866 4551 3094 4608 facimus
3123 4562 3284 4618 quam
3313 4544 3617 4614 eleemosy-

2025 4673 2123 4712 nas
2157 4655 2210 4709 in
2237 4652 2598 4720 nosmetipsos
2625 4645 3010 4718 impendimus,
3043 4656 3165 4700 cum
3196 4635 3484 4692 nostrimet
3507 4634 3614 4688 mi-

2026 4761 2308 4810 seremur,
2355 4757 2424 4798 ne
2457 4730 2560 4812 per
2613 4735 3038 4794 inobcdientiam
3092 4729 3469 4787 mandatorum
3516 4724 3615 4780 Dei

2029 4835 2310 4908 suppliciis
2347 4832 2566 4889 arternis
2599 4827 2959 4900 deputemur?
3009 4822 3150 4890 Quid
3189 4821 3326 4876 enim
3364 4816 3465 4888 (ait
3502 4817 3620 4886 ipse

2031 4905 2304 4998 Salvator)
2327 4924 2560 4998 proderit
2593 4921 2792 4976 homini
2825 4919 2870 4974 si
2911 4918 3209 4971 universum
3238 4908 3491 4966 mundum
3533 4905 3620 4959 lu-

2031 5030 2225 5083 cretur,
2254 5017 2448 5071 animus
2480 5029 2598 5068 vero
2641 5027 2752 5066 sure
2803 5009 3170 5064 detrimentum
3209 4999 3484 5075 patiatur?
3523 5007 3621 5051 aut

2031 5129 2189 5185 quam
2212 5107 2669 5166 commutationem
2695 5103 2838 5157 dabit
2860 5102 3014 5156 homo
3035 5114 3130 5168 pro
3152 5097 3329 5151 anima
3355 5109 3452 5147 sua
3467 5091 3493 5145 ξ)
3503 5099 3616 5144 etc.

2033 5183 2226 5278 (Marc.
2255 5200 2399 5272 vin.)
2427 5198 2573 5254 Bene
2592 5212 2722 5268 ergo
2746 5202 2799 5249 et
2827 5191 3075 5249 ordinate
3100 5196 3272 5243 artem
3305 5183 3621 5240 misericor-

2036 5272 2135 5352 diae
2161 5300 2400 5356 exercet,
2430 5288 2524 5359 qui
2570 5287 2804 5360 primum
2854 5281 3203 5350 semetipsum
3236 5276 3395 5332 bonis
3432 5272 3619 5342 Operi-

2030 5387 2133 5442 bus
2173 5393 2231 5440 et
2278 5389 2465 5437 sancta
2496 5377 2909 5434 conversatione
2937 5387 3001 5428 ac
3055 5372 3313 5425 virtutum
3353 5363 3622 5420 fructibus

2031 5490 2192 5548 egere
2216 5487 2323 5528 non
2355 5470 2502 5535 sinit,
2535 5475 2590 5523 et
2615 5465 2807 5520 deinde
2838 5465 2894 5519 in
2928 5474 3250 5533 quocunque
3278 5462 3479 5528 potest,
3506 5454 3623 5510 sive

2035 5541 2093 5629 in
2117 5560 2489 5635 spiritualibus
2519 5558 2704 5622 rebus,
2750 5554 2864 5609 sive
2899 5554 2954 5608 in
2993 5547 3386 5624 corporalibus,
3430 5541 3621 5618 proxi-

2035 5676 2154 5718 mos
2180 5672 2306 5716 suos
2338 5654 2596 5727 adjuvare
2622 5665 2730 5707 non
2758 5648 2987 5706 desistit.
