2001 3102
158 165 207 194 3“

300 231 338 246 κ
426 220 540 249 CAPUT
560 219 656 247 XXIX.

447 265 486 293 De
506 266 666 300 pauitantia.

192 311 394 341 Putitentibus
421 311 574 345 exemplum
603 311 654 338 Job
679 311 782 345 primtts
810 312 952 344 exhibuit.

159 359 269 394 quando
281 362 345 392 post
357 356 452 384 funera
469 356 510 383 vel
525 355 628 391 ﬂagella
648 356 737 384 adhuc
751 357 778 383 in
801 356 842 384 sui
862 357 953 385 redar-

159 405 282 440 gutione,
301 403 385 431 etiam
399 403 426 430 in
441 403 530 430 cilicio
544 407 573 430 et
586 403 679 430 cinere
699 402 815 430 lamenta
832 403 951 437 poenitu-

159 451 232 478 dinis
246 450 363 484 sumpsit
380 449 474 476 dicens
487 457 494 475 :
507 448 611 475 Idcirco
621 456 671 482 ago
685 448 861 483 paenitemiant
873 448 900 475 iu
914 448 954 481 fo-

159 494 222 523 villa
242 500 266 521 et
287 495 383 521 cinere.
403 493 468 520 Post
491 493 563 520 hunc
586 492 671 520 David
694 492 771 520 nobis
788 492 952 528 paenitentia:

159 540 347 576 magisterium
361 539 487 574 praebuit.
502 539 611 573 quando
623 539 698 574 gravi
718 539 829 567 vulnere
851 538 951 573 lapsus,

158 589 224 616 dum
238 587 360 615 audisset
372 593 387 613 a
401 586 543 621 propheta,
557 591 698 620 peccatum
717 593 794 612 suum
810 585 951 613 confestim

158 633 297 669 pmnituit,
313 636 340 660 et
353 632 460 666 culpam
475 639 531 659 sure
544 632 711 666 pmnitentim
725 631 895 659 confessione
910 639 952 658 sa-

159 678 245 705 navit.
262 678 310 705 Sic
332 677 455 704 Ninivitte
477 681 505 704 et
524 677 569 704 alii
583 676 667 704 multa
689 682 800 712 peccata
821 684 869 704 sua
889 684 953 704 oon-

160 723 225 751 fessi
247 728 324 754 sunt,
348 722 536 757 pmnitentiam
560 726 690 757 egerunt,
715 722 876 757 displicuere
900 722 952 749 sibi

159 768 255 804 quales
278 768 395 799 fuerunt,
411 771 439 794 et
456 767 550 802 quales
564 775 613 802 per
628 768 712 795 Deum
737 767 803 795 facti
824 771 899 799 sunt,
914 766 952 794 illi

159 814 331 849 placuerunt.
358 813 406 840 Est
426 817 516 840 autem
539 812 697 848 pmnitcntia
722 812 950 840 medicamentum

159 859 292 891 vulneris,
308 866 368 893 spes
392 859 498 891 salutis,
519 866 567 893 per
579 866 661 893 quam
677 862 833 894 peccatores
845 858 952 886 salvan-

553 161 599 192 DE
618 161 841 191 CLERICORUM
862 161 1116 195 lNSTlTUTlONE,
1138 164 1214 192 ETC.
1234 178 1270 185 —-
1289 164 1354 192 LIB.
1373 163 1406 191 ll.

1736 168 1794 196 ’562

966 223 989 252 Α
1005 221 1100 249 cantio:
1131 226 1240 249 notatur
1267 223 1435 250 contraxisse
1464 223 1618 256 neglectus,
1650 229 1696 253 aut
1723 226 1793 254 sicut

1005 267 1032 293 in
1055 267 1190 301 baptismo
1215 275 1309 295 omnes
1323 298 1326 299 ν
1341 268 1498 303 iniquitates
1526 269 1627 298 remitti
1643 290 1650 303 ,
1675 271 1718 299 vel
1745 279 1794 307 μοι·

1003 312 1162 347 martyrium
1187 313 1252 340 nulli
1277 318 1415 348 peccatum
1442 315 1577 343 credimus
1596 315 1732 351 imputari,
1754 317 1793 346 ita

1003 358 1167 392 pmuitentizc
1180 359 1387 393 cotupunctione
1401 359 1551 394 fructuosa,
1568 362 1693 391 universa
1710 363 1793 391 fatea—

1003 410 1066 429 mur
1091 403 1173 430 deleri
1197 408 1317 437 peccata.
1344 404 1484 439 Lacryma:
1509 406 1582 433 enim
1606 408 1793 442 pmnitentium

1003 448 1073 482 apud
1087 448 1172 474 Deum
1186 456 1234 483 pro
1245 449 1377 484 baptismo
1391 455 1551 486 reputautur
1561 461 1568 478 :
1580 453 1650 481 unde
1662 457 1690 481 et
1699 461 1793 489 quant-

1001 494 1068 521 libet
1087 495 1141 522 sint
1156 503 1252 529 magna
1274 496 1383 529 delicta,
1405 498 1530 531 quamvis
1550 499 1652 533 gravia,
1678 507 1732 527 non
1753 505 1795 529 est

1002 544 1093 567 tamen
1105 540 1131 566 in
1144 539 1195 567 illis
1205 540 1251 567 Dei
1264 541 1448 569 misericordia
1461 543 1637 577 desperanda.
1650 544 1677 572 ln
1690 545 1794 573 actione

1004 588 1092 611 autem
1110 584 1287 618 paenitudinis
1312 585 1352 621 (ut
1374 594 1455 621 supra
1478 587 1578 615 dictata
1594 588 1645 624 est)
1670 596 1723 616 non
1739 594 1793 616 tam

1001 629 1198 656 consideranda
1221 634 1264 658 est
1285 638 1411 659 mensura
1428 633 1571 667 temporis,
1588 641 1668 668 quam
1683 634 1792 662 doloris.

1003 673 1054 700 Cor
1066 674 1135 700 enim
1150 674 1288 701 contritum
1303 680 1327 701 ct
1341 675 1506 704 humiliatum
1527 677 1597 705 Deus
1615 687 1666 706 non
1685 679 1793 714 spernit.

1005 721 1196 749 Verumtamen
1208 726 1310 756 quanta
1325 723 1354 749 in
1367 728 1478 757 peccato
1498 724 1547 752 fuit
1569 725 1602 753 ad
1623 726 1722 753 malum
1746 727 1795 754 nb-

1004 770 1092 800 ruptae
1103 766 1200 794 mentis
1213 767 1337 799 intentio,
1350 772 1423 795 tanta
1433 776 1543 797 necesse
1555 773 1597 797 est
1607 770 1635 798 in
1647 771 1796 800 intentione

1003 811 1120 839 devotio.
1144 812 1246 846 Duplex
1267 818 1356 840 autem
1372 818 1414 841 est
1435 815 1601 849 ptenitentia
1614 817 1739 851 gemitus,
1753 819 1796 846 vel

1005 857 1066 883 dum
1087 857 1237 891 plangimus
1257 859 1328 892 quod
1351 858 1420 886 male
1434 859 1579 894 gessimus,
1594 861 1635 888 vel
1657 862 1720 890 dum
1742 870 1796 891 non

160 909 213 935 ιιιιι,
230 911 281 939 μει-
291 911 371 938 quam
391 904 523 931 Minus
538 903 572 931 ad
591 903 804 931 misericordiam
818 911 949 938 provoca-
967 895 990 924 Β
1005 902 1109 936 agimus
1124 903 1195 936 quod
1211 910 1291 937 agere
1310 903 1483 931 debebamus.
1495 904 1541 932 ille
1555 910 1645 933 autem
1660 914 1723 935 vere
1738 914 1808 940 βίη-η

161 953 216 980 tur,
238 955 300 983 quae
313 956 366 975 non
381 952 503 983 tempore
526 952 667 983 pensatur,
693 948 742 976 sed
769 947 952 983 proinnditate

160 996 250 1023 luctus
275 999 304 1022 et
324 995 514 1031 lacrymarum.
552 994 714 1023 Pcenitentia
737 1000 829 1023 autem
854 1002 952 1023 nomen

159 1041 279 1076 sumpsit
294 1049 309 1068 a
325 1048 413 1076 poena,
432 1049 484 1076 qua
500 1041 590 1069 anima
604 1042 742 1069 cruciatur
754 1046 782 1069 et
805 1041 953 1070 mortiﬁca-

160 1090 205 1113 tur
218 1093 295 1113 caro.
312 1086 388 1113 Dicta
401 1090 443 1113 est
455 1090 544 1114 autem
564 1086 722 1121 paenitentia
742 1087 820 1121 quasi
838 1087 953 1122 punien-

160 1132 209 1164 tia,
223 1138 258 1158 eo
272 1132 344 1166 quod
357 1132 415 1166 ipse
438 1132 520 1159 homo
533 1132 667 1167 puniendo
687 1133 781 1168 puniat
792 1133 863 1167 quod
883 1132 954 1160 male

159 1176 281 1203 admisit.
296 1176 329 1203 Hi
339 1183 403 1204 vero
415 1176 460 1211 qui
470 1176 656 1211 paenitentiam
670 1181 776 1213 gerunt,
788 1177 900 1211 proinde
907 1184 953 1205 ca-

161 1221 240 1257 pillos
250 1226 279 1248 et
290 1221 403 1248 barbam
418 1221 551 1255 nutriunt,
565 1226 595 1249 ut
610 1222 797 1250 demonstrent
810 1222 952 1250 abundan-

163 1267 228 1293 tiam
251 1266 398 1294 criminum
416 1267 515 1302 quibus
539 1271 620 1302 caput
640 1268 791 1302 peccatoris
809 1271 948 1303 gravatur.

161 1311 257 1346 Capilli
279 1312 351 1339 enim
366 1319 415 1346 pro
435 1312 508 1340 vitiis
523 1313 703 1347 accipiuntur,
727 1313 798 1340 sicut
822 1313 951 1348 scriptum

162 1363 222 1386 est:
246 1358 281 1385 Et
300 1358 452 1386 criminibus
470 1363 636 1394 peccatorum
656 1367 764 1386 suorum
777 1360 954 1394 unusquisque

160 1405 362 1439 constringitur.
393 1404 438 1431 Vir
459 1405 552 1440 quippe
568 1406 591 1432 si
610 1413 711 1432 comam
735 1406 844 1438 nutriat,
868 1410 898 1433 ut
917 1405 955 1432 ait

163 1452 319 1487 Apostolus,
341 1452 484 1487 ignominia
498 1456 535 1478 ut
549 1451 588 1478 illi
601 1451 627 1487 (Ι
643 1450 704 1478 Cor.
721 1451 770 1486 χι).
785 1451 873 1486 Ipsam
890 1459 956 1487 ergo

162 1498 339 1534 ignominiam
345 1497 494 1532 soscipittnt
508 1497 671 1531 pcenitentes
686 1504 736 1531 pro
751 1497 849 1525 merito
860 1504 956 1531 pecca—

164 1548 264 1570 torum.
283 1542 360 1576 Quol
376 1549 440 1569 vero
459 1543 485 1569 in
508 1542 597 1570 cilicio
613 1546 831 1576 prosternuntur,
851 1549 953 1570 memo—

164 1589 233 1616 riam
251 1592 425 1623 peccatorum
441 1595 553 1615 suorum
568 1595 615 1615 eos
628 1588 731 1615 habere
745 1587 890 1622 significat.
904 1587 956 1614 Per

165 1633 283 1660 cilicium
300 1634 399 1667 quippe
414 1637 457 1660 est
473 1633 625 1660 recordatio
639 1637 823 1667 peccatorum,
843 1636 955 1667 propter

166 1677 257 1705 bzedos
273 1678 307 1705 ad
319 1678 458 1705 sinistram
472 1677 587 1704 futuros.
600 1677 662 1705 Inde
674 1685 739 1712 ergo
752 1678 916 1712 ptenitentes
928 1678 955 1705 in

167 1724 255 1751 cilicio
278 1724 484 1758 prosternimur,
507 1728 634 1758 tanquam
656 1724 795 1751 dicentes:
811 1723 844 1751 Et
864 1732 955 1759 pem-

167 1773 221 1796 tum
236 1777 322 1796 meum
336 1777 424 1796 coram
440 1777 480 1796 me
492 1774 528 1796 est
542 1777 651 1804 semper.
667 1769 744 1802 Quod
762 1773 851 1797 autem
865 1769 956 1796 cinere

168 1818 357 1848 asperguntur,
367 1813 410 1841 vel
428 1818 457 1841 ut
472 1813 526 1841 sint
540 1821 685 1846 memores,
697 1814 761 1849 quia
774 1814 842 1841 cinis
852 1818 880 1841 et
899 1814 954 1848 pul-

167 1858 208 1885 vis
219 1862 292 1891 sunt,
304 1857 347 1885 vel
359 1858 422 1893 quia
436 1858 523 1893 pulvis
538 1858 601 1886 facti
613 1863 688 1891 sunt,
704 1859 731 1886 id
742 1862 786 1886 est
803 1859 877 1894 impii
890 1858 955 1887 facti

168 1909 240 1937 sunt,
260 1904 333 1931 unde
344 1908 372 1931 et
386 1903 422 1932 illi
440 1904 674 1939 praevaricatores,
685 1904 766 1939 primi
781 1904 900 1932 hominis
914 1911 956 1932 re-

168 1949 294 1976 cedentes
306 1956 322 1975 a
340 1949 406 1982 Deo,
421 1949 553 1984 malisque
567 1948 646 1976 factis
661 1947 828 1977 attendentes
842 1949 955 1977 Creato-

167 2002 236 2027 rem,
251 1995 279 2021 in
294 1994 431 2029 pulverem
446 1995 517 2022 unde
529 1995 628 2029 sumpti
642 1999 704 2022 sunt
719 1995 868 2023 redierunt.
884 1995 957 2023 Bene

168 2047 232 2074 ergo
246 2040 273 2066 in
286 2039 376 2067 cilicio
389 2044 416 2067 et
432 2040 458 2066 in
472 2039 562 2067 cinere
575 2040 710 2075 paenitens
722 2040 845 2075 deplorat
858 2047 955 2075 pecca—

169 2089 236 2117 tum,
247 2085 310 2119 quia
324 2085 351 2112 in
366 2085 454 2112 cilicio
466 2085 598 2120 asperitas
608 2089 635 2113 et
648 2085 759 2120 punctio
769 2089 954 2120 peccatorum,

170 2129 196 2157 in
210 2130 304 2157 cinere
313 2134 404 2157 autem
415 2130 502 2165 pulvis
520 2130 673 2158 ostenditur
685 2135 863 2163 mortuorum,
876 2135 904 2158 et
918 2131 956 2159 id-

169 2174 241 2202 eirco
254 2175 282 2201 in
299 2179 414 2209 utroque
428 2175 614 2210 paenitentiam
630 2176 745 2210 agimus,
759 2180 790 2203 ut
800 2180 829 2203 et
850 2176 877 2203 in
889 2183 953 2211 pun-

169 2221 259 2248 ctione
281 2220 373 2252 cilicii,
399 2227 593 2256 cognoscamus
612 2220 676 2247 vitia
701 2228 761 2255 qua:
780 2228 829 2256 per
849 2220 957 2255 culpam

170 2266 363 2298 commisimus,
389 2270 415 2294 et
439 2274 488 2301 per
502 2265 620 2293 favillam
640 2266 740 2294 cineris
757 2267 958 2301 perpendamus
972 2251 997 2282 D

169 2313 265 2339 mortis
277 2312 449 2343 sententiam,
470 2311 504 2338 ad
519 2319 599 2346 quam
621 2311 757 2346 peccando
773 2311 955 2346 pervenimus.

166 2355 337 2384 Penitentia:
361 2360 451 2384 autem
467 2357 616 2384 remedium
639 2356 759 2384 Ecclesia
781 2357 914 2384 catholica
929 2357 957 2384 in

167 2411 214 2439 spe
226 2404 400 2439 indulgentia:
411 2403 526 2431 ﬁdeliter
539 2403 631 2439 alligat
643 2404 836 2437 exercendum,
851 2409 880 2432 et
893 2409 955 2439 post

166 2458 252 2478 unum
265 2450 393 2485 baptismi
413 2453 625 2482 sacramentum,
636 2450 708 2483 quod
727 2449 855 2484 singulari
873 2450 958 2478 tradi-

168 2495 241 2522 tione
262 2494 490 2525 commendatum,
513 2493 627 2520 sollicite
645 2493 771 2527 prohibet
794 2494 956 2527 iterandum,

168 2539 323 2568 medicinali
341 2539 462 2566 remedio
484 2538 650 2573 paenitentiae
666 2538 794 2573 subrogat
817 2538 958 2573 adiumen-

169 2591 238 2617 tum,
253 2584 332 2619 cujus
352 2583 473 2611 remedio
492 2590 572 2618 egere
591 2590 621 2610 se
642 2583 732 2610 cuncti
747 2590 897 2619 agnoscam
908 2585 957 2612 de-

169 2630 243 2662 bent,
262 2636 312 2664 pro
335 2627 500 2664 quotidianis
521 2628 645 2654 humanm
669 2627 823 2662 fragilitatis
836 2628 956 2656 excessi-

169 2674 230 2708 bus,
254 2676 313 2702 sine
332 2674 430 2710 quibus
448 2674 474 2701 in
498 2674 547 2701 bac
565 2673 619 2700 vita
643 2680 704 2700 esse
726 2680 780 2700 non
804 2681 957 2708 possumus,

170 2721 265 2748 horum
279 2720 412 2747 duntaxat
429 2719 560 2755 dignitate
577 2722 696 2750 servata,
708 2719 745 2745 ita
761 2723 791 2746 ut
803 2726 818 2746 a
833 2719 959 2747 sacerdo-

173 2767 242 2794 tibus
256 2770 284 2793 et
297 2765 399 2793 Levitis
411 2765 467 2792 Deo
481 2769 550 2792 teste
565 2764 621 2797 flat,
634 2772 649 2791 a
663 2765 768 2792 caneris
779 2772 843 2793 vero
855 2769 960 2793 astante

172 2818 263 2838 coram
276 2810 333 2838 Deo
356 2809 512 2837 solemniter
527 2810 677 2840 sacerdote,
692 2813 723 2836 ut
744 2810 787 2837 hic
811 2814 883 2845 tegat
901 2810 959 2837 fru-

174 2859 265 2882 ctuosa
276 2853 420 2886 confcssio,
431 2854 503 2889 quod
511 2855 669 2882 temerarius
677 2854 820 2890 appetitus,
834 2856 960 2890 autigno-

1003 947 1144 974 nitentium
1167 948 1233 983 agit,
1251 948 1297 982 qui
1311 956 1362 976 nec
1375 949 1507 983 poenitere
1524 951 1658 985 praeterita
1675 952 1794 988 negligit.

1003 1000 1055 1020 nec
1067 992 1155 1020 adhuc
1166 993 1321 1027 posuitenda
1335 994 1489 1021 comtnittit.
1506 995 1557 1029 Qui
1580 1004 1645 1024 vero
1662 996 1796 1033 lacrymas

1003 1038 1187 1066 indesinenter
1208 1039 1305 1071 fundit,
1322 1045 1350 1067 et
1371 1044 1460 1068 tamen
1482 1049 1595 1076 pecuare
1614 1050 1667 1070 non
1686 1043 1795 1076 desinit,

1003 1085 1049 1112 hic
1072 1085 1220 1112 Iumentum
1237 1085 1328 1119 habet,
1349 1086 1397 1113 sed
1416 1087 1617 1115 mundationem
1633 1096 1686 1115 non
1703 1089 1794 1116 habet.

1005 1128 1033 1157 Si
1053 1130 1098 1164 qui
1114 1134 1204 1157 autem
1223 1137 1272 1164 per
1285 1130 1398 1165 gratiam
1413 1131 1461 1158 Dei
1479 1131 1512 1158 ad
1529 1132 1717 1166 paenitentiam
1732 1140 1796 1161 coo-

1004 1179 1155 1206 vertuntur,
1177 1175 1330 1210 perturbari
1356 1183 1409 1203 non
1434 1176 1551 1209 debent,
1575 1177 1597 1204 si
1621 1185 1716 1206 rursus
1736 1183 1798 1213 post

1003 1221 1219 1250 emendationem
1248 1221 1342 1249 relicta
1355 1222 1418 1249 vitia
1438 1230 1486 1250 cor
1507 1223 1633 1258 pulsent,
1656 1224 1719 1252 dum
1743 1232 1795 1252 non

1004 1270 1118 1301 possunt
1133 1266 1196 1294 boni
1211 1268 1408 1295 conversationi
1423 1275 1530 1301 nocere,
1546 1269 1569 1296 si
1591 1269 1653 1297 talis
1667 1270 1798 1305 cogitatio

1004 1318 1058 1339 non
1072 1315 1197 1345 erumpat
1212 1311 1239 1338 in
1252 1319 1383 1339 consensu
1397 1312 1440 1340 vel
1454 1320 1544 1347 opere.
1557 1312 1640 1342 Ferre
1651 1314 1724 1342 enim
1738 1315 1797 1343 sine

1005 1356 1169 1392 perfectione
1179 1357 1304 1384 vitiorum
1318 1358 1504 1393 cogitationes,
1517 1367 1571 1386 non
1581 1363 1623 1387 est
1635 1359 1670 1386 ad
1683 1360 1797 1389 damna-

1006 1402 1116 1435 tionem,
1132 1401 1178 1429 sed
1198 1402 1232 1429 ad
1252 1403 1446 1437 probationem,
1464 1412 1514 1431 nec
1534 1408 1575 1432 est
1598 1404 1707 1432 occasio
1729 1405 1797 1432 sub-

1005 1446 1086 1474 eundi
1100 1446 1274 1479 discriminis,
1292 1446 1339 1474 sed
1356 1447 1444 1482 potius
1455 1449 1582 1484 augenda:
1593 1449 1712 1477 virtutis.
1727 1449 1795 1478 Nam

1006 1495 1034 1519 et
1046 1491 1069 1518 si
1083 1491 1144 1526 quis
1160 1490 1232 1519 circa
1246 1491 1327 1518 tinem
1338 1499 1418 1519 suum
1433 1500 1481 1527 per
1494 1493 1678 1528 pmnitentiam
1693 1495 1798 1523 desinet

1007 1544 1068 1565 esse
1089 1536 1187 1569 malus,
1210 1545 1263 1564 non
1279 1537 1338 1565 ideo
1353 1537 1433 1565 debet
1446 1538 1601 1573 desperare,
1616 1540 1679 1577 quia
1694 1541 1721 1569 in
1741 1546 1797 1569 ter-

1006 1583 1080 1610 mino
1093 1587 1141 1610 .est
1165 1582 1259 1610 ultimo
1281 1583 1352 1614 vitae,
1374 1584 1501 1618 quoniam
1522 1593 1574 1613 non
1598 1586 1668 1615 Deus
1688 1588 1798 1623 respicit

1006 1628 1100 1663 quales
1123 1632 1201 1655 antea
1227 1627 1338 1660 fuimus,
1364 1628 1412 1656 sed
1437 1629 1530 1664 quales
1546 1631 1617 1659 circa
1640 1632 1721 1660 finem
1738 1634 1799 1661 vitae

1006 1674 1159 1701 existimus.
1173 1673 1213 1701 Ex
1233 1673 1285 1701 line
1301 1674 1373 1701 enim
1386 1682 1435 1702 suo
1458 1683 1676 1712 unumquemque
1693 1682 1740 1705 aut
1750 1678 1798 1712 ju-

1006 1718 1106 1746 stiticat
1115 1722 1162 1745 aut
1172 1718 1343 1750 condemnat,
1356 1718 1423 1745 sicut
1438 1720 1567 1755 scriptum
1578 1727 1619 1749 est
1631 1729 1637 1748 :
1653 1721 1712 1757 Ipse
1720 1722 1798 1757 judi—

1005 1769 1047 1791 cat
1062 1768 1180 1791 extrema
1198 1768 1284 1791 terrm.
1304 1764 1338 1791 Et
1349 1764 1413 1791 alibi
1427 1774 1433 1791 :
1449 1764 1633 1794 Universorum
1651 1767 1730 1802 ﬁnem
1746 1769 1800 1803 ipse

1006 1810 1164 1837 considerat.
1182 1809 1297 1836 Proinde
1311 1817 1365 1837 nou
1378 1810 1532 1838 dubitamus
1555 1812 1628 1839 circa
1651 1812 1732 1841 liuent
1752 1812 1798 1847 ju—

1006 1854 1117 1881 stiiicari
1142 1854 1278 1882 hominem
1296 1861 1344 1888 per
1362 1855 1527 1889 poenitentia:
1547 1858 1796 1891 compunctionctn;

1007 1900 1053 1928 sed
1064 1900 1127 1935 quia
1142 1907 1205 1927 raro
1223 1900 1250 1927 id
1270 1899 1329 1928 ﬁeri
1345 1900 1422 1934 solet,
1441 1902 1613 1929 metuendum
1628 1908 1671 1930 est
1685 1911 1719 1931 ne
1733 1903 1797 1931 dum

1007 1945 1041 1972 ad
1058 1944 1138 1972 finem
1155 1943 1277 1972 differtur
1290 1944 1423 1973 confessio
1438 1951 1556 1981 sperata,
1579 1947 1707 1982 anticipet
1725 1956 1800 1976 mors

1007 1997 1087 2025 quam
1101 1990 1192 2018 veniat
1212 1989 1382 2024 ptenitentia.
1395 1990 1448 2018 Pro
1462 1999 1515 2026 qua
1534 1999 1563 2019 re
1581 1996 1609 2020 et
1625 1992 1648 2020 si
1665 1993 1735 2020 bona
1756 1998 1799 2020 est

1007 2037 1042 2064 ad
1056 2040 1207 2063 extremum
1218 2036 1369 2068 conversio,
1383 2036 1478 2064 melior
1491 2041 1579 2064 tamen
1593 2041 1635 2064 est
1646 2046 1706 2072 qua:
1718 2038 1799 2073 longe

1008 2085 1071 2108 ante
1091 2080 1173 2108 ﬁnem
1191 2080 1289 2115 agitur,
1311 2084 1340 2107 ut
1364 2080 1398 2108 ab
1421 2081 1473 2108 hac
1491 2081 1545 2108 vita
1565 2081 1685 2109 securius
1707 2086 1796 2109 trans-

1008 2134 1068 2155 eam
1071 2134 1112 2153 US.

1297 2170 1409 2199 CAPUT
1428 2171 1512 2199 XXX.

1158 2217 1194 2245 De
1208 2217 1386 2251 satisfactione
1399 2221 1423 2244 et
1435 2216 1651 2244 reconciliatione.

1046 2262 1202 2291 Satislactio
1221 2267 1311 2290 autem
1330 2266 1372 2290 est
1391 2269 1488 2289 causas
1509 2266 1680 2297 peccatorum
1694 2266 1721 2289 et
1737 2270 1800 2298 sug-

1010 2310 1161 2345 gestionum
1174 2308 1328 2340 excludere,
1340 2312 1367 2335 et
1380 2307 1449 2335 ultra
1463 2312 1602 2342 peccatum
1620 2316 1673 2336 non
1688 2308 1796 2336 iterare.

1011 2355 1202 2383 Reconciliatio
1229 2362 1295 2382 vero
1322 2358 1374 2386 est,
1394 2361 1454 2389 qua:
1482 2358 1543 2389 p0st
1573 2354 1798 2390 complementum

1011 2401 1176 2436 poenitentia:
1199 2400 1352 2427 adhibetur.
1375 2399 1443 2427 Nam
1457 2400 1526 2427 sicut
1539 2400 1716 2428 conciliamur
1729 2400 1797 2434 Deo,

1009 2447 1118 2482 quando
1140 2446 1256 2481 primum
1282 2453 1297 2472 a
1318 2445 1467 2480 gentilitate
1490 2445 1681 2478 convertimur,
1704 2446 1741 2473 ita
1757 2453 1800 2473 re-

1010 2490 1195 2521 conciliamur,
1217 2488 1324 2523 quando
1342 2493 1402 2523 post
1419 2494 1558 2524 peccatum
1578 2489 1733 2524 paenitendo
1754 2497 1798 2516 rc-

1010 2535 1159 2570 gredimur.
1180 2534 1301 2567 Quorum
1322 2538 1412 2561 autem
1428 2539 1538 2570 peccata
1562 2534 1589 2562 in
1602 2534 1708 2569 publico
1724 2539 1797 2566 sunt,

1011 2581 1038 2607 in
1056 2579 1162 2615 publica
1175 2579 1255 2607 debet
1269 2586 1330 2606 esse
1346 2579 1514 2614 poenitentia,
1533 2586 1581 2614 per
1603 2584 1723 2613 tempora
1738 2586 1799 2614 qua:

1009 2625 1129 2660 episcopi
1153 2624 1266 2651 arbitrio
1287 2624 1480 2658 paenitentibus
1506 2623 1653 2651 secundum
1672 2622 1799 2651 ditl'eren-

1012 2671 1076 2698 tiam
1096 2673 1270 2705 peccatorum
1293 2668 1488 2700 decernuntur;
1507 2674 1654 2701 eorumque
1677 2667 1799 2695 reconci-

1011 2717 1086 2744 liatio
1109 2717 1135 2743 in
1161 2715 1270 2751 publico
1293 2722 1354 2742 esse
1379 2713 1459 2740 debet
1477 2713 1511 2741 ab
1533 2713 1674 2747 episcopo,
1698 2712 1756 2741 sive
1781 2720 1797 2740 a

1012 2761 1188 2797 presbyteris,
1197 2760 1274 2795 jussu
1288 2764 1378 2786 tamen
1390 2759 1586 2793 episcoporum,
1600 2759 1671 2787 sicut
1681 2766 1798 2787 canones

1012 2808 1134 2836 Africani
1156 2806 1264 2835 concilii
1291 2808 1434 2836 testantur,
1457 2805 1503 2833 ubi
1528 2805 1565 2833 ita
1585 2806 1716 2841 scriptum
1740 2810 1796 2835 est:

1015 2854 1203 2889 Cujuscunquc
1225 2855 1314 2880 autem
1335 2849 1492 2885 pmnitentis
1513 2851 1648 2886 publicum
1666 2855 1695 2879 et
1708 2850 1799 2885 vulga-
