4002 6204
465 319 582 385 543

1096 331 1158 388 Β.
1200 331 1451 390 RABANI
1491 333 1707 390 MAURI
1745 329 2058 390 ARCHIEP.
2102 329 2409 392 MOCUNT.
2451 329 2734 391 OPERUM
2772 332 2952 391 PARS
2985 335 3025 389 Ι.

3592 340 3697 398 3H

464 440 727 497 tissimum
777 441 983 499 crimen
1033 453 1146 509 est,
1187 445 1331 516 quod
1379 445 1686 499 universam
1733 444 2026 499 Ecclesiam
2053 448 2104 506 Α
2130 453 2322 498 natura
2349 445 2443 500 Dei
2472 445 2696 516 aequalis
2719 443 2890 510 Patri,
2933 445 2986 499 in
3017 453 3207 500 natura
3251 447 3485 506 hominis
3531 450 3704 512 factus

456 534 848 599 commoverit,
895 545 1022 590 ante
1066 535 1310 591 absidam
1364 551 1557 591 manus
1599 537 1648 591 ei
1697 537 2024 607 imponatur.

458 622 698 689 Quorum
741 638 873 696 ergo
917 634 1138 694 peccata
1188 625 1397 680 occulta
1445 634 1588 690 sunt,
1639 635 1694 681 et
1731 633 2028 696 spontanea

457 713 797 771 confessione
835 716 935 772 soli
971 719 1343 773 tantummodo
1387 717 1724 789 presbytero,
1765 719 1878 774 sive
1915 719 2028 790 epi-

457 817 621 873 scopo
657 804 727 858 ab
747 805 830 858 eis
865 804 1066 860 fuerint
1116 806 1367 869 revelata,
1402 809 1594 862 horum
1631 807 1840 862 occulta
1867 809 2029 864 debet

457 909 577 949 esse
596 896 933 965 paenitentia,
964 898 1254 951 secundum
1274 896 1536 966 judicium
1561 899 1883 970 presbyteri,
1914 901 2028 956 sive

456 985 694 1054 episcopi
743 985 828 1040 cui
875 984 1107 1042 confessi
1153 995 1300 1051 sunt,
1339 1002 1406 1043 ne
1454 988 1652 1044 inﬁrmi
1700 990 1754 1044 in
1791 990 2028 1047 Ecclesia

457 1076 907 1141 scandalizentur,
937 1077 1179 1132 videntes
1210 1091 1396 1132 eorum
1431 1093 1640 1148 poenas,
1671 1094 1898 1149 quorum
1929 1096 2022 1153 pe-

457 1168 601 1220 nitus
643 1166 894 1237 ignorant
938 1183 1150 1223 causas.
1195 1167 1349 1235 Quali
1397 1178 1578 1225 autem
1627 1179 1868 1241 tempore
1908 1182 2029 1242 post

455 1257 825 1324 paenitentiam
869 1258 1233 1314 reconciliatio
1283 1259 1398 1314 ﬁeri
1443 1260 1672 1325 debeat,
1737 1264 2028 1319 ostendunt

453 1347 670 1401 decreta
699 1346 994 1402 Innocentii
1023 1364 1192 1419 papae,
1222 1349 1312 1404 ubi
1343 1350 1415 1404 ita
1438 1351 1694 1421 scriptum
1724 1353 2022 1423 reperitur;

458 1455 476 1486 ‹
508 1436 584 1492 De
618 1439 1009 1507 paenitentibus
1057 1449 1237 1496 autem
1282 1443 1374 1512 qui
1423 1443 1540 1498 sive
1581 1458 1647 1498 ex
1689 1447 2028 1516 gravioribus

452 1528 779 1594 commissis,
814 1529 927 1584 sive
963 1545 1032 1585 ex
1069 1531 1358 1586 levioribus
1397 1533 1771 1603 pmnitentiam
1810 1549 2025 1608 gerunt,

453 1617 496 1671 si
530 1616 673 1672 nulla
695 1618 982 1674 intervenit
1001 1621 1282 1691 aegritudo,
1307 1622 1495 1692 quinta
1518 1623 1652 1679 feria
1675 1637 1802 1682 ante
1822 1628 2024 1686 Pascha

452 1711 531 1766 eis
579 1712 983 1778 remittendum,
1011 1713 1267 1768 Romana:
1287 1714 1539 1772 Ecclesiae
1574 1722 1904 1777 consuetudo
1933 1723 2026 1778 de-

2129 536 2394 602 mortalis,
2445 538 2499 591 in
2550 537 2728 604 nobis,
2775 552 2874 606 pro
2919 538 3091 604 nobis,
3140 539 3208 594 de
3255 540 3430 608 nobis,
3476 558 3702 604 manens

2127 626 2270 695 quod
2311 635 2452 691 erat,
2490 627 2790 695 suscipiens
2836 627 2978 695 quod
3013 642 3121 682 non
3171 637 3313 696 erat,
3357 639 3418 685 ut
3446 630 3706 692 liberaret

2128 715 2272 786 quod
2313 714 2533 771 fecerat.
2569 715 2697 770 Haec
2740 723 2828 771 est
2872 731 3004 786 ergo
3049 717 3345 775 Dominicae
3387 720 3706 782 Nativitatis

2127 821 2326 880 agna
2361 808 2692 863 solemnitas.
2722 809 2845 864 Haec
2877 818 2961 864 est
2991 809 3097 865 diei
3131 810 3293 880 hujus
3332 829 3469 870 nova
3493 826 3552 872 et
3581 819 3702 890 glo-
3813 853 3823 864 -

2128 898 2271 953 riosa
2314 897 2596 962 festivitas,
2633 896 2896 954 adventus
2943 899 3036 954 Dei
3089 900 3266 957 factus
3313 904 3382 958 ad
3429 905 3701 964 homines.

2126 986 2312 1058 Itaque
2334 988 2449 1043 dies
2474 987 2575 1042 iste
2598 1002 2694 1058 pro
2716 1002 2782 1042 eo
2805 988 2948 1058 quod
2977 989 3032 1042 in
3057 1003 3122 1044 eo
3143 989 3390 1047 Christus
3414 1003 3573 1051 natus
3592 1006 3702 1062 est,

2128 1079 2321 1134 natalis
2345 1079 2541 1134 dicitur
2565 1097 2578 1132 :
2602 1091 2867 1148 quemque
2896 1079 3016 1136 ideo
3048 1081 3338 1138 observare
3363 1100 3461 1155 per
3488 1089 3705 1143 revolu-

2128 1176 2241 1223 tum
2281 1168 2539 1224 circulum
2577 1167 2703 1221 anni
2738 1167 2930 1223 festiva
2964 1169 3304 1268 solemnitate
3341 1175 3597 1242 solemus,
3643 1189 3707 1233 ut

2128 1260 2181 1314 in
2208 1260 2522 1314 memoriam
2551 1269 2832 1314 revocetur
2862 1258 3111 1316 Christus
3139 1258 3280 1331 quod
3307 1276 3473 1322 natus
3492 1276 3596 1323 est.
3636 1270 3703 1324 In

2127 1348 2440 1404 Bethlehem
2487 1364 2702 1419 quoque
2744 1348 2992 1406 Christus
3019 1361 3179 1408 natus
3217 1363 3320 1420 est,
3353 1364 3408 1411 et
3450 1358 3504 1413 in
3529 1358 3704 1416 Naza—

2128 1440 2249 1494 reth
2271 1439 2526 1506 nutritus,
2553 1448 2613 1494 ut
2643 1455 2713 1495 ex
2737 1439 2980 1496 locorum
3010 1444 3306 1508 vocabulis,
3336 1461 3516 1502 rerum
3557 1450 3702 1520 ipsa-

2127 1545 2248 1586 rum
2294 1537 2583 1600 appareret
2619 1538 2867 1586 eventus.
2936 1531 3080 1603 Ergo
3108 1535 3252 1603 quod
3293 1536 3350 1590 in
3381 1536 3700 1596 Bethlehem

2128 1628 2460 1685 nasceretur,
2491 1621 2750 1689 oportuit,
2785 1621 2911 1689 quia
2941 1621 3094 1678 cibus
3142 1624 3396 1692 celestis,
3437 1628 3506 1683 de
3547 1631 3702 1686 cmlis

2128 1712 2196 1767 ad
2231 1719 2405 1767 terras
2430 1711 2594 1767 venit.
2640 1711 2950 1767 Bethlehem
2987 1713 3183 1784 quippe
3212 1716 3402 1772 domus
3429 1720 3586 1788 panis
3611 1721 3699 1776 di-

455 1811 738 1857 monstrat.
774 1822 793 1855 ι
847 1803 1113 1858 Cmterum
1153 1805 1219 1861 de
1263 1808 1499 1876 pondere
1539 1809 1858 1866 aestimando
1893 1813 2025 1868 deli-

2127 1801 2286 1857 citur.
2327 1801 2394 1856 Et
2426 1800 2675 1856 Salvator
2715 1801 2782 1856 de
2822 1817 2882 1857 se
2922 1803 3038 1872 ipso
3065 1782 3236 1860 dixit:
3271 1805 3384 1878 Ego
3407 1782 3523 1862 tam
3545 1814 3702 1879 panis

452 1903 695 1958 ctorum,
746 1894 1043 1949 sacerdotis
1094 1904 1180 1950 est
1223 1893 1504 1964 judicare,
1565 1907 1624 1953 ut
1671 1903 1911 1956 attendat
1957 1905 2025 1958 ad

2121 1892 2299 1958 uiuus,
2336 1893 2426 1963 qui
2470 1892 2536 1946 de
2572 1891 2697 1946 caelo
2739 1891 2981 1946 descendi
3020 1892 3203 1964 (Joan.
3235 1894 3332 1965 vt).
3370 1896 3514 1968 Ergo
3537 1898 3702 1955 Beth-

2123 1981 2298 2038 lehem
2319 1997 2447 2037 vere
2486 1983 2676 2037 domus
2702 1981 2859 2050 panis
2891 1991 2997 2048 est,
3025 1984 3150 2053 quia
3181 1983 3427 2042 Christus
3451 1989 3616 2044 homo
3643 1991 3701 2048 in

2120 2087 2184 2128 ea
2220 2074 2367 2128 nasci
2403 2072 2656 2142 dignatus
2692 2083 2811 2130 est:
2841 2075 2996 2144 panis
3025 2075 3274 2132 videlicet
3313 2079 3457 2143 vita,
3497 2082 3566 2137 de
3593 2097 3702 2151 quo

2120 2168 2214 2238 qui
2246 2167 2672 2232 manducaverit,
2703 2167 2850 2222 vivet
2883 2169 2937 2222 in
2971 2175 3256 2224 aeternum.
3286 2170 3364 2224 Ex
3406 2171 3509 2228 hac
3535 2175 3700 2230 etiam

2120 2270 2284 2311 causa
2309 2255 2578 2310 credimus
2606 2256 2659 2309 in
2690 2254 2930 2312 Ecclesia
2959 2257 3102 2312 hunc
3129 2273 3333 2314 morem
3381 2259 3700 2328 inolevisse,

2120 2355 2180 2402 ut
2221 2347 2276 2402 in
2318 2363 2381 2402 ea
2421 2357 2582 2404 nocte
2627 2364 2732 2418 qua
2765 2346 3012 2404 Christus
3058 2349 3300 2406 creditur
3349 2367 3470 2408 esse
3512 2364 3698 2420 natus.

2119 2454 2276 2495 sacra
2325 2440 2610 2496 missarum
2652 2440 2916 2496 solemnia
2965 2441 3328 2508 celebrantur,
3371 2453 3431 2498 ut
3470 2446 3534 2500 an
3561 2446 3701 2501 hora

450 2545 581 2602 ergo
635 2541 763 2588 ante
809 2535 988 2589 omnia
1036 2537 1336 2592 cavendum
1383 2548 1482 2604 est,
1538 2555 1607 2595 ne
1660 2541 1713 2594 in
1762 2542 2022 2598 extremis

2127 2531 2306 2587 ﬁdeles
2349 2532 2549 2601 quique
2590 2541 2990 2588 sacramentum
3039 2535 3282 2603 corporis
3327 2545 3384 2590 et
3417 2537 3702 2607 sanguinis

452 2625 766 2693 panitentia
795 2634 850 2680 et
889 2627 1258 2683 reconciliatio
1301 2628 1616 2699 denegetur,
1646 2644 1716 2685 ne
1744 2629 1798 2684 in
1829 2631 2018 2700 despe-
2117 2623 2318 2680 Christi
2366 2624 2740 2695 perciperent,
2805 2639 2912 2694 qua
2967 2640 3089 2680 eum
3131 2626 3271 2680 inter
3309 2626 3556 2684 homines
3589 2630 3702 2683 mi-

451 2714 656 2770 ratione
691 2723 900 2785 pereat,
931 2717 1056 2786 quia
1089 2718 1260 2786 pietas
1293 2719 1678 2789 omnipotentis
1712 2718 1808 2774 Dei
1846 2720 1914 2774 ad
1961 2735 2021 2776 se
2121 2713 2468 2768 sericorditer
2497 2721 2682 2768 natum
2727 2713 2948 2769 scirent.
2978 2712 3142 2782 Cujus
3171 2722 3349 2770 tamen
3377 2715 3702 2772 celebratio-

446 2804 639 2871 quovis
668 2814 907 2876 tempore
932 2807 1277 2863 concurrenti
1303 2823 1620 2864 succurrere
1642 2809 1806 2875 valet,
1837 2816 1893 2864 et
1919 2824 2017 2880 pe-
2120 2805 2224 2870 nis,
2258 2805 2623 2876 Telesphorus
2650 2820 2787 2875 papa
2814 2803 2952 2876 apud
2980 2804 3250 2860 Romanos
3275 2805 3479 2875 primus
3505 2815 3702 2861 auctor

449 2892 775 2950 riclitantem
804 2897 904 2952 sub
929 2912 1092 2954 onere
1127 2907 1473 2968 peccatorum
1507 2909 1688 2971 potest
1713 2902 2014 2958 sublevare.
2116 2898 2312 2969 legitur
2358 2896 2649 2952 exstitisse.
2680 2895 2815 2950 Nam
2853 2895 2995 2966 quod
3049 2895 3103 2949 in
3146 2895 3412 2950 Nazareth
3459 2896 3704 2953 nutritus

449 2981 776 3043 Perdidisset
809 2986 948 3042 latro
978 2990 1032 3043 in
1070 3005 1231 3046 cruce
1254 2992 1531 3061 praemium
1565 2992 1633 3047 ad
1659 2991 1862 3048 Christi
1888 2994 2018 3049 dex-

2127 2997 2255 3051 erat,
2287 3002 2351 3042 ea
2377 3001 2540 3042 causa
2569 2984 2693 3051 fuit,
2722 2994 2781 3040 ut
2807 2985 2936 3055 quia
2967 2983 3235 3039 Naxareth
3264 2983 3362 3040 llos
3390 2984 3504 3040 sive
3532 3001 3702 3040 mun-

450 3082 621 3129 teram
649 3077 908 3146 pendens,
939 3079 988 3133 si
1027 3079 1175 3134 illum
1219 3081 1378 3137 unius
1397 3081 1544 3136 horae
1562 3082 1878 3151 poenitentia
1907 3098 2016 3139 non
2045 3121 2091 3186 ο
2120 3076 2252 3131 ditia
2279 3077 2927 3186 interpretatumﬂaeternqe
2951 3073 3349 3177 puritatiseius
3371 3074 3531 3186 indie:
3556 3076 3706 3177 easi-

443 3164 693 3234 juvisset,
719 3181 843 3223 cum
879 3179 1024 3224 esset
1063 3170 1116 3224 in
1145 3185 1302 3242 pmua
1338 3172 1610 3241 pmnituit,
1647 3181 1703 3228 et
1731 3188 1829 3243 per
1860 3176 2021 3230 unius
2046 3164 2091 3186 “
2123 3174 2313 3232 steret,
2343 3181 2467 3222 cum
2501 3165 2665 3221 ﬂoret
2692 3165 2840 3221 ﬂoris
2891 3165 3058 3235 ipsius
3087 3165 3286 3228 nutrix,
3313 3165 3405 3234 qui
3444 3165 3512 3220 de
3547 3166 3704 3238 virga

453 3257 720 3312 sermonis
763 3257 1175 3329 professionem,
1223 3262 1586 3318 habitaculum
1627 3264 1860 3333 paradisi
1888 3264 2023 3335 (Deo

451 1981 843 2038 confessionem
875 1985 1210 2054 pmnitentis,
1251 1994 1309 2041 et
1343 1987 1411 2040 ad
1455 1985 1614 2042 ﬂetus
1642 1997 1805 2059 atque
1846 1991 1911 2045 ad
1947 1991 2026 2046 la-

450 2089 665 2145 crymas
711 2076 1090 2146 corrigendas;
1137 2091 1202 2132 ac
1253 2086 1364 2131 tum
1407 2079 1598 2148 jubere
1641 2081 1862 2148 dimitti,
1901 2099 2024 2139 cum

452 2163 640 2220 viderit
671 2179 959 2234 congruam
999 2165 1442 2223 satisfactionem.
1475 2168 1618 2226 Sane
1645 2172 1690 2227 si
1719 2174 1841 2242 quis
1867 2175 2026 2246 aegri-

450 2255 688 2310 tudinem
736 2256 1007 2322 inciderit,
1061 2266 1222 2328 atque
1261 2270 1433 2329 usque
1473 2263 1542 2316 ad
1591 2265 2021 2335 desperationem

451 2345 748 2412 devenerit,
793 2347 842 2401 ei
886 2356 972 2402 est
1014 2358 1140 2404 ante
1171 2359 1381 2421 tempus
1407 2353 1621 2422 paschae
1650 2356 2019 2426 relaxandum,

451 2448 520 2489 ne
554 2435 620 2490 de
656 2436 854 2492 secqu
902 2437 1105 2509 absque
1155 2443 1537 2500 communione
1581 2445 1840 2502 discedat.
1906 2449 2021 2507 Hoc

2125 3257 2324 3314 radicis
2349 3257 2500 3313 Jesse
2541 3256 2862 3321 ascendens,
2909 3253 3276 3326 septiformem
3309 3253 3570 3325 Spiritum
3600 3256 3702 3310 ha-

451 3349 819 3419 promittente)
849 3352 1166 3422 promeruit.
1195 3354 1330 3408 Vera
1361 3368 1490 3425 ergo
1517 3355 1582 3409 ad
1611 3356 1776 3410 Deum
1805 3369 2025 3411 conver-

451 3440 534 3494 sio
562 3439 616 3494 in
642 3439 846 3497 ultimis
870 3443 1174 3513 positorum
1197 3453 1375 3501 mente
1399 3445 1577 3516 potius
1600 3455 1683 3501 est
1707 3447 2023 3502 aestimanda

449 3543 614 3597 quam
653 3537 913 3601 tempore,
945 3532 1206 3604 propheta
1232 3533 1336 3589 hoc
1369 3533 1527 3588 aliter
1553 3544 1829 3590 asserente
1853 3551 1867 3588 :
1893 3534 2024 3590 Cum

451 3635 742 3684 conuersus,
773 3622 967 3691 inquit,
996 3623 1326 3693 ingemueris,
1364 3632 1486 3676 tunc
1521 3621 1695 3678 salvus
1725 3624 1848 3680 eris.

1001 3713 1228 3771 CAPUT
1276 3713 1466 3770 XXXI.

915 3804 988 3859 De
1018 3802 1306 3860 Nativitate
1333 3805 1560 3861 Domini.

525 3890 732 3948 Natalis
745 3893 953 3949 Domini
977 3895 1090 3950 dies
1114 3909 1177 3950 ea
1209 3895 1276 3950 de
1301 3911 1461 3952 causa
1495 3913 1524 3950 a
1551 3896 1804 3953 Patribus
1833 3901 2026 3954 votivae

453 3981 811 4037 solemnitatis
849 3983 1127 4040 institutus
1170 3993 1271 4052 est,
1313 3987 1438 4056 quia
1475 3987 1529 4042 in
1557 4003 1622 4043 eo
1648 3986 1897 4045 Christus
1926 4005 2026 4061 pro

457 4075 822 4145 redemptione
863 4077 1046 4132 mundi
1085 4078 1236 4133 nasci
1281 4079 1638 4147 corporaliter
1673 4080 1863 4145 voluit,
1899 4097 2026 4152 pro-

454 4164 608 4218 diens
635 4180 704 4218 ex
735 4165 971 4236 Virginis
1002 4174 1177 4233 utero,
1207 4167 1299 4236 qui
1328 4175 1446 4221 erat
1474 4167 1528 4222 in
1554 4166 1732 4223 Patris
1765 4169 2021 4238 imperio:

2124 3347 2300 3412 heret,
2331 3355 2389 3403 et
2423 3355 2680 3417 perpetua
2718 3346 2952 3417 puritate
3005 3344 3249 3414 insignis,
3295 3345 3488 3400 merito
3522 3343 3707 3400 Naza-

2124 3454 2286 3505 mus,
2311 3439 2456 3509 quod
2490 3446 2575 3494 est
2603 3438 2854 3503 mundus,
2882 3445 3185 3492 vocaretur.

2674 3527 2897 3584 CAPUT
2937 3527 3150 3583 XXXII.

2588 3621 2667 3676 De
2699 3620 2976 3691 epiphania
3010 3619 3236 3673 Domini.

2195 3711 2621 3783 Epiphaniarum
2677 3708 2903 3779 proinde
2975 3707 3110 3763 festa
3188 3705 3529 3762 solemnitate
3597 3703 3708 3759 viri

2125 3801 2407 3874 apostolici
2447 3800 2814 3872 signaverunt,
2843 3798 2965 3870 quia
2996 3798 3048 3852 in
3077 3812 3143 3852 eo
3164 3805 3247 3852 est
3275 3796 3518 3866 proditus
3545 3793 3708 3849 stella

2127 3891 2395 3956 Salvator,
2419 3891 2634 3961 quando
2677 3891 2818 3961 magi
2845 3889 3116 3945 Christum
3163 3889 3216 3942 in
3248 3903 3484 3958 praesepe
3511 3885 3707 3954 jacen-

2125 3997 2234 4041 tem
2281 3984 2644 4039 adoraverunt
2695 3997 2842 4047 eum,
2893 3980 3182 4037 offerentes
3239 3980 3289 4034 ei
3340 3978 3709 4048 competentia

2127 4090 2352 4133 munera
2378 4075 2682 4140 Trinitatis,
2728 4089 2940 4140 aurum,
2973 4073 3118 4138 thus,
3161 4080 3216 4128 et
3258 4072 3558 4143 myrrham,
3588 4071 3710 4140 regi

2129 4168 2240 4224 Deo
2287 4177 2450 4239 atque
2494 4181 2740 4238 passuro.
2798 4165 2923 4220 Ideo
2966 4180 3097 4236 ergo
3145 4166 3285 4220 diem
3329 4165 3473 4218 hunc
3517 4177 3708 4216 annua

453 4255 608 4325 cujus
661 4256 922 4326 susceptae
970 4257 1152 4313 carnis
1203 4273 1366 4313 causa
1415 4259 1531 4314 haec
1571 4267 1690 4314 est:
1733 4259 2026 4328 Postquam
2126 4257 2440 4313 celebritate
2484 4263 2849 4314 sacraverunt.
2883 4263 2943 4308 ut
2967 4253 3198 4308 mundus
3234 4259 3490 4324 agnoscat
3519 4249 3711 4304 Domi-

453 4343 596 4396 euim
639 4343 838 4396 invidia
885 4345 1081 4398 diaboli
1120 4359 1316 4414 parens
1364 4344 1453 4401 ille
1488 4345 1695 4416 primus
1741 4361 1835 4416 spe
1861 4347 2020 4402 sedu-
2125 4361 2276 4410 num,
2301 4360 2461 4416 quem
2485 4345 2747 4399 elementa
2779 4342 2990 4398 caelitus
3017 4342 3382 4412 prodiderunt.
3422 4339 3710 4408 Siquidem

455 4441 573 4487 ctus
616 4433 763 4487 inani
807 4435 1022 4500 cecidit,
1069 4436 1351 4491 confestim
1399 4437 1552 4492 exsul
1598 4446 1654 4492 et
1680 4438 1922 4507 perditus
1970 4437 2023 4492 in
2051 4464 2103 4524 ι)
2127 4436 2316 4492 eodem
2351 4435 2438 4491 die
2478 4435 2620 4490 idem
2647 4433 2805 4490 Jesus
2840 4433 3003 4524 etiam
3037 4431 3288 4524 Iordanis
3337 4430 3552 4524 lavacro
3591 4428 3711 4524 tin-

454 4524 599 4576 onmi
631 4538 828 4591 genere
861 4539 979 4590 suo,
1009 4526 1242 4581 radicem
1279 4527 1496 4581 malitiae
1523 4535 1580 4582 et
1607 4529 1812 4598 peccati
1851 4537 2025 4584 trans-
2053 4517 2092 4524 ’⁷
2128 4526 2303 4597 gitur;
2342 4527 2619 4596 divisoque
2663 4524 2799 4580 caelo
2833 4523 3065 4594 Spiritus
3108 4521 3280 4578 sancti
3325 4517 3713 4575 descendentis

455 4613 643 4667 duxit:
684 4614 1066 4685 crescebatque
1101 4617 1154 4670 in
1200 4617 1399 4672 malum
1443 4617 1816 4673 vehementius
1865 4633 2026 4676 omne
2131 4618 2437 4674 testimonio
2481 4618 2573 4672 Dei
2631 4631 2750 4672 esse
2784 4615 2953 4671 Filius
3003 4612 3327 4670 declaratur.
3385 4608 3548 4676 Cujus
3593 4608 3714 4663 diei

454 4716 623 4772 genus
670 4703 972 4758 mortalium
996 4744 1012 4771 ,
1066 4704 1271 4761 dill'usis
1318 4705 1514 4776 ubique
1568 4706 1884 4774 sceleribus,
1937 4718 2025 4774 et,
2127 4723 2321 4765 nomen
2368 4723 2436 4764 ex
2479 4721 2546 4762 eo
2589 4706 2730 4776 quod
2783 4704 3029 4776 apparuit
3074 4703 3352 4775 gentibus,
3404 4697 3711 4769 Epiphania

454 4795 596 4864 quod
620 4803 704 4850 est
729 4796 973 4866 nequius,
997 4798 1236 4853 omnium
1265 4797 1500 4854 cultibus
1522 4798 1804 4854 idolorum.
1831 4799 2028 4858 Volens
2131 4805 2490 4870 nuncupatur.
2514 4797 2812 4868 Epiphania
2837 4793 3202 4860 enim,Graece
3227 4793 3503 4863 ὶπιφάνιια,
3536 4802 3712 4856 appa-

453 4898 582 4955 crgo
603 4885 744 4940 Deus
767 4887 1054 4943 terminare
1075 4897 1378 4958 peccatum,
1398 4889 1665 4944 consuluit
1680 4891 1868 4958 verbo,
1887 4891 2023 4962 lege,
2131 4891 2258 4947 ritio
2285 4889 2369 4946 vel
2397 4889 2637 4945 ostensio
2664 4887 2881 4942 dicitur.
2913 4885 3108 4941 Tribus
3135 4899 3265 4953 ergo
3293 4897 3358 4937 ex
3402 4880 3579 4936 causis
3615 4879 3714 4932 hic

453 4977 746 5046 prophetis,
781 4977 967 5048 signis,
994 4979 1186 5051 plagis,
1209 4980 1484 5051 prodigiis.
1527 4979 1634 5035 Sed
1667 4995 1788 5035 cum
1816 4995 1916 5035 nec
1943 4981 2025 5036 sic
2131 4983 2246 5036 dies
2273 4982 2377 5036 hoc
2401 4977 2716 5067 vocabulum
2751 4977 2998 5067 sumpsit.
3029 4975 3153 5067 Sive
3178 4971 3322 5067 quod
3365 4980 3492 5024 tunc
3521 4969 3573 5022 in
3600 4967 3713 5067 ha-

452 5068 666 5137 quidem
695 5082 908 5123 errores
933 5084 1060 5124 suos
1085 5069 1388 5125 admonitus
1423 5077 1743 5142 agnosceret
1765 5070 2021 5133 mundus,
2129 5069 2323 5138 ptismo
2366 5083 2464 5122 suo
2499 5066 2747 5122 Christus
2792 5064 3002 5135 pepulis
3055 5062 3219 5157 fuerit
3259 5068 3542 5157 ostensus,
3589 5062 3718 5157 sive

453 5163 598 5217 misit
645 5161 786 5216 Deus
814 5159 1006 5216 Filium
1056 5177 1232 5228 suum,
1281 5170 1340 5216 ut
1391 5176 1607 5218 carnem
1657 5162 1918 5223 indueret,
1971 5171 2028 5216 et
2124 5159 2268 5227 quod
2307 5172 2372 5212 ea
2411 5158 2496 5212 die
2536 5157 2729 5213 sideris
2769 5165 2890 5210 ortu
2941 5154 3111 5224 magis
3144 5161 3228 5206 est
3270 5149 3542 5221 proditus;
3589 5149 3720 5202 Si“:

452 5251 704 5305 omnibus
741 5259 1046 5320 appareret,
1084 5260 1138 5305 et
1167 5260 1478 5322 peccatores
1506 5260 1741 5306 sanaret.
1773 5251 1875 5318 Qui
1904 5252 2024 5309 ideo
2123 5248 2266 5316 quod
2301 5247 2474 5317 primo
2504 5246 2656 5316 signo
2697 5259 2794 5313 per
2821 5257 3015 5312 aquam
3056 5242 3110 5294 in
3139 5241 3322 5332 vinum
3362 5247 3710 5332 conversam,

453 5340 507 5392 in
538 5341 758 5396 homine
789 5343 958 5408 venit,
990 5343 1116 5412 quia
1171 5358 1267 5412 per
1310 5343 1546 5413 seipsum
1601 5343 1668 5397 ab
1717 5343 2025 5398 hominibus
2124 5337 2308 5392 multis
2335 5346 2419 5393 est
2445 5335 2837 5391 manifestatus.
2867 5333 3000 5387 Illud
3028 5341 3206 5385 tamen
3233 5325 3535 5389 sciendum,
3560 5324 3721 5413 (ωοά

349 5496 351 5498 η
451 5430 701 5498 cognosci
745 5445 850 5485 non
898 5431 1090 5499 potuit.
1136 5431 1202 5486 Ut
1243 5412 1422 5484 autem
1463 5431 1758 5495 videretur,
1802 5429 2022 5486 Verbum
2125 5427 2253 5482 licet
2277 5441 2341 5481 ea
2368 5425 2455 5480 die
2484 5425 2782 5494 baptismus
2807 5421 3032 5484 Christi,
3070 5435 3099 5472 a
3129 5415 3337 5471 Joanne
3368 5415 3482 5468 ﬁeri
3513 5412 3720 5466 crcia-

449 5532 574 5570 caro
603 5519 799 5586 factum
829 5529 923 5584 est,
961 5521 1282 5574 assumenda
1325 5534 1563 5582 carnem,
1606 5535 1712 5573 non
1758 5528 2022 5574 mutatum
2130 5527 2243 5576 tur.
2275 5514 2578 5570 universale
2605 5523 2782 5567 tamen
2810 5511 3076 5580 baptisma
3109 5505 3372 5562 celebrari
3411 5504 3465 5556 in
3493 5517 3579 5563 ea,
3617 5515 3723 5552 ca-

451 5604 506 5658 in
534 5620 772 5662 carnem.
803 5609 1108 5679 Assumpsit
1140 5610 1280 5662 enim
1309 5608 1720 5673 humanitatem,
1749 5623 1858 5663 non
1887 5609 2024 5664 ami-
2125 5608 2316 5664 nonica
2374 5604 2694 5661 contradicit
2746 5601 3060 5657 auctoritas.
3084 5596 3301 5652 Pascha:
3321 5607 3451 5691 ergo
3497 5598 3726 5691 tempus

449 5699 524 5752 sit
566 5699 933 5769 divinitatem;
985 5703 1058 5756 ita
1113 5701 1252 5756 idem
1295 5703 1434 5756 Deus
1469 5708 1523 5755 et
1561 5701 1701 5758 idem
1744 5701 1933 5765 homo,
1969 5701 2019 5756 in
2126 5698 2494 5755 tantummodo
2530 5706 2590 5752 et
2623 5695 2994 5758 Pcntecostes,
3055 5695 3122 5747 ad
3167 5691 3267 5746 hoc
3317 5689 3387 5742 ab
3447 5681 3724 5754 apostolis
