4002 6204
317 357 431 414 3·ὖό

1120 352 1206 408 ΒΕ
1248 345 1686 407 ειειιιεοιιυιι
1730 341 2237 412 lNSTl'l‘UTlONE,
2279 333 2433 400 ETC.
2473 375 2542 384 —
2578 343 2706 400 LIB.
2747 343 2813 402 ll.

3485 354 3590 408 366

315 478 380 521 et
414 462 727 537 apostolicis
751 463 884 518 viris
931 461 1230 527 decretum,
1257 462 1500 516 Romana
1553 460 1787 516 custodit
1813 459 1909 514 Ec-
1935 462 1982 518 A
2011 456 2347 510 suetudinem
2377 456 2514 511 bene
2541 459 2769 513 mutavit
2798 458 3105 514 Christiana
3136 461 3351 534 religio,
3381 479 3504 520 cum
3534 483 3590 525 in

314 554 488 610 desis
512 572 526 607 :
552 568 676 622 quae
701 551 953 606 videlicet
977 552 1083 606 duo
1115 560 1354 620 tempora
1381 551 1448 605 ad
1478 551 1580 604 hoc
1605 558 1910 620 opportuna

312 657 468 709 esse,
513 643 720 699 Christi
749 643 962 697 Domini
1013 642 1184 697 nostri
1232 657 1260 694 a
1294 642 1521 696 mortuis
1561 642 1908 706 resurrectio,

313 743 383 788 et
405 731 641 802 Spiritus
684 730 854 787 sancti
905 745 1068 800 super
1117 731 1445 799 primitivum
1488 730 1786 786 Ecclesium
1817 730 1908 784 de—

316 823 496 878 clarat
525 824 808 877 adventus.
851 819 1161 891 Quicunque
1189 837 1310 890 ergo
1349 819 1449 891 (ait
1475 820 1784 889 Apostolus)
1816 819 1909 873 ba-

315 914 507 982 ptizati
547 929 732 966 sumus
778 912 834 964 in
863 908 1070 964 Christo
1097 909 1224 964 λεια
1263 910 1316 963 in
1345 919 1512 964 morte
1539 911 1706 980 ipsius
1736 909 1908 978 bapti-

317 1005 432 1058 ηιξ
469 1019 671 1065 sumus,
702 1011 810 1056 etc.
848 999 1021 1070 (Rom.
1051 999 1151 1071 vi}.
1198 999 1267 1054 Et
1295 998 1547 1055 Salvator
1580 1015 1907 1054 ascensurus

316 1095 379 1148 in
403 1089 625 1157 caelum,
651 1091 921 1161 Apostolis
942 1091 1078 1145 dixit
1100 1105 1115 1143 :
1135 1088 1368 1144 Joannes
1394 1091 1601 1160 quidem
1627 1089 1905 1159 baptizavit

316 1202 499 1250 aqua;
537 1201 624 1238 vos
662 1193 838 1237 autem
880 1182 1271 1252 baptizabimini
1313 1179 1515 1252 Spiritu
1557 1191 1760 1246 sancto,
1800 1198 1904 1236 non

314 1286 438 1346 post
465 1275 658 1330 multo:
682 1275 776 1329 llos
807 1275 918 1328 dies
943 1275 1083 1346 (Act.
1124 1273 1187 1345 l).

863 1363 1092 1420 CAPUT
1130 1363 1365 1418 XXXIII.

855 1455 931 1510 De
970 1453 1366 1524 Puriﬁcatione.

394 1543 794 1601 Purillcationis
829 1559 959 1618 ergo
1002 1546 1194 1600 matris
1240 1545 1454 1601 Domini
1500 1554 1731 1616 tempus,
1779 1555 1904 1618 post

311 1637 438 1691 dies
482 1636 834 1706 quadraginta
877 1651 908 1689 a
936 1637 1215 1691 nativitate
1259 1636 1376 1705 ejus
1421 1637 1744 1703 celebratur,
1773 1639 1900 1708 quia

311 1741 387 1782 ex
411 1728 546 1797 legis
570 1735 838 1797 praecepto
870 1727 975 1782 hoc
1011 1736 1222 1796 tempus
1251 1736 1510 1782 statutum
1537 1737 1618 1782 est
1642 1728 1900 1798 parienti-

2011 565 2196 604 mense
2245 550 2455 614 eodem,
2504 551 2590 605 die
2635 561 2835 606 sanctae
2886 552 3098 618 Mariae,
3149 555 3300 624 plebs
3335 558 3590 615 universa

2007 657 2130 696 cum
2183 643 2554 697 sacerdotibus
2590 658 2651 697 ac
2679 644 2960 709 ministris,
2991 646 3230 716 hymnis,
3270 649 3589 706 modulatio-

2007 732 2165 787 nibus
2203 733 2428 798 devotis,
2461 747 2557 802 per
2594 733 2871 798 ecclesias,
2916 749 3117 804 perque
3166 753 3401 808 congrua
3438 742 3588 799 urbis

2007 821 2124 875 loca
2156 823 2415 890 procedit,
2459 823 2722 893 datosque
2757 840 2788 877 a
2815 824 3070 894 pontiﬁce
3109 831 3284 882 cuncti
3316 845 3503 886 cereos
3529 832 3585 888 in

2006 913 2253 966 manibus
2277 922 2488 983 gestant
2517 916 2766 970 ardentes
2810 934 2823 969 :
2867 931 2973 970 non
3000 919 3187 989 utique
3219 920 3271 974 in
3312 921 3586 978 lustratio-

2006 1018 2129 1056 nem
2161 1005 2435 1059 terrestris
2476 1007 2683 1075 imperii
2723 1008 3145 1078 quinquennem,
3177 1013 3272 1066 sed
3312 1014 3363 1067 in
3390 1029 3584 1084 peren-

2004 1104 2128 1145 nem
2162 1095 2310 1162 regni
2342 1095 2582 1150 caelestis
2610 1097 2945 1163 memoriam,
2975 1099 3190 1169 quando
3234 1102 3387 1172 juxta
3425 1119 3585 1173 para-

2004 1182 2181 1238 bolam
2224 1185 2492 1256 virginum
2527 1188 2892 1256 prudentium,
2935 1205 3124 1246 omnes
3157 1191 3313 1248 electi
3357 1193 3583 1248 lucenti-

2003 1274 2105 1328 bus
2134 1275 2395 1329 bonorum
2415 1291 2636 1345 operum
2665 1278 3017 1348 lampadibus,
3048 1281 3261 1336 obviam
3290 1297 3490 1352 sponso
3515 1300 3580 1339 ac

2004 1367 2114 1436 regi
2145 1381 2243 1421 suo
2272 1367 2568 1432 venientes,
2596 1383 2717 1423 mox
2748 1385 2870 1424 cum
2901 1385 2965 1424 eo
2993 1370 3060 1424 ad
3087 1373 3303 1442 nuptias
3332 1389 3579 1443 superna:

2001 1455 2238 1512 civitatis
2266 1455 2561 1512 intrabunt.

2527 1548 2754 1605 CAPUT
2801 1549 3040 1605 XXXIV.

2000 1636 2079 1692 De
2105 1637 2517 1709 Septuagesima,
2555 1652 2603 1695 et
2642 1641 3001 1712 Sexagesima,
3032 1653 3080 1696 et
3109 1643 3571 1715 Quinquagesima.

2072 1729 2147 1784 De
2191 1727 2597 1799 Septuagesima
2643 1746 2857 1800 quoque
2897 1740 2950 1786 et
2994 1731 3361 1803 Sexagesima,
3411 1733 3581 1801 Quin-

315 1818 426 1872 hus
474 1818 706 1883 feminis,
737 1832 845 1888 quo
871 1817 1145 1888 puriﬁcari
1189 1819 1464 1874 deberent.
1515 1817 1789 1890 Scriptum
1815 1827 1901 1874 est
1930 1840 1974 1900 Β
2003 1821 2317 1889 quagesima
2363 1828 2524 1889 atque
2562 1821 3006 1893 Quadragesima,
3044 1837 3142 1877 cur
3171 1823 3434 1878 Dominici
3465 1825 3580 1880 dies

312 1909 470 1963 enim
519 1909 573 1963 in
615 1908 753 1964 libro
787 1909 1044 1975 Levitico,
1089 1909 1230 1980 quod
1263 1911 1520 1965 Dominus
1555 1924 1654 1980 per
1682 1909 1898 1983 Moysen

314 2002 663 2058 mandaverit
693 2003 878 2068 lsrael,
919 2012 980 2058 ut
1025 2003 1221 2058 mulier
1247 2020 1366 2073 qua:
1412 2005 1466 2058 in
1515 2014 1767 2073 suscepto
1815 2020 1899 2060 se-

312 2093 470 2148 mine
497 2101 712 2162 pareret
739 2093 1054 2159 masculum,
1077 2094 1351 2149 immunda
1379 2103 1524 2150 esset
1551 2105 1758 2165 septem
1787 2095 1899 2150 die-

313 2187 442 2251 bus,
475 2194 528 2241 et
558 2186 646 2241 die
673 2195 862 2242 octava
900 2188 1381 2243 circumcideretur
1417 2187 1744 2253 infantulus;
1785 2188 1901 2256 ipsa

317 2291 454 2331 vero
499 2278 720 2346 triginta
764 2289 997 2348 quatuor
1035 2279 1226 2335 diebus
1273 2287 1518 2336 maneret
1555 2280 1606 2334 in
1642 2280 1902 2347 sanguine

316 2367 720 2436 puriﬁcationis
769 2384 902 2425 suae.
961 2369 1132 2426 Omne
1176 2378 1419 2426 sanctum
1474 2385 1581 2425 non
1633 2378 1901 2441 tangeret,

319 2473 424 2512 nec
465 2457 844 2528 ingrederetur
890 2462 1288 2528 sanctuarium,
1339 2461 1508 2517 donec
1551 2461 1902 2532 implerentur

319 2546 441 2601 dies
464 2550 803 2618 purgationis
827 2551 963 2623 ejus.
1015 2545 1110 2606 Sin
1154 2559 1335 2607 autem
1373 2551 1626 2606 feminam
1665 2560 1902 2622 pareret,

322 2637 601 2694 immunda
641 2650 788 2696 esset
828 2643 1035 2700 duabus
1078 2642 1534 2707 hebdomadibus,
1582 2650 1639 2698 et
1674 2643 1905 2712 quadra-

321 2726 471 2795 ginta
508 2743 572 2783 ac
607 2729 780 2790 tribus
805 2732 994 2788 diebus
1024 2741 1266 2788 maneret
1293 2733 1347 2788 in
1373 2733 1632 2804 sanguine
1653 2733 1906 2803 puriﬁca-

322 2819 490 2873 tionis
517 2834 646 2876 suae.
685 2820 924 2893 Cumque
963 2824 1168 2894 impleti
1205 2834 1389 2880 essent
1416 2823 1532 2879 dies
1569 2825 1906 2896 purgationis

320 2908 463 2978 eius,
487 2927 586 2980 pro
611 2911 722 2969 tilio
745 2914 858 2969 sive
884 2913 992 2969 lilia
1023 2914 1257 2971 deferret
1280 2930 1478 2986 agnum
1509 2915 1818 2974 anniculum
1848 2917 1905 2971 in

322 2999 722 3068 holocaustum,
749 3010 805 3058 et
830 3004 1035 3074 pullum
1064 3004 1346 3073 columbae,
1371 3005 1488 3062 sive
1515 3015 1778 3062 turturem
1807 3022 1906 3077 pro

318 3100 567 3160 peccato.
600 3092 753 3160 Quod
790 3095 835 3148 si
873 3109 980 3150 non
1025 3097 1262 3166 potuerit
1303 3112 1502 3169 agnum
1552 3097 1768 3164 offerre,
1817 3113 1907 3153 su-

2000 1919 2126 1967 ante
2164 1913 2628 1983 quadragesimale
2671 1913 2935 1983 jejunium
2983 1915 3061 1970 sic
3101 1916 3458 1986 appellentur,
3500 1920 3578 1973 di-

2000 2017 2156 2058 versa
2200 2003 2491 2058 multorum
2537 2006 2722 2075 opinio
2759 2015 2875 2071 est;
2914 2014 2969 2060 et
3018 2008 3138 2062 ideo
3165 2008 3416 2071 maxime,
3451 2009 3576 2077 quia

2002 2091 2117 2162 ipsa
2142 2092 2416 2147 Dominica
2449 2109 2568 2163 qua:
2599 2091 3002 2165 Septuagesima
3054 2095 3270 2160 dicitur,
3298 2105 3580 2166 septuage-

2001 2183 2137 2238 sima
2163 2181 2278 2238 dies
2308 2191 2433 2238 ante
2458 2183 2664 2239 Pascha
2696 2185 2962 2253 reperitur
2983 2199 2998 2238 :
3023 2201 3124 2240 nec
3163 2200 3227 2240 ea
3257 2201 3377 2255 quae
3405 2185 3578 2241 Sexa-

2002 2271 2228 2341 gesima,
2259 2273 2668 2344 sexagenarium
2711 2289 2996 2328 numerum
3032 2273 3248 2344 plenum
3291 2275 3456 2331 habet
3493 2292 3574 2332 us-

2001 2376 2106 2430 que
2154 2362 2208 2416 in
2235 2363 2462 2418 Pascha.
2505 2363 2639 2418 Nam
2685 2365 2774 2421 alii
2821 2365 3136 2436 simpliciter
3179 2375 3403 2421 narrant
3438 2367 3578 2423 hanc

2001 2450 2255 2508 Ecclesia:
2283 2468 2402 2509 esse
2425 2456 2887 2522 consuetudinem,
2915 2465 2972 2512 et
2994 2455 3236 2512 Romana
3261 2459 3580 2516 auctoritate

2002 2541 2168 2596 ritum
2215 2542 2373 2612 hujus
2418 2545 2695 2616 religionis
2738 2561 2858 2602 esse
2903 2546 3197 2603 firmatum.
3244 2548 3351 2603 Alii
3397 2549 3583 2605 dicunt

2002 2633 2145 2703 quod
2192 2635 2582 2704 synecdochice
2620 2644 2788 2692 totum
2833 2637 3139 2693 habendum
3179 2639 3250 2694 sit
3272 2639 3494 2706 dictum,
3528 2640 3580 2695 id

2001 2738 2087 2784 est
2120 2731 2212 2786 ubi
2250 2730 2422 2800 major
2448 2733 2514 2788 de
2541 2733 2738 2788 minori
2780 2749 3007 2788 numero
3035 2734 3242 2788 dierum
3287 2733 3578 2799 invenitur,

2003 2829 2063 2874 ut
2099 2829 2182 2876 est
2209 2821 2615 2894 Septuagesima
2651 2839 2715 2879 ac
2746 2823 3116 2893 Sexagesima,
3171 2824 3226 2880 id
3270 2831 3355 2880 est
3395 2840 3426 2879 a
3467 2833 3581 2880 toto

2003 2921 2214 2982 partem
2275 2914 2498 2986 intelligi
2547 2916 2765 2971 debere.
2820 2915 2924 2972 Ubi
2972 2931 3102 2971 vero
3154 2917 3350 2982 minor,
3395 2925 3456 2972 ut
3499 2925 3582 2972 est

2003 3001 2444 3076 Quadragesima,
2482 3021 2513 3060 a
2552 3017 2706 3076 parte
2736 3015 2904 3063 totum
2932 3006 3156 3078 intelligi
3180 3018 3448 3078 oportere.
3476 3009 3580 3064 Alii

2005 3107 2219 3164 quoque
2259 3096 2443 3152 nescio
2469 3111 2698 3167 quorum
2745 3113 2846 3153 ore
2881 3097 3027 3153 ducti
3073 3107 3408 3164 asseverant,
3435 3099 3580 3169 quod

319 3191 499 3237 meret
522 3183 662 3240 duos
690 3192 929 3241 turtures
953 3187 1038 3243 vel
1065 3189 1199 3244 duos
1226 3187 1400 3259 pullos
1427 3188 1705 3256 columbae,
1733 3205 1900 3246 unum
1929 3191 1974 3254 C
2005 3183 2304 3241 Orientales
2328 3187 2508 3257 populi
2539 3202 2731 3244 novem
2751 3187 3136 3254 hebdomadas,
3162 3197 3218 3244 et
3237 3187 3409 3244 Graeci
3436 3197 3580 3254 octo,

321 3273 381 3328 in
417 3274 810 3343 holocaustum,
841 3286 896 3335 et
930 3279 1161 3335 alterum
1198 3294 1298 3350 pro
1337 3289 1582 3350 peccato,
1618 3291 1908 3352 oraretque

324 3379 427 3434 pro
453 3381 518 3423 ea
548 3367 824 3435 sacerdos,
859 3377 914 3424 et
952 3370 1032 3426 sic
1079 3371 1430 3431 mundaretur
1456 3369 1603 3442 (Leu.
1631 3370 1754 3443 xu).
1792 3371 1908 3428 liae

320 3471 454 3526 ergo
496 3458 568 3514 de
621 3473 786 3516 causa
831 3469 1032 3517 statuta
1076 3462 1132 3517 in
1174 3463 1413 3520 Ecclesia
1465 3463 1730 3520 festivitas
1767 3465 1906 3530 haec,

321 3548 451 3618 quia
497 3561 728 3608 matrem
764 3553 975 3610 Domini
1019 3558 1313 3613 secundum
1359 3557 1528 3625 legem
1579 3558 1634 3613 in
1678 3559 1782 3614 hac
1822 3559 1910 3614 die

323 3641 616 3696 constabat
642 3645 895 3715 purgari;
925 3645 1022 3701 sed
1056 3662 1162 3701 non
1197 3648 1340 3713 ideo,
1369 3649 1512 3718 quod
1542 3647 1718 3718 aliqua
1749 3648 1908 3720 legali

320 3735 646 3804 purgatione
677 3736 988 3807 indiguerit,
1019 3753 1140 3808 qua:
1162 3739 1446 3795 Dominum
1475 3741 1718 3810 gestabat
1751 3738 1904 3809 legis,

322 3826 420 3880 sed
450 3827 574 3896 quia
600 3825 757 3884 Iesus
798 3844 904 3885 non
943 3830 1092 3885 venit
1126 3830 1296 3902 legem
1333 3831 1560 3897 solvere,
1606 3831 1700 3886 sed
1739 3832 1911 3886 adim-

325 3913 498 3984 plere.
552 3911 712 3970 Venit
749 3931 878 3987 ergo
929 3929 1101 3973 mater
1135 3918 1343 3974 Domini
1403 3921 1470 3974 ad
1519 3919 1774 3990 templum
1826 3934 1912 3974 se-

323 4005 565 4060 cundum
603 4006 794 4078 legem,
828 4009 1031 4066 ducens
1072 4025 1254 4066 secum
1290 4027 1536 4082 puerum,
1570 4027 1633 4066 ac
1661 4009 1909 4066 deferens

327 4096 535 4152 hostias
573 4113 695 4168 quae
740 4099 826 4154 lex
865 4102 1141 4170 praecepit,
1173 4111 1233 4158 ut
1273 4103 1328 4158 in
1364 4103 1512 4158 nullo
1539 4104 1784 4173 patribus
1817 4102 1912 4157 lie-

323 4195 411 4240 ret
456 4187 758 4255 dissimilis,
790 4205 855 4245 ac
881 4189 1010 4246 illud
1040 4192 1094 4245 in
1124 4207 1182 4247 se
1204 4193 1379 4261 primo
1407 4193 1733 4255 ostenderet,
1764 4192 1908 4263 quod

323 4277 590 4348 scriptum
613 4288 729 4334 est:
755 4279 968 4346 Quanto
999 4299 1219 4352 magnus
1240 4301 1313 4348 es,
1337 4284 1557 4338 humilia
1580 4294 1629 4338 te
1662 4284 1716 4337 in
1743 4284 1912 4337 omni—

323 4368 642 4440 bus(Eccti.
673 4371 778 4443 ιιι).
826 4371 1025 4428 Obvios
1071 4375 1259 4429 habuit
1307 4375 1653 4446 grandaevum
1699 4371 1910 4429 Simeo-

323 4473 478 4523 nem,
509 4466 564 4513 et
588 4459 797 4515 Annam
829 4463 1120 4517 multorum
1161 4479 1423 4519 annorum
1449 4464 1686 4530 viduam,
1725 4472 1782 4520 et
1806 4478 1908 4519 cae-

2005 3284 2062 3330 et
2084 3276 2262 3331 Latini
2329 3285 2534 3348 septem
2572 3277 2821 3349 jejunare
2866 3277 3106 3344 soleant,
3147 3288 3202 3335 et
3240 3279 3310 3334 ob
3348 3278 3451 3335 hoc
3499 3280 3586 3335 his

2005 3369 2258 3425 omnibus
2283 3369 2510 3425 Alleluia
2539 3371 2762 3426 minime
2789 3370 2846 3425 in
2870 3370 3110 3427 Ecclesia
3136 3371 3320 3426 deberi
3349 3372 3582 3426 cantari.

2005 3459 2108 3516 Alii
2161 3461 2323 3516 etiam
2372 3476 2602 3531 quorum
2661 3461 2800 3516 ratio
2848 3475 2958 3530 prae
3005 3461 3218 3517 caeteris
3266 3460 3588 3516 laudabilior

2007 3551 2139 3605 mihi
2189 3566 2310 3606 esse
2349 3550 2581 3616 videtur,
2633 3551 2817 3608 dicunt
2865 3549 3330 3622 Septuagesimum
3381 3552 3584 3606 dictam

2006 3655 2128 3696 esse
2161 3651 2380 3712 propter
2403 3641 2588 3696 decem
2629 3641 3020 3707 hebdomadas,
3050 3657 3170 3712 qua:
3209 3650 3335 3696 sunt
3369 3641 3438 3695 ab
3469 3642 3586 3710 ipso

2009 3731 2095 3786 die
2123 3747 2293 3801 usque
2331 3733 2399 3788 ad
2441 3733 2684 3787 clausum
2707 3731 2948 3797 Paschaa,
2979 3747 3086 3801 quo
3113 3732 3200 3786 die
3235 3731 3354 3785 alba
3389 3731 3584 3785 tollun—

2009 3827 2097 3875 tur
2118 3822 2436 3876 vestimenta
2465 3838 2495 3876 a
2523 3836 2698 3892 nuper
2720 3821 3026 3890 baptizatis.
3057 3820 3224 3892 igitur
3248 3820 3302 3874 in
3329 3819 3586 3888 Apostolo

2007 3911 2270 3982 legimus:
2300 3911 2550 3982 Regnavit
2579 3927 2718 3966 mors
2757 3912 2822 3966 ab
2847 3912 3017 3965 Adam
3045 3927 3208 3980 usque
3253 3909 3321 3964 ad
3349 3909 3585 3978 Moysen,

2007 4011 2054 4056 et
2089 4003 2166 4056 sic
2199 4019 2360 4072 usque
2397 4003 2466 4055 ad
2504 4001 2691 4056 ultima
2732 4003 2860 4072 legis
2895 4019 3012 4073 qua:
3054 4017 3146 4072 per
3182 3999 3399 4070 Moysen
3437 4000 3586 4062 datu,

2007 4092 2236 4145 decurrit
2285 4092 2338 4145 in
2380 4089 2574 4146 Christi
2618 4091 2714 4146 Dei
2762 4092 2926 4146 nostri
2971 4101 3203 4161 tempora
3259 4087 3457 4162 (Rom.
3495 4087 3587 4157 v).

2007 4181 2179 4237 Porro
2208 4181 2610 4252 Sexagesimam
2651 4182 2775 4237 inde
2804 4181 2907 4236 dici
2935 4196 3116 4252 posse,
3141 4180 3266 4249 quia
3310 4180 3589 4248 sexaginta

2011 4274 2126 4328 dies
2169 4283 2295 4328 sunt
2340 4288 2509 4342 usque
2562 4273 2630 4327 ad
2685 4273 2919 4328 medium
2962 4271 3218 4336 Paschai,
3280 4271 3423 4340 quod
3485 4271 3593 4323 erit

2007 4363 2142 4418 feria
2170 4371 2360 4432 quarta
2389 4363 2654 4433 paschalis
2683 4363 3053 4418 hebdomadis.
3081 4360 3590 4430 Quinquagesimam

2009 4467 2140 4508 vero
2174 4454 2276 4507 rite
2300 4453 2497 4509 dictam
2526 4466 2668 4519 esse,
2695 4468 2760 4508 eo
2785 4453 2928 4523 quod
2958 4452 3051 4506 tali
3087 4466 3312 4506 numero
3341 4451 3590 4521 pervenit

319 4556 474 4604 teras
500 4564 761 4619 personas
789 4552 844 4606 in
870 4552 972 4608 hoc
999 4569 1154 4608 sacro
1188 4555 1492 4610 ministerio
1522 4554 1756 4618 ali‘uisse,
1787 4569 1907 4624 qum

2015 4558 2187 4612 usque
2217 4545 2270 4598 in
2307 4544 2448 4598 diem
2480 4553 2726 4600 sanctum
2756 4543 3186 4599 resurrectionis.
3210 4542 3593 4612 Quadragcna-

320 4639 722 4695 benedixerunt
765 4649 821 4696 et
847 4641 1282 4711 glorificaverunt
1312 4645 1502 4708 Deum,
1542 4653 1598 4699 et
1637 4644 1806 4699 multa
1843 4643 1910 4699 de

318 4744 391 4785 eo
432 4731 836 4797 vaticinavere,
897 4748 1050 4789 sacer
1087 4735 1362 4804 Evangelii
1411 4745 1592 4791 textus
1641 4735 1912 4790 luculento

320 4835 580 4876 sermone
605 4823 960 4878 demonstrat.
1012 4823 1093 4880 Ob
1140 4826 1278 4881 hanc
1307 4826 1504 4897 quippe
1548 4841 1766 4880 causam
1811 4840 1909 4880 ea-

321 4911 450 4967 dem
498 4911 765 4967 festivitas
806 4914 1080 4986 Hypante,
1116 4918 1344 4976 dri-mi),
1387 4925 1748 4984 nuncupatur,
1780 4917 1904 4986 quia

321 5003 599 5074 praedictae
625 5018 870 5073 personae
913 5007 978 5059 ad
1029 5006 1282 5076 templum
1315 5006 1528 5060 ohviam
1567 5005 1782 5059 Christo
1818 5006 1912 5060 ad-

325 5102 616 5157 venerunt,
650 5095 843 5149 devoto
873 5095 1035 5149 corde
1060 5104 1114 5150 ct
1141 5095 1422 5164 obsequio,
1446 5094 1720 5164 hypantao
1764 5095 1910 5148 enim

323 5179 522 5237 (ἔτ-ποθ
550 5198 801 5239 sermone
838 5188 1085 5241 ὐπαντάω
1115 5186 1332 5250 dicitur,
1364 5185 1507 5254 quod
1541 5185 1701 5240 obvio
1724 5184 1914 5240 Latine

326 5271 736 5340 interpretatur.
771 5273 865 5328 Est
891 5289 1106 5344 quoque
1137 5274 1406 5329 festivitas
1431 5274 1546 5328 hazc
1577 5271 1916 5327 Pnrilicatio-

323 5361 416 5416 nis
464 5361 754 5432 incipiente
793 5363 1090 5419 Februario
1142 5379 1348 5428 mense,
1378 5363 1469 5432 qui
1513 5377 1544 5416 a
1589 5361 1822 5426 Februo,
1861 5361 1914 5416 id

322 5463 432 5519 est,
483 5453 735 5520 Plutone,
775 5457 867 5525 qui
923 5456 1302 5512 lustrationum
1354 5466 1546 5526 potens
1594 5470 1622 5508 a
1670 5454 1919 5525 gentibus

320 5545 672 5610 credebatur,
715 5547 791 5601 ita
832 5556 1056 5603 vocatus
1096 5558 1212 5614 est,
1259 5547 1589 5616 lustrarique
1629 5561 1694 5600 eo
1731 5561 1917 5602 mense

323 5634 470 5702 apud
497 5633 772 5691 Romanos
807 5637 1080 5694 civitatem
1124 5636 1454 5692 consuetudo
1496 5645 1636 5698 erat,
1689 5645 1747 5688 ut
1766 5633 1914 5702 justa

319 5722 440 5781 diis
465 5724 711 5781 Manibus
752 5726 1106 5785 solverentur.
1150 5729 1259 5784 Sed
1299 5727 1438 5782 hanc
1477 5726 1737 5781 lustrandi
1783 5743 1913 5782 cuu-

2016 4637 2157 4691 rinm
2197 4639 2359 4693 etiam
2403 4653 2688 4694 numerum
2736 4638 2811 4696 ita
2867 4638 2937 4694 ibi
2972 4639 3226 4708 positum,
3276 4638 3421 4708 quod
3471 4653 3595 4691 cum

2020 4726 2300 4782 Dominiea
2351 4742 2449 4782 sua
2495 4737 2789 4783 concurrat
2828 4728 2894 4782 ad
2945 4727 3231 4798 mysticum
3251 4726 3458 4781 Pascha
3493 4723 3598 4780 lle-

2018 4815 2308 4880 braeorum,
2338 4816 2481 4885 quod
2507 4817 2768 4872 Dominus
2805 4825 2988 4871 noster
3013 4813 3168 4870 Jesus
3197 4815 3447 4870 Christus
3473 4829 3596 4868 cum

2016 4904 2295 4973 discipulis
2337 4906 2451 4960 suis
2495 4906 2828 4971 celebravit,
2874 4914 2929 4961 et
2971 4921 3072 4961 nos
3105 4906 3336 4961 dicimus
3375 4905 3597 4960 Coenam

2022 4993 2256 5048 Domini.
2286 4993 2392 5049 Sed
2419 4995 2536 5050 hmc
2559 4995 2740 5049 omnia
2777 5011 2876 5050 nos
2906 4997 2980 5051 ita
3009 4995 3098 5051 hic
3129 4996 3428 5066 posuimus,
3459 4993 3599 5048 sicut
3667 4983 3669 4988 ’

2020 5085 2074 5139 in
2122 5085 2350 5140 aliorum
2399 5087 2561 5141 dictis
2607 5087 2691 5141 vel
2736 5089 2950 5157 scriptis
2991 5087 3371 5156 comperimus,
3407 5084 3596 5138 lectori

2019 5180 2162 5233 viam
2205 5179 2418 5244 dantes,
2465 5181 2511 5235 si
2551 5197 2671 5252 quae
2713 5182 2962 5236 veracius
3001 5190 3056 5235 et
3099 5177 3472 5234 rationabilius
3499 5185 3597 5231 ex:

2021 5269 2220 5338 quisita
2271 5269 2556 5336 invenerit,
2605 5271 2871 5326 obtinere.
2932 5269 3234 5324 Notandum
3285 5275 3462 5320 tamen
3491 5276 3596 5332 est,

2022 5359 2164 5428 quod
2194 5375 2223 5413 a
2252 5358 2706 5431 Quiuquagesima
2730 5359 2987 5430 jejunium
3047 5358 3282 5426 incipere
3320 5355 3460 5424 apud
3487 5355 3597 5410 Ro-

2022 5464 2214 5504 manos
2239 5449 2602 5520 Telesphorus
2649 5465 2790 5522 smpe
2841 5457 3175 5504 memoratus
3222 5461 3360 5518 papa
3398 5446 3601 5501 consti-

2025 5541 2163 5595 tuit:
2197 5550 2255 5595 ut
2292 5557 2389 5612 per
2422 5551 2627 5611 septem
2675 5540 3040 5597 hebdomadas
3074 5547 3202 5594 ante
3227 5538 3431 5592 Pascha
3479 5551 3584 5592 cor~

2022 5647 2123 5702 pus
2156 5630 2378 5700 jejuniis
2418 5635 2763 5704 castigemus,
2803 5633 2925 5703 quia
2959 5631 3094 5686 alias
3122 5639 3326 5691 sentem
3355 5639 3478 5700 post
3501 5628 3601 5683 Pa-

2021 5721 2150 5776 scha
2209 5738 2376 5793 usque
2436 5723 2489 5777 in
2539 5723 2888 5778 Pcutecosten
2915 5763 2930 5790 ,
2977 5723 3029 5778 in
3077 5721 3264 5777 lmtitia
3308 5735 3338 5775 a
3376 5718 3596 5790 jejuniis
