1997 3098
220 163 275 192 547

541 165 571 193 Β.
592 165 720 193 BABANI
740 165 849 194 MAURI
868 164 991 193 ARCHIE

1052 165 1207 196 MOGUNT.
1227 167 1372 196 ορΕιιωί
1392 167 1483 197 ΡΛΒὸ
1501 168 1522 197 ι.

1798 175 1856 204 568

219 223 343 251 relaxare
366 227 500 257 volumus,
515 228 544 251 ut
567 224 686 259 priorem
706 225 955 260 quinquagesimam
979 224 1006 252 in
1021 228 1045 257 Α
1058 225 1182 258 habetur,
1208 226 1272 261 quia
1292 227 1319 254 i-n
1334 234 1368 254 eo
1382 226 1426 254 die
1442 226 1567 256 Christus
1581 230 1742 265 mysterium
1761 233 1855 261 eratis

218 268 384 304 plenitudine
393 272 565 303 peccatorum
581 273 734 297 nostrorum
747 270 886 304 exigamus
901 270 935 297 ad
944 277 1006 305 pro—

217 313 374 342 merendam
397 313 621 346 misericordiam,
644 318 671 341 et
695 314 722 341 in
745 315 862 341 secunda
883 313 1008 341 laudibus

217 362 245 386 et
257 358 425 386 orationibus
439 366 548 394 operam
571 359 677 391 dantes,
693 360 850 388 Studeamus
864 359 1006 395 pervenire

217 404 250 432 ad
266 405 427 440 promissam
439 403 557 439 Spiritus
572 406 657 432 sancti
674 406 799 440 gratiam.

490 449 605 477 CAPUT
623 450 731 478 XXXV.

465 494 502 521 De
521 495 564 522 die
584 495 752 523 Palinurum.

249 541 312 568 Dies
326 541 478 576 palmarum
491 541 551 569 ideo
566 542 729 573 celebratur,
746 542 807 576 quia
823 542 849 569 in
864 549 896 569 eo
911 542 1002 568 Domi-

213 594 264 614 nus
280 591 308 614 et
320 586 445 614 Salvator
458 591 561 619 noster,
577 587 647 614 sicut
658 588 790 622 propheta
807 587 914 618 cecinit,
925 586 1003 613 Jeru-

212 632 295 660 salem
323 633 446 665 tendens,
476 641 556 667 supcr
576 633 688 660 asellum
710 634 810 660 sedisse
834 633 1000 668 perhibetur.

212 677 287 705 Tunc
307 678 432 712 gradiens
446 685 506 704 cum
526 679 607 705 ramis
625 678 775 712 palmarum
792 677 933 704 multitudo
947 678 1002 711 ple-

210 723 284 750 bium
298 723 405 750 obviam
421 723 455 754 ci,
468 723 653 750 clamaverunt
665 732 670 749 :
689 722 816 749 "osanna
829 722 838 748 !
854 722 1001 749 benedictus

209 769 253 804 qui
268 769 335 796 venit
350 770 377 795 in
391 769 494 796 nomine
507 768 612 795 Domini
633 776 678 795 rex
694 768 777 796 Israel
801 767 908 804 (Matth.
931 767 998 802 xxt).

208 814 237 841 ln
266 815 349 841 ramis
373 814 446 842 enim
472 814 623 849 palmarum
647 814 851 849 significabatur
876 814 999 845 victoria,

208 866 261 894 qua
281 864 340 886 erat
362 859 491 887 Dominus
513 864 626 887 mortem
650 860 789 886 moriendo
804 862 998 894 superaturus:

1057 269 1185 304 explevit,
1197 274 1308 306 propter
1319 271 1391 306 quod
1403 276 1516 299 venerat
1530 271 1557 300 in
1579 273 1651 301 hunc
1662 276 1803 310 mundum,
1819 281 1856 305 It

1056 314 1103 348 qui
1117 314 1188 350 ligno
1201 316 1323 350 percussi
1337 315 1476 344 fueramus
1489 318 1516 344 in
1534 317 1631 351 Adam,
1647 326 1742 348 rursus
1755 329 1806 357 per
1816 322 1855 350 lia

1055 359 1101 394 gni
1112 360 1270 395 mysterium
1284 368 1452 388 sanaremur.
1469 360 1554 397 Hujus
1568 363 1641 390 enim
1654 372 1734 392 causa
1752 366 1855 394 trium-

1055 402 1113 437 phi,
1129 403 1245 431 humana
1258 404 1393 439 pusillitas
1406 404 1515 433 Christo
1533 415 1584 442 per
1596 415 1704 436 omnem
1717 411 1852 439 mundum

1054 448 1239 477 celebritatem
1250 457 1368 477 annuam
1382 451 1495 485 praebet,
1519 459 1568 487 pro
1588 460 1621 480 eo
1634 454 1705 488 quod
1722 455 1853 491 dignatus

1054 499 1096 521 est
1112 495 1243 530 sanguine
1260 496 1395 530 passionis
1418 504 1475 524 sua:
1499 498 1627 526 mulum
1652 500 1797 535 redimere,
1818 506 1853 529 et

1054 543 1195 573 peccatum
1208 540 1355 575 undi-per
1363 548 1473 569 crucem
1479 548 1568 570 morte
1577 543 1682 571 devicta
1695 545 1849 579 absolvere,

1054 584 1129 618 Cujus
1141 585 1250 619 quidem
1263 586 1352 613 crucis
1365 586 1494 620 iniuriam
1506 595 1560 615 non
1581 589 1693 623 pertulit
1711 591 1756 618 itla
1778 592 1851 620 divi-

1054 630 1146 656 nitatis
1159 631 1319 663 substantia,
1335 632 1380 658 sed
1391 632 1447 658 sola
1460 638 1592 667 susceptis
1609 635 1785 664 humanitatis
1800 645 1850 664 na-

1053 679 1123 702 tura.
1136 675 1228 702 Passio
1240 677 1310 703 enim
1327 678 1448 712 corporis
1461 677 1527 711 fuit;
1540 679 1668 707 divinitas
1679 688 1742 708 vero
1751 690 1849 710 exsors

1054 720 1157 754 injuria:
1169 721 1276 748 mansit.
1289 721 1434 757 Tripartita
1445 727 1534 750 autem
1547 725 1615 751 ratio
1629 725 1775 753 Dominicte
1787 735 1851 762 pas-

1052 767 1135 793 sionis
1150 767 1310 794 ostenditur.
1322 768 1413 795 Prima
1424 769 1514 804 itaque
1527 777 1606 798 causa
1618 775 1670 803 est,
1682 776 1711 798 ut
1721 772 1848 801 Christus

1052 819 1101 845 pro
1118 815 1193 838 reatu
1207 812 1297 838 mundi
1313 813 1461 848 redemptio
1475 814 1594 846 daretur,
1610 815 1713 843 scilicet
1727 820 1756 844 ut
1777 824 1848 851 quos

1052 863 1162 891 serpens
1185 856 1361 884 absorbuerat
1387 863 1542 891 evomerct,
1569 864 1596 886 et
1622 860 1740 894 ιιι-κάδω
1761 869 1847 896 quam

208 909 236 932 et
248 909 349 940 tropmo
365 906 465 937 crucis,
481 906 514 932 de
533 905 638 932 diabolo
656 906 751 932 mortis
763 905 884 939 principe
898 905 995 931 trium-
1012 899 1034 928 Β
1050 902 1156 928 tenebat
1172 902 1320 935 amitteret,
1336 911 1390 930 non
1408 905 1527 938 potentia
1541 904 1637 937 victus.
1658 906 1706 933 sed
1715 907 1821 941 justitia
1838 916 1845 934 :

206 950 347 985 phaturus.
364 950 392 977 ln
407 951 489 977 asello
504 955 593 977 autem
611 958 692 985 super
703 958 782 985 quem
795 950 911 977 sedendo
923 949 999 977 iero-

206 995 336 1031 solymam
349 996 433 1028 venit,
449 996 585 1023 indicabat
597 997 731 1031 simplicia
738 997 819 1024 corda
827 996 996 1032 gentilitatis,

205 1048 287 1075 quam
301 1041 469 1075 pra'sidcndo
483 1046 563 1076 atque
588 1043 713 1076 regendo,
734 1042 899 1076 perducebat
914 1042 946 1068 ad
960 1041 998 1068 vi-

204 1087 308 1115 sionem
324 1088 408 1122 paeis.
425 1087 482 1115 Hoc
498 1092 586 1114 autem
609 1089 651 1115 die
671 1087 827 1123 Symbolum
843 1092 998 1122 competent-

204 1132 275 1160 tibus
294 1133 421 1165 traditur,
441 1138 551 1168 propter
569 1133 700 1161 conﬁnem
721 1133 867 1161 Dominictc
887 1133 997 1160 Paselne

203 1179 412 1210 solemnitatem,
432 1184 461 1207 ut
484 1180 528 1215 qui
551 1180 584 1207 ad
604 1181 649 1207 Dei
666 1180 781 1215 gratiam
795 1179 995 1214 percipiendam

202 1223 341 1257 festinant,
360 1224 439 1252 ﬁdem
451 1233 532 1260 quam
548 1225 710 1252 conﬁtentur
724 1229 881 1259 agnoscant.
896 1224 997 1259 Vulgus

202 1274 292 1297 autem
306 1270 366 1296 ideo
381 1278 442 1297 eum
459 1270 530 1297 diem
549 1270 736 1305 capitularium
752 1274 838 1301 vocat,
853 1270 915 1304 quia
933 1274 996 1296 tunc

202 1315 286 1342 moris
297 1319 335 1342 est
351 1315 458 1342 lavandi
476 1316 563 1350 capita
578 1315 721 1342 infantium
732 1315 777 1350 qui
794 1315 910 1351 ungendi
921 1319 994 1346 sunt,

201 1367 235 1387 ne
249 1358 318 1387 forte
342 1360 531 1387 observatione
554 1359 774 1395 Quadragesimae
795 1359 933 1387 sordidata
959 1359 993 1385 ad

200 1404 354 1432 unctionem
376 1406 546 1433 accederent.
612 1399 622 1405 Χ

465 1450 580 1478 CAPUT
605 1450 725 1478 XXXVI.

458 1495 496 1522 De
515 1495 593 1522 Cwna
618 1496 735 1522 Domini.

233 1539 315 1568 Cena
330 1540 435 1567 Domini
452 1541 509 1568 haec
530 1547 572 1568 est
586 1540 651 1568 feria
664 1542 759 1576 quinta
772 1541 874 1568 ultima:
890 1541 991 1567 hebdo-

1050 954 1103 973 non
1115 947 1305 979 dominatione,
1320 948 1367 976 sed
1381 950 1495 976 ratione.
1513 950 1635 978 Secunda
1650 959 1732 979 causa
1745 957 1798 985 est,
1812 957 1848 980 ut

1049 993 1184 1020 secuturis
1197 993 1350 1022 hominibus
1371 995 1432 1022 vitta
1456 996 1641 1030 magisterium
1666 997 1845 1032 praeberetur.

1048 1037 1177 1064 Ascendit
1202 1039 1273 1065 enim
1296 1039 1323 1066 in
1349 1047 1457 1067 crucem
1481 1041 1614 1073 Christus,
1636 1047 1666 1069 ut
1687 1044 1765 1071 nobis
1777 1052 1845 1079 pas-

1048 1083 1132 1110 sionis
1156 1088 1183 1110 et
1200 1085 1409 1113 resurrectionis
1430 1086 1563 1120 praeberet
1588 1088 1760 1123 exemplum:
1777 1097 1843 1124 pas-

1047 1128 1130 1155 sionis
1147 1129 1180 1155 ad
1202 1129 1360 1157 ﬁrmandam
1378 1131 1552 1165 patientiam;
1573 1134 1793 1167 resUrrectionis,
1808 1136 1842 1163 ad

1047 1174 1217 1202 excitandam
1229 1184 1320 1210 spem;
1335 1181 1365 1203 ut
1384 1177 1452 1204 duas
1466 1178 1535 1205 vitas
1547 1179 1625 1206 nobis
1644 1180 1801 1207 ostenderet
1811 1181 1842 1209 in

1047 1227 1145 1246 carne:
1159 1228 1239 1247 unam
1255 1221 1428 1254 laboriosam,
1449 1223 1561 1250 alleram
1576 1224 1692 1251 beatam.
1708 1224 1840 1252 Laborio-

1047 1274 1103 1293 sam
1118 1275 1197 1301 quam
1216 1268 1331 1295 tolerare
1345 1268 1483 1301 debemus,
1501 1269 1608 1296 beatam
1622 1277 1704 1304 quam
1727 1277 1842 1305 sperare

1046 1312 1184 1340 debemus.
1210 1313 1300 1340 Tertia
1321 1321 1403 1341 causa
1426 1318 1466 1342 est
1491 1320 1624 1349 susceptis
1637 1316 1735 1349 crucis,
1749 1320 1781 1343 ut
1795 1323 1842 1344 su-

1045 1359 1127 1393 perba
1148 1359 1238 1386 smculi
1252 1364 1280 1386 et
1293 1359 1382 1386 inflata
1398 1360 1527 1394 sapientia
1551 1368 1599 1395 per
1611 1362 1701 1389 entcis
1715 1361 1839 1394 stultam,

1046 1407 1075 1430 ut
1088 1407 1208 1438 putatur,
1234 1404 1454 1439 prmdicationem
1477 1404 1616 1432 humiliata
1633 1411 1784 1438 corrueret,
1807 1411 1841 1434 ut

1045 1453 1150 1482 pateret
1167 1449 1193 1476 id
1207 1450 1279 1484 quod
1301 1450 1412 1477 stultum
1428 1450 1474 1477 Dei
1494 1455 1535 1477 est
1555 1455 1657 1485 quanto
1669 1451 1704 1478 sit
1718 1451 1841 1479 homini-

1045 1494 1094 1521 bus
1107 1495 1254 1528 sapientius
1268 1499 1295 1521 ct
1310 1495 1380 1529 quod
1402 1495 1538 1522 infirmum
1553 1495 1600 1522 Dei
1613 1499 1666 1528 est,
1686 1500 1788 1531 quanto
1800 1496 1840 1524 sit

1046 1539 1141 1566 fortius
1155 1544 1208 1567 tota
1226 1541 1363 1568 hominum
1379 1541 1545 1569 fortitudine.
1569 1542 1654 1570 Docet
1664 1547 1756 1570 autem
1769 1550 1839 1578 apo-

198 1585 286 1613 madis
308 1583 527 1620 Quadragcsinne
547 1586 654 1620 quando
674 1574 806 1613 Dominus
826 1589 854 1613 et
868 1585 992 1612 Salvator
1008 1574 1029 1605 (ἶ
1046 1585 1130 1612 stolus
1146 1585 1244 1613 Paulus
1267 1586 1431 1613 illuminatos
1451 1594 1500 1614 nos
1514 1587 1612 1615 debere
1634 1587 1728 1615 oculos
1746 1574 1837 1616 cordia

197 1634 291 1657 roster
302 1634 362 1665 post
375 1631 493 1665 typicum
510 1630 573 1657 illud
587 1630 689 1657 Pascha
706 1630 879 1664 completum,
896 1630 928 1656 ad
943 1637 990 1656 ve-

197 1680 257 1702 rum
269 1675 372 1702 Pascha
387 1676 531 1707 transiens,
544 1676 702 1711 mysterium
712 1676 834 1710 corporis
845 1680 872 1702 et
883 1675 990 1711 sangui-

195 1721 239 1748 nis
252 1721 294 1749 sui
315 1722 431 1756 primum
447 1722 575 1757 apostolis
591 1722 710 1754 tradidit,
735 1722 844 1756 quando
861 1727 921 1756 post.
943 1729 988 1748 sa-

195 1770 335 1793 cramenta
347 1766 468 1793 ctelestia
484 1767 631 1801 discipulus
646 1766 726 1793 fallax
746 1770 774 1793 et
787 1766 908 1800 proditor
928 1773 989 1800 pre-

196 1810 263 1837 tium
278 1818 293 1838 a
307 1810 406 1838 ludatis
421 1811 535 1846 accepit,
551 1816 579 1838 et
600 1811 702 1838 Christi
718 1811 875 1846 sanguinem
899 1810 990 1837 vendi-

194 1856 243 1884 dit.
260 1855 300 1883 Eo
320 1856 402 1883 etiam
420 1857 463 1884 die
483 1856 609 1884 Salvator
624 1865 738 1892 surgens
753 1865 768 1884 a
793 1865 881 1888 coena,
906 1857 987 1891 pedes

193 1901 386 1936 discipulorum
402 1901 477 1934 lavit,
488 1906 600 1937 propter
614 1902 773 1929 humilitatis
788 1902 901 1929 fortnam
914 1909 987 1928 cont-

194 1946 383 1979 mendandam,
397 1955 478 1982 quam
492 1947 640 1974 docendam
662 1952 784 1979 venerat,
806 1948 876 1974 sicut
889 1951 916 1974 et
930 1947 987 1982 ipse

191 1996 390 2028 consequenter
402 1993 526 2028 exposuit
541 2002 547 2020 :
570 1994 641 2028 quod
659 1994 741 2021 etiam
757 1994 863 2021 dicebat
878 1992 987 2028 potissi-

192 2046 267 2065 mum
293 2042 323 2065 ut
341 2037 412 2066 facto
438 2039 548 2066 doceret
571 2040 644 2074 quod
667 2040 814 2067 observare
840 2039 986 2073 discipulos

192 2087 381 2118 prtemoncret.
398 2083 465 2111 Hinc
479 2088 522 2111 est
541 2084 613 2119 quod
632 2084 727 2111 eodem
748 2084 792 2111 die
805 2083 900 2110 altaria
915 2087 985 2110 tem-

192 2127 240 2163 pli,
255 2128 372 2163 parietes
392 2132 418 2155 et
431 2131 585 2163 pavimenta
607 2129 742 2162 lavantur,
759 2136 876 2164 vasaque
893 2128 986 2163 puriﬁ-

192 2178 299 2205 cantur,
314 2181 374 2208 qum
385 2178 448 2200 sunt
460 2174 575 2201 Domino
582 2178 750 2202 consecrata.
759 2174 817 2207 Quo
824 2175 867 2201 die
874 2174 986 2208 proinde

192 2219 275 2246 ctiam
289 2223 413 2246 sanetum
426 2220 545 2247 chrisma
557 2220 709 2252 conﬁcitur,
723 2220 785 2255 quia
800 2225 862 2247 ante
874 2220 984 2247 biduum

1043 1630 1151 1662 habere,
1167 1630 1201 1657 ad
1219 1631 1418 1666 intelligendum
1438 1639 1498 1667 qutc
1511 1633 1549 1660 sit
1563 1632 1677 1661 latitudo
1689 1633 1788 1667 crucis,
1808 1638 1839 1662 et

1042 1675 1189 1710 longitudo,
1203 1681 1230 1703 et
1245 1676 1358 1704 altitudo
1378 1683 1405 1705 et
1420 1678 1592 1712 profundum.
1605 1677 1703 1707 Crucis
1718 1679 1838 1707 {aliunde

1040 1725 1083 1748 est
1104 1726 1287 1749 transversum
1314 1722 1415 1758 lignum
1441 1730 1495 1757 quo
1518 1724 1701 1752 extenduntur
1724 1731 1837 1753 manus.

1041 1766 1192 1802 Longitudo
1212 1775 1227 1794 a
1243 1768 1385 1795 latitudine
1403 1769 1529 1796 deorsum
1556 1777 1645 1804 usque
1664 1770 1698 1798 ad
1720 1774 1838 1798 terram.

1039 1811 1168 1844 Altitudo,
1183 1812 1217 1840 ab
1231 1812 1372 1841 altitudine
1388 1822 1494 1842 sursum
1510 1815 1544 1842 ad
1562 1819 1653 1850 caput.
1665 1814 1837 1843 Profundum

1039 1863 1104 1884 vero
1122 1857 1194 1891 quod
1216 1861 1296 1885 terra:
1317 1859 1428 1885 inﬁxum
1447 1859 1632 1888 absconditur.
1655 1858 1760 1887 Dicitur
1783 1859 1840 1887 lto-

1039 1901 1104 1928 mini
1119 1910 1125 1927 :
1145 1901 1216 1928 Tolle
1233 1910 1336 1929 crucem
1351 1907 1424 1930 tuam
1444 1909 1468 1930 et
1489 1912 1595 1939 sequere
1608 1912 1660 1932 nte.
1680 1907 1750 1934 Dum
1763 1902 1842 1932 enim

1038 1948 1177 1975 cruciatur
1191 1955 1264 1979 caro,
1286 1955 1347 1974 cum
1368 1948 1568 1976 mortiﬁcantur
1593 1949 1714 1976 membra
1734 1952 1834 1976 ιιοσιη

1037 2001 1119 2028 super
1145 1997 1258 2025 terram,
1288 1992 1442 2025 fornicatio,
1468 1993 1648 2025 immunditia,
1672 1991 1780 2021 luxuria
1804 1997 1837 2020 et

1036 2043 1146 2072 caetera,
1164 2039 1282 2073 dumque
1294 2039 1414 2067 exterior
1428 2040 1510 2067 homo
1523 2038 1716 2073 corrumpitur,
1736 2042 1767 2066 ut
1787 2037 1835 2066 in—

1038 2084 1120 2112 terior
1138 2089 1283 2112 renovetur
1301 2085 1334 2112 de
1354 2084 1397 2112 die
1413 2085 1439 2112 in
1456 2085 1539 2117 diem,
1563 2084 1654 2118 passio
1671 2086 1714 2111 est
1727 2082 1832 2111 crucis.

1036 2130 1070 2157 Et
1085 2131 1142 2158 hare
1163 2130 1273 2165 quidem
1286 2130 1349 2158 dum
1365 2131 1419 2158 sint
1439 2130 1509 2157 bona
1523 2136 1616 2164 opera,
1631 2132 1723 2157 tamen
1739 2128 1834 2156 adhuc

1036 2174 1180 2208 laboriosa,
1194 2183 1309 2210 quorum
1325 2182 1429 2202 merces
1440 2174 1549 2209 requies
1561 2177 1614 2201 est.
1629 2172 1748 2208 Ideoque
1761 2172 1832 2200 dici-

1037 2225 1081 2247 tur
1095 2229 1139 2255 spe
1150 2221 1302 2255 gaudentes,
1316 2224 1347 2247 ut
1366 2220 1517 2255 cogitantes
1531 2219 1637 2247 scilth
1647 2217 1772 2253 requiem
1785 2216 1833 2245 [ιι-

192 2263 313 2296 Paschte,
334 2263 417 2291 Maria
440 2269 520 2299 caput.
544 2272 576 2291 ac
601 2265 683 2299 pedes
712 2265 818 2292 Domini
848 2270 984 2299 unguento
997 2264 1024 2293 D
1037 2271 1137 2298 turam,
1149 2273 1210 2293 cum
1225 2265 1361 2293 hilaritate
1382 2269 1409 2292 et
1424 2264 1562 2292 laboribus
1573 2271 1728 2300 operemur.
1750 2261 1832 2291 Hane

192 2310 343 2347 per-fudisae
364 2311 530 2346 perhibetur.
555 2310 631 2338 Unde
651 2315 678 2337 et
694 2310 825 2337 Dominus
843 2311 984 2345 discipulis

192 2357 249 2385 suis
270 2356 356 2384 dixit:
376 2355 453 2384 Scitis
476 2357 538 2391 quia
558 2361 614 2391 post
638 2356 745 2383 biduum
772 2355 872 2383 Pascha
891 2356 946 2390 ﬁet,
960 2362 984 2383 ct

191 2401 263 2437 ﬁlius
283 2402 395 2429 hominis
411 2402 528 2429 tradetur
547 2406 576 2428 ut
589 2402 760 2437 crucifigatur
775 2401 881 2437 (Matth.
898 2402 982 2437 xxw).

191 2449 292 2477 Eodem
313 2450 395 2477 etiam
406 2449 450 2476 die
463 2449 544 2485 (sicut
556 2457 636 2484 supra
654 2449 833 2485 ostendimus)
848 2448 983 2484 poeniten-

192 2502 234 2525 tes
251 2498 470 2529 reconciliantur,
484 2498 548 2532 quia
563 2497 665 2525 scilicet
685 2497 742 2531 ipsa
761 2497 803 2524 die
823 2504 875 2531 qua
888 2503 982 2523 sacra-

192 2546 282 2569 menta
302 2541 424 2577 corporis
444 2546 471 2569 et
485 2541 625 2578 sanguinis
646 2541 688 2569 sui
713 2541 844 2569 Dominus
865 2541 983 2576 primum

191 2588 320 2621 confecit,
348 2595 379 2616 ac
405 2588 543 2623 discipulis
575 2589 632 2616 suis
657 2587 830 2624 percipienda
861 2586 981 2618 tradidit,

190 2632 330 2667 oportebat
345 2632 377 2660 ad
394 2633 450 2660 hate
467 2634 628 2661 resumenda
642 2634 805 2668 poenitentes
825 2636 982 2659 restauren-

191 2682 236 2704 tur
254 2686 260 2704 :
277 2685 310 2705 eo
323 2677 448 2705 videlicet
467 2683 598 2713 tempore,
618 2685 672 2712 quo
698 2678 809 2713 sanguis
829 2677 930 2705 Christi
954 2677 980 2705 in

191 2722 377 2751 remissionem
390 2723 510 2751 omnittm
528 2722 603 2750 fusus
616 2727 658 2749 est
670 2728 852 2757 peccatorum.

454 2767 569 2796 CAPUT
588 2767 718 2795 XXXVII.

475 2813 514 2840 De
540 2812 694 2841 Parasccvc.

216 2856 375 2892 Parasceve,
388 2857 476 2892 idest,
488 2863 563 2887 sexta
575 2859 689 2893 sabbati,
702 2858 762 2887 ideo
773 2859 800 2887 in
811 2858 980 2888 solemnitate

1017 2324 1019 2326 -
1036 2312 1200 2339 hilaritatem
1224 2311 1358 2346 significat
1380 2311 1469 2338 crucis
1489 2310 1603 2338 latitudo
1627 2310 1654 2338 in
1669 2313 1833 2338 transverso

1036 2357 1117 2390 ligno,
1143 2357 1188 2384 ubi
1210 2357 1328 2392 figuntur
1349 2363 1459 2388 manus;
1480 2363 1532 2390 per
1554 2363 1650 2383 manus
1663 2355 1737 2384 enim
1757 2361 1831 2389 opus

1035 2403 1207 2438 intelligitur;
1235 2411 1283 2438 per
1307 2402 1496 2435 latitudinem,
1521 2401 1645 2429 hilaritas
1669 2399 1830 2435 operam,

1036 2450 1097 2482 quia
1112 2449 1220 2476 tristitia
1241 2449 1304 2475 facit
1324 2448 1472 2483 angustias.
1493 2447 1580 2475 Porro
1593 2453 1641 2481 per
1655 2445 1831 2474 altitudinem

1035 2494 1124 2521 crucis
1138 2494 1181 2521 cui
1195 2498 1275 2529 caput
1287 2494 1451 2529 adiungitur,
1465 2492 1632 2528 exspectatio
1643 2498 1831 2528 supernam-

1034 2540 1189 2568 tributionis
1199 2540 1232 2567 de
1246 2539 1354 2567 sublimi
1362 2539 1465 2574 iustitia
1481 2540 1528 2567 Dei
1544 2538 1742 2571 sauetiﬁcatur.
1756 2540 1787 2568 ω
1799 2541 1830 2565 et

1033 2584 1089 2619 ipsa
1103 2592 1184 2620 opera
1199 2585 1267 2612 bona
1286 2592 1340 2612 non
1365 2590 1475 2620 propter
1495 2584 1626 2613 beneﬁcia
1642 2583 1693 2613 Dei
1715 2587 1829 2612 tum:

1033 2637 1066 2656 ac
1076 2630 1231 2665 temporalia
1243 2630 1366 2658 facienda
1376 2631 1534 2663 credantur,
1548 2630 1597 2658 sed
1610 2629 1702 2665 potius
1711 2632 1830 2664 propter

1033 2675 1098 2702 illud
1114 2676 1184 2710 quod
1197 2676 1312 2711 desuper
1322 2680 1414 2711 sperat
1425 2675 1502 2708 ﬁdes,
1519 2681 1639 2711 quaper
1648 2673 1827 2705 W

1031 2726 1169 2756 operatur.
1196 2720 1256 2748 Jam
1281 2729 1345 2750 vero
1371 2729 1420 2756 per
1449 2720 1643 2755 longitudinem
1668 2721 1827 2758 tuum

1032 2774 1131 2801 corpus
1154 2766 1318 2798 extenditur,
1343 2766 1402 2801 ipsa
1424 2765 1568 2793 tolerantia
1590 2763 1770 2800 signiﬁcatur.
1792 2766 1829 2791 ut

1031 2811 1199 2847 longanimes
1208 2818 1424 2847 permaneamus.
1439 2809 1688 2845 Undelonaanimes
1697 2807 1828 2840 ῶωοωε

1032 2858 1076 2892 qui
1097 2858 1221 2886 tolerant.
1239 2857 1291 2886 Per
1307 2856 1471 2892 profundum
1483 2861 1585 2889 autem,
1603 2855 1827 2890 haecum
