4002 6204
217 332 327 388 549

1011 327 1101 384 DE
1137 329 1578 386 CLERI‘CORUM
1619 329 2122 398 INSTITUTIONE,
2168 334 2318 389 ETC.
2360 364 2430 376 -—
2466 335 2592 388 LIB.
2636 334 2698 390 ll.

3399 335 3512 396 550

216 445 367 502 illam
409 441 544 515 ligni
586 457 710 512 qua:
760 441 815 496 in
865 448 1026 497 terrae
1067 443 1253 499 abdito
1301 444 1475 500 deﬁxa
1510 444 1662 509 latet,
1719 444 1815 500 sed
1843 448 1889 507 A
1917 443 2064 498 omni
2091 442 2277 499 labore
2313 447 2554 500 omnium
2587 445 2956 501 molestiarum
2983 454 3106 516 post
3128 455 3378 513 mortem,
3413 465 3513 518 per

211 534 671 605 undecensurgit
711 547 871 589 omne
894 533 1039 602 quod
1075 535 1300 600 eminet,
1331 533 1702 591 inscrutabilia
1730 535 1812 591 iu—
1908 549 2074 603 quam
2123 534 2186 588 ﬁt
2237 537 2500 592 transitus
2543 551 2644 606 per
2693 536 3155 592 resurrectionem
3207 541 3390 593 carnis
3439 542 3518 596 ad.

211 628 473 682 dicantur
490 623 698 693 judicia
739 623 857 687 Dei,
888 623 955 678 de
983 623 1180 690 quibus
1207 625 1419 680 occulta
1455 641 1579 682 cum
1615 627 1810 681 volun-

1911 623 2052 678 illam
2073 627 2242 681 vitam
2268 643 2430 696 quam
2471 627 2729 681 Dominus
2759 634 2947 682 noster
2967 643 3065 682 sua
3094 631 3500 684 resurrectione

214 729 326 774 tate
352 725 584 774 vocatur
609 717 774 772 homo
809 715 878 770 ad
920 716 1391 784 participationem
1436 725 1596 773 tantm
1623 718 1812 788 gratia:
1908 727 2356 783 praemonstrasse
2385 718 2634 787 dignatus
2673 725 2776 772 est.
2828 716 2888 771 ln
2939 717 3043 772 hac
3078 718 3171 772 die
3197 733 3320 774 cum
3350 719 3502 773 omni

209 810 331 864 Dei.
361 808 483 864 Hac
524 822 658 877 ergo
693 806 782 861 die
822 805 1080 860 Ecclesim
1117 805 1310 860 altaria
1341 806 1670 862 indumentis
1693 806 1810 862 suis

213 901 444 970 spoliata
471 898 839 963 denudantur,
869 899 996 968 quia
1023 898 1077 952 in
1105 913 1168 952 ea
1212 897 1463 954 Christus
1499 899 1618 954 suis
1643 899 1809 955 vesti-

213 992 412 1049 mentis
439 997 640 1045 exutus
671 1003 795 1044 esse
833 988 1050 1059 legitur,
1077 996 1134 1042 et
1157 989 1334 1042 velum
1367 988 1549 1057 templi
1576 989 1804 1043 scissum

211 1100 333 1138 esse
382 1081 572 1137 occiso
618 1078 859 1143 Christo.
913 1094 1010 1149 per
1058 1077 1407 1149 Evangelium
1459 1079 1804 1148 prmdicatur.

208 1175 322 1229 liae
351 1174 442 1230 die
469 1173 526 1228 in
553 1169 795 1226 Ecclesia
821 1169 1108 1223 luminaria
1130 1184 1236 1223 non
1261 1167 1646 1233 accenduntur,
1677 1169 1804 1238 quia

207 1267 259 1320 in
294 1265 423 1334 ipso
451 1261 812 1330 Redemptore
839 1249 1100 1314 cruciﬁxo
1138 1258 1318 1313 sidera
1348 1259 1800 1314 obscurabautur.

206 1355 260 1410 ln
289 1357 398 1410 hac
427 1354 518 1408 die
545 1359 859 1408 sanctarum
905 1348 1140 1418 plebium
1184 1349 1466 1419 praesules,
1495 1350 1622 1419 quia
1653 1365 1806 1404 man-

204 1429 333 1504 data
365 1447 588 1503 sibimet
617 1443 885 1514 legatione
909 1441 1221 1511 funguntur,
1256 1441 1397 1510 apud
1426 1441 1663 1496 divinam
1693 1441 1803 1495 cle-

206 1540 472 1596 mentiam
497 1533 727 1592 humani
763 1533 977 1602 generis
1002 1539 1168 1602 agunt
1203 1547 1446 1596 causam,
1479 1541 1533 1587 et
1571 1539 1684 1586 tota
1716 1548 1804 1588 se-

206 1643 326 1682 cum
355 1624 602 1680 Eeclesia
627 1621 1081 1693 eongemiscente,
1107 1620 1454 1691 postulantet
1475 1629 1794 1693 precantur:

204 1719 442 1789 primum
471 1731 573 1786 pro
599 1723 744 1769 statu
773 1713 938 1768 totius
964 1711 1221 1768 Ecclesiae
1242 1711 1443 1768 Christi
1471 1730 1486 1778 ;
1519 1713 1710 1768 deinde
1739 1722 1798 1768 ut

1908 804 2124 861 silentio
2151 815 2207 860 et
2229 806 2620 876 tranquillitate
2643 815 2857 876 oportet
2883 821 2982 860 nos
3015 822 3256 873 manere,
3289 816 3343 863 et
3374 823 3502 862 cum

1906 897 2150 950 oratione
2173 905 2228 952 et
2250 897 2546 966 psahnodia
2573 904 2816 950 sanctam
2858 896 3271 951 resurrectionis
3299 897 3487 951 horam

1905 995 2242 1056 exspectare,
2274 1004 2340 1042 ne
2373 1004 2471 1042 nos
2507 989 2680 1058 magis
2706 1002 2835 1041 cura
2876 988 3152 1043 saecularis
3178 988 3416 1054 infestet,
3447 996 3506 1044 ct

1908 1086 2123 1136 terrena
2163 1078 2377 1146 negotia
2407 1078 2730 1148 inquietent,
2757 1091 2919 1146 quam
2947 1078 3210 1148 spiritalia
3241 1080 3417 1135 studia
3449 1087 3506 1136 et

1904 1182 2034 1220 cura
2059 1166 2312 1220 salutaris
2341 1167 2644 1222 animarum
2693 1175 3002 1220 nostrarum
3048 1177 3332 1236 occupent.
3381 1167 3498 1225 Hac

1905 1263 2086 1310 autem
2122 1257 2209 1310 die
2244 1256 2540 1312 inclinante
2567 1257 2638 1312 ad
2677 1273 2986 1326 vesperam,
3017 1267 3224 1314 statuta
3270 1260 3503 1314 celebra-

1906 1347 1978 1402 tio
2003 1347 2178 1402 noctis
2217 1347 2508 1402 Dominica:
2533 1347 2585 1400 in
2617 1347 2857 1403 Ecclesia
2879 1349 3157 1418 incipitur,
3185 1359 3241 1403 et
3262 1349 3499 1418 primum

1903 1439 2202 1494 secundum
2265 1439 2663 1496 institutionem
2718 1441 2918 1495 Zosimi
2975 1455 3128 1511 papa:
3156 1481 3171 1506 ,
3230 1442 3532 1496 archidia-‘

1905 1544 2042 1584 cono
2071 1545 2292 1586 cereum
2342 1529 2716 1597 benedicente,
2772 1537 2896 1600 apte
2940 1530 3157 1600 quidem
3206 1531 3287 1597 ﬁt,
3335 1541 3394 1586 ut
3442 1533 3497 1586 in

1902 1621 2310 1675 consecratione
2345 1618 2566 1675 luminis
2593 1621 2863 1690 paschalis
2905 1621 3202 1676 celebratio
3246 1623 3492 1694 incipiat,

1902 1727 2020 1781 qua:
2047 1720 2267 1767 cateruae
2295 1711 2433 1766 lucis
2461 1713 2616 1766 nobis
2644 1713 2876 1767 contulit
2919 1712 3244 1769 claritatem.
3291 1714 3498 1770 Deinde

205 1808 517 1865 infidelibus
544 1805 853 1862 dominetur
873 1804 1026 1868 ﬁdes,
1054 1811 1109 1858 et
1132 1803 1432 1858 idololatria
1455 1803 1522 1858 ab
1557 1804 1802 1874 impieta-
1829 1792 1876 1852 Β
1904 1801 2194 1858 lectionum
2248 1800 2463 1858 Veteris
2513 1801 2843 1857 Testamenti
2912 1810 2968 1857 et
3010 1803 3317 1857 orationum
3365 1804 3500 1860 ordo

207 1906 274 1960 tis
291 1920 414 1960 sua:
435 1902 739 1959 liberentur
761 1899 1068 1962 erroribus;
1097 1906 1158 1952 ut
1181 1896 1385 1954 ludatis
1415 1897 1595 1953 ablato
1623 1897 1802 1953 cordis
1903 1894 2196 1965 peragitur,
2229 1903 2289 1948 ut
2316 1894 2620 1949 innotescat
2657 1903 2860 1964 quanta
2901 1895 3305 1964 exspectatione
3336 1912 3364 1949 a
3387 1895 3499 1966 pri—

207 1989 498 2054 velamine,
541 1987 631 2040 lux
662 1985 910 2040 veritatis
933 1990 1224 2053 appareat;
1257 1989 1318 2036 ut
1338 1981 1578 2036 haeretici
1613 1982 1803 2036 catho-
1901 1982 2114 2038 mordio
2160 1983 2346 2038 mundi
2392 1999 2489 2053 per
2529 1984 2872 2053 patriarchas
2915 1994 2972 2039 et
3009 1987 3302 2055 prophetas
3354 1985 3500 2042 salus

207 2083 323 2137 lica.
356 2080 484 2136 ﬁdei
514 2076 825 2147 receptione
855 2073 1204 2144 resipiscam;
1235 2080 1294 2125 ut
1333 2071 1662 2127 schismatici
1695 2071 1804 2142 spi-
1901 2081 2086 2128 nostra
2112 2072 2557 2143 prmsagiebatur,
2581 2088 2701 2142 qua:
2740 2073 2792 2128 in
2839 2072 3137 2148 §alvatoris
3165 2073 3340 2130 nostri
3366 2088 3494 2144 pas-

205 2178 372 2230 ritu
411 2172 670 2230 rediviva).
693 2167 976 2224 cbaritatis
1005 2165 1308 2235 accipiant;
1353 2173 1413 2219 ut
1434 2164 1600 2233 lapsis
1621 2163 1799 2232 poeni-
1898 2163 2052 2219 sione
2078 2172 2134 2218 et
2165 2165 2560 2220 resurrectione
2587 2165 2856 2234 completa
2899 2174 3004 2220 est.
3053 2165 3260 2220 Deinde
3290 2165 3492 2222 litanim

205 2267 392 2322 tentia:
415 2261 657 2320 remedia
686 2258 1065 2322 conferantur;
1101 2265 1160 2310 ut
1189 2256 1422 2324 denique
1461 2256 1803 2310 catechume-
1900 2265 2152 2326 aguntur,
2200 2266 2262 2312 ut
2317 2257 2737 2312 communicatio
2793 2266 2851 2311 et
2892 2256 3154 2312 memoria
3209 2264 3265 2313 et
3315 2257 3494 2312 oratio

205 2359 292 2413 nis
313 2356 385 2411 ad
413 2350 844 2423 regenerationis
873 2355 1214 2404 sacramenta
1239 2345 1534 2416 perductis,
1567 2345 1802 2400 caelestis
1901 2354 2211 2401 sanctorum
2260 2361 2360 2402 nos
2403 2349 2472 2400 ad
2504 2354 2731 2400 ventura
2761 2345 2956 2417 gaudia
2982 2345 3361 2415 consequeuda
3389 2345 3489 2401 ad-

207 2443 599 2503 misericordia:
641 2441 764 2496 aula
818 2447 1108 2501 reseretur,
1157 2436 1283 2506 quia
1326 2450 1427 2507 pro
1457 2437 1651 2490 horum
1679 2451 1798 2490 om-
1892 2436 2093 2506 juvet:
2147 2454 2287 2509 quas
2340 2441 2588 2510 sequitur
2649 2440 2903 2511 baptismi
2958 2450 3382 2507 sacramentum,
3435 2450 3494 2498 et

208 2541 359 2594 nium
394 2535 782 2605 redemptione,
811 2531 866 2586 in
914 2532 1019 2586 hac
1064 2529 1152 2585 die
1198 2527 1421 2599 sanguis
1473 2526 1674 2583 eﬁ‘usus
1716 2536 1803 2584 est
1901 2531 2148 2588 ascendit
2190 2548 2317 2602 gres
2365 2530 2738 2588 dealbatorum
2783 2534 2849 2588 de
2891 2533 3128 2591 lavacro.
3177 2533 3496 2603 Quicunque

207 2627 438 2684 Christi.
467 2626 594 2682 llaec
619 2631 800 2679 autem
837 2637 943 2692 non
977 2621 1214 2676 inaniter
1241 2635 1272 2674 a
1298 2618 1526 2674 Domino
1556 2619 1687 2690 peti,
1715 2633 1799 2674 re-

208 2734 330 2773 rum
368 2718 606 2787 ipsarum
639 2721 906 2770 monstrat
941 2710 1210 2768 allectus:
1252 2710 1527 2780 quomodo
1577 2709 1798 2779 quidem

204 2825 270 2864 ex
307 2807 467 2864 enini
511 2819 756 2861 errorum
803 2817 1002 2873 genere
1047 2801 1311 2872 plurimos
1357 2801 1501 2855 Deus
1550 2799 1800 2870 dignatur

204 2901 524 2966 attrahere,
578 2914 715 2970 quos
765 2906 953 2952 erutos
1004 2897 1073 2950 de
1127 2905 1396 2966 potestate
1451 2895 1798 2950 tenebrarum

201 2991 510 3048 transferat
542 2991 598 3046 in
627 3005 854 3060 regnum
894 2986 1017 3043 Filii
1069 2987 1378 3051 charitatis,
1423 3000 1488 3042 ex
1518 2985 1662 3040 vasis
1703 2985 1800 3040 iraa

201 3087 379 3142 faciat
406 3099 540 3138 vasa
584 3081 990 3138 misericordiae.
1023 3079 1176 3147 Quod
1214 3095 1247 3134 a
1276 3079 1387 3134 Deo
1429 3086 1602 3133 totum
1630 3077 1796 3134 divini

1901 2632 2080 2678 autem
2101 2623 2242 2678 scire
2277 2623 2548 2678 desiderat
2573 2633 2774 2694 quata
2814 2626 3141 2684 auctoritate
3182 2635 3237 2681 et
3275 2627 3488 2681 ratione

1898 2717 2228 2786 baptismum
2256 2717 2412 2772 istius
2441 2718 2703 2786 temporis
2737 2717 2895 2772 nobis
2935 2718 3364 2782 commendatur,
3408 2715 3484 2771 le-

1901 2820 1995 2882 gat
2038 2811 2258 2866 decreta
2305 2810 2502 2866 Leonis
2536 2826 2710 2882 papm,
2739 2821 2795 2866 et
2828 2812 3084 2868 inveniet.
3131 2811 3260 2866 Post
3289 2810 3496 2880 baptis-

1899 2917 2047 2956 mum
2073 2916 2202 2956 vero
2222 2910 2277 2957 et
2304 2901 2543 2966 litanias,
2571 2902 2815 2971 sequitur
2845 2910 3036 2956 sancta
3075 2901 3365 2956 missarum
3394 2913 3486 2953 oe-

1900 2991 2128 3049 lebratio
2154 3033 2170 3058 ,
2225 3001 2280 3048 et
2332 2992 2758 3047 communicatio
2809 2992 3056 3060 corporis
3103 2999 3160 3047 et
3211 2990 3493 3060 sanguinis

1901 3084 2116 3139 Domini
2142 3125 2156 3149 ,
2183 3084 2340 3154 cujus
2378 3083 2794 3154 participatione
2825 3084 3134 3152 quicunque
3157 3082 3398 3137 ﬁdelium
3427 3097 3490 3141 se

201 3177 400 3247 operis
444 3189 564 3230 esse
601 3173 853 3234 sentitur,
909 3179 969 3226 ut
1006 3171 1123 3226 haec
1163 3169 1415 3225 elﬁcienti
1446 3167 1559 3223 Deo
1583 3182 1800 3237 semper

1908 3178 2008 3233 hac
2031 3186 2193 3232 nocte
2219 3150 2560 3242 abstinuerit,
2576 3150 2777 3231 vnescio
2818 3150 3088 3246 quomodo
3129 3175 3306 3230 dicam
3336 3174 3488 3228 illum

201 3271 516 3340 gratiarum
561 3267 702 3322 actio
746 3263 1028 3332 laudisque
1055 3260 1348 3326 confessio,
1393 3275 1492 3330 pro
1531 3259 1802 3314 illumina-

204 3363 366 3416 tione
387 3358 584 3413 talium
612 3357 696 3413 vel
733 3354 1093 3420 correctione,
1147 3352 1436 3409 referatur.
1479 3352 1598 3422 lpsa
1639 3351 1726 3408 die
1769 3367 1803 3406 a

206 3452 480 3526 pontiﬁce
505 3458 560 3506 et
586 3465 618 3505 a
645 3450 794 3505 clero
830 3457 886 3504 et
919 3449 986 3503 ab
1022 3446 1171 3501 omni
1206 3445 1403 3517 pepqu
1439 3447 1800 3518 speciescru-

203 3546 284 3602 cis
303 3543 600 3608 salutatur,
623 3541 750 3611 quia
777 3539 958 3610 passio
982 3536 1360 3605 Redemptoris
1385 3551 1418 3591 a
1462 3535 1709 3592 ﬁdelibus
1747 3537 1801 3591 in

204 3639 348 3694 hora
394 3633 784 3704 redemptionis
825 3647 938 3686 sum
978 3631 1141 3701 digna
1196 3629 1355 3684 laude
1387 3637 1693 3684 veneratur.
1742 3628 1803 3683 lu

206 3731 315 3786 hac
353 3730 443 3784 die
490 3735 828 3782 sacramenta
872 3723 1089 3794 penitus
1127 3737 1234 3777 non
1284 3721 1660 3784 celebrantur;
1708 3721 1802 3776 sed

203 3819 610 3876 Eucharistiam
654 3817 707 3870 in
759 3828 917 3870 omna
963 3813 1178 3868 Domini
1231 3820 1626 3876 consecratam,
1674 3825 1801 3882 per-

205 3924 340 3970 acto
368 3911 544 3967 oﬂicio
572 3909 864 3965 lectionum
894 3915 950 3961 et
974 3906 1304 3970 orationum,
1343 3911 1397 3960 et
1435 3913 1640 3960 sanctae
1680 3920 1804 3959 cru-

204 4007 286 4062 cis
313 4001 659 4064 salutatione,
691 4007 998 4063 resumunt,
1021 3997 1173 4067 quia,
1203 4007 1264 4051 ut
1293 3995 1638 4052 Innocentius
1663 4010 1803 4065 papa

209 4097 371 4152 testis
393 4102 497 4159 est,
527 4107 682 4148 exeo
720 4091 866 4162 quod
906 4090 1135 4160 apostoli
1179 4098 1236 4146 et
1280 4096 1554 4145 amatores
1598 4089 1804 4144 Christi

200 4203 274 4243 eo
293 4187 464 4241 biduo
486 4201 594 4256 quo
627 4183 924 4239 crucifixus
949 4193 1008 4238 et
1039 4181 1285 4252 sepultus
1315 4180 1570 4237 Salvator
1603 4191 1713 4248 est,
1747 4183 1802 4237 in

203 4294 452 4335 ιιιωι-οινε
487 4278 786 4341 constituti,
833 4276 902 4332 ab
945 4276 1092 4331 omni
1127 4277 1252 4331 cibo
1294 4275 1677 4330 abstinuerunt
1719 4291 1801 4340 se,

205 4371 344 4425 hinc
375 4368 597 4423 traditio
630 4367 886 4423 Ecclesiae
923 4367 1087 4422 habet
1111 4366 1275 4423 biduo
1297 4375 1599 4422 memorato
1622 4381 1806 4422 sacra-

201 4471 396 4518 menta
443 4476 553 4516 non
598 4461 888 4526 celebrari,
927 4462 1020 4517 sed
1058 4460 1233 4532 magis
1275 4469 1520 4516 sanctam
1559 4475 1802 4516 resurre-
1829 4495 1880 4556 Β

201 4556 412 4612 ctionis
436 4563 650 4610 noctem
680 4554 1005 4624 exspectari,
1047 4563 1104 4608 et
1127 4554 1182 4608 in
1213 4554 1328 4624 ipsa
1367 4567 1492 4607 cum
1536 4553 1724 4607 laatitia
1749 4561 1804 4606 et

203 4649 413 4718 gaudio
449 4644 666 4714 speciali
719 4645 1047 4700 sacriﬁcium
1093 4642 1299 4699 oﬁ‘erri.
1347 4642 1406 4697 ln
1443 4643 1547 4697 hac
1577 4643 1662 4697 die
1708 4657 1806 4696 ve-

202 4753 373 4810 spera
401 4751 528 4792 cum
563 4735 779 4790 silentio
825 4735 1151 4797 celebratur,
1195 4733 1462 4803 utrquieti
1515 4732 1807 4787 Dominica:

205 4827 509 4900 sepultum
540 4825 823 4880 veneratio
858 4824 1201 4879 exhibentur.

741 4934 968 4990 CAPUT
1006 4934 1292 4989 XXXVIII.

584 5008 664 5062 De
707 5007 925 5062 sabbato
971 5015 1155 5059 sancto
1206 5003 1446 5059 Pascluc.

283 5099 516 5155 Sabbati
548 5097 821 5169 paschalis
851 5097 1130 5152 veneratio
1171 5096 1297 5150 hinc
1339 5095 1668 5159 celebratur,
1709 5109 1810 5164 pro

202 5191 455 5262 ecquod
500 5190 688 5244 eadem
735 5188 824 5242 die
866 5186 1127 5242 Dominus
1170 5187 1226 5240 in
1271 5185 1518 5255 sepulcro
1558 5185 1808 5255 quievit:

201 5283 366 5340 unde
391 5287 450 5337 et
478 5281 618 5336 bene
647 5279 702 5334 in
732 5277 964 5333 Hebraeo
991 5291 1245 5333 sermone
1272 5276 1554 5331 sabbatum
1596 5275 1812 5344 requies

201 5375 637 5442 interpretatur,
677 5369 794 5424 sive
821 5368 968 5437 quod
1013 5367 1158 5422 Deus
1204 5368 1260 5422 in
1303 5381 1370 5422 eo
1406 5367 1673 5435 requievit
1700 5365 1809 5432 die,

202 5463 425 5519 modo
444 5458 726 5532 perfecto;
766 5458 884 5513 sive
911 5458 1056 5528 quod
1105 5458 1158 5512 in
1202 5472 1269 5513 eo
1306 5457 1568 5512 Dominus
1610 5466 1664 5512 et
1701 5457 1810 5513 Re-

202 5558 474 5624 demptor
519 5559 707 5608 noster
753 5549 1021 5620 requievit
1063 5549 1117 5604 in
1173 5546 1589 5618 sepulcrokliic
1633 5554 1813 5602 autem

202 5644 340 5698 dies
364 5643 506 5696 inter
526 5647 760 5695 mortem
786 5639 999 5694 Domini
1030 5649 1082 5694 et
1127 5637 1576 5693 resurrectionem
1605 5635 1816 5692 medius

202 5743 329 5797 est,
379 5731 699 5799 signicans
746 5729 990 5800 requiem
1043 5728 1332 5799 quamdam
1385 5727 1693 5782 animarum
1747 5727 1816 5782 ab

1903 3266 2295 3334 Christianum,
2325 3268 2569 3337 exceptis
2610 3267 2696 3323 his
2733 3267 2848 3337 qui,
2893 3270 2994 3338 pro
3033 3267 3356 3336 capitalibus
3386 3267 3496 3321 cri-

1903 3360 2142 3416 minibus
2179 3359 2659 3424 excommunieati,
2709 3359 3084 3430 pmnitentiam
3125 3366 3339 3430 gerunt.
3388 3356 3498 3412 No-

1902 3452 2128 3505 tandum
2157 3464 2286 3504 vero
2313 3450 2456 3520 quod
2486 3451 2627 3520 apud
2655 3449 3044 3521 Hieronymum
3066 3448 3314 3520 legimus,
3350 3447 3496 3518 quod

1903 3543 1956 3596 in
1985 3541 2350 3598 Orientalibus
2377 3541 2636 3598 Ecclesiis
2663 3557 2780 3597 mos
2807 3542 2881 3597 sit
2922 3541 2978 3596 in
3025 3541 3130 3597 hac
3158 3549 3336 3605 nocte,
3366 3547 3495 3594 ante

1903 3634 2136 3689 mediam
2171 3642 2406 3697 noctem,
2454 3632 2642 3688 fideles
2682 3633 2750 3688 ab
2793 3632 3024 3690 ecclesia
3074 3647 3180 3687 non
3214 3631 3494 3696 recedere,

1904 3726 2094 3780 horam
2133 3724 2279 3779 illam
2325 3731 2703 3792 exspectantes
2737 3724 2791 3777 in
2821 3724 2993 3778 sacris
3029 3721 3246 3792 vigiliis,
3273 3721 3358 3780 .de
3387 3735 3496 3790 qua

1903 3815 2162 3883 scriptum
2208 3821 2329 3867 est:
2383 3812 2562 3866 Media
2615 3821 2764 3867 nocte
2807 3812 3009 3866 clamor
3039 3810 3211 3880 factus
3239 3817 3334 3874 est,
3379 3815 3492 3864 etc.

1905 3905 2119 3977 (illauh.
2167 3903 2318 3974 xxv).

2439 3991 2670 4047 CAPUT
2720 3990 2963 4046 XXXIX.

2403 4083 2478 4137 De
2517 4081 2728 4137 Pascha
2765 4082 3003 4136 Domini.

1971 4175 2090 4232 Jam
2125 4191 2256 4231 vero
2291 4174 2546 4244 paschale
2603 4179 3002 4228 sacramentum
3048 4171 3192 4242 quod
3242 4187 3384 4226 nunc
3433 4169 3490 4225 in

1904 4265 2202 4320 Salvatoris
2232 4263 2403 4318 nostri
2429 4263 2743 4334 mysterium
2775 4259 3218 4316 manifestissime
3241 4259 3484 4316 celebra-

1905 4365 2014 4422 tur,
2041 4356 2093 4408 in
2125 4355 2304 4410 Veteri
2328 4353 2677 4409 Testamento
2703 4350 2998 4421 ﬁguraliter
3021 4351 3253 4422 primum
3277 4358 3488 4421 gestum

1904 4462 2006 4518 est,
2030 4452 2247 4521 quando
2275 4466 2414 4522 agno
2442 4450 2645 4514 occiso,
2676 4448 2885 4504 Pascha
2927 4446 3223 4502 celebravit
3265 4444 3496 4515 populus

1909 4545 2002 4600 Dei
2034 4545 2086 4599 in
2129 4543 2402 4613 Egypto:
2435 4540 2588 4610 cujus
2641 4539 2813 4612 ﬁgura
2862 4540 2916 4594 in
2948 4539 3180 4595 veritate
3228 4537 3499 4608 completa

1908 4648 1993 4694 est
2023 4639 2075 4693 in
2102 4637 2342 4699 Christo,
2388 4635 2480 4705 qui
2514 4635 2657 4689 sicut
2685 4633 2803 4689 ovis
2848 4632 2916 4688 ad
2965 4631 3358 4686 immolandum
3403 4629 3501 4683 du-

1907 4743 2027 4789 ctus
2051 4742 2128 4789 est
2152 4749 2168 4797 ;
2201 4732 2354 4800 cujus
2380 4728 2643 4798 sanguine
2678 4726 2888 4781 illinitis
2915 4725 3160 4795 postibus
3189 4721 3410 4784 nostris,
3448 4721 3500 4774 id

1907 4833 2012 4887 est,
2043 4821 2195 4888 cuius
2235 4820 2391 4891 signo
2441 4818 2622 4874 crucis
2655 4815 2883 4883 signatis
2918 4813 3189 4869 frontibus
3217 4811 3438 4872 nostris,
3468 4825 3501 4864 τι

1908 4912 2304 4984 periclitatione
2344 4910 2505 4980 hujus
2557 4907 2757 4970 saeculi,
2810 4915 3068 4975 tanquam
3117 4919 3148 4958 a
3187 4902 3502 4974 captivitate

1910 5003 2186 5075 Egyptia,
2220 5003 2536 5056 liberamur.
2581 4996 2745 5066 Cujus
2769 4996 2987 5066 quidem
3039 4995 3182 5050 diem
3231 4991 3501 5064 paschalis

1911 5091 2326 5148 resurrectionis
2355 5105 2460 5144 non
2491 5088 2664 5143 solum
2718 5101 2817 5155 pro
2849 5100 2915 5140 eo
2955 5083 3311 5146 celebramus,
3357 5078 3498 5148 quod

1910 5183 1966 5237 in
1993 5182 2183 5238 eodem
2213 5197 2243 5235 a
2291 5179 2523 5234 mortuis
2573 5175 2899 5241 resurrexit,
2947 5175 3042 5230 sed
3082 5174 3247 5228 etiam
3293 5179 3350 5225 et
3398 5185 3500 5239 pro

1911 5276 2033 5331 aliis
2083 5273 2440 5338 sacramentis
2485 5286 2608 5341 quae
2652 5285 2750 5340 per
2799 5267 3049 5324 eumdem
3103 5261 3495 5332 signiﬁcantur.

1917 5363 2052 5432 Quia
2080 5365 2251 5427 enim,
2297 5363 2443 5418 sicut
2472 5360 2604 5417 dicit
2632 5357 2922 5428 Apostolus
2947 5375 2963 5411 :
3003 5353 3249 5409 Mortuus
3277 5357 3353 5404 est
3381 5364 3502 5417 pro-

1916 5464 2032 5524 pter
2057 5453 2250 5508 delicta
2282 5460 2487 5516 nostra,
2517 5458 2566 5504 et
2597 5446 2880 5503 resurrexit
2927 5452 3135 5515 propter
3155 5439 3502 5510 justi/iouia-

1920 5563 2037 5601 nem
2068 5555 2298 5601 nostram
2327 5543 2502 5614 (Rom.
2549 5540 2647 5612 ιν),
2683 5538 2942 5594 transitus
2979 5534 3198 5604 quidem
3232 5532 3300 5587 de
3328 5537 3505 5586 morte

1922 5635 1990 5691 ad
2013 5635 2178 5692 vitam
2216 5635 2271 5690 in
2315 5633 2403 5689 illa
2447 5631 2699 5702 passione
2748 5625 2959 5684 Domini
3007 5633 3063 5680 et
3108 5620 3506 5680 resurrectione

1923 5735 2168 5781 sacratus
2210 5732 2311 5780 est.
2364 5721 2498 5786 Nam
2547 5728 2601 5775 et
2647 5715 2963 5772 vocabulum
3001 5714 3178 5784 ipsum
3209 5711 3352 5790 quod
3397 5708 3503 5763 Pa—
