3994 6196
494 343 595 401 351

1171 337 1230 393 e.
1261 317 1520 394 MBAN:
1563 335 1781 394 MAURI
1817 328 2071 391 ancnte

2184 333 2489 392 MOGUNT.
2527 333 2810 391 OPERUM
2850 333 3030 390 PARS
3071 334 3112 390 1.

3653 341 3767 397 359..

492 454 623 509 scha
650 450 866 515 dicitur,
892 465 1000 505 non
1031 451 1301 514 Graecum,
1329 450 1424 505 sed
1452 448 1735 505 Hebraeum
1758 457 1864 504 est.
1884 448 2070 518 Neque
2100 446 2144 504 Α
2173 444 2314 499 diem
2355 443 2694 498 Dominicum
2730 443 2783 496 in
2821 458 2926 512 qua
2955 439 3254 501 resurrexit
3283 462 3312 501 a
3341 451 3574 506 mortuis
3603 492 3619 514 ,
3659 468 3762 508 ex-

489 543 636 598 enim
665 555 696 595 a
722 539 1264 611 passione,quoniam
1295 540 1578 610 paschien,
1601 543 1833 613 πάσχειν
1859 538 2066 604 Graece,

488 633 604 704 pati
646 631 865 696 dicitur,
916 633 1010 687 sed
1051 646 1082 684 a
1129 632 1358 685 transitu
1391 630 1616 686 llebrzeo
1647 631 1812 685 verbo
1863 628 2068 684 Pascha

488 720 818 791 appellatum
866 729 990 775 est:
1047 720 1193 790 quod
1236 727 1291 775 et
1328 721 1566 776 maxime
1605 720 1938 792 evangelista
1977 735 2072 775 ex-

485 816 706 886 pressit,
741 830 863 870 cum
892 814 1260 870 celebraretur
1278 829 1308 868 a
1338 815 1566 870 Domino
1589 814 1797 868 Pascha
1836 830 1960 869 cum
1990 813 2071 868 di-

486 908 713 977 scipulis
740 922 756 961 :
781 906 916 962 Cum
942 906 1184 969 vidisset,
1212 907 1407 975 inquit,
1426 906 1603 971 Iesus,
1631 908 1755 977 quia
1781 909 1912 961 venit
1940 907 2072 960 hora

488 1011 544 1054 ut
577 999 833 1054 transiret
854 998 918 1051 de
939 997 1133 1050 mundo
1161 996 1231 1049 ad
1260 995 1470 1050 Patrem
1499 997 1680 1067 (Joan.
1707 996 1847 1067 xui).
1874 995 2070 1051 Trans-

490 1091 596 1146 itns
644 1105 775 1161 ergo
811 1090 878 1143 de
918 1087 1019 1143 hac
1061 1089 1171 1143 vita
1213 1088 1425 1142 mortali
1468 1089 1522 1143 in
1553 1089 1713 1142 aliam
1757 1089 1920 1142 vitam
1972 1088 2074 1142 im-

489 1181 795 1246 mortalem,
826 1181 930 1234 boc
963 1187 1047 1234 est
1075 1180 1141 1234 de
1181 1187 1355 1234 morte
1386 1179 1453 1233 ad
1494 1180 1683 1243 vitam,
1728 1180 1782 1232 in
1821 1181 2074 1248 passione

487 1282 540 1329 et
570 1272 966 1327 resurrectione
997 1270 1206 1325 Domini
1232 1271 1655 1324 commendatur.
1689 1269 1788 1325 Hic
1811 1271 2074 1325 transitus

487 1381 517 1419 a
547 1364 702 1418 nobis
733 1364 892 1419 modo
924 1362 1100 1434 agitur
1128 1377 1224 1433 per
1265 1362 1446 1426 fidem,
1492 1379 1610 1432 quae
1651 1363 1807 1418 nobis
1837 1361 2070 1417 daturin

489 1454 861 1508 remissionem
881 1461 1248 1523 peccatorum,
1279 1453 1492 1522 quando
1523 1450 1924 1520 consepelimur
1948 1465 2069 1505 cum

485 1546 704 1600 Christo
725 1560 820 1616 per
847 1545 1193 1614 baptismum,
1223 1545 1375 1612 quasi
1405 1559 1434 1598 a
1478 1542 1706 1597 mortuis
1730 1548 2073 1596 transeuntes

487 1637 554 1692 de
585 1636 856 1707 pejoribus
897 1637 964 1690 ad
1009 1635 1255 1698 meliora,
1287 1635 1355 1689 de
1396 1633 1766 1705 corporalibus
1795 1634 1862 1687 ad
1905 1633 2068 1703 spiri-

489 1728 673 1790 tualia,
705 1729 770 1783 de
793 1727 1202 1782 conversatione
1227 1725 1386 1794 hujus
1407 1727 1532 1780 vitae
1571 1725 1638 1779 ad
1689 1740 1836 1794 spem
1877 1723 2071 1778 futurae

2169 544 2416 606 spectare
2437 537 2748 591 debeamus.
2771 535 2899 590 inde
2930 544 3017 590 est
3058 537 3202 604 quod
3241 537 3308 590 ad
3342 539 3596 596 eumdem
3630 560 3766 599 anni

2173 625 2361 700 [diem]
2379 642 2483 682 non
2508 636 2809 682 revertetur
2829 627 3055 682 Pascha.
3075 628 3207 683 Nam
3233 629 3401 687 Judzei
3426 639 3769 693 tantumdem

2172 735 2410 774 mensem
2456 735 2720 775 novorum
2746 729 2802 775 et
2832 721 3014 776 lunam
3039 721 3330 779 observant
3359 743 3373 778 :
3405 727 3548 782 diem
3579 739 3767 786 autem

2172 807 2474 862 addendum
2526 817 2714 878 patres
2760 810 2932 864 nostri
2978 821 3346 877 censuerunt,
3376 823 3434 870 ut
3473 827 3528 870 et
3571 830 3767 876 nostra

2172 899 2440 954 festivitas
2495 915 2526 953 a
2582 899 2891 955 Judteorum
2955 900 3252 957 festivitate
3315 906 3767 978 distingueretur.

2173 988 2391 1043 Initium
2436 989 2688 1044 videlicet
2712 991 2870 1059 primi
2899 992 3102 1045 mensis
3131 991 3527 1051 observandum
3560 1007 3664 1062 est,
3699 1001 3770 1055 ab

2171 1088 2366 1133 octavo
2407 1078 2595 1133 Iduum
2639 1078 2953 1151 Martiarum
2997 1083 3168 1150 usque
3210 1083 3263 1136 in
3296 1082 3570 1141 Nonarum
3602 1086 3773 1158 Apri-

2172 1167 2302 1222 lium
2343 1169 2504 1222 diem.
2549 1169 2748 1234 Quarta
2777 1171 2986 1226 decima
3021 1187 3150 1226 vero
3179 1172 3301 1227 luna
3334 1174 3557 1234 Pascha:
3579 1196 3608 1232 a
3631 1181 3773 1236 duo-

2174 1258 2382 1313 decima
2427 1259 2652 1313 Kalend.
2697 1259 2900 1329 Aprilis
2943 1277 3113 1331 usque
3139 1263 3192 1316 in
3217 1265 3482 1320 decimam
3503 1279 3768 1338 quartam

2174 1350 2441 1405 Kalendas
2471 1351 2630 1418 Maii,
2679 1355 2967 1423 quterenda
3018 1363 3124 1410 est.
3165 1355 3338 1410 Porro
3379 1359 3496 1414 dies
3535 1360 3770 1419 Pascha:

2175 1440 2474 1505 Dominiea,
2521 1441 2590 1494 ab
2627 1441 2912 1496 undecima
2959 1441 3213 1499 Kalendis
3251 1444 3451 1516 Aprilis
3489 1463 3665 1519 usque
3711 1453 3767 1505 in

2173 1534 2454 1602 septimam
2497 1533 2765 1589 Kalendas
2800 1535 2961 1602 Maii,
2983 1544 3036 1590 et
3068 1536 3172 1591 hoc
3193 1553 3220 1590 a
3246 1538 3371 1592 luna
3409 1541 3764 1610 quindecima

2171 1643 2344 1697 usque
2367 1626 2431 1680 ad
2455 1627 2767 1682 vicesimam
2791 1629 3043 1697 primam.
3067 1628 3348 1699 Nunquam
3388 1648 3516 1704 ergo
3551 1638 3768 1690 contin-

2171 1732 2300 1788 gere
2333 1726 2540 1788 potest,
2581 1726 2641 1772 ut
2686 1718 2812 1772 luna
2851 1718 3061 1773 decima
3113 1730 3305 1788 quarta
3356 1722 3517 1789 primi
3557 1727 3770 1781 mensis

487 1788 904 1873 resurrectionis
941 1825 995 1871 et
1022 1817 1225 1887 gloriae.
1252 1788 1482 1886 PrOpter
1511 1816 1685 1885 ipsum
1707 1788 1834 1884 ergo
1857 1814 2068 1868 initium
2099 1788 2144 1846 Β
2172 1815 2298 1861 ante
2328 1809 2545 1862 vernale
2577 1809 2960 1878 aequinoctium
2981 1849 2995 1874 ,
3036 1811 3177 1878 quod
3216 1812 3274 1864 fit
3307 1788 3365 1864 in
3403 1828 3475 1866 xu
3505 1813 3769 1870 Kalendis

486 1924 639 1964 novae
666 1910 790 1963 vita:
829 1908 895 1962 ad
937 1923 1098 1977 quam
1143 1907 1455 1970 transimus,
1503 1914 1559 1959 et
1611 1915 1828 1975 propter
1876 1919 2071 1959 novum

487 2001 758 2055 hominem
789 2013 948 2068 quem
968 1998 1222 2067 jubemur
1246 1998 1469 2052 induere
1493 2007 1550 2050 et
1577 2012 1779 2051 exuere
1807 2005 2068 2061 veterem,

485 2099 843 2161 expurgantes
867 2099 1024 2144 vetus
1053 2089 1397 2151 fermentum,
1445 2095 1502 2141 ut
1543 2088 1713 2142 simus
1755 2102 1893 2140 nova
1937 2101 2070 2141 con-

485 2183 711 2253 spersio,
774 2183 1029 2251 quoniam
1077 2180 1284 2234 Pascha
1341 2186 1587 2234 nostrum
1633 2177 1940 2232 immolatus
1989 2184 2070 2232 est

483 2273 755 2340 Christus,
782 2283 1004 2344 propter
1027 2273 1168 2327 banc
1191 2272 1315 2325 vitae
1350 2271 1666 2334 novitatem,
1692 2269 1898 2339 primus
1920 2285 2071 2324 men-

485 2363 562 2418 sis
591 2364 643 2416 in
675 2363 802 2417 anni
833 2362 1108 2417 mensibus
1131 2359 1787 2416 celebrationiattributus
1807 2366 1920 2421 est;
1944 2374 2068 2413 nam

486 2455 602 2524 ipse
623 2455 820 2510 dicitur
845 2465 898 2510 et
936 2455 1137 2509 mensis
1180 2467 1464 2508 novorum.
1513 2451 1666 2519 Quod
1698 2466 1828 2508 vero
1872 2453 1926 2507 in
1959 2461 2072 2508 toto

486 2554 730 2616 tempore
753 2545 933 2601 smculi
969 2559 1113 2599 nunc
1146 2543 1364 2600 tertium
1396 2550 1609 2611 tempus
1637 2542 1908 2613 apparuit,
1950 2543 2071 2598 ideo

487 2638 812 2693 resurrectio
832 2636 1047 2691 Domini
1079 2634 1324 2689 triduana
1359 2642 1462 2688 est.
1499 2632 1738 2688 Primum
1761 2633 1905 2688 enim
1937 2642 2072 2689 tem-

485 2743 585 2797 pus
610 2735 695 2783 est
719 2735 846 2782 ante
869 2725 1062 2797 legem,
1106 2725 1400 2780 secundum
1429 2724 1530 2778 sub
1556 2722 1694 2793 lege,
1724 2723 1942 2777 tertium
1970 2725 2072 2779 sub

483 2819 683 2891 gratia,
713 2819 803 2873 ubi
821 2816 936 2886 jam
957 2815 1361 2872 manifestatum
1395 2823 1480 2871 est
1506 2825 1902 2871 sacramentum
1928 2816 2070 2886 quod

483 2916 604 2963 erat
633 2911 687 2964 in
727 2907 1045 2978 prophetico
1091 2908 1377 2977 aenigmate
1423 2905 1715 2961 occultum.
1773 2905 1886 2962 Hoc
1939 2921 2070 2978 ergo

481 3011 538 3055 et
569 3000 622 3054 in
650 2999 823 3054 lunari
854 3013 1080 3055 numero
1101 2999 1453 3069 significatur.
1483 2997 1619 3065 Quia
1639 2998 1784 3054 enim
1812 3012 2070 3054 numerus

483 3091 822 3162 septenarius
848 3090 988 3147 solet
1029 3090 1082 3144 in
1118 3089 1417 3160 Scripturis
1461 3091 1528 3145 ad
1567 3091 1856 3162 quamdam
1888 3090 2066 3161 perfe-

481 3186 716 3240 ctionem
771 3185 1030 3256 mysticus
1080 3198 1364 3253 apparere,
1415 3183 1470 3238 in
1526 3183 1682 3238 tertia
1731 3183 2062 3238 hebdomada

483 3277 623 3331 lunae
647 3276 854 3331 Pascha
881 3275 1202 3340 celebratur,
1231 3277 1283 3331 id
1311 3283 1412 3339 est,
1445 3275 1536 3345 qui
1567 3275 1684 3330 dies
1707 3275 2004 3330 occurrerit
2035 3288 2064 3328 a

486 3368 554 3422 15
583 3369 635 3423 in
669 3367 762 3431 2|,
797 3366 892 3422 sed
939 3381 1046 3421 non
1085 3366 1258 3422 solum
1307 3374 1529 3437 propter
1576 3372 1786 3434 tempus
1826 3365 2064 3431 tertium,

487 3460 612 3530 quia
645 3459 832 3528 incipit
866 3458 1202 3515 hebdomada
1229 3458 1412 3523 tertia,
1441 3457 1537 3512 sed
1567 3457 1732 3512 etiam
1757 3462 1979 3526 propter
2007 3453 2068 3509 il-

486 3548 594 3605 lam
621 3550 1030 3605 conversionem
1060 3549 1218 3604 lunte.
1249 3547 1402 3604 Tunc
1440 3548 1584 3603 enim
1615 3547 1701 3601 illa
1745 3547 1814 3601 ab
1853 3544 2070 3600 inferio-

487 3644 638 3699 ribus
663 3643 728 3698 ad
753 3643 1028 3713 superiora
1055 3643 1418 3708 convertitur;
1451 3650 1507 3696 et
1532 3642 1647 3697 haec
1670 3641 1826 3697 nobis
1849 3641 1916 3696 de
1941 3639 2066 3695 luna

484 3732 781 3789 similitudo
829 3733 1141 3798 assumitur,
1195 3735 1261 3789 de
1292 3733 1595 3790 visibilibus
1643 3733 1710 3788 ad
1758 3731 2067 3798 invislbilia,

495 3825 560 3881 de
585 3825 954 3896 corporalibus
991 3825 1059 3881 ad
1101 3826 1402 3897 spiritualia
1445 3833 1783 3882 sacramenta
1814 3826 2068 3889 transire,

490 3926 552 3972 ut
593 3918 763 3987 magis
793 3919 1072 3989 magisque
1106 3917 1232 3972 huic
1261 3917 1459 3973 saeculo
1499 3918 1818 3982 moriamur,
1862 3925 1919 3972 et
1960 3918 2069 3972 vita

491 4019 674 4065 nostra
704 4010 1068 4065 abscondatur
1108 4025 1229 4065 cum
1258 4007 1494 4077 Christo,
1529 4025 1852 4079 omnemque
1896 4010 2071 4066 lucem

485 4101 649 4155 studii
681 4100 849 4155 nostri
878 4115 996 4171 qua:
1018 4101 1085 4155 ad
1113 4100 1368 4156 inferiora
1393 4101 1668 4172 vergebat,
1700 4102 1768 4157 ad
1792 4101 2070 4171 superiora

493 4200 891 4256 convertamus,
926 4191 994 4246 ad
1023 4191 1170 4245 illam
1215 4190 1423 4246 scilicet
1454 4199 1712 4246 aeternam
1743 4189 2072 4260 contempla-

494 4282 696 4336 tionem
723 4281 1072 4337 immutabilis
1119 4281 1380 4338 veritatis.
1421 4281 1602 4351 Usque
1648 4282 1715 4337 ad
1758 4281 2072 4337 vicesimam

495 4374 724 4442 primam
765 4374 882 4428 ideo
923 4375 1131 4431 Pascha
1173 4375 1512 4440 observatur,
1538 4383 1762 4444 propter
1787 4388 2072 4430 numerum

497 4463 856 4534 septenarium
881 4480 987 4535 quo
1015 4467 1385 4521 universitatis
1411 4465 1734 4536 significatio
1763 4478 1904 4533 saepe
1941 4463 2073 4534 figu-

500 4563 670 4620 ratur,
694 4554 784 4626 qui
813 4557 976 4611 etiam
1024 4557 1125 4628 ipsi
1164 4557 1417 4613 Ecclesia:
1444 4557 1718 4622 tribuitur,
1745 4566 1964 4627 propter
1993 4558 2076 4611 in-

500 4656 615 4701 star
645 4648 1053 4716 universitatis;
1088 4649 1313 4718 ideoque
1355 4657 1409 4704 et
1437 4646 1672 4703 Joannes
1717 4647 1992 4717 apostolus
2021 4649 2074 4704 in

500 4739 816 4811 Apocalypsi
857 4749 1061 4811 septem
1103 4741 1293 4795 scribit
1334 4737 1610 4795 Ecclesiis.
1659 4739 1900 4795 Ecclesia
1947 4755 2076 4796 vero

503 4829 677 4884 adhuc
709 4831 764 4884 in
791 4831 895 4885 ista
928 4831 1274 4885 mortalitatis
1301 4845 1465 4885 carne
1493 4829 1782 4883 constituta
1810 4871 1822 4891 ,
1857 4839 2078 4901 propter

506 4918 662 4972 istam
695 4920 1135 4984 mutabilitatem,
1166 4919 1306 4974 luna:
1335 4919 1551 4973 nomine
1573 4918 1625 4972 in
1651 4917 1946 4989 Scripturis
1973 4937 2074 4974 sae-

504 5023 570 5077 pe
599 5019 839 5065 vocatur.
871 5009 1022 5076 Quod
1059 5025 1187 5064 vero
1225 5011 1625 5064 anniversarios
1667 5010 1782 5065 dies
1812 5013 2080 5079 paschalis

506 5114 612 5154 non
641 5100 709 5154 ad
738 5102 985 5156 eumdem
1019 5102 1154 5155 redit
1205 5103 1331 5155 anni
1376 5102 1542 5166 diem,
1586 5101 1666 5155 sic
1693 5111 1752 5153 ut
1793 5109 1918 5171 puta
1964 5103 2079 5155 dies

506 5203 614 5259 quo
669 5192 909 5246 creditur
949 5191 1206 5246 Dominus
1250 5201 1429 5256 natus,
1473 5193 1575 5247 hoc
1619 5191 1680 5245 fit
1710 5201 1931 5261 propter
1975 5192 2081 5246 Do-

509 5283 764 5338 minicum
796 5285 938 5339 diem
967 5292 1020 5338 et
1049 5283 1251 5338 lunam.
1294 5283 1633 5338 Manifestum
1668 5291 1752 5337 est
1790 5283 1932 5336 enim
1974 5297 2080 5351 quo

507 5374 597 5430 die
636 5374 894 5430 Dominus
933 5373 1225 5430 crucifixus
1265 5375 1356 5439 sit,
1397 5380 1453 5429 et
1484 5374 1534 5426 in
1563 5372 1808 5443 sepulcro
1833 5371 1999 5427 fuerit
2025 5381 2083 5429 et

510 5467 886 5522 resurrexerit.
914 5467 1176 5538 Adjuncta
1215 5475 1296 5522 est
1328 5466 1471 5520 enim
1493 5466 1732 5535 ipsorum
1753 5465 1961 5520 dierum
1979 5467 2080 5520 ob-

510 5560 747 5613 servatio
775 5575 871 5629 per
901 5559 1173 5615 Niczeuum
1200 5560 1486 5615 concilium
1507 5598 1521 5622 ,
1573 5568 1629 5612 et
1667 5559 1785 5612 orbi
1826 5560 2081 5616 universo

511 5649 818 5703 Christiano
857 5665 1171 5718 persuasum
1230 5667 1294 5706 eo
1352 5651 1511 5705 modo
1565 5648 1770 5704 Pascha
1821 5651 2080 5705 celebrari

514 5749 762 5806 oportere
792 5780 805 5803 ,
847 5751 903 5794 ut
933 5759 1036 5796 non
1075 5745 1246 5798 solum
1289 5745 1468 5798 lunam
1510 5741 1812 5813 paschalem
1841 5782 1855 5807 ,
1911 5742 2002 5796 sed
2029 5751 2082 5798 et

2102 4509 2152 4569 D

2169 1899 2392 1968 Aprilis,
2415 1901 2652 1964 eveniat,
2689 1900 2816 1969 quia
2841 1900 3110 1956 luminare
3133 1902 3314 1956 minus
3353 1902 3615 1959 luminare
3651 1921 3770 1960 ma-

2163 1989 2254 2060 jus
2291 1991 2442 2060 sequi
2483 1991 2535 2044 in
2576 1990 2916 2059 plenitudine
2950 2007 3045 2046 sua
3093 2007 3198 2047 non
3241 1994 3546 2062 praecedere
3579 1997 3766 2052 debet.

2169 2077 2304 2132 Nam
2326 2094 2447 2134 cum
2475 2080 2529 2133 in
2545 2079 2726 2135 Veteri
2750 2080 3094 2136 Testamento
3115 2083 3288 2138 tribus
3317 2096 3769 2154 argumentorum

2170 2169 2385 2225 indiciis
2412 2171 2668 2239 paschale
2722 2180 2934 2241 tempus
2971 2174 3251 2229 observari
3291 2176 3363 2230 sit
3405 2189 3767 2250 praeceptum,

2169 2261 2421 2316 videlicet
2459 2270 2519 2315 ut
2567 2270 2689 2331 post
2733 2263 3117 2332 aequinoctium
3144 2305 3159 2329 ,
3209 2276 3266 2321 et
3315 2283 3501 2324 mense
3540 2272 3766 2340 primo,

2169 2360 2229 2407 ut
2276 2353 2435 2408 tertia
2488 2354 2606 2424 ejus
2649 2355 2951 2423 septimana
2981 2397 2994 2420 ,
3041 2356 3092 2410 id
3143 2366 3264 2421 est,
3322 2375 3354 2412 a
3391 2375 3613 2431 vespera
3664 2364 3767 2417 de-

2170 2447 2324 2500 cimae
2343 2454 2551 2514 quarta:
2579 2446 2720 2502 lunae
2755 2449 2896 2517 quod
2932 2457 3015 2504 est
3050 2449 3262 2504 initium
3297 2451 3516 2507 decimae
3557 2455 3769 2524 quinue

2170 2552 2340 2606 usque
2378 2538 2432 2592 in
2479 2552 2761 2608 vesperam
2794 2580 2809 2605 ,
2861 2539 2914 2594 id
2963 2547 3086 2606 est,
3142 2542 3431 2597 terminum
3485 2546 3770 2617 vigesima:

2168 2629 2356 2698 primae
2383 2669 2398 2693 ,
2441 2630 2748 2686 celebretur
2779 2671 2794 2695 ,
2841 2641 3036 2701 quarta
3105 2633 3159 2687 in
3208 2633 3446 2704 ejusdem
3497 2637 3767 2693 observa—

2170 2721 2317 2776 tione
2365 2721 2550 2793 regula
2589 2732 2676 2778 est
2715 2724 2872 2780 nobis
2903 2739 2933 2777 a
2968 2732 3209 2794 tempore
3257 2726 3545 2782 Dominica:
3583 2745 3772 2784 resur-

2169 2813 2424 2869 rectionis
2474 2815 2747 2884 imposita,
2791 2825 2852 2870 ut
2901 2832 3025 2872 cum
3081 2818 3402 2887 aequinoctio
3445 2827 3769 2878 transcenso

2169 2902 2350 2958 lunam
2388 2904 2546 2974 primi
2582 2905 2786 2961 mensis
2820 2915 3070 2976 quartam
3111 2906 3375 2962 decimam
3409 2923 3631 2978 vespere
3666 2926 3767 2965 or-

2170 3000 2280 3047 tum
2302 2991 2481 3050 facere
2492 2994 2800 3058 viderimus,
2826 3010 2932 3050 non
2948 2996 3127 3050 statim
3148 2997 3214 3051 ad
3236 2995 3534 3052 faciendum
3549 2999 3765 3054 Pascha

2167 3085 2546 3154 prosiliamus,
2585 3086 2679 3141 sed
2732 3086 3068 3143 Dominicum
3113 3098 3485 3158 exspectantes
3540 3091 3594 3146 in
3643 3092 3768 3161 ipso

2169 3191 2403 3248 congrue
2426 3177 2635 3232 Pascha
2667 3177 3019 3233 celebreus.
3051 3179 3118 3234 Et
3161 3180 3206 3234 si
3241 3180 3357 3235 ﬁeri
3384 3191 3562 3250 posset
3587 3191 3647 3237 ut
3673 3200 3769 3240 ea-

2169 3266 2290 3321 dem
2330 3267 2582 3323 omnibus
2623 3268 2781 3323 annis
2817 3267 3025 3324 sabbati
3053 3268 3141 3324 die
3173 3267 3296 3323 luna
3327 3280 3516 3339 quarta
3550 3272 3764 3330 decima

2168 3356 2499 3425 contigisset.
2545 3357 2677 3411 nihil
2707 3364 2908 3413 nostra:
2931 3358 3200 3427 paschalis
3235 3357 3589 3416 observantiae
3617 3372 3766 3418 tem-

2167 3459 2270 3515 pus
2295 3461 2326 3500 a
2349 3445 2505 3517 legali
2536 3447 2886 3516 discreparet.
2919 3447 3054 3503 Nam
3076 3457 3133 3504 et
3167 3465 3266 3506 nos
3306 3449 3407 3521 ipsi
3445 3452 3599 3522 juxta
3625 3453 3767 3526 legis

2168 3536 2362 3599 edicta,
2397 3552 2610 3607 semper
2641 3547 2834 3608 quarta
2871 3538 3079 3594 decima
3121 3539 3246 3594 luna
3273 3540 3429 3610 primi
3461 3543 3666 3598 mensis
3695 3547 3766 3602 ad

2167 3641 2472 3696 vesperam,
2500 3628 2842 3684 immolantes
2855 3636 2909 3684 et
2923 3630 3264 3686 comedentes
3292 3631 3410 3702 agni
3433 3632 3763 3692 immaculati

2169 3732 2408 3783 carnem,
2440 3719 2867 3789 sanguinemque
2893 3719 3060 3786 illius,
3089 3722 3156 3777 ad
3190 3723 3552 3792 repellendum
3583 3735 3764 3780 exter-

2171 3809 2512 3872 minatorem,
2546 3810 2748 3866 nostris
2775 3812 3018 3881 postibus
3044 3823 3411 3885 aspergentes.
3439 3816 3492 3871 id
3515 3826 3618 3882 est,
3635 3817 3768 3889 bap-

2171 3900 2318 3956 tismi
2346 3909 2402 3955 et
2425 3901 2760 3971 paschalium
2794 3903 3130 3960 celebrantes
3157 3906 3411 3962 solemnia
3448 3907 3762 3977 missarum,

2170 3990 2468 4062 Spiritalem
2497 4005 2878 4062 superaremus
2898 3994 3210 4068 Egyptum,
3235 4007 3396 4068 atque
3419 3999 3762 4056 illucescente

2171 4096 2330 4136 mane
2355 4083 2411 4137 in
2437 4082 2563 4138 luna
2584 4084 2793 4139 decima
2815 4085 3003 4155 quinta
3030 4089 3230 4144 mensis
3256 4090 3761 4161 ejusdem,primum

2170 4170 2496 4243 Azymorum
2517 4174 2658 4230 diem
2682 4175 3030 4244 intraremus,
3055 4188 3363 4250 septemque
3388 4182 3504 4236 dies
3520 4181 3762 4250 ejusdem

2173 4264 2503 4320 celebritatis
2544 4264 2846 4337 legitimos,
2885 4266 2917 4324 a
2961 4285 3119 4324 mane
3171 4272 3359 4327 decimi
3417 4275 3588 4342 quinti
3631 4277 3758 4339 diei.

2174 4370 2346 4425 usque
2377 4356 2430 4412 in
2459 4373 2742 4429 vesperam
2777 4361 3018 4416 vicesimi
3060 4362 3216 4431 primi
3246 4364 3444 4418 mensis
3491 4365 3672 4434 ipsius.
3708 4369 3762 4421 id

2176 4457 2281 4514 est,
2321 4465 2352 4503 a
2380 4449 2659 4506 Dominico
2686 4451 2935 4518 Pascha,
2967 4469 3136 4522 usque
3164 4454 3217 4508 in
3244 4453 3574 4510 Dominicum
3611 4468 3764 4512 octa-

2183 4558 2309 4596 vum
2334 4541 2576 4609 Paschaa,
2617 4545 2798 4600 debita
2833 4547 3179 4603 veneratione
3216 4548 3621 4619 compleremus.
3653 4551 3765 4608 Sed

2183 4635 2438 4704 quoniam
2459 4635 2600 4691 luna:
2639 4637 2754 4693 dies
2779 4639 2922 4694 idem
2951 4639 3189 4695 diversas
3227 4642 3536 4711 septimana:
3584 4644 3764 4698 devol-

2181 4724 2328 4779 vitur
2372 4725 2425 4779 in
2469 4723 2665 4792 ferias,
2697 4727 2821 4782 inde
2852 4728 2911 4783 fit
2947 4739 3006 4783 ut
3049 4731 3138 4799 qui
3162 4739 3379 4799 propter
3409 4734 3764 4788 resurrectio-

2181 4829 2307 4870 nem
2344 4815 2718 4886 Redemptoris
2764 4819 2932 4875 nostri
2977 4819 3308 4878 Dominieum
3353 4821 3492 4876 diem
3541 4823 3766 4879 Paschze

2182 4909 2392 4964 initium
2417 4924 2634 4966 servare
2653 4913 2934 4978 docemur.
2969 4913 3251 4984 aliquOties
3277 4925 3458 4968 nostra
3495 4917 3764 4973 festivitas

2182 5002 2410 5070 septimo
2455 5013 2577 5072 post
2623 5004 2871 5074 legalium
2900 5005 3222 5075 Azymorum
3273 5005 3546 5057 exordium
3581 5019 3765 5063 sumat

2183 5093 2506 5163 ingressum,
2535 5109 2917 5164 nonnunquam
2951 5102 3130 5148 tamen
3155 5095 3455 5165 contingat,
3489 5106 3542 5148 ut
3575 5106 3763 5151 nostra

2183 5183 2496 5240 solemnitas
2545 5186 2814 5254 paschalis
2861 5186 3093 5255 aliquem
3123 5185 3364 5256 legalium
3407 5186 3617 5255 paschae
3641 5187 3768 5241 die-

2184 5292 2326 5343 rum,
2344 5292 2486 5348 szepe
2499 5286 2676 5332 autem
2695 5293 2884 5333 omnes
2916 5279 3052 5331 intra
3067 5293 3126 5332 se
3138 5277 3536 5346 complectatur.
3559 5276 3768 5332 Notan-

2183 5368 2310 5424 dum
2343 5379 2522 5426 tamen
2553 5371 2696 5440 quod
2737 5371 2878 5425 inter
2927 5371 3124 5440 pascha
3171 5377 3227 5424 et
3250 5383 3433 5438 azyma
3481 5368 3611 5438 legis
3652 5368 3768 5424 hoc

2185 5461 2370 5527 distat,
2397 5463 2540 5531 quod
2563 5461 2652 5516 illa
2690 5445 2796 5516 una
2832 5461 2946 5516 dies
2974 5477 3078 5530 qua
3108 5474 3298 5531 agnum
3335 5459 3505 5514 occidi
3540 5473 3767 5515 necesse

2185 5561 2324 5616 erat,
2340 5560 2397 5607 et
2409 5562 2564 5606 nocte
2589 5551 2834 5621 sequenti
2861 5551 3127 5604 transiens
3137 5548 3389 5604 Dominus
3405 5546 3767 5616 primogenita

2187 5641 2562 5714 .Egyptiorum
2580 5642 2865 5713 percussit,
2893 5641 3126 5695 liberans
3145 5639 3332 5693 domus
3348 5634 3572 5690 ﬁliorum
3592 5633 3767 5688 lsracl

2189 5740 2424 5809 signatas
2450 5738 2571 5807 agni
2588 5737 2844 5808 sanguine
2865 5733 3057 5805 (Exod.
3083 5732 3203 5802 xu),
3223 5728 3416 5800 pascha
3455 5726 3764 5791 dicebatur,
