4002 6204
206 286 317 342 3:33

1020 281 1106 336 DE
1144 279 1590 342 CLERICORUM
1629 283 2136 355 INSTITUTIONE,
2177 289 2328 346 ETC.
2360 319 2428 332 --
2463 290 2586 346 LIB.
2628 292 2691 348 ll.

3385 301 3492 356 334

201 402 500 467 sequentes
529 409 664 450 vero
689 393 803 450 dies
828 402 1054 464 septem,
1083 396 1136 450 id
1165 403 1282 459 est,
1313 412 1344 449 a
1392 396 1601 450 decimo
1620 397 1808 465 quinto
1835 398 1887 458 Α
1912 398 2248 469 complantati
2277 401 2404 471 {acti
2428 419 2609 458 sumus
2629 403 2962 460 similitudini
2993 409 3174 464 mortis
3195 409 3502 478 eius,simul

202 502 380 559 usque
401 487 470 542 ad
498 487 817 542 vicesimum
838 486 1073 556 primum
1090 486 1293 541 mensis
1315 487 1575 556 ejusdem,
1604 502 1814 558 azymo.

201 594 327 634 rum
387 577 610 648 proprie
667 577 1020 632 vocabantur.
1066 574 1238 642 Quem
1293 575 1544 646 legalium
1606 592 1813 633 morem

203 669 456 724 Ecclesia
487 682 596 721 non
637 665 945 738 ignobiliter
979 665 1144 720 etiam
1187 666 1450 732 imitatur,
1476 683 1638 722 unam
1666 668 1815 723 vide-

204 761 335 815 licet
384 768 602 814 noctem
657 757 923 812 transitus
983 757 1278 813 Dominicae
1321 760 1738 816 resurrectionis
1783 776 1814 816 a

205 851 440 906 mortuis
465 889 481 914 ,
522 864 664 918 qua,
704 849 898 917 impios
945 848 1344 918 triumphando,
1379 848 1563 905 ﬁdeles
1605 849 1814 904 salvare

210 942 466 1011 dignatus
490 947 593 1000 est,
626 937 1000 1008 principaliter
1027 937 1342 1002 observans,
1380 953 1445 992 ac
1469 937 1660 992 deinde
1680 937 1815 992 alios

210 1040 416 1101 septem
448 1030 570 1083 dies
597 1029 649 1082 in
681 1028 996 1082 memoriam
1040 1025 1281 1094 ejusdem
1325 1029 1608 1082 dominicae
1637 1043 1816 1083 resur-

208 1119 469 1175 rectionis
494 1133 733 1188 congrua
758 1116 1049 1172 festivitate
1090 1117 1419 1188 subjungens
1447 1134 1582 1188 quos
1606 1129 1814 1188 septem

209 1211 324 1266 dies
342 1209 515 1263 Albas
535 1209 859 1272 vocitamus,
889 1215 1111 1278 propter
1139 1223 1234 1263 eos
1256 1209 1350 1278 qui
1371 1210 1426 1263 in
1448 1221 1635 1265 sancta
1656 1218 1816 1266 nocte

208 1304 494 1372 baptizati,
527 1303 665 1357 albis
692 1318 790 1372 per
827 1310 993 1355 totam
1029 1301 1422 1358 hebdomadam
1463 1312 1689 1359 utuntur
1717 1320 1813 1361 ve-

211 1393 418 1458 stibus;
452 1401 507 1446 et
535 1402 661 1448 tunc
681 1393 916 1447 maxime
943 1393 1068 1446 dum
1097 1391 1215 1448 alba
1241 1394 1500 1450 tolluntur
1519 1411 1550 1450 a
1577 1396 1815 1468 baptiza-

211 1486 278 1540 tis
327 1486 679 1549 vestimenta,
704 1499 803 1554 per
830 1499 1026 1539 manus
1065 1484 1461 1554 impositionem
1491 1501 1522 1540 a
1560 1488 1815 1556 pontiﬁce

211 1581 478 1651 Spiritum
522 1591 770 1636 sanctum
821 1581 1069 1651 accipere
1112 1582 1439 1638 conveniens
1485 1590 1595 1649 est,
1629 1585 1720 1654 qui
1751 1586 1804 1639 in

209 1672 486 1741 baptismo
527 1673 768 1726 omnium
809 1678 1129 1740 receperunt
1161 1672 1534 1728 remissionem
1571 1683 1813 1744 peccato-

1917 499 1966 544 et
1990 494 2381 550 resurrectionis
2402 496 2593 550 erimus
2622 495 2798 566 (Rom.
2824 497 2919 568 vr).

2442 586 2742 644 CAPUT
2800 583 2953 646 XLI

2487 676 2566 730 De
2598 675 2916 733 Pentecoste.

1986 760 2202 816 initium
2243 776 2377 819 sane
2402 771 2457 818 et
2497 781 2658 821 causa
2698 766 3010 824 festivitatis
3049 769 3418 838 Pentecostes,
3452 775 3507 831 id

1915 857 2033 920 est,
2049 851 2527 923 quinquagesimae,
2556 856 2714 924 paulo
2740 857 2900 911 altius
2924 861 3209 927 repetenda
3238 871 3341 917 est.
3368 863 3508 918 Pcu-

1916 948 2149 1020 tepostes
2175 943 2317 996 enim
2349 943 2462 998 dies
2490 945 2613 999 hinc
2645 947 2786 1017 cepit
2810 949 3113 1016 exordium,
3143 954 3358 1020 quando
3406 955 3503 1010 Dei

1916 1045 2018 1085 vox
2053 1031 2105 1085 in
2137 1031 2268 1086 Sina
2314 1042 2496 1088 monte
2539 1035 2767 1104 desuper
2797 1037 3048 1095 intonans
3095 1043 3276 1096 audita
3317 1053 3419 1108 est,
3451 1055 3510 1100 et

1917 1117 2002 1172 lex
2024 1120 2146 1172 data
2171 1129 2254 1175 est
2277 1120 2462 1192 Moysi.
2493 1123 2548 1176 lu
2569 1123 2718 1179 Novo
2743 1133 2922 1181 autem
2944 1128 3292 1186 Testamento
3314 1132 3507 1188 Pente-

1916 1218 2092 1264 costes
2122 1212 2301 1280 coepit,
2335 1215 2548 1282 quando
2573 1216 2860 1271 adventum
2893 1221 3064 1276 sancti
3086 1220 3316 1292 Spiritus
3343 1242 3506 1295 quem

1915 1296 2164 1354 Christus
2230 1303 2515 1370 promisit,
2559 1305 2841 1372 exhibuit,
2885 1323 3046 1378 quem
3095 1312 3170 1366 ait
3221 1328 3326 1367 non
3384 1329 3507 1369 esse

1915 1398 2222 1456 venturum,
2255 1392 2357 1446 nisi
2400 1393 2514 1462 ipse
2559 1396 2890 1452 ascendisset
2938 1399 2991 1452 in
3019 1402 3235 1456 coelum.
3263 1405 3505 1475 Denique

1916 1478 2041 1532 dum
2076 1487 2288 1547 portam
2336 1482 2459 1536 caeli
2500 1481 2746 1540 Christus
2782 1485 3056 1553 intrasset,
3104 1489 3288 1544 decem
3317 1492 3504 1548 diebus

1916 1565 2274 1637 interpositis,
2313 1569 2595 1625 intremuit
2624 1574 2802 1629 subito
2831 1577 3112 1632 orantibus
3144 1581 3406 1648 apostolis
3427 1582 3506 1636 lo-

1915 1671 2036 1722 cus,
2073 1665 2130 1713 et
2154 1658 2511 1714 descendente
2538 1661 2741 1731 Spiritu
2776 1673 2962 1720 sancto
3009 1682 3172 1737 super
3219 1685 3333 1734 eos,
3375 1688 3505 1728 con-

210 1740 354 1826 rnm,
386 1772 445 1816 et
472 1777 572 1832 per
609 1771 816 1831 septem
842 1763 958 1818 dies
978 1762 1287 1834 evangelico
1315 1740 1587 1819 castitatis
1625 1767 1806 1821 habitu
1839 1740 1883 1799 Β
1911 1744 2174 1802 ﬂammati
2219 1757 2371 1814 sum,
2410 1750 2484 1804 ίῑθ
2515 1760 2571 1804 υί
2618 1753 2813 1824 ῙῘηΒυῖε
2861 1756 3100 1810 omnium
3144 1759 3384 1827 Sentium
3409 1762 3504 1818 Dei

209 1861 260 1907 et
287 1851 591 1906 luminibus
634 1851 872 1908 caelestis
915 1851 1179 1908 claritatis
1217 1853 1420 1909 sanctis
1445 1853 1698 1910 assistere
1724 1871 1809 1911 sa-

211 1940 440 1997 criﬁciis
463 1941 656 1997 solent.

829 2029 1057 2088 CAPUT
1099 2030 1208 2086 XL.

671 2159 748 2215 De
773 2160 1085 2216 Ascensione
1116 2161 1347 2216 Domini.

277 2297 635 2355 Aseensionis
657 2299 948 2355 Dominicm
974 2299 1292 2356 solemnitas
1333 2302 1455 2358 ideo
1481 2303 1808 2370 celebratur,

215 2387 345 2456 quia
374 2388 566 2442 eodem
609 2388 694 2442 die
723 2397 845 2459 post
891 2390 1074 2445 mundi
1102 2391 1408 2457 victoriam,
1447 2405 1568 2462 post
1615 2395 1810 2450 inferni

213 2492 543 2548 regressum,
569 2479 860 2536 ascendere
885 2479 1132 2536 Christus
1176 2492 1508 2539 memoratur
1528 2485 1594 2540 ad
1619 2487 1808 2553 caelos,

214 2569 359 2623 sicut
385 2569 646 2640 scriptum
669 2579 748 2626 est
776 2589 788 2624 :
821 2573 1116 2627 Ascendens
1146 2573 1202 2627 in
1248 2574 1436 2640 altum,
1473 2578 1605 2647 cepit
1645 2579 1811 2649 capti-

215 2659 454 2722 vitatem,
496 2660 638 2714 dedit
682 2661 822 2716 dona
872 2663 1169 2718 hominibus
1216 2661 1389 2735 (Psal.
1434 2666 1623 2738 van).
1679 2667 1810 2734 Quae

211 2746 489 2804 festivitas
515 2750 634 2805 ideo
670 2764 765 2820 per
790 2751 1086 2806 revolutum
1110 2753 1370 2808 circulum
1392 2771 1656 2811 annorum
1677 2757 1811 2813 cele-

210 2838 429 2904 bratur,
461 2848 520 2894 ut
551 2840 860 2898 humanitas
900 2851 1187 2912 assumpta:
1207 2844 1388 2900 carnis
1415 2846 1714 2901 ascendens
1742 2846 1810 2902 ad

211 2929 502 2986 dexteram
534 2932 714 2989 Patris
744 2935 796 2989 in
826 2935 1142 2991 memoriam
1163 2946 1449 2992 revocetur
1476 2936 1666 3006 :cujus
1684 2953 1807 2995 cor-

208 3039 318 3094 pus
339 3024 416 3079 ita
431 3025 486 3079 in
502 3025 638 3081 caelo
659 3041 778 3082 esse
799 3027 1088 3094 credimus,
1105 3036 1297 3084 uterat
1312 3029 1528 3099 quando
1540 3031 1805 3102 ascendit,

1915 1839 2186 1909 magnalia
2253 1839 2620 1909 loquerentur.
2678 1844 2955 1900 Adventus
3018 1847 3198 1916 itaque
3270 1847 3505 1919 Spiritus

1909 1932 2085 1988 sancti
2111 1932 2177 1988 de
2199 1931 2338 1987 cmlo
2359 1947 2522 2002 super
2543 1935 2815 2003 apostolos
2844 1936 2896 1990 in
2919 1938 3176 1993 varietate
3200 1938 3502 2012 linguarum

1909 2019 2157 2076 dili'usam
2192 2020 2585 2076 solemnitatem
2627 2024 2926 2078 transmisit
2960 2025 3012 2078 in
3037 2035 3302 2095 posteros,
3330 2044 3504 2100 eaque

1911 2113 1977 2168 de
2003 2128 2167 2168 causa
2209 2112 2527 2169 Pentecoste
2555 2114 2877 2180 celebratur,
2911 2124 2965 2171 et
2999 2118 3112 2174 dies
3136 2119 3249 2188 ipse
3274 2122 3500 2190 proinde

1910 2202 2136 2273 insignis
2186 2203 2433 2258 habetur.
2491 2202 2791 2258 Concordat
2844 2217 3023 2261 autem
3077 2208 3192 2264 haec
3236 2207 3502 2268 festivitas

1910 2291 2206 2363 Evangelii,
2223 2308 2344 2348 cum
2375 2292 2667 2348 festivitate
2689 2293 2840 2363 legis.
2857 2295 2967 2350 lllic
2981 2297 3124 2351 enim
3147 2306 3500 2369 posteaquam

1911 2395 2084 2449 agnus
2112 2379 2420 2436 immolatus
2446 2389 2562 2447 est,
2613 2382 2946 2452 interpositis
2975 2384 3365 2456 quinquaginta
3386 2389 3502 2443 die-

1909 2471 2034 2536 bus,
2059 2471 2184 2526 data
2209 2479 2294 2526 est
2330 2470 2414 2527 lex
2450 2471 2616 2543 Moysi
2660 2473 2859 2543 scripta
2881 2473 3048 2544 digito
3068 2474 3183 2529 Dei.
3211 2475 3311 2530 Hic
3354 2489 3504 2547 post-

1909 2575 2072 2630 quam
2119 2561 2332 2617 occisus
2374 2570 2458 2617 est
2509 2562 2789 2626 Christus,
2837 2563 2928 2632 qui
2971 2572 3228 2635 tanquam
3262 2567 3380 2622 ovis
3429 2568 3499 2624 ad

1909 2649 2297 2706 immolandum
2337 2651 2531 2706 ductus
2567 2660 2672 2715 est,
2721 2651 3025 2706 celebratur
3050 2667 3238 2709 verum
3267 2654 3498 2724 Pascha,

1909 2747 1967 2794 et
1993 2740 2323 2810 interpositis
2352 2740 2738 2810 quinquaginta
2771 2741 2976 2806 diebus,
3012 2740 3247 2812 Spiritus
3280 2756 3501 2804 sanctus

1909 2831 2089 2896 datur,
2122 2831 2214 2902 qui
2257 2838 2341 2887 est
2377 2831 2577 2903 digitus
2615 2831 2734 2898 Dei,
2765 2846 2927 2903 super
2952 2843 3168 2890 centum
3214 2845 3270 2892 et
3308 2838 3498 2910 viginti

1910 2919 2200 2990 discipulos
2224 2918 2470 2976 Mosaicae
2497 2919 2677 2975 aetatis
2705 2935 2929 2977 numero
2949 2924 3290 2980 constitutos.
3319 2925 3500 2996 Siqui-

1911 3012 2033 3068 dem
2069 3019 2126 3066 et
2165 3011 2281 3067 haec
2333 3010 2599 3068 festivitas
2636 3011 2781 3067 aliud
2826 3014 3033 3070 obtinet
3077 3027 3495 3074 sacramentum.

209 3115 364 3184 quod
403 3124 461 3171 et
485 3130 587 3170 vox
627 3117 866 3188 angelica
904 3126 1234 3188 protestatur
1261 3119 1484 3175 dicens:
1522 3119 1614 3176 Sic
1648 3122 1808 3192 veniet

1913 3103 2137 3160 Constat
2183 3103 2328 3159 enim
2383 3118 2451 3158 ex
2498 3112 2703 3173 septem
2749 3104 3083 3174 septimanis.
3135 3105 3243 3162 Sed
3287 3106 3497 3165 dierum

209 3203 655 3275 quemadmodum
689 3206 885 3261 vidistis
911 3224 1026 3261 eum
1052 3217 1257 3262 euntem
1281 3208 1336 3260 in
1366 3207 1551 3263 ctutum
1579 3207 1716 3279 (Act.
1743 3209 1805 3280 ι),

212 3296 264 3350 id
287 3303 399 3358 est,
427 3295 615 3350 eadem
645 3297 822 3352 carnis
843 3297 1020 3366 specie
1042 3304 1200 3367 atque
1229 3298 1548 3364 substantia,
1579 3299 1662 3353 cui
1685 3313 1809 3368 pro-

212 3384 366 3440 fecto
391 3385 548 3438 carni
586 3384 1040 3440 immortalitatem
1079 3385 1242 3451 dedit,
1269 3394 1519 3440 naturam
1551 3401 1657 3441 non
1685 3387 1808 3442 abs-

213 3474 363 3528 tulit.
406 3473 636 3529 Dextera
685 3482 864 3530 autem
911 3474 1090 3530 Patris
1132 3477 1200 3530 ad
1236 3491 1399 3545 quam
1442 3476 1584 3531 idem
1639 3476 1806 3532 Filius

212 3567 412 3620 sciere
438 3565 693 3631 creditur,
729 3581 835 3621 non
860 3572 945 3621 est
971 3579 1250 3636 corporea,
1286 3567 1429 3636 quod
1449 3567 1600 3622 nefas
1627 3575 1710 3622 est
1740 3568 1806 3623 de

214 3656 334 3711 Deo
355 3656 582 3721 sentire,
605 3655 696 3710 sed
723 3655 942 3711 dextera
984 3654 1181 3721 Patris,
1203 3665 1286 3710 est
1312 3656 1588 3712 beatitudo
1609 3671 1806 3728 perpe-

215 3756 337 3810 tua,
371 3762 493 3816 qua:
518 3746 718 3801 sanctis
747 3747 800 3800 in
828 3747 1220 3804 resurrectione
1249 3748 1601 3818 promittitur,
1628 3750 1679 3805 id
1698 3758 1784 3806 est

215 3839 488 3892 universa:
533 3835 785 3892 Ecclesia:
829 3853 946 3907 qua:
979 3845 1062 3893 est
1107 3853 1304 3909 corpus
1329 3837 1563 3904 Christi;
1591 3840 1728 3894 sicut
1751 3847 1807 3896 et

214 3926 442 3980 sinistra
491 3923 607 3994 ejus
653 3925 967 3997 intelligitur
1009 3928 1226 3982 miseria
1263 3936 1318 3982 et
1345 3941 1501 3998 paena
1524 3938 1800 4000 perpetua,

1913 3195 2128 3265 quidem
2166 3195 2476 3267 septimanm
2515 3202 2774 3264 generant
2797 3195 3040 3250 eamdem
3064 3195 3412 3254 Pentecosten
3443 3199 3498 3255 in

1914 3301 2020 3355 quo
2050 3285 2110 3341 ﬁt
2134 3285 2341 3356 peccati
2367 3284 2613 3341 remissio
2637 3299 2736 3354 per
2753 3282 3010 3354 Spiritum
3037 3295 3301 3341 sanctum.
3317 3287 3498 3343 Auno-

1913 3388 2035 3431 rum
2057 3391 2186 3432 vero
2200 3377 2513 3448 septimana:
2527 3376 3028 3447 quinquagesimum
3047 3391 3246 3432 annum
3267 3377 3493 3446 faciunt,

1911 3470 2002 3539 qui
2030 3469 2171 3540 apud
2200 3469 2455 3523 Hebrmos
2483 3467 2732 3538 jubilams
2767 3467 3099 3534 nominatur,
3129 3467 3183 3522 in
3211 3485 3319 3539 quo
3352 3470 3498 3525 simi-

1910 3559 2035 3616 liter
2087 3569 2245 3617 terrze
2292 3559 2352 3614 fit
2393 3559 2683 3624 remissio,
2726 3566 2782 3614 et
2825 3573 3104 3614 servorum
3158 3559 3398 3626 libertas,
3444 3572 3501 3617 et

1908 3651 2310 3725 possessionum
2351 3650 2640 3713 restitutio,
2667 3663 2783 3718 quae
2825 3649 3001 3718 pretio
3044 3646 3255 3703 fuerant
3276 3664 3495 3720 compa-

1911 3752 2044 3799 rata.
2098 3742 2316 3814 Septem
2363 3741 2562 3796 etenim
2605 3741 2802 3809 septies
2848 3739 3183 3810 multiplicati
3227 3743 3494 3812 quinqua-

1908 3833 2187 3905 genarium
2206 3847 2270 3888 ex
2293 3848 2352 3888 se
2373 3838 2632 3902 generant
2651 3847 2951 3897 numerum,
2967 3841 3236 3902 assumpta
3267 3837 3496 3891 monade

1907 3940 2070 3996 quam
2097 3942 2166 3981 ex
2195 3925 2362 3980 futuri
2389 3922 2570 3978 surculi
2601 3923 2770 3990 ﬁgura
2812 3934 3192 3992 prasumptam
3237 3939 3356 3981 esse
3381 3941 3496 3980 ma—

215 4031 342 4085 qua:
360 4017 541 4086 impiis
563 4016 794 4071 dabitur.
819 4017 959 4072 Ante
981 4018 1120 4072 hanc
1144 4032 1272 4088 ergo
1293 4018 1433 4073 diem
1459 4018 1802 4075 Ascensionis
1898 4016 2081 4087 jorum
2130 4015 2425 4070 auctoritas
2472 4013 2653 4068 tradit.
2710 4012 2796 4066 Fit
2850 4014 2995 4068 enim
3044 4014 3158 4084 ipsa
3202 4026 3258 4070 et
3303 4025 3493 4070 octava

216 4106 460 4171 Domini,
505 4122 624 4162 mos
667 4116 750 4162 est
795 4107 1156 4163 Ecclesiarum
1198 4106 1504 4163 Occidentis
1549 4123 1647 4178 per
1693 4117 1802 4166 tres

213 4200 334 4254 dies
354 4199 631 4270 proximos
654 4197 918 4268 jejunium
963 4214 1248 4265 exercere,
1299 4209 1355 4254 et
1375 4199 1590 4256 litanias
1617 4215 1797 4272 agere,

209 4302 266 4345 et
294 4292 401 4346 hoc
450 4305 701 4362 congrue.
732 4289 866 4345 Nam
913 4292 957 4347 si
983 4292 1252 4348 credimus
1293 4292 1564 4348 Christum
1608 4293 1660 4348 in
1696 4293 1800 4350 hoc

212 4390 462 4450 tempore
493 4379 560 4434 ad
606 4381 774 4438 caelos
814 4381 1140 4448 ascendisse,
1184 4381 1403 4454 dignum
1437 4391 1522 4438 est
1546 4384 1711 4438 etiam
1738 4393 1797 4439 ut

1906 4123 2119 4180 semper
2148 4115 2203 4161 et
2224 4107 2417 4177 prima,
2447 4105 2556 4159 imo
2596 4104 2711 4174 ipsa
2740 4111 2826 4158 est
2869 4116 3082 4172 semper
3112 4118 3240 4169 una,
3265 4119 3382 4173 quae
3409 4116 3494 4159 est

1904 4201 2081 4258 omnis
2105 4199 2238 4254 dies.
2271 4197 2504 4252 Necesse
2550 4205 2635 4252 est
2665 4196 2808 4251 enim
2853 4195 3236 4250 sabbatismum
3287 4197 3496 4251 anima-

1902 4307 2022 4346 rum
2036 4290 2212 4362 populi
2237 4288 2361 4346 illuc
2375 4301 2661 4342 occurrere
2674 4294 2835 4354 atque
2850 4283 2921 4338 ibi
2945 4283 3199 4354 compleri
3223 4286 3313 4341 ubi
3337 4285 3491 4340 datur

1902 4399 2026 4455 pars
2055 4383 2138 4438 his
2164 4382 2257 4453 qui
2296 4389 2441 4442 octo,
2471 4379 2612 4434 sicut
2637 4377 2852 4446 quidam
2881 4377 3151 4432 disserens
3192 4375 3496 4436 Salomonis

213 4480 346 4526 ante
391 4472 738 4528 Ascensionis
769 4471 885 4541 ejus
925 4473 1066 4530 diem
1107 4489 1326 4544 operam
1358 4474 1548 4530 demus
1580 4473 1802 4547 jejuniis
1827 4454 1880 4514 D
1905 4454 2048 4530 dicta
2095 4474 2370 4544 sapienter
2409 4468 2660 4540 exposuit
2707 4466 2905 4539 (Eccle.
2934 4465 3034 4538 xi).
3065 4466 3271 4522 idcirco
3313 4477 3496 4522 autem

213 4575 268 4618 et
294 4564 657 4628 orationibus,
697 4566 1021 4637 castigantes
1048 4582 1269 4622 carnem
1315 4575 1577 4634 nostram,
1601 4576 1657 4624 et
1682 4584 1805 4624 cru-

214 4673 336 4712 cem
363 4657 486 4728 ejus
523 4657 575 4711 in
607 4656 1007 4726 nobismetipsis
1028 4665 1319 4728 gestantes,
1349 4664 1614 4727 quatenus
1655 4657 1804 4714 illum

216 4750 372 4818 sequi
398 4763 723 4803 mereamur.
763 4748 866 4815 Qui
891 4749 1028 4802 enim
1049 4788 1063 4813 ,
1112 4748 1317 4820 inquit,
1343 4747 1452 4802 vult
1478 4757 1590 4820 post
1621 4766 1700 4803 me
1728 4766 1805 4804 ve-

218 4842 355 4896 nire.
395 4839 610 4910 abneget
651 4842 1010 4909 semetipsum,
1038 4849 1086 4894 et
1129 4838 1277 4894 tollat
1310 4855 1514 4893 crucem
1557 4855 1730 4906 suam,
1753 4847 1802 4894 et

215 4943 472 5004 sequatur
497 4951 578 4987 me
601 4933 750 5005 (Luc.
781 4935 880 5007 ιχ).
910 4934 1062 4990 Sicut
1083 4949 1210 5006 ergo
1235 4943 1514 5004 portamus
1541 4936 1594 4990 in
1635 4935 1806 4991 mani-

215 5022 322 5076 bus
352 5024 553 5077 nostris
598 5025 830 5092 speciem
861 5023 1038 5079 crucis
1084 5023 1222 5095 ejus,
1260 5022 1332 5076 ita
1371 5033 1645 5092 portemus
1673 5035 1727 5078 et
1751 5025 1804 5080 in

218 5127 385 5166 carne
412 5123 597 5168 nostra
625 5113 1031 5168 similitudinem
1056 5113 1325 5183 passionis
1349 5111 1483 5180 ejus.
1512 5112 1615 5178 Qui
1635 5124 1807 5168 autem

217 5211 342 5256 sunt
373 5201 617 5268 Christi,
659 5203 794 5256 dixit
839 5201 1149 5271 Apostolus,
1191 5217 1402 5256 carnem
1443 5218 1592 5256 suam
1641 5203 1809 5256 cruci-

216 5292 454 5362 ﬁurunt
485 5308 604 5346 cum
650 5293 786 5347 vitiis
830 5301 878 5346 et
919 5293 1344 5363 concupiscentiis
1368 5289 1508 5364 (Gal.
1531 5291 1606 5362 v).
1635 5291 1700 5346 Et
1735 5292 1810 5346 ita

217 5384 339 5449 ﬁet,
365 5392 427 5439 ut
450 5385 539 5439 ubi
567 5384 819 5440 Christus
853 5392 973 5455 post
1001 5384 1449 5442 resurrectionem
1498 5398 1648 5438 suam
1687 5397 1811 5438 cum

217 5473 395 5546 gloria
429 5476 709 5542 ascendit,
743 5475 868 5530 illuc
908 5484 963 5531 et
1000 5491 1100 5531 nos
1137 5483 1482 5546 resurgentes
1509 5489 1538 5529 a
1562 5475 1810 5543 mortuis,

221 5564 278 5620 in
309 5580 474 5623 carne
521 5568 914 5638 incorruptibili
960 5583 1058 5639 per
1103 5569 1218 5640 ejus
1265 5570 1492 5641 gratiam
1523 5572 1815 5628 ascendere

221 5654 521 5723 valeamus,
542 5657 684 5713 sicut
703 5658 835 5716 dicit
849 5659 991 5716 idem
1013 5660 1298 5730 Apostolus
1322 5679 1335 5714 :
1360 5658 1419 5715 Si
1437 5661 1596 5726 enim,
1621 5661 1810 5731 inquit,

1906 4568 2072 4623 totius
2118 4563 2577 4637 quinquagesimae
2619 4561 2734 4617 dies
2757 4568 2882 4631 post
2914 4558 3125 4614 Domini
3149 4559 3492 4615 resurrectio

1905 4670 2028 4713 nem
2057 4656 2294 4712 resoluta
2323 4651 2647 4709 abstinentia
2679 4651 2731 4704 in
2771 4647 2880 4704 sola
2910 4647 3097 4703 laetitia
3121 4647 3470 4704 celebrantur

1903 4755 2124 4819 propter
2150 4746 2377 4817 ﬁguram
2406 4742 2602 4797 futurae
2643 4738 3078 4805 resurrectionis,
3129 4738 3219 4793 ubi
3247 4736 3358 4806 jam
3389 4754 3496 4794 non

1905 4836 2082 4903 labor,
2119 4836 2214 4892 sed
2254 4835 2466 4904 requies
2495 4832 2602 4888 erit
2646 4830 2862 4885 laetitiae.
2891 4827 3017 4884 Ideo
3058 4828 3143 4883 his
3172 4828 3361 4884 diebus
3395 4843 3498 4886 nec

1907 4941 2081 5000 genua
2127 4926 2183 4980 in
2226 4924 2473 4981 oratione
2534 4920 2822 4976 ﬂectuntur
2849 4959 2864 4983 ,
2920 4918 3046 4988 quia
3089 4917 3229 4972 sicut
3276 4917 3493 4988 quidam

1908 5018 2212 5089 sapientum
2240 5015 2334 5079 ait,
2364 5014 2417 5068 in
2441 5011 2580 5068 ﬂexu
2612 5026 2842 5083 genuum
2872 5008 3200 5081 poenitentiae
3224 5015 3280 5063 et
3321 5007 3496 5062 luctus

1909 5111 2168 5166 indicium
2197 5115 2300 5163 est.
2329 5105 2481 5162 Unde
2499 5104 2666 5159 etiam
2699 5118 2794 5173 per
2818 5103 3000 5158 omnia
3040 5101 3283 5156 eamdem
3313 5099 3365 5153 in
3392 5099 3496 5156 illis

1910 5200 2305 5259 solemnitatem
2329 5212 2490 5268 quam
2529 5195 2806 5250 Dominico
2828 5196 2916 5250 die
2936 5192 3288 5256 custodimus,
3311 5189 3365 5244 in
3386 5206 3492 5261 qua

1912 5295 2146 5366 majores
2189 5292 2360 5347 nostri
2402 5305 2503 5346 nec
2535 5287 2797 5360 jejunium
2841 5287 3127 5357 agendum,
3176 5296 3278 5337 nec
3320 5294 3494 5350 genua

1911 5398 2035 5441 esse
2073 5380 2366 5447 flectenda,
2391 5381 2460 5437 ob
2493 5379 2854 5436 reverentiam
2896 5375 3189 5432 Dominicaa
3218 5385 3495 5427 resurrec-

1914 5477 2099 5542 tionis,
2125 5473 2478 5529 tradiderunt.
2498 5471 2593 5526 His
2616 5469 2803 5524 diebus
2821 5465 3021 5523 sanctis
3041 5463 3251 5519 alleluia
3271 5473 3496 5532 propter

1915 5568 2168 5640 gaudium
2211 5561 2619 5620 resurrectionis
2653 5559 2865 5615 assidue
2904 5570 3023 5611 esse
3061 5553 3389 5610 cantandum
3438 5553 3492 5609 in

1917 5659 2154 5715 Ecclesia
2185 5654 2428 5727 magistri
2457 5653 2801 5708 sanciverunt
2828 5646 3100 5702 Ecclesiae.
3131 5644 3268 5714 Quia
3297 5657 3426 5704 vero
3459 5659 3492 5698 a
