3994 6196
489 236 603 350 θέε

1130 287 1194 344 Β.
1232 281 1491 342 RABANI
1528 277 1748 339 MAURI
1786 268 2107 333 suum.
2149 271 2461 332 IOGUNT.
2501 262 2791 329 OPERUM
2826 264 3009 327 PARS
3044 266 3086 322 I.

474 407 755 468 Dominiea
774 401 1202 476 Septuagesimse
1237 406 1367 484 toto".
1388 408 1632 469 tempore
1662 393 1877 484 ieiunii,
1901 403 2073 484 usque
2098 393 2150 453 Α
2178 388 2232 442 in
2272 386 2381 443 tine
2420 383 2627 452 saeculi,
2655 385 2801 455 quod
2842 383 2898 438 is
2942 379 3161 484 Domini
3196 380 3371 484 nostri
3391 377 3540 484 .Jesu
3574 378 3795 482 Christi

474 497 533 557 in
558 495 784 559 Pascha,
816 508 924 564 quo
955 490 1288 562 ptenitentim
1320 479 1377 546 et
1409 486 1655 557 corporis
1681 482 1854 540 nostri
1883 479 2076 536 morti-

2172 491 2400 548 corpore
2420 485 2899 548 praemonstratum
2926 481 3030 539 est,
3070 472 3164 544 qui
3208 479 3296 527 est
3323 471 3723 543 primogeuisus
3759 493 3797 529 a

477 584 716 642 ﬁcationi
746 584 948 638 instare
979 574 1260 645 debemus,
1291 579 1361 635 ab
1384 578 1487 633 ista
1507 576 1667 632 laude
1698 572 2075 630 abstinendum
2176 570 2425 624 mortuis.
2469 567 2771 623 Sabhatum
2816 573 3001 621 suum
3044 579 3076 620 a
3115 564 3301 636 priom
3345 564 3545 636 popqu
3584 566 3644 619 in
3673 565 3801 619 otio

478 684 585 741 est,
630 674 758 728 licet
805 671 952 726 nullo
982 678 1223 741 tempore
1264 669 1319 724 in
1355 666 1596 722 Ecclesia
1642 664 1759 718 laus
1789 662 1883 717 Dei
1913 660 2074 724 desit,

478 765 556 821 ita
586 765 639 819 in
675 762 866 816 diebus
899 758 1258 816 solemnitatis
1308 755 1601 828 paschalis,
1629 754 1740 808 imo
1785 764 1884 823 per
1910 757 2081 805 totam

482 852 994 925 Quinquagesimam
1027 864 1197 921 usque
1228 849 1282 903 in
1315 847 1692 909 Pentecosten,
1719 851 1882 913 atque
1905 842 1958 895 in
1978 842 2085 896 Do-

482 945 699 1001 minicis
721 944 932 1009 diebus,
955 942 1172 1011 quando
1198 939 1367 994 laetari
1399 952 1497 993 nos
1512 936 1783 995 convenit.
1806 942 1861 989 et
1875 931 2086 1001 jejunio

488 1036 746 1101 relaxari,
775 1034 892 1089 sine
922 1031 1226 1088 cessatione
1254 1029 1400 1083 illam
1430 1027 1483 1083 in
1535 1035 1696 1083 cantu
1742 1023 2086 1094 frequentare

487 1127 765 1182 debemus.
794 1124 935 1179 Ante
960 1123 1162 1194 pascha
1191 1135 1319 1192 ergo
1356 1129 1567 1189 tempus
1586 1115 1775 1188 jcjunii
1806 1113 2086 1187 prmsentis

484 1219 610 1274 vita:
630 1215 1077 1290 signiﬁcationem
1097 1223 1264 1277 tenet,
1284 1212 1409 1282 quia
1429 1215 1881 1282 propterpeccata
1904 1214 2087 1260 nostra

486 1310 666 1382 pmnis
690 1307 1054 1376 aerumnisque
1087 1303 1326 1376 quotidie
1367 1300 1671 1373 atlligimur.
1703 1298 1938 1367 Tempus
1960 1308 2088 1350 vero

490 1402 952 1475 quinquagesima:
998 1397 1269 1470 paschalis
1322 1395 1559 1451 mturam
1634 1390 2087 1448 resurrectionem

489 1509 775 1564 corporum
817 1500 1151 1556 nostrorum,
1198 1489 1252 1543 id
1283 1494 1389 1554 est,
1436 1494 1691 1542 aeternam
1734 1482 1791 1537 in
1836 1481 1989 1537 ctelis
2009 1479 2091 1533 vi-

493 1595 706 1652 tam,eo
731 1584 875 1654 quod
905 1588 1067 1652 caput
1088 1588 1335 1636 nostrum
1356 1592 1422 1634 eo
1438 1586 1680 1647 tempore
1707 1571 2087 1640 resurrexerit,

493 1677 849 1737 demonstrat,
874 1687 940 1726 ac
962 1672 1082 1726 ideo
1107 1669 1325 1724 caeleste
1365 1668 1635 1723 canticum
1679 1662 1912 1727 alleluia,
1945 1659 2089 1731 quod

2178 658 2533 730 corporaliter
2574 656 2907 713 celebratum
2952 655 3206 727 legimus,
3257 663 3320 710 ut
3360 654 3533 727 ﬁgura
3558 657 3795 712 essetin

2180 755 2446 825 requiem,
2491 754 2631 808 unde
2667 761 2724 808 et
2773 753 3059 809 sabbatum
3107 750 3327 821 requies
3372 752 3791 822 interpretatur.

2182 845 2311 901 Dies
2337 855 2519 899 autem
2562 842 2896 908 Dominicus,
2923 858 3034 898 non
3075 839 3279 896 Iudaeis
3319 841 3415 896 sed
3458 840 3798 897 Christianis

2182 952 2283 1007 per
2314 936 2770 992 resurrectionem
2798 933 3013 988 Domini
3048 933 3351 1003 declaratus
3393 940 3501 1000 est,
3520 941 3578 989 et
3601 948 3672 989 ex
3700 932 3799 990 illo

2184 1027 2352 1097 coepit
2379 1025 2582 1081 habere
2626 1025 2976 1081 festivitatem
3003 1037 3178 1078 suam.
3221 1022 3342 1093 Ipse
3369 1030 3455 1078 est
3495 1023 3645 1078 enim
3671 1011 3800 1080 dies

2183 1119 2414 1189 primus,
2449 1116 2541 1186 qui
2574 1124 2693 1186 post
2718 1115 3009 1185 septimum
3046 1113 3317 1183 reperitur
3356 1121 3601 1178 octavus,
3650 1113 3800 1168 unde

2185 1214 2242 1261 et
2265 1206 2319 1260 in
2334 1203 2662 1260 Ecclesiaste
2685 1203 2751 1257 ad
2771 1203 3000 1257 duorum
3025 1201 3498 1257 Testamentorum
3519 1198 3800 1273 signiﬁca-

2186 1298 2391 1353 tionem
2438 1296 2639 1352 dicitur
2675 1308 2690 1348 :
2729 1293 2808 1349 illi
2854 1300 3095 1365 septem,
3124 1294 3268 1350 idem
3312 1294 3388 1350 illi
3430 1302 3577 1350 octo.
3605 1294 3799 1351 Primo

2187 1387 2333 1442 enim
2381 1385 2554 1441 solum
2601 1384 2986 1440 celebrandum
3037 1384 3322 1440 sabbatum
3375 1385 3635 1440 traditum
3686 1394 3800 1450 est,

2190 1479 2315 1550 quia
2342 1488 2462 1536 erat
2507 1487 2669 1534 antea
2706 1478 2926 1549 requies
2955 1487 3313 1544 mortuorum,
3346 1479 3678 1534 resurrectio
3698 1494 3803 1533 au-

2190 1579 2299 1628 tem
2328 1570 2526 1628 nullius
2559 1580 2679 1628 erat
2713 1584 2891 1641 usque
2930 1571 3000 1626 ad
3037 1569 3317 1626 Christum
3358 1569 3674 1637 Dominum,
3702 1572 3804 1640 qui

2194 1677 2468 1733 resurgens
2491 1677 2523 1715 a
2548 1660 2789 1726 mortuis,
2821 1676 2929 1714 non
2958 1660 3204 1725 moritur,
3232 1676 3376 1716 mors
3402 1660 3483 1715 illi
3522 1660 3666 1716 ultra
3692 1678 3806 1715 non

491 1765 730 1823 Joannes
750 1734 1027 1835 apostolus
1049 1759 1278 1842 in’emlis
1303 1766 1613 1814 sanctorum
1637 1753 1847 1809 turbam
1869 1750 2091 1842 multam
2121 1734 2169 1797 Β
2196 1751 2575 1806 dominabitur.
2597 1749 2719 1808 lam
2754 1759 3040 1822 postquam
3078 1749 3222 1806 facta
3258 1759 3345 1807 est
3393 1751 3516 1816 talis
3544 1766 3801 1809 resurre-

495 1869 694 1913 canere
736 1855 789 1908 in
816 1840 1137 1922 Apocalypsi
1184 1852 1595 1911 commemorat,
1626 1859 1692 1900 eo
1716 1849 1961 1911 tempore
1985 1840 2095 1896 fre-

497 1943 868 2018 quentandum
895 1955 1034 2006 esse,
1059 1954 1168 2011 quo
1191 1935 1655 1993 immortalitatem
1680 1941 1923 1986 nostram
1947 1930 2094 1985 desi-

495 2031 1088 2100 deramus,Salvatoris
1125 2028 1299 2083 nostri
1335 2025 1781 2099 glorificationem
1815 2020 2097 2077 celebran-

497 2132 610 2191 tes;
636 2135 692 2179 et
736 2123 840 2179 hoc
861 2120 1180 2194 optandum,
1220 2128 1283 2173 ut
1313 2117 1405 2188 qui
1445 2117 1499 2171 in
1540 2124 1688 2171 terra
1732 2112 1909 2169 aliena
1932 2112 2096 2183 positi

499 2215 771 2272 canticum
800 2211 1016 2268 Domini
1059 2219 1285 2267 cantare
1329 2209 1490 2280 digne
1540 2222 1646 2261 non
1686 2218 1996 2276 possumus,
2028 2201 2098 2257 ad

501 2314 702 2362 terram
731 2303 1029 2360 viventium
1072 2299 1487 2371 perveniamus,
1527 2309 1632 2367 qua
1673 2297 1792 2352 sine
1829 2294 1938 2350 ﬁne
1963 2309 2096 2365 gau-

500 2392 692 2454 dentes
733 2394 1005 2451 canticum
1049 2407 1248 2448 novum
1293 2389 1523 2446 Domino
1554 2390 1672 2445 sine
1711 2388 2013 2443 cessatione
2041 2383 2096 2439 in

501 2497 765 2545 attentum
780 2485 1148 2539 decantemus.
1175 2481 1234 2537 In
1253 2481 1477 2538 sabbato
1500 2488 1680 2536 autem
1694 2487 1886 2537 sancto
1902 2476 2100 2532 Pente-

502 2586 702 2643 costes,
727 2576 866 2632 sicut
900 2575 955 2629 in
988 2574 1216 2629 sabbato
1262 2579 1452 2628 sancto
1498 2568 1742 2637 Pascha,
1770 2566 2098 2639 baptismum

502 2665 832 2733 celebratur,
861 2662 1180 2720 lectionibus
1205 2661 1420 2719 Veteris
1439 2659 1770 2716 Testamenti
1809 2665 1937 2714 ante
1960 2656 2101 2713 reci-

503 2756 655 2823 tatis,
697 2762 753 2812 et
795 2754 1132 2811 orationibus
1190 2762 1353 2825 atque
1394 2750 1599 2807 litaniis
1655 2754 1780 2807 ante
1841 2749 2096 2822 peruetis,

503 2849 863 2919 subsequente
916 2855 1105 2903 sancta
1166 2845 1457 2901 missarum
1503 2842 1890 2901 celebratione.
1949 2840 2102 2897 Bene

508 2930 1051 3009 quoque'sabbatum
1090 2941 1339 2990 sanctum
1379 2932 1727 2990 Pentecostes
1769 2931 1933 2988 simili
1962 2930 2101 2987 cele-

508 3030 758 3085 bratione
783 3027 1010 3082 sabbato
1039 3032 1228 3081 sancto
1248 3023 1472 3080 Pascha:
1492 3034 1804 3090 veneratur,
1830 3022 1958 3094 quia
1986 3022 2102 3093 ipse

2196 1843 2307 1899 etio
2329 1844 2382 1898 in
2407 1856 2637 1914 corpore
2659 1840 2893 1909 Domini,
2911 1849 2973 1896 ut
2995 1841 3217 1912 praeiret
3237 1843 3291 1897 in
3316 1841 3495 1913 capite
3513 1842 3802 1908 Ecclesiae,

2195 1934 2339 2004 quod
2363 1948 2561 2005 corpus
2579 1932 2836 1989 Ecclesiae
2859 1941 3103 2003 speraret
3123 1931 3177 1986 in
3200 1931 3327 1999 line,
3352 1933 3471 1990 dies
3486 1933 3807 1990 Dominicus

2198 2032 2442 2090 octavus,
2466 2024 2559 2094 qui
2583 2024 2878 2095 etprimus,
2908 2023 2962 2078 in
2986 2021 3280 2078 festivitate
3311 2025 3598 2081 successit.
3625 2024 3807 2096 Appa-

2196 2123 2282 2170 ret
2311 2123 2494 2171 autem
2518 2115 2664 2170 hunc
2689 2113 2829 2170 diem
2855 2112 3023 2170 etiam
3050 2113 3104 2168 in
3127 2111 3428 2183 Scripturis
3448 2114 3657 2170 sanctis
3681 2129 3809 2170 esse

2196 2204 2514 2261 solemnem.
2547 2203 2667 2276 Ipse
2697 2204 2845 2260 enim
2872 2212 2955 2258 est
2981 2203 3097 2259 dies
3136 2204 3349 2275 primus
3375 2204 3580 2272 saeculi,
3601 2205 3656 2260 in
3683 2206 3807 2278 ipso

2197 2296 2428 2355 formata
2478 2303 2607 2353 sunt
2646 2294 2914 2352 elementa
2959 2298 3169 2364 mundi,
3217 2296 3275 2352 in
3321 2295 3439 2367 ipso
3478 2298 3648 2353 creati
3676 2306 3811 2353 sunt

2196 2384 2416 2458 Angeli,
2456 2385 2512 2439 in
2538 2383 2658 2455 ipso
2690 2396 2907 2455 quoque
2942 2398 2974 2438 a
3022 2383 3256 2440 mortuis
3304 2385 3606 2441 resurrexit
3647 2383 3809 2441 Chri-

2199 2483 2340 2541 stus,
2368 2474 2420 2528 in
2457 2472 2577 2544 ipso
2603 2472 2671 2528 de
2691 2472 2847 2529 caelis
2875 2470 3116 2543 Spiritus
3144 2480 3371 2530 sanctus
3395 2488 3561 2545 super
3582 2482 3807 2546 aposto-

2198 2564 2281 2623 los
2319 2564 2620 2632 descendit,
2664 2578 2864 2619 manna
2891 2564 2946 2619 in
2975 2579 3043 2621 eo
3086 2564 3176 2620 die
3223 2565 3279 2620 in
3315 2579 3500 2623 eremo
3525 2566 3707 2638 primo
3739 2565 3811 2622 de

2199 2656 2341 2711 cmlo
2364 2656 2554 2711 datum
2580 2663 2685 2712 est.
2714 2653 2810 2710 Sic
2836 2654 2983 2711 enim
3012 2654 3145 2711 dicit
3169 2655 3431 2713 Dominus
3454 2671 3470 2711 :
3493 2654 3600 2712 Sea:
3619 2656 3809 2712 diebus

2200 2744 2454 2819 colligatis
2474 2761 2694 2812 manna,
2719 2746 2775 2800 in
2805 2744 2892 2799 die
2927 2755 3100 2801 autem
3122 2756 3270 2801 sexto
3303 2745 3519 2817 duplum
3551 2744 3813 2817 colligetis

2203 2834 2404 2911 (Exod.
2430 2836 2566 2909 xvi).
2598 2836 2796 2893 Sextus
2820 2836 2966 2893 enim
2996 2836 3113 2893 dies
3127 2844 3212 2894 est
3227 2852 3539 2908 parasceve,
3566 2838 3661 2908 qui
3680 2847 3820 2895 ante

2203 2927 2488 2984 sabbatum
2515 2927 2753 2998 ponitur,
2781 2926 3066 2983 sabbatum
3091 2934 3270 2983 autem
3299 2935 3524 2984 octavus
3550 2927 3674 2984 dies
3701 2938 3815 2995 eet,

2201 3032 2365 3089 quem
2389 3026 2637 3089 sequitur
2665 3017 2980 3073 Dominicus
3009 3017 3063 3073 in
3096 3032 3206 3088 quo
3251 3018 3487 3088 primum
3514 3032 3718 3074 manna
3744 3020 3821 3076 de

507 3118 820 3191 unigenitus
845 3117 939 3175 Dei
967 3116 1140 3173 Filius
1168 3117 1223 3172 in
1240 3116 1345 3172 fide
1375 3115 1733 3181 credentium,
1760 3122 1816 3170 et
1836 3115 1891 3169 in
1908 3113 2107 3169 virtute
2134 3102 2179 3166 C
2210 3115 2350 3172 coelo
2376 3116 2542 3171 venit.
2586 3114 2741 3172 Unde
2780 3112 3082 3184 intelligant
3124 3111 3297 3170 Judari
3318 3114 3431 3185 jam
3459 3122 3589 3170 tunc
3610 3114 3819 3185 praela-

510 3224 757 3281 Operum,
781 3208 982 3266 nullam
1009 3209 1153 3266 inter
1183 3224 1242 3265 se
1268 3219 1324 3264 et
1348 3207 1613 3279 Spiritum
1663 3213 1908 3263 sanctum
1939 3204 2109 3262 voluit

511 3315 635 3357 esse
656 3298 987 3366 distantiam,
1023 3298 1148 3370 quia
1192 3298 1337 3353 nulla
1382 3307 1466 3354 est
1488 3298 1778 3354 diversitas
1811 3298 1865 3353 in
1891 3306 2108 3365 natura,

514 3391 732 3448 dicens:
765 3389 880 3462 Ego
904 3391 1096 3462 rogabo
1126 3386 1342 3444 Patrem
1365 3403 1566 3454 meum,
1602 3398 1651 3444 et
1681 3387 1844 3443 alium
1867 3387 2108 3462 parade—

513 3493 626 3537 tum
649 3482 794 3537 dabit
814 3482 977 3550 vobis,
1011 3491 1067 3537 ut
1096 3482 1356 3538 vobiscum
1380 3482 1451 3537 sit
1473 3482 1530 3537 in
1555 3492 1830 3549 retentum,
1853 3480 2111 3554 Spiritum

510 3573 746 3627 veritatis
790 3570 974 3645 (Joan.
1022 3571 1121 3645 ιν).
1166 3571 1235 3627 Ει
1280 3571 1479 3628 iterum
1525 3588 1538 3625 :
1587 3567 1893 3625 Paracletus
1935 3579 2112 3625 autem

514 3657 743 3731 Spiritus
770 3670 1007 3724 sanctus,
1035 3678 1188 3733 quem
1214 3662 1381 3716 mittet
1429 3657 1596 3715 Pater
1630 3672 1784 3716 meus
1824 3661 1879 3715 in
1904 3663 2112 3717 nomine

515 3770 655 3821 meo,
685 3753 775 3810 ille
803 3773 890 3811 vos
911 3754 1115 3810 docebit
1141 3756 1338 3819 omnia,
1372 3762 1420 3810 et
1439 3764 1678 3826 suggeret
1700 3754 1954 3811 universa
1975 3770 2114 3826 qua!-

516 3861 717 3917 cunque
739 3844 921 3900 dixero
952 3845 1095 3901 vobis
1122 3843 1392 3918 (Ibidem).
1426 3844 1493 3899 Et
1536 3844 1731 3899 iterum
1759 3861 1772 3899 :
1805 3841 1938 3899 Cum
1964 3859 2116 3899 vene-

514 3935 584 3989 rit
613 3934 702 3991 ille
729 3933 958 4009 Spiritus
986 3935 1239 4001 veritatis,
1265 3935 1464 4006 diriget
1487 3951 1575 3989 vos
1604 3934 1659 3990 in
1693 3950 1897 3989 omnem
1925 3935 2113 3990 uerita-

518 4035 621 4080 tem
646 4024 827 4098 (Joan.
874 4026 1008 4100 xvi).
1042 4025 1178 4082 Cum
1214 4024 1401 4096 utique
1443 4026 1647 4081 veritas
1687 4023 1934 4081 Christus
1961 4025 2033 4080 sit
2059 4036 2115 4098 et

521 4115 755 4189 Spiritus
780 4128 1002 4175 sanctus
1037 4119 1261 4185 veritas,
1293 4132 1598 4190 nomenque
1618 4117 1877 4189 paracleti
1901 4117 2115 4188 utrique

519 4209 592 4263 sit
617 4209 915 4279 proprium,
962 4225 1067 4265 non
1094 4209 1356 4265 dissimile
1384 4218 1468 4265 est
1514 4209 1729 4276 festum,
1764 4208 1855 4265 ubi
1899 4224 2116 4280 semper

516 4313 687 4355 unum
712 4307 797 4355 εει
826 4307 1248 4356 sacramentum.

1105 4410 1336 4469 CAPUT
1372 4411 1531 4468 XLII.

1037 4480 1115 4536 De
1165 4484 1250 4536 die
1301 4481 1597 4537 Dominico.

595 4567 935 4625 Dominicum
958 4568 1098 4625 diem
1123 4569 1350 4639 apostoli
1369 4569 1490 4625 ideo
1505 4569 1754 4643 religiosa
1774 4571 2118 4630 solemnitate

524 4670 843 4727 sanxerunt,
873 4662 999 4731 quia
1024 4662 1080 4716 in
1102 4662 1290 4717 eodem
1320 4662 1650 4734 Redemptor
1684 4674 1873 4721 noster
1898 4681 1930 4720 a
1965 4681 2116 4724 mor-

527 4752 637 4809 tuis
661 4754 957 4809 resurrexit
985 4793 1001 4819 ,
1038 4752 1160 4809 ideo
1193 4753 1506 4810 Dominicus
1531 4754 1850 4826 appellatur,
1887 4758 2022 4813 utin
2053 4774 2117 4815 eo

527 4861 559 4901 a
583 4847 812 4903 terrenis
838 4846 1094 4918 cperibus
1120 4845 1205 4902 vel
1238 4848 1423 4903 mundi
1463 4846 1732 4906 illecebris
1760 4836 2114 4919 abstinentes,

528 4948 738 4995 tantum
780 4938 978 4994 divinis
1020 4936 1254 4995 cultibus
1309 4939 1628 5007 serviamus,
1677 4936 1869 4998 dantes
1912 4943 2122 4999 scilicet

528 5029 637 5085 diei
663 5028 789 5084 huic
815 5028 1075 5084 honorem
1113 5037 1170 5085 et
1195 5031 1572 5097 reverentiam,
1618 5042 1837 5104 prapter
1862 5048 2019 5104 spem
2042 5049 2125 5091 re-

529 5119 886 5178 surrectionis
925 5129 1127 5178 nostrae
1153 5162 1168 5188 ,
1215 5137 1377 5192 quam
1429 5121 1694 5178 habemus
1737 5123 1794 5178 in
1835 5123 1944 5180 illa.
1984 5123 2123 5181 Nam

530 5213 673 5270 sicut
694 5212 810 5284 ipse
836 5210 1096 5269 Dominus
1121 5208 1280 5268 Jesus
1308 5212 1558 5269 Christus
1585 5220 1641 5269 et
1664 5212 1916 5271 Salvator
1939 5228 2125 5273 noster

532 5305 694 5362 tertia
718 5305 805 5363 die
831 5306 1132 5362 resurrexit
1171 5320 1201 5360 a
1250 5305 1499 5372 mortuis,
1529 5306 1603 5361 ita
1648 5315 1706 5363 et
1752 5323 1852 5364 nos
1882 5323 2127 5366 resurre-

502 5404 718 5463 cturos
755 5395 812 5451 In
858 5395 1153 5452 novissimo
1200 5394 1287 5451 die
1334 5409 1635 5467 speramus.
1684 5395 1838 5453 Unde
1863 5399 2029 5453 etiam
2067 5398 2123 5454 in

535 5485 817 5544 Domiuieo
836 5487 923 5544 die
945 5497 1152 5544 stantes
1178 5503 1414 5555 oramus,
1448 5488 1589 5558 quod
1621 5498 1708 5546 est
1734 5491 1944 5564 signum
1981 5492 2126 5549 futu-

538 5589 616 5629 ra:
653 5579 1081 5634 resurrectionis.
1129 5576 1245 5635 Hoc
1279 5578 1387 5649 agit
1432 5577 1679 5635 Ecclesia
1706 5584 1979 5652 universa,
2004 5600 2127 5656 quae

543 5661 600 5716 in
619 5666 1047 5733 peregrinatione
1068 5666 1414 5723 mortalitatis
1442 5668 1656 5724 inventa
1679 5678 1780 5735 est,
1805 5685 2126 5744 exspectans

2138 4447 2195 4510 Ι)

2211 3218 2325 3262 tam
2351 3220 2475 3263 esse
2500 3204 2729 3261 Judaico
2765 3204 2992 3261 sabbato
3023 3204 3363 3261 Dominicam
3401 3211 3670 3271 nostram,
3694 3202 3817 3273 jam

2208 3310 2339 3358 tunc
2361 3298 2656 3355 indicatum
2691 3296 2837 3367 quod
2860 3295 2919 3351 in
2964 3295 3191 3351 sabbato
3227 3294 3469 3366 ipsorum
3510 3294 3687 3365 gratia
3716 3293 3819 3349 Dei

2201 3396 2277 3452 'de
2306 3392 2443 3451 cmlo
2465 3391 2532 3449 ad
2566 3407 2662 3449 eos
2706 3390 2852 3446 nulla
2882 3390 3245 3457 descenderit,
3271 3390 3366 3447 sed
3408 3390 3462 3444 in
3491 3398 3680 3446 nostra
3708 3389 3820 3445 Do—

2210 3484 2410 3540 minica
2460 3484 2514 3538 in
2542 3496 2647 3552 qua
2676 3481 2914 3553 primum
2941 3481 3201 3537 Dominus
3235 3494 3356 3537 eam
3382 3478 3537 3551 pluit.

2776 3588 3005 3647 CAPUT
3056 3588 3237 3646 XLIII.

2598 3661 2673 3717 De
2704 3661 3072 3732 festivitatibus
3100 3670 3423 3716 sanctorum.

2218 3750 2221 3755 ’
2281 3754 2629 3812 Festivitates
2675 3753 3044 3825 apostolorum
3098 3753 3213 3809 sive
3255 3752 3311 3808 in
3367 3753 3629 3809 honorem
3667 3769 3823 3809 mar.

2212 3858 2395 3923 tyrum
2432 3849 2805 3905 solemnitates
2828 3889 2844 3915 ,
2877 3848 3085 3919 antiqui
3131 3858 3315 3920 patres
3355 3847 3411 3903 in
3450 3849 3824 3905 venerationis

2212 3939 2472 4013 mysterio
2498 3938 2776 3996 celebrare
2804 3947 3104 3996 sanxerunt
3130 3940 3377 4013 (August.
3401 3939 3469 3994 de
3490 3938 3644 3993 Civit.
3675 3936 3821 4009 Dei),

2212 4033 2297 4087 vel
2325 4030 2395 4087 ad
2422 4032 2767 4089 excitandam
2791 4031 3171 4097 imitationem,
3200 4030 3283 4107 vel
3312 4038 3373 4085 ut
3395 4030 3607 4086 meritis
3626 4043 3820 4085 eorum

2213 4123 2610 4189 consociemur,
2625 4131 2789 4195 atque
2808 4122 3147 4179 orationibus
3160 4122 3498 4193 athuvemur,
3518 4122 3592 4177 ita
3614 4133 3826 4178 tamen.

2214 4230 2275 4276 ut
2297 4219 2429 4275 nulli
2456 4227 2783 4291 martyrum,
2825 4217 2921 4275 sed
2956 4217 3059 4290 ipsi
3082 4217 3194 4273 Deo
3220 4225 3542 4289 martyrum,
3572 4216 3829 4286 quamvis

2216 4310 2271 4366 in
2298 4310 2574 4367 memoriis
2628 4318 2950 4382 martyrum,
2990 4311 3386 4367 constituamus
3430 4310 3645 4365 altaria.
3692 4309 3833 4378 Quis

2219 4402 2365 4457 enim
2399 4401 2701 4458 antistitum
2733 4401 2786 4456 in
2813 4401 2947 4458 locis
2984 4409 3298 4458 sanctorum
3342 4416 3632 4471 corporum
3681 4402 3832 4458 assi-

2225 4504 2376 4551 stens
2401 4493 2561 4550 altari
2608 4494 2898 4565 aliquando
2946 4494 3123 4551 dixit:
3154 4493 3445 4552 Oﬂ‘erimus
3491 4494 3607 4562 tibi,
3643 4494 3829 4559 Petre,

2223 4596 2318 4644 aut
2358 4586 2547 4656 Paule,
2592 4595 2687 4644 aut
2730 4587 3032 4660 Cypriane?
3077 4586 3185 4645 Sed
3230 4589 3373 4660 quod
3413 4587 3670 4653 oﬂ'ertur,
3717 4590 3839 4645 Deo

2222 4676 2484 4745 offertur,
2539 4679 2632 4749 qui
2680 4688 2952 4751 martyres
2989 4681 3303 4747 coronavit,
3343 4681 3486 4752 apud
3530 4683 3837 4738 memorias

2223 4784 2411 4826 eorum
2435 4785 2570 4840 quos
2590 4773 2890 4838 coronavit,
2921 4774 3067 4844 quod
3088 4789 3152 4829 ex
3185 4773 3425 4844 ipsorum
3446 4788 3633 4832 amore
3652 4773 3835 4845 major

2227 4857 2451 4916 aﬂ‘cctus
2473 4870 2731 4934 exsurgat
2758 4862 2826 4918 ad
2848 4864 3148 4921 acuendam
3177 4865 3521 4931 charitatem,
3553 4875 3609 4923 et
3630 4867 3686 4921 in
3709 4868 3841 4925 illos

2224 4965 2360 5021 quos
2388 4951 2590 5007 imitari
2616 4967 2913 5023 possemus,
2947 4961 3002 5009 et
3028 4955 3081 5010 in
3112 4955 3202 5011 illo
3222 4972 3329 5028 quo
3343 4954 3634 5026 adiuvante
3649 4960 3839 5027 possi—

2225 5058 2365 5097 mus.
2394 5039 2637 5099 Colimus
2681 5059 2811 5116 ergo
2845 5053 3116 5118 martyres
3152 5063 3218 5103 eo
3245 5048 3393 5104 cultu
3437 5048 3753 5106 dilectionis
3780 5060 3842 5107 ct

2226 5134 2523 5202 societatis,
2558 5150 2666 5205 quo
2686 5144 2743 5191 et
2766 5135 2819 5192 in
2843 5137 2947 5195 hac
2973 5140 3085 5195 vita
3114 5140 3364 5197 coluntur
3383 5140 3559 5198 sancti
3580 5141 3839 5199 homines

2226 5226 2344 5299 Dei,
2382 5242 2611 5297 quorum
2648 5244 2745 5285 cor
2786 5230 2855 5286 ad
2887 5230 3049 5287 talem
3091 5247 3193 5304 pro
3236 5233 3547 5306 evangelica
3596 5235 3841 5291 veritate

2231 5317 2537 5389 passionem
2556 5328 2808 5391 paratum
2833 5322 3118 5391 sentimus,
3132 5323 3227 5379 sed
3247 5323 3370 5381 illos
3386 5332 3536 5380 tanto
3555 5323 3839 5389 devotius,

2230 5417 2437 5480 quanto
2458 5409 2701 5465 securius
2723 5420 2846 5481 post
2874 5411 3079 5468 incerta
3112 5414 3296 5469 omnia
3324 5422 3597 5486 superata,
3623 5423 3844 5485 quanto

2230 5496 2392 5552 etiam
2426 5496 2694 5554 ﬁdentiori
2732 5498 2890 5556 laude
2924 5501 3299 5571 praedicamus,
3335 5502 3452 5573 jam
3480 5502 3537 5559 in
3569 5504 3686 5559 vita
3710 5502 3840 5560 feli-

2231 5586 2379 5643 ciore
2413 5587 2664 5655 victores,
2699 5603 2861 5658 quam
2894 5590 2949 5646 in
2973 5591 3075 5647 ista
3105 5592 3280 5649 adhuc
3304 5608 3477 5665 usque
3502 5602 3839 5666 pugnantes.

2231 5678 2301 5733 At
2327 5694 2458 5734 vero
2488 5679 2580 5735 illo
2608 5681 2754 5735 cultu
2784 5683 2876 5753 qui
2903 5682 3090 5741 Gmce
3116 5684 3329 5751 latreia,
3348 5686 3577 5762 λατρεία,
3607 5685 3840 5750 dicitur,

3620 5801 3649 5813 κ
