3994 6196
417 281 524 338 3'59

1058 275 1118 328 Β.
1163 267 1412 328 RABANI
1454 262 1672 320 MAURI
1713 257 2030 318 ARCHIEP.
2073 253 2380 311 MOGUNT.
2422 248 2707 308 OPERUM
2749 245 2925 304 PARS
2963 244 3003 299 l.

3569 239 3680 294 360

419 393 610 452 urbem
635 388 868 451 Jericno,
901 395 956 441 et
991 382 1364 441 sacerdotibus
1410 373 1786 446 clangentibus
1808 369 1992 425 bucci—
2025 367 2206 430 Atius
2243 372 2327 420 est
2348 364 2513 419 veleri
2561 362 2634 416 illi
2673 358 3017 423 dedicationi,
3053 354 3196 427 quod
3237 355 3343 410 illic
3370 355 3686 412 mactabano

422 488 508 543 nis
529 493 584 539 et
601 481 980 538 conclamante
1010 476 1263 531 universo
1293 469 1506 541 populo,
1551 467 1728 522 subito
1776 475 1996 519 corrue-

425 584 554 633 runt
587 570 726 626 muri
753 567 1005 631 civitatis,
1037 563 1182 634 quod
1206 562 1392 630 utique
1416 555 1683 627 signiﬁcat
1718 553 1784 608 ad
1812 565 1997 606 vocem

422 659 824 736 przedicationis
855 667 910 712 et
935 655 1108 711 laudis
1166 650 1377 707 Domini
1410 656 1530 719 post
1563 643 1862 701 Salvatoris
1900 641 1998 696 ad-

422 765 662 816 ventum,
691 750 998 821 superbiam
1033 745 1359 802 mundanam
1384 740 1676 804 corruisse,
1698 747 1754 792 et
1777 749 2000 806 regnum

423 843 621 900 diaboli
674 844 1006 897 destructum
1061 850 1200 892 esse.
1239 833 1394 901 Quod
1434 844 1565 883 vero
1603 826 1883 884 duodecim
1918 823 2001 876 lu-

423 954 600 994 cernae
625 937 766 990 intus
789 934 940 1002 juxta
978 930 1220 1002 parietes
1266 924 1447 995 templi
1484 927 1778 993 ponuntur,
1805 915 2006 972 duode-

427 1034 640 1089 narium
673 1043 959 1084 numerum
999 1023 1257 1094 exprimit
1286 1018 1653 1090 apostolorum
1698 1021 1752 1066 et
1777 1010 2008 1080 patriar-

427 1124 676 1184 charum,
703 1133 864 1188 quem
889 1115 1052 1170 etiam
1083 1111 1319 1167 Joannes
1359 1105 1636 1177 apostolus
1666 1103 1720 1156 in
1747 1097 2010 1168 Apocaly-

430 1216 515 1283 psi
553 1216 943 1266 commemorat
971 1207 1022 1258 in
1050 1201 1277 1258 mdiﬁcio
1305 1196 1543 1253 cmlestis
1564 1189 1860 1247 Jerusalem
1886 1201 2008 1243 esse

433 1281 721 1372 insignem.
765 1294 916 1364 Quod
963 1307 1092 1348 vero
1119 1290 1289 1344 altare
1329 1295 1450 1357 post
1472 1281 1838 1354 aspersionem
1859 1291 2013 1348 aqua;

433 1368 729 1450 chrismate
774 1385 1110 1459 perungitur,
1171 1381 1240 1436 ad
1281 1377 1635 1434 imitationem
1693 1368 2014 1442 patriarcha:

433 1489 600 1546 Jacob
637 1487 838 1542 factum
869 1490 952 1538 est
979 1499 992 1534 :
1026 1479 1117 1550 qui
1151 1486 1272 1548 post
1309 1475 1575 1530 visionem
1622 1469 1766 1524 illam
1798 1462 2016 1520 terribi-

436 1584 565 1648 lem,
596 1581 758 1635 erea'it
792 1576 1016 1647 lapidem
1057 1574 1112 1626 in
1157 1568 1386 1631 titulum,
1418 1564 1642 1637 fundens
1673 1561 1844 1615 oleum
1864 1559 2016 1612 desu-

437 1693 550 1746 per,
579 1685 779 1728 vocans
803 1669 1001 1732 locum,
1037 1665 1224 1718 domus
1258 1662 1356 1716 Dei
1408 1657 1565 1730 (Gen.
1591 1655 1809 1716 xxvnt).
1862 1650 2015 1721 Legi-

2101 466 2188 512 tur
2217 457 2379 514 boum
2408 463 2463 509 et
2495 455 2674 507 ovium
2705 451 2872 505 multa
2909 448 3095 511 millia,
3127 447 3214 503 hic
3264 462 3392 501 vero
3437 446 3690 502 immolaa

2103 557 2191 602 tur
2225 546 2358 617 agni
2383 545 2525 600 illius
2563 558 2781 612 corpus.
2812 542 2903 612 qui
2935 539 3157 596 abstulit
3203 547 3423 610 peccata
3455 540 3643 597 mundi
3671 558 3686 602 ς

2102 639 2213 696 illic
2239 635 2606 708 concrepabat
2625 634 2910 689 multitudo
2944 633 3192 687 tubarum
3219 638 3276 685 et
3293 627 3690 700 cymbalorum,

2103 739 2159 784 et
2183 738 2376 784 caetera
2407 727 2767 782 instrumenta
2796 723 3148 786 musicorum,
3177 721 3265 775 hic
3320 728 3503 774 autem
3537 721 3690 788 jubi-

2105 819 2190 873 lus
2220 833 2287 874 ex
2319 817 2511 872 devoto
2551 824 2771 884 pectore
2817 813 3079 883 prolatus,
3126 812 3366 867 suaviter
3403 820 3562 867 sonat
3593 827 3696 882 per

2106 923 2270 963 voces
2299 906 2598 962 hominum.
2644 904 2915 972 Quantum
2966 911 3147 958 autem
3183 903 3347 957 distat
3394 900 3464 958 ab
3498 903 3697 957 umbra

2108 997 2331 1063 veritas,
2392 1003 2599 1050 tantum
2621 995 2786 1050 distat
2810 1009 2841 1048 a
2872 993 3031 1064 legali
3070 993 3289 1047 victima
3327 1003 3577 1048 nostrum
3600 1009 3698 1049 sa-

2111 1088 2396 1152 criﬁcium,
2423 1095 2478 1142 et
2505 1094 2765 1156 quantum
2795 1093 3015 1155 praestat
3064 1083 3364 1139 insensibili
3411 1084 3699 1148 sensibile,

2113 1188 2327 1235 tantum
2375 1185 2597 1249 praestat
2631 1176 2751 1230 laus
2799 1175 2950 1230 vocis
2978 1175 3228 1230 humanae
3273 1190 3340 1230 ex
3365 1189 3501 1245 puro
3531 1176 3702 1230 corde

2112 1272 2346 1343 prolata,
2382 1270 2531 1324 inani
2559 1267 2688 1323 ﬁatu
2714 1269 2983 1331 tubarum,
3010 1277 3064 1323 et
3088 1269 3437 1338 percussione
3474 1269 3704 1339 cymba-

2114 1367 2310 1422 lorum.
2366 1363 2472 1420 Sed
2511 1362 2640 1434 quia
2690 1361 2873 1416 omnia
2922 1360 2977 1415 in
3029 1361 3259 1433 ﬁguram
3315 1363 3705 1433 contingebant

2116 1457 2241 1520 illis,
2272 1464 2328 1510 et
2354 1469 2452 1510 nos
2476 1453 2712 1508 revelata
2741 1451 2880 1508 facie
2929 1451 3157 1523 gloriam
3207 1453 3422 1508 Domini
3451 1463 3702 1508 contem-

2116 1546 2351 1617 plamur,
2389 1559 2596 1599 morem
2630 1542 2780 1596 illum
2808 1550 3052 1597 veterum
3078 1542 3400 1598 translatum
3433 1544 3485 1598 in
3511 1553 3701 1599 nostra

2118 1636 2376 1707 religione
2423 1643 2572 1689 tanto
2614 1633 3002 1705 congruentius
3035 1641 3240 1703 quanto
3286 1634 3468 1689 verius
3506 1634 3707 1689 obser-

442 1723 640 1831 iurqne
657 1723 953 1818 inﬁExodo,
989 1723 1138 1823 quod
1185 1751 1394 1821 Moyses
1416 1723 1618 1801 faceret
1649 1751 1894 1799 sanctum
1916 1755 2014 1793 un—
2046 1745 2091 1803 Β
2117 1741 2328 1781 Vallius.
2358 1723 2558 1781 Omnes
2604 1733 2784 1779 autem
2819 1723 3148 1780 festivitates
3187 1738 3288 1794 pro
3321 1724 3585 1779 varietate
3614 1739 3705 1779 re-

443 1829 638 1904 ctionis
664 1845 864 1908 oleum,
915 1848 1248 1912 ungeretqnc
1292 1853 1357 1890 ex
1397 1851 1463 1890 eo
1501 1829 1904 1888 tabernaculum
1941 1837 2020 1881 te-

442 1937 702 2000 stimonii,
761 1942 817 1989 et
855 1947 1038 1986 aream
1091 1926 1420 1987 testamenti,
1483 1935 1836 1991 mensamque
1897 1932 2020 1972 cum

442 2027 592 2081 vasis
639 2024 774 2088 suis,
816 2019 1201 2077 candelabrum
1256 2024 1311 2072 ct
1365 2013 1618 2069 utensilia
1656 2011 1798 2081 ejus,
1855 2007 2024 2062 altare

449 2113 819 2186 thymiamatis
856 2119 911 2166 et
948 2108 1282 2172 holocausti,
1331 2113 1386 2160 et
1429 2105 1739 2159 universam
1792 2097 2024 2168 supelle-

448 2207 628 2262 ctilem
664 2219 784 2274 qum
807 2203 872 2257 ad
902 2200 1104 2257 cultum
1127 2213 1312 2254 eorum
1335 2195 1587 2266 pertinet.
1614 2192 1793 2247 Aaron
1814 2203 2028 2260 quoque

387 2292 392 2296 ’
446 2305 502 2353 et
528 2296 668 2351 ﬁlios
705 2294 844 2365 ejus,
877 2300 938 2347 ut
958 2287 1262 2346 sacerdotio
1291 2285 1504 2342 Domini
1529 2282 1901 2353 fungerentur.
1932 2279 2004 2333 Be

451 2385 672 2450 nedicit,
707 2392 764 2438 ut
787 2397 877 2437 res
909 2378 1281 2436 sacriﬁcandae
1303 2391 1462 2432 sacro
1497 2372 1811 2429 chrismatis
1837 2369 2031 2424 linian-

454 2487 545 2532 tur
567 2481 860 2546 unguento,
911 2479 968 2525 ut
1005 2471 1404 2525 demonstretur
1444 2463 1587 2536 quod
1629 2463 1806 2518 omnis
1830 2458 2033 2516 sancti-

455 2566 638 2623 ﬁcatio
663 2571 875 2619 constat
901 2561 956 2616 in
1006 2559 1212 2630 Spiritu
1259 2565 1472 2623 sancto,
1510 2551 1664 2622 cujus
1684 2551 1860 2607 virtus
1896 2547 2031 2603 invi-

455 2660 627 2717 sibilis
673 2665 862 2715 sancto
912 2655 1204 2711 chrismate
1237 2652 1304 2708 ad
1358 2648 1846 2706 sanctiﬁcationem
1899 2657 2035 2715 pra:—

452 2751 687 2807 bendam
730 2747 988 2819 permista
1033 2751 1136 2800 est.
1175 2741 1330 2811 Quod
1355 2755 1487 2797 vero
1537 2747 1667 2795 tunc
1695 2737 1975 2793 incensum
2004 2748 2035 2788 a

457 2840 714 2914 pontiﬁce
742 2853 905 2909 super
936 2836 1107 2892 altare
1151 2833 1389 2904 ponitur,
1428 2829 1697 2902 signiﬁcat
1741 2823 2038 2884 sacerdotis

458 2946 650 3004 puram
675 2943 839 2998 super
864 2927 996 2982 illud
1044 2925 1348 2982 orationem
1371 2937 1492 2978 esse
1518 2921 1739 2985 debere,
1767 2924 1828 2972 ut
1867 2914 2039 2987 possit

462 3024 644 3078 dicere
674 3019 901 3075 Domino
934 3033 1057 3074 cum
1087 3016 1357 3086 Propheta
1383 3032 1398 3068 :
1435 3011 1709 3082 Dirigatur
1729 3009 1898 3064 oratio
1922 3023 2039 3061 nica

2127 1819 2407 1889 ligionum,
2459 1816 2778 1885 diversaque
2808 1815 2862 1870 in
2915 1815 3175 1870 honorem
3221 1824 3526 1887 martyrum
3559 1825 3707 1871 tem-

2125 1925 2280 1980 pora,
2341 1908 2514 1962 ideoa
2544 1906 2674 1961 viris
2727 1905 3080 1977 prudentibus
3135 1905 3379 1962 instituta
3437 1914 3584 1969 sunt,
3639 1922 3709 1961 ne

2127 2000 2267 2056 forte
2287 2014 2410 2054 rara
2435 1997 2783 2069 congregatio
2803 1995 2982 2067 populi
3009 1995 3170 2052 ﬁdem
3196 1997 3464 2052 minueret
3481 1996 3536 2051 in
3555 1997 3714 2052 Chri-

2129 2099 2235 2145 sto.
2262 2087 2556 2159 Propterea
2581 2101 2712 2157 ergo
2743 2086 2858 2140 dies
2887 2085 3050 2155 aliqui
3077 2086 3356 2142 constituti
3379 2096 3529 2152 sunt,
3557 2097 3620 2142 ut
3651 2089 3706 2143 in

2129 2199 2299 2240 unum
2327 2196 2518 2238 omnes
2551 2182 2758 2251 pariter
2810 2180 3189 2245 convenirent,
3219 2189 3274 2235 et
3307 2194 3376 2234 ex
3411 2190 3710 2250 conspectu

2133 2284 2344 2343 mutuo,
2369 2283 2425 2330 et
2449 2274 2580 2330 ﬁdes
2600 2281 2834 2338 crescat,
2863 2281 2919 2327 et
2947 2271 3134 2327 lastitia
3167 2270 3340 2340 major
3367 2272 3596 2327 oriatur.

2707 2361 2935 2418 CAPUT
2962 2361 3144 2416 XLVI.

2135 2455 2214 2511 De
2237 2455 2511 2526 festiuitate
2554 2461 2806 2519 veterum,
2838 2463 2886 2508 et
2916 2453 3054 2508 unde
3081 2462 3128 2508 et
3155 2452 3289 2523 festa
3336 2453 3412 2508 rel
3437 2452 3584 2521 feria:
3611 2455 3718 2507 sint

2821 2541 2998 2596 diem.

2207 2633 2355 2691 τεειί
2389 2642 2566 2690 autem
2597 2630 2716 2688 dies
2747 2631 2801 2687 in
2829 2631 3000 2687 veteri
3037 2629 3152 2702 lege
3182 2629 3274 2686 isti
3301 2629 3521 2687 fuerunt
3546 2649 3559 2685 :
3600 2632 3720 2687 dies

2137 2725 2468 2798 Azymorum
2497 2733 2554 2778 et
2599 2722 2795 2787 Phase,
2827 2720 3065 2792 quando,
3093 2720 3218 2775 luna
3248 2720 3586 2792 plenissima,
3617 2722 3719 2776 ab-

2134 2816 2282 2888 jecto
2307 2814 2590 2876 fermento,
2638 2826 2810 2882 agnus
2865 2809 3265 2866 immolabatur.
3305 2810 3430 2866 Dies
3457 2810 3726 2867 Penteco-

2141 2917 2277 2975 stes,
2301 2921 2406 2978 qua
2432 2906 2487 2961 in
2514 2905 2720 2960 vertice
2743 2904 2962 2968 montis,
2994 2901 3124 2958 Sina
3151 2903 3237 2959 lex
3266 2903 3390 2959 data
3409 2912 3495 2960 est
3522 2903 3723 2975 Moysi,

2143 3003 2196 3058 in
2226 3016 2336 3072 quo
2362 3001 2427 3057 de
2477 2999 2722 3071 frugibus
2756 2997 2916 3070 primi
2949 3012 3117 3068 panes
3141 2995 3505 3052 offerebantur
3523 3009 3725 3064 propo—

459 3113 596 3168 sicut
639 3111 909 3164 incensum
954 3109 1009 3162 in
1040 3085 1314 3177 conspectu
1373 3113 1464 3158 tuo
1489 3099 1664 3173 (Psal.
1703 3098 1849 3171 ext).
1887 3097 2041 3165 Quod
2067 3099 2112 3164 (ζ
2144 3093 2376 3150 sitionis.
2417 3091 2544 3146 Dies
2581 3089 2949 3154 sabbatorum,
2989 3087 3045 3143 in
3070 3103 3176 3158 quo
3206 3087 3321 3144 otia
3363 3085 3724 3142 celebraban-

464 3211 647 3258 autem
694 3201 884 3257 subtus
931 3198 1166 3256 tabulam
1229 3195 1416 3252 altaris
1463 3193 1702 3264 reliquiae
1731 3199 2041 3248 sanctorum

462 3300 760 3365 ponuntur,
783 3289 1053 3362 signiﬁcat
1077 3295 1296 3344 sanctos
1319 3286 1420 3341 sub
1449 3286 1642 3339 throno
1676 3281 1772 3337 Dei
1809 3280 1966 3336 sedes
1989 3286 2045 3334 et

466 3382 710 3452 requiem
739 3381 958 3437 habere.
985 3378 1240 3434 Testatur
1262 3377 1427 3432 etiam
1448 3374 1551 3430 hoc
1572 3373 1808 3429 Joannes
1828 3371 1882 3426 in
1903 3369 2044 3439 Apo-

468 3471 696 3544 calypsi,
729 3486 854 3526 cum
893 3469 1070 3525 dicit:
1119 3467 1240 3522 Vidi
1263 3465 1446 3520 subtus
1489 3463 1657 3518 altare
1710 3463 1914 3516 animas
1963 3461 2046 3514 in-

466 3564 801 3644 terfectorum
827 3570 1037 3632 prapter
1063 3561 1274 3614 uerbum
1320 3558 1440 3622 Dei,
1479 3565 1528 3611 et
1554 3565 1763 3627 propter
1809 3553 2045 3608 testimo-

467 3655 617 3709 nium
643 3652 782 3724 quod
815 3651 1092 3718 habebant,
1117 3659 1164 3704 et
1191 3648 1488 3704 clamabant
1509 3663 1628 3703 voce
1648 3662 1838 3716 magna
1867 3644 2045 3698 dicen-

467 3753 541 3798 tes
567 3758 587 3798 :
631 3742 905 3816 Usquequo
929 3742 1150 3796 Domine
1169 3749 1379 3796 sanctus
1418 3756 1588 3806 verus,
1620 3755 1724 3792 non
1747 3736 1978 3792 vindicas
1999 3744 2049 3789 et

467 3833 683 3905 judicas
714 3833 1022 3904 sanguinem
1059 3830 1124 3885 de
1167 3831 1249 3884 his
1277 3830 1367 3902 qui
1400 3829 1636 3883 habitant
1665 3828 1720 3881 in
1751 3836 1891 3881 terra
1923 3825 1948 3879 .9
1980 3824 2049 3879 Et

471 3929 613 3983 data:
636 3937 756 3982 sunt
781 3928 862 3981 his
904 3924 1125 3997 singula:
1151 3924 1300 3979 stola:
1334 3923 1490 3989 albw,
1525 3932 1572 3977 et
1604 3922 1798 3975 dictum
1819 3929 1894 3974 est
1919 3917 2050 3983 illis,

472 4030 528 4074 ut
559 4020 936 4089 requiescerent
982 4027 1183 4088 tempus
1205 4015 1376 4070 adhuc
1423 4015 1708 4079 modicum,
1745 4013 1908 4067 donec
1950 4013 2051 4066 im—

470 4111 717 4186 pleantur
743 4110 976 4165 conservi
1001 4125 1180 4164 eorum
1199 4118 1245 4163 et
1271 4108 1460 4178 fratres
1502 4122 1702 4170 eorum,
1725 4106 1817 4176 qui
1847 4103 2053 4172 interﬁ-

475 4201 649 4256 ciendi
691 4211 813 4255 sunt
866 4201 1000 4255 sicut
1035 4209 1084 4254 et
1128 4199 1206 4254 illi
1252 4198 1435 4270 (Apoc.
1472 4196 1569 4268 vt).
1626 4195 1871 4251 Perfecta
1924 4209 2054 4249 vero

475 4293 813 4349 dedicatione
865 4291 1046 4363 templi
1074 4301 1129 4347 et
1153 4290 1362 4355 altaris,
1419 4289 1595 4344 induit
1635 4303 1694 4343 se
1728 4285 1970 4358 pontifex
2001 4294 2055 4339 et

475 4384 655 4440 clerus
702 4383 1044 4439 vestimentis
1099 4382 1240 4446 aliis,
1297 4389 1353 4435 et
1407 4379 1689 4435 celebrant
1743 4375 2056 4432 sulemniter

2144 3195 2251 3251 tur,
2280 3195 2336 3240 et
2356 3185 2409 3240 in
2435 3197 2542 3254 quo
2568 3196 2766 3236 manna
2788 3180 2842 3234 in
2867 3179 3081 3235 deserto
3097 3195 3203 3234 non
3227 3178 3425 3234 licebat
3445 3175 3720 3248 colligere.

2143 3285 2270 3340 Dies
2298 3279 2736 3343 Neomeniarum,
2778 3272 3074 3332 celebratio
3118 3285 3272 3326 novae
3304 3269 3462 3324 lunae.
3494 3265 3729 3335 Semper

2145 3381 2327 3428 autem
2355 3369 2526 3425 Judaei
2567 3369 2621 3423 in
2673 3365 2942 3422 mensium
2973 3361 3254 3435 principio,
3287 3357 3389 3412 hoc
3413 3364 3499 3412 est
3547 3357 3727 3426 prima

2147 3463 2294 3526 luna,
2333 3461 2476 3516 diem
2502 3457 2695 3513 festum
2719 3456 2971 3527 agebant.
3005 3452 3112 3508 Sed
3134 3449 3338 3506 idcirco
3361 3448 3416 3502 in
3454 3445 3731 3516 principio

2147 3553 2350 3610 mensis
2375 3552 2480 3606 hoc
2500 3549 2792 3612 faciebant,
2831 3547 2958 3617 quia
2991 3541 3277 3600 deﬁciente
3327 3539 3475 3605 luna,
3514 3545 3734 3606 tempus

2150 3643 2356 3709 ﬁnitur,
2403 3649 2459 3697 et
2485 3641 2681 3695 iterum
2730 3644 3008 3701 nascente,
3067 3633 3345 3703 incipitur.
3386 3630 3513 3685 Dies
3542 3637 3732 3684 autem

2149 3733 2402 3788 tubarum
2431 3729 2643 3800 septimi
2679 3727 2882 3784 mensis
2911 3724 3235 3796 principium
3273 3731 3374 3784 est,
3399 3720 3614 3789 quando
3639 3716 3737 3773 Ju-

2149 3822 2251 3878 dari
2289 3820 2684 3877 solemnitatem
2723 3824 2946 3885 agentes
2978 3812 3210 3884 amplius
3253 3811 3384 3865 tuba
3435 3807 3732 3871 canebant,

2152 3920 2209 3968 et
2235 3911 2390 3982 plura
2415 3906 2713 3964 offerebant
2749 3906 2802 3960 in
2835 3918 2900 3961 eo
2933 3901 3200 3960 sacriﬁcia
3227 3915 3391 3971 quam
3419 3913 3518 3969 per
3547 3897 3734 3967 singu-

2153 4007 2235 4062 los
2265 4019 2500 4063 menses.
2529 4002 2587 4058 In
2623 4003 2727 4058 hoc
2747 4016 2932 4057 mense
2955 3999 3150 4070 primo,
3181 3996 3392 4052 decimo
3415 3994 3502 4050 die
3527 3991 3738 4048 mensis

2154 4100 2334 4170 hujus,
2366 4098 2482 4154 dies
2539 4093 2978 4166 propitiationum
3026 4093 3140 4147 sive
3181 4089 3552 4160 expiationum
3587 4095 3733 4149 erat,

2155 4189 2371 4260 quando
2397 4183 2639 4258 pontifex
2664 4183 2829 4239 semel
2868 4183 2922 4236 in
2952 4197 3093 4236 anno
3150 4179 3409 4234 introibat
3454 4177 3507 4230 in
3541 4183 3734 4230 sancta

2114 4329 2118 4335 .
2156 4287 2487 4342 sanctorum,
2513 4285 2570 4332 et
2603 4273 2802 4346 populo
2853 4273 2987 4328 foris
3011 4282 3227 4338 orante,
3257 4271 3372 4340 ipse
3407 4267 3556 4324 solus
3585 4267 3739 4320 intus

2155 4369 2366 4433 orabat,
2392 4376 2502 4422 tam
2527 4381 2626 4438 pro
2653 4379 2750 4421 sua
2786 4378 2947 4434 quam
2970 4360 3147 4433 populi
3175 4358 3476 4431 ignorantia
3501 4356 3742 4412 offerens

481 4481 795 4529 sanctarum
836 4473 1124 4528 missarum
1177 4469 1614 4526 celebrationem.
1653 4468 1720 4522 Et
1741 4467 1846 4522 hoc
1870 4482 1934 4520 ex
1965 4481 2054 4522 γε-
2082 4453 2133 4513 D
2159 4460 2436 4514 incensum
2477 4456 2702 4512 Domino
2723 4469 2886 4524 super
2915 4452 3083 4507 altare
3127 4448 3515 4522 thymiamatis.
3544 4447 3602 4502 In
3627 4462 3744 4516 quo

481 4564 583 4618 teri
605 4579 706 4618 usu
744 4572 1020 4618 servatum
1067 4571 1173 4624 est,
1209 4561 1336 4629 quia
1378 4559 1572 4631 legitur
1598 4559 1653 4613 in
1684 4556 2052 4627 Paralipome-

485 4667 616 4718 non,
642 4652 784 4721 quod
813 4659 1098 4722 postquam
1121 4649 1315 4705 collata
1343 4649 1414 4704 sit
1469 4661 1596 4703 arca
1625 4647 1681 4701 in
1712 4647 1830 4702 loco
1851 4661 1974 4711 suo,
2002 4646 2056 4701 id

482 4749 588 4805 est,
618 4741 674 4796 in
711 4740 918 4794 sanctis
966 4748 1295 4802 sanctorum,
1331 4745 1388 4791 et
1434 4736 1652 4808 egressis
1700 4735 2056 4790 sacerdotibus

485 4829 554 4885 de
581 4830 907 4894 sanctuario,
941 4844 1116 4882 omnes
1153 4827 1445 4882 sacerdotes
1497 4825 1812 4895 sancti/ictui
1845 4827 1972 4891 sint,
2001 4836 2058 4882 et

489 4929 598 4973 tam
625 4917 817 4973 Levitte
845 4934 1004 4988 quam
1054 4926 1310 4978 cantores,
1355 4925 1403 4970 et
1432 4915 1522 4986 qui
1549 4915 1643 4970 sub
1673 4915 1847 4984 Asaph
1885 4924 2055 4977 erant,

481 5021 532 5067 et
551 5012 641 5083 qui
671 5010 768 5065 sub
796 5009 992 5076 Eman,
1021 5019 1069 5064 et
1114 5009 1203 5079 qui
1229 5009 1323 5063 sub
1357 5007 1600 5071 Idithun,
1629 5005 1728 5074 ﬁlii
1775 5014 1822 5060 et
1867 5005 2058 5076 fratres

481 5095 654 5152 vestiti
700 5093 948 5166 byssinis,
1005 5093 1255 5166 cymbalis
1322 5103 1368 5148 et
1416 5091 1678 5162 psalteriis
1729 5100 1778 5144 et
1838 5090 2061 5144 citharis

486 5188 890 5260 concrepabant,
925 5197 1121 5242 stantes
1163 5189 1231 5240 ad
1284 5183 1588 5239 orientalem
1618 5182 1828 5253 plagam
1854 5181 2059 5245 altaris,

484 5286 544 5334 et
591 5277 798 5348 reliqua
827 5273 913 5349 (II
940 5275 1070 5331 Par.
1095 5275 1171 5348 v).
1202 5274 1271 5330 Et
1296 5275 1424 5330 item
1452 5292 1466 5328 :
1513 5273 1627 5329 Rex
1654 5282 1833 5328 autem
1868 5279 1924 5326 et
1947 5288 2065 5327 om-

486 5371 575 5425 nis
607 5369 857 5441 populus,
900 5367 1253 5424 immolabant
1290 5367 1536 5422 victimas
1579 5380 1762 5421 coram
1811 5363 2056 5422 Domino.

491 5458 562 5516 Et
581 5462 739 5531 paulo
761 5467 884 5532 post
913 5477 927 5514 :
963 5459 1030 5514 Et
1081 5459 1337 5514 dedicauit
1380 5457 1594 5512 domum
1625 5455 1719 5511 Dei
1755 5472 1847 5511 rea:
1869 5465 1918 5510 et
1946 5456 2064 5508 uni-

496 5564 671 5606 uersus
701 5548 944 5622 populus.
995 5547 1298 5604 Sacerdotes
1329 5557 1504 5601 autem
1545 5545 1753 5600 stabant
1799 5546 1855 5600 in
1884 5545 2063 5616 ofﬁciis

496 5640 632 5698 suis.
651 5648 758 5693 etc.
800 5638 884 5708 (11
915 5636 1044 5692 Par.
1071 5638 1186 5708 vn).
1220 5637 1277 5691 In
1305 5637 1406 5692 hoc
1437 5645 1614 5694 autem
1643 5635 1784 5691 istud
1807 5643 2064 5708 priestano

2158 4566 2346 4610 mense
2368 4559 2422 4608 et
2453 4551 2569 4606 dies
2595 4559 2753 4606 erant
2781 4546 3119 4604 celeberrimi
3165 4543 3532 4614 Scenopegiaa,
3555 4543 3608 4596 id
3631 4551 3742 4606 est,

2161 4641 2682 4706 Tabernaculorum,
2712 4639 2926 4710 quando
2969 4652 2999 4691 a
3028 4634 3374 4706 quindecimo
3423 4633 3510 4688 die
3536 4633 3747 4686 mensis

2163 4731 2342 4802 hujus,
2373 4745 2469 4800 per
2518 4737 2724 4800 septem
2755 4727 2870 4782 dies
2912 4724 2966 4780 in
3021 4723 3353 4779 umbraculis
3397 4720 3744 4781 habitabant,

2163 4829 2442 4876 sumentes
2487 4818 2588 4873 sibi
2629 4815 2872 4888 spatulas
2914 4814 3238 4885 palmarum,
3287 4823 3344 4868 et
3372 4827 3557 4867 ramos
3607 4810 3748 4882 ligni

2164 4913 2452 4968 densarum
2483 4909 2772 4974 frondium,
2823 4917 2879 4964 et
2905 4908 3096 4964 salices
3122 4907 3189 4962 de
3211 4915 3470 4971 torrente,
3519 4915 3577 4961 et
3597 4903 3724 4960 beta

2165 5005 2364 5060 bantur
2397 5018 2580 5057 coram
2612 5001 2842 5057 Domino
2869 5001 2980 5056 Deo
3012 5015 3130 5062 suo,
3177 5000 3230 5054 in
3272 4998 3753 5054 commemoratio-

2164 5110 2288 5151 nem
2318 5096 2498 5148 exitus
2527 5092 2739 5146 illorum
2769 5092 2834 5148 de
2873 5090 3126 5162 Aigypto,
3181 5091 3326 5161 quod
3361 5088 3620 5144 Dominus
3651 5105 3758 5145 eos

2166 5186 2220 5241 in
2251 5182 2614 5240 tabernaculis
2653 5183 2897 5237 habitare
2947 5181 3158 5247 fecerit,
3215 5195 3336 5235 cum
3367 5179 3615 5241 eduxerit
3655 5195 3757 5237 eos

2166 5277 2235 5332 de
2275 5284 2420 5330 terra
2447 5271 2684 5344 A‘Igypti.
2716 5271 2843 5326 Dies
2866 5269 3080 5342 jejunii,
3127 5269 3309 5342 primi,
3339 5269 3541 5339 quarti,
3579 5270 3756 5339 septi-

2167 5368 2243 5423 mi
2267 5375 2323 5422 et
2350 5365 2545 5420 decimi
2595 5363 2818 5428 mensis,
2874 5360 2945 5417 ob
2975 5377 3069 5417 eas
3095 5376 3288 5417 causas
3333 5359 3577 5416 celebres
3605 5359 3758 5428 apud

2167 5473 2262 5514 eos
2292 5455 2512 5511 fuerunt
2535 5454 2606 5510 ob
2638 5467 2774 5522 quas
2817 5467 2978 5522 supra
3011 5449 3578 5513 commemoravimus,
3618 5462 3755 5503 cum

2169 5547 2238 5602 de
2253 5544 2460 5616 jejunio
2485 5543 2912 5614 disputabamus.
2939 5539 3083 5595 Festi
3105 5548 3282 5595 autem
3305 5540 3428 5596 inde
3460 5548 3756 5602 vocantur,

2172 5635 2314 5708 quod
2341 5635 2430 5706 jus
2473 5637 2524 5690 in
2555 5636 2636 5704 eis
2691 5631 2858 5698 fatur,
2898 5631 2952 5686 id
2999 5641 3102 5698 est,
3143 5632 3358 5700 dicitur,
3417 5641 3472 5684 et
3528 5629 3757 5693 nefasti,
