4002 6204
254 306 357 365 36!

1050 296 1136 353 DE
1172 295 1617 354 CLERICORUM
1654 293 2163 363 INSTITUTIONE,
2206 296 2357 353 ETC.
2398 328 2466 338 ——
2506 297 2632 351 LIB.
2665 297 2727 351 Il.

3420 302 3526 357 562

259 416 458 488 quibus
478 428 588 470 non
617 411 833 467 dicitur.
864 409 1127 466 Similiter
1160 418 1217 465 et
1243 408 1393 465 feriae
1417 424 1448 464 a
1478 409 1639 465 fando
1659 408 1849 465 dicun-
1875 410 1927 471 Α
1950 415 2011 461 ιιι
2036 406 2249 462 modico
2279 406 2421 462 flexu
2458 407 2610 461 vocis
2648 405 2853 461 faceret
2897 419 3157 462 resonare
3183 408 3520 478 psallentcm,

256 518 369 573 tur,
401 505 472 560 ob
499 519 667 573 quam
714 508 935 557 causam
980 499 1245 556 Silvester
1281 514 1417 570 papa
1469 499 1675 572 primus
1702 497 1845 569 apud

1947 497 2025 552 ita
2055 505 2115 552 ut
2141 498 2512 566 pronuntianti
2538 496 2767 552 vicinior
2791 504 2935 552 esset
2959 512 3122 569 quam
3146 502 3382 557 canenti.
3402 502 3531 557 Pro-

261 598 542 655 Romanos
596 595 881 649 constituit
925 600 986 648 ut
1029 593 1239 649 dierum
1293 593 1511 647 nomina
1544 607 1664 663 quze
1687 599 1846 646 antea
1947 594 2075 657 pter
2095 586 2343 642 carnales
2372 594 2551 640 autem
2604 586 2657 640 in
2694 586 3073 649 Ecclesia,non
3104 598 3326 661 propter
3370 593 3530 662 spiri-

258 689 563 747 secundum
597 687 820 743 nomina
848 686 1070 741 deorum
1097 700 1316 740 suorum
1345 684 1630 748 vocabant,
1658 683 1712 738 id
1743 690 1847 747 est,

262 781 428 848 Solis,
492 779 684 844 Lunaa,
741 777 948 843 Martis,
988 775 1263 841 Mercurii,
1306 774 1551 840 Veneris,
1608 773 1847 838 Saturni,

261 872 397 930 feria
427 872 688 942 deinceps
712 878 989 935 vocarent,
1016 870 1068 925 id
1092 876 1196 935 est,
1226 870 1402 939 prima
1437 867 1593 934 feria,
1617 866 1850 922 secunda

261 965 418 1029 feria,
456 963 618 1018 tertia
643 961 801 1026 feria,
832 966 1027 1031 quarta
1078 958 1236 1025 feria,
1278 960 1467 1029 quinta
1515 957 1672 1023 feria,
1699 965 1850 1011 sexta

262 1054 420 1117 feria,
456 1053 585 1123 quia
619 1053 674 1107 in
701 1051 964 1122 principio
1013 1050 1243 1106 Genesis
1284 1050 1546 1121 scriptum
1591 1057 1675 1105 est
1708 1048 1853 1119 quod

260 1146 407 1200 Deus
432 1159 536 1216 per
583 1144 824 1216 singulos
882 1145 999 1200 dies
1053 1145 1287 1199 dixerit:
1318 1146 1513 1215 prima,
1568 1141 1689 1197 Fiat
1718 1142 1852 1208 lux,-

261 1237 531 1301 secunda,
582 1233 711 1288 Fiat
738 1235 1127 1305 ﬁrmamentum
1152 1253 1171 1301 ,°
1205 1235 1389 1300 tertia,
1420 1231 1691 1290 Producat
1714 1244 1854 1288 terra

264 1327 484 1380 herbam
513 1326 784 1391 virentem,
812 1325 1079 1391 similiter,
1104 1335 1209 1381 etc.
1234 1324 1530 1380 Sabbatum
1556 1333 1735 1379 autem
1764 1340 1857 1378 an-

268 1419 422 1487 tiquo
449 1417 589 1488 legis
616 1416 878 1472 vocabulo
903 1431 1101 1472 vocare
1133 1415 1408 1487 praecepit,
1440 1423 1495 1469 et
1518 1415 1751 1484 primam
1778 1411 1856 1468 fe-

267 1511 407 1583 riam
438 1510 586 1564 diem
628 1507 986 1570 Dominicam,
1017 1522 1083 1563 eo
1118 1507 1262 1577 quod
1296 1507 1557 1562 Dominus
1585 1507 1639 1560 in
1660 1504 1748 1559 illa
1770 1520 1856 1559 re-

264 1601 531 1657 surrexit.
570 1600 776 1655 Statuit
807 1609 984 1655 autem
1015 1599 1159 1656 idem
1190 1615 1327 1671 papa
1362 1608 1423 1654 ut
1449 1599 1619 1654 otium
1646 1595 1855 1653 sabbati

264 1691 446 1761 magis
467 1690 524 1744 in
553 1689 700 1744 diem
723 1688 1060 1743 Dominicam
1098 1687 1507 1753 transferretur,
1532 1693 1591 1741 ut
1618 1701 1681 1741 ea
1708 1684 1795 1741 die
1823 1700 1856 1738 a

1951 674 2107 742 tales,
2131 676 2462 731 consuetudo
2487 677 2741 732 cantandi
2769 685 2853 733 est
2892 678 3161 747 instituta,
3185 692 3245 735 ut
3265 683 3388 753 quia
3409 698 3531 738 ver-

1950 766 2036 822 bis
2066 781 2174 821 non
2200 776 2657 838 compunguntur,
2693 769 2963 825 suavitate
3009 770 3388 830 modulaminis
3418 791 3533 830 mo-

1950 864 2199 910 veantur.
2261 855 2352 911 Sic
2388 872 2624 928 namque
2652 868 2706 913 et
2738 859 3085 917 beatissimus
3113 861 3445 935 Augustinus
3480 865 3536 920 in

1951 945 2090 1002 libro
2120 946 2533 1003 Confessionum
2568 964 2810 1016 suarum,
2835 953 3277 1009 consuetudinem
3307 957 3536 1011 canendi

1954 1040 2218 1111 approbat
2244 1040 2300 1095 ln
2331 1040 2592 1107 Ecclesia,
2650 1052 2710 1098 ut
2736 1059 2835 1114 per
2878 1043 3293 1114 oblectamenta,
3340 1049 3535 1121 inquit.

1954 1131 2188 1196 aurium,
2229 1130 2497 1187 infirmior
2521 1135 2734 1189 animus
2782 1137 2849 1191 ad
2876 1135 3125 1192 effectum
3163 1138 3383 1208 pietatis
3437 1157 3538 1196 ex-

1954 1228 2157 1289 surgat.
2185 1220 2321 1276 Nam
2410 1222 2541 1292 ipsis
2581 1225 2790 1280 sanctis
2817 1226 2994 1288 dictis,
3029 1228 3332 1298 religiosius
3360 1238 3412 1285 et
3440 1246 3536 1285 ar-

1955 1310 2173 1367 dentius
2195 1321 2482 1368 moventur
2508 1315 2675 1369 animi
2722 1318 2892 1371 nostri
2921 1318 2989 1372 ad
3023 1316 3295 1375 ﬂammam
3321 1322 3539 1391 pietatis

1955 1416 2077 1457 cum
2116 1412 2385 1470 cantatur,
2411 1421 2574 1476 quam
2605 1407 2651 1462 si
2692 1423 2797 1464 non
2841 1418 3110 1464 cantetur.
3161 1410 3361 1467 Omnes
3391 1414 3535 1468 enim

1955 1493 2177 1551 affectus
2218 1498 2391 1552 nostri
2418 1514 2528 1568 pra:
2553 1514 2807 1555 sonorum
2833 1499 3147 1557 diversitate
3167 1501 3252 1557 vel
3275 1504 3537 1568 novitate,

1954 1585 2140 1640 nescio
2171 1601 2278 1655 qua
2305 1588 2519 1642 occulta
2570 1588 2937 1645 familiaritate
2990 1592 3300 1647 excitantur
3347 1595 3538 1664 magis,

1956 1690 2080 1730 cum
2110 1676 2262 1730 suavi
2292 1686 2348 1732 et
2372 1676 2663 1734 artificiosa
2700 1694 2831 1734 voce
2872 1688 3143 1735 cantatur.
3195 1681 3539 1736 Psalmistam

266 1780 505 1836 terrenis
551 1777 806 1848 operibus
845 1779 914 1833 ad
943 1777 1272 1834 laudandum
1315 1777 1487 1831 Deum
1514 1790 1851 1842 vacaremus,

1967 1772 2140 1821 autem
2175 1774 2230 1822 et
2254 1782 2385 1823 voce
2418 1776 2473 1824 et
2496 1778 2613 1824 arte
2638 1768 2956 1840 praeclarum
3006 1770 3377 1842 illustremque
3420 1788 3541 1828 esse

262 1871 419 1942 juxta
446 1869 581 1923 illud
606 1870 747 1939 quod
776 1867 1036 1939 scriptum
1060 1875 1146 1924 est
1169 1886 1182 1923 :
1234 1865 1423 1922 Vacate
1450 1876 1497 1922 et
1521 1866 1707 1934 videte,
1725 1882 1856 1937 quo-

270 1960 415 2015 niam
455 1976 553 2031 ego
606 1975 722 2013 sum
752 1955 893 2015 Deus
947 1955 1121 2032 (Psal.
1158 1959 1304 2030 XLV).
1348 1956 1658 2013 Secundum
1709 1956 1857 2011 hunc

268 2062 454 2107 autem
486 2066 696 2105 morem
724 2051 780 2105 in
804 2049 1065 2106 natalitiis
1092 2058 1403 2105 sanctorum
1430 2064 1642 2114 vacare,
1671 2049 1722 2103 id
1748 2056 1853 2115 est,

270 2142 337 2196 ad
366 2141 558 2197 laudes
592 2141 687 2196 Dei
726 2141 1101 2206 celebrandas,
1149 2148 1338 2196 sancta
1365 2155 1466 2195 nos
1488 2138 1642 2208 jubet
1671 2137 1858 2194 Eccle-

269 2233 370 2287 sia.
401 2231 676 2289 Caeterum
710 2232 804 2301 qui
829 2232 915 2287 his
948 2232 1140 2287 diebus
1164 2230 1232 2285 ad
1275 2232 1380 2287 hoc
1427 2245 1622 2286 vacare
1643 2230 1761 2285 vult
1788 2231 1857 2285 ab

274 2322 390 2393 agri
426 2321 664 2386 cultura,
696 2328 758 2375 ut
790 2320 1027 2390 crapulae
1050 2327 1128 2376 ~et
1155 2320 1407 2377 ebrietati
1448 2320 1737 2387 deserviat,
1772 2319 1858 2374 vel

266 2412 408 2481 jocis
437 2414 693 2468 inanibus
726 2427 946 2483 operam
979 2413 1090 2478 det,
1119 2420 1373 2484 agnoscat
1421 2428 1481 2468 se
1529 2412 1703 2483 magis
1733 2426 1860 2482 pec-

272 2519 401 2560 care
445 2518 546 2574 per
582 2502 689 2559 tale
719 2504 891 2559 otium
918 2518 1082 2573 quam
1114 2504 1161 2558 si
1202 2503 1365 2558 alicui
1394 2503 1511 2558 utili
1537 2502 1688 2573 operi
1718 2502 1857 2557 insi-

272 2601 463 2659 steret,
498 2592 791 2648 Salomone
822 2601 980 2659 teste,
1020 2593 1111 2662 qui
1141 2593 1251 2648 ait:
1298 2592 1383 2648 Va:
1405 2594 1513 2647 illis
1540 2594 1859 2664 qui'maran-

275 2696 362 2740 tur
402 2686 458 2741 in
508 2686 651 2752 vino,
699 2695 747 2739 et
801 2686 1012 2741 student
1063 2685 1312 2741 calicibus
1349 2688 1620 2755 epotandis
1674 2685 1855 2758 (Prov.

276 2777 459 2848 mu),
484 2787 543 2831 et
562 2778 692 2832 item
725 2796 737 2830 :
776 2779 1053 2847 Acceptus,
1084 2778 1279 2849 inquit,
1312 2780 1457 2851 regi,
1505 2780 1744 2834 minister
1785 2790 1860 2834 est

274 2867 594 2939 intelligens,
626 2869 959 2923 iracundiam
981 2870 1182 2925 inutilis
1211 2871 1482 2926 sustinebit
1512 2869 1693 2944 (Prov.
1722 2869 1856 2945 Xtv).

279 2958 390 3014 Sed
420 2962 546 3030 quia
579 2964 647 3017 de
675 2961 1057 3019 festivitatibus
1103 2964 1512 3033 celebrioribus,
1559 2965 1628 3021 ad
1656 2966 1861 3021 instru-

276 3051 517 3106 ctionem
548 3068 737 3108 eorum
775 3055 867 3124 qui
895 3055 949 3109 in
978 3054 1215 3130 Ecclesia
1247 3057 1356 3111 Deo
1391 3057 1655 3122 serviunt,
1684 3064 1740 3113 et
1757 3071 1857 3130 po-

1958 1864 2195 1928 oportet,
2228 1857 2301 1913 ita
2328 1866 2389 1912 ut
2425 1858 2822 1916 oblectamento
2860 1861 3159 1918 dulcedinis
3198 1863 3408 1920 animos
3453 1865 3538 1920 in-

1960 1949 2091 2004 citet
2116 1949 2444 2005 auditorum.
2470 1951 2586 2006 Vox
2618 1960 2796 2007 autem
2820 1949 2939 2020 ejus
2972 1968 3078 2008 non
3106 1968 3267 2024 asper
3281 1955 3369 2009 vel
3412 1969 3542 2009 rau-

1959 2055 2044 2107 ca,
2076 2041 2163 2097 vel
2188 2041 2426 2107 dissona,
2450 2044 2545 2098 sed
2574 2058 2771 2099 canora
2799 2045 2923 2111 erit,
2954 2046 3155 2113 suavis,
3203 2046 3427 2118 liquida,
3455 2057 3540 2103 at-

1960 2145 2067 2200 que
2094 2141 2276 2197 acuta,
2301 2132 2510 2188 habens
2539 2148 2731 2188 sonum
2754 2143 2807 2189 et
2840 2134 3128 2190 melodiam
3172 2146 3375 2192 sanctrc
3418 2138 3543 2193 reli-

1960 2222 2139 2292 gionis
2183 2233 2595 2297 congruentem,
2651 2242 2759 2282 non
2804 2240 2924 2299 quae
2977 2212 3239 2301 tragicam
3272 2231 3543 2288 exclamet

1961 2323 2161 2382 artem,
2193 2317 2288 2371 sed
2339 2333 2460 2387 quae
2509 2318 2872 2375 Christianam
2907 2321 3308 2393 simplicitatem
3336 2325 3389 2379 in
3423 2326 3541 2397 ipsa

1960 2407 2327 2463 modulatione
2354 2409 2705 2477 demonstret,
2735 2398 2911 2482 neque
2961 2428 3082 2484 quae.
3128 2417 3336 2472 musico
3361 2426 3537 2487 gestu,

1960 2498 2046 2554 vel
2071 2500 2319 2555 theatrali
2361 2509 2478 2557 arte
2516 2502 2774 2569 redoleat,
2803 2504 2897 2559 sed
2923 2519 3042 2573 quae
3071 2508 3539 2578 compunctioncm

1960 2589 2134 2659 magis
2187 2590 2531 2645 audientibus
2577 2590 2759 2647 faciat.
2814 2591 3060 2648 Perfecta
3090 2604 3271 2649 autem
3300 2611 3402 2651 vox
3433 2607 3536 2661 est,

1961 2676 2092 2741 alta,
2131 2676 2278 2731 clara
2322 2686 2378 2733 et
2400 2680 2581 2734 suavis
2610 2699 2622 2734 :
2658 2680 2787 2748 alta,
2837 2688 2897 2736 ut
2924 2682 2977 2737 in
3010 2682 3239 2738 sublime
3267 2685 3533 2755 sufﬁciat;

1962 2765 2130 2833 clara,
2154 2778 2214 2822 ut
2235 2784 2393 2825 aures
2419 2770 2707 2841 adimpleat
2733 2789 2747 2838 ;
2790 2773 2991 2838 suavis,
3024 2780 3085 2829 ut
3104 2775 3299 2831 animis
3320 2778 3542 2834 audien-

1962 2857 2096 2912 tium
2136 2856 2465 2914 blandiatur.
2498 2859 2557 2915 Si
2585 2869 2764 2917 autem
2807 2877 2875 2918 ex
2920 2864 3007 2919 his
3052 2864 3255 2935 aliquid
3287 2866 3537 2935 defuerit,

1960 2948 2201 3019 perfecta
2236 2964 2341 3004 vox
2384 2967 2491 3010 non
2523 2952 2648 3007 erit.
2693 2953 2915 3023 Antiqui
2973 2957 3117 3011 enim
3158 2958 3336 3028 pridie
3377 2976 3539 3030 quam

1962 3040 2293 3096 cantandum
2334 3049 2472 3108 erat,
2523 3044 2661 3099 cibis
2711 3044 3078 3130 abstinebant,
3116 3048 3371 3136 pallentia
3415 3059 3539 3105 tan-

274 3144 407 3214 pulo
448 3154 710 3215 praesunt,
740 3123 1036 3203 secundum
1059 3123 1276 3202 sensum
1322 3147 1586 3217 majorum
1607 3146 1720 3217 jam
1759 3123 1862 3205 ‘5“.
1889 3123 1935 3188 C
1966 3138 2083 3187 tum
2102 3132 2373 3204 legumina
2399 3150 2563 3192 causa
2594 3137 2744 3193 vocis
2775 3123 3084 3206 sumebant,
3116 3144 3255 3196 unde
3303 3123 3359 3197 et
3382 3143 3541 3216 mlgo

278 3251 377 3306 pra
406 3236 665 3301 diximus,
718 3237 783 3292 de
825 3236 1035 3306 origine
1075 3253 1291 3308 quoque
1317 3247 1527 3304 cantus,
1574 3247 1629 3294 et
1677 3239 1863 3295 lectio.

280 3340 436 3389 num,
464 3334 520 3379 et
550 3326 874 3382 auctoritate
910 3325 1172 3397 Symboli,
1208 3327 1384 3384 adhuc
1407 3328 1462 3383 in
1486 3328 1741 3399 praesenti
1784 3330 1863 3385 di-

279 3432 491 3472 camus.

841 3507 1070 3564 CAPUT
1120 3508 1326 3564 XLVII.

922 3598 1000 3653 De
1028 3601 1248 3654 cantico.

357 3688 643 3745 Canticum
697 3690 841 3746 enim
888 3691 1096 3760 primus
1143 3691 1385 3747 omnium
1434 3690 1645 3764 Moyses
1673 3693 1869 3764 legitur

282 3779 611 3846 instituisse,
639 3782 857 3852 quando
886 3795 1140 3852 percussa
1176 3781 1412 3855 lEgypto
1456 3784 1643 3840 decem
1672 3784 1867 3856 plagis,

282 3882 343 3929 et
392 3874 680 3930 Pharaone
726 3876 1029 3943 submerso,
1090 3893 1216 3933 cum
1273 3879 1472 3949 populo
1520 3894 1619 3951 per
1657 3880 1870 3935 insueta

288 3963 461 4018 maris
496 3964 718 4027 itinera,
752 3965 818 4019 ad
860 3965 1133 4020 desertum
1157 3966 1587 4037 gratulabundus
1620 3982 1871 4036 egressus

286 4061 397 4116 est,
431 4054 621 4109 dicens
648 4072 661 4108 :
697 4052 979 4110 Cantemus
1006 4054 1251 4123 Domino,
1275 4057 1503 4127 gloriose
1540 4058 1678 4112 enim
1702 4057 1871 4113 Itono—

290 4146 534 4215 riﬁcatus
567 4156 642 4200 est
674 4145 873 4217 (Exod.
907 4147 1020 4221 xv).
1061 4148 1214 4215 Item,
1244 4150 1382 4205 idem
1431 4158 1625 4206 auctor
1645 4151 1698 4205 in
1728 4150 1870 4206 Deu-

289 4238 596 4293 teronomio
625 4238 899 4292 canticum
922 4242 1243 4311 prtesagium
1271 4240 1580 4297 futurorum
1631 4242 1874 4298 conscri-

286 4329 419 4397 psit.
456 4328 657 4385 Deinde
690 4344 904 4400 quoque
931 4329 1179 4386 Debbora
1206 4346 1314 4386 non
1372 4331 1872 4403 ignobilisfemina,

289 4418 347 4473 in
405 4418 545 4473 libro
595 4419 848 4475 Iudicum
896 4420 998 4476 hoc
1047 4423 1312 4493 mysterio
1351 4420 1533 4479 functa
1565 4425 1869 4493 reperitur;

287 4520 480 4580 postea
508 4510 707 4566 multos
739 4527 845 4566 non
882 4511 1052 4566 solum
1096 4513 1260 4576 viros,
1293 4515 1386 4568 sed
1438 4515 1602 4570 etiam
1642 4514 1873 4571 feminas

289 4601 491 4669 spiritu
535 4601 718 4656 divino
771 4603 1089 4672 completas,
1150 4602 1245 4657 Dei
1278 4604 1542 4659 cecinisse
1587 4606 1868 4676 mysteria.

289 4693 580 4749 Canticum
608 4704 790 4751 autem
832 4710 935 4751 vox
962 4696 1198 4750 humana
1229 4704 1348 4762 est;
1388 4697 1630 4767 psalmus
1667 4706 1872 4764 autem,

288 4788 384 4858 qui
416 4786 633 4842 canitur
652 4788 721 4843 ad
744 4787 1081 4857 psalterium.

842 4898 1070 4956 CAPUT
1111 4899 1341 4954 XLVIII.

919 4970 996 5024 De
1019 4970 1256 5041 psalmis.

368 5055 610 5114 Psallere
654 5066 836 5118 autem
867 5074 1023 5114 usum
1058 5075 1182 5115 esse
1230 5061 1466 5131 primum
1494 5059 1733 5132 Moysen,
1774 5062 1876 5116 Da-

294 5150 384 5205 vid
404 5150 735 5220 prophetam
765 5151 821 5205 in
858 5166 1054 5222 magno
1080 5151 1359 5223 mysterio,
1387 5152 1569 5222 prodit
1613 5151 1873 5207 Ecclesia.

292 5239 395 5295 Hic
431 5240 579 5294 enim
605 5257 635 5295 a
654 5241 891 5310 pueritia
920 5241 972 5295 in
1002 5242 1105 5296 hoc
1136 5258 1331 5297 munus
1357 5257 1388 5295 a
1414 5243 1640 5298 Domino
1665 5243 1875 5312 specia-

292 5328 421 5384 liter
459 5328 683 5395 electus,
713 5339 771 5385 et
808 5339 1089 5387 cantorum
1113 5333 1383 5402 princeps,
1437 5332 1879 5403 psalmornmque

292 5420 586 5474 thesaurus
610 5435 734 5475 esse
759 5422 1079 5491 promeruit.
1113 5420 1279 5490 Cujus
1326 5423 1643 5492 psalterium
1675 5422 1879 5477 idcirco

290 5524 421 5564 cum
449 5510 675 5568 melodia
702 5513 1098 5567 cantilenarum
1126 5514 1374 5568 suavium
1403 5514 1472 5569 ab
1501 5513 1746 5570 Ecclesia
1774 5513 1882 5568 fre-

290 5608 633 5669 quentatur,
685 5619 795 5673 quo
841 5602 1052 5659 facilius
1099 5604 1265 5659 animi
1313 5605 1380 5659 ad
1406 5605 1879 5676 compunctionem

290 5687 604 5745 ﬂectantur.
655 5690 934 5745 Primitiva
976 5702 1156 5747 autem
1188 5691 1430 5750 Ecclesia
1482 5694 1555 5750 ita
1591 5694 1873 5766 psallebat,

661 5781 931 5843 Parnm"
983 5779 1172 5846 CVII.

1963 3233 2222 3283 cantores
2249 3226 2441 3284 fabarii
2467 3230 2596 3285 dicti
2636 3239 2782 3286 sunt.
2813 3232 2869 3287 Si
2905 3247 3035 3305 ergo
3056 3228 3163 3291 hoc
3199 3238 3339 3307 apud
3369 3239 3544 3310 genti-

1966 3315 2046 3373 les
2088 3325 2298 3373 tantum
2343 3320 2622 3375 servanda:
2645 3322 2795 3377 vocis
2826 3338 2988 3378 causa
3017 3323 3298 3396 agebatur,
3340 3338 3541 3398 quanto

1966 3410 2140 3481 magis
2165 3411 2307 3482 apud
2350 3410 2709 3480 Christianos,
2758 3429 2895 3485 quos
2921 3430 3028 3471 non
3071 3425 3181 3471 tam
3210 3419 3357 3475 vocis
3384 3436 3546 3491 quam

1966 3498 2189 3555 virtutis
2217 3501 2387 3570 ipsius
2414 3508 2561 3557 tenet
2588 3519 2740 3570 cura,
2766 3504 2834 3559 ab
2856 3505 3006 3561 omni
3028 3506 3281 3565 illecebra
3310 3510 3544 3584 volupta-

1970 3595 2085 3644 tum
2112 3588 2388 3648 abstinere
2415 3603 2647 3664 oportet.

2512 3682 2740 3740 CAPUT
2792 3684 2976 3742 XLIX.

2579 3775 2657 3829 De
2680 3776 2906 3847 hymnis.

2042 3860 2285 3933 flymnos
2313 3865 2549 3934 primum
2580 3871 2827 3925 eumdem
2867 3871 3035 3929 David
3071 3877 3385 3947 prophetam
3415 3895 3549 3936 con-

1972 3951 2173 4009 didisse
2197 3969 2262 4008 ac
2286 3956 2571 4023 cecinisse,
2619 3961 2964 4018 manifestum
2987 3974 3093 4033 est,
3118 3967 3314 4024 deinde
3337 3978 3391 4026 et
3417 3972 3553 4028 alios

1976 4046 2290 4116 prophetas.
2318 4046 2515 4104 Postea
2565 4052 2783 4122 quidem
2817 4063 2874 4110 et
2901 4064 3013 4113 tres
3034 4060 3189 4128 pueri
3243 4060 3298 4118 in
3333 4060 3554 4120 fornace

1973 4139 2156 4210 positi,
2209 4151 2508 4197 convocata
2533 4145 2776 4200 omnium
2833 4156 3105 4216 creatura,
3152 4152 3386 4209 creatori
3435 4170 3552 4209 om.

1974 4233 2125 4288 nium
2147 4234 2406 4307 hymnum
2436 4246 2694 4292 canentes
2719 4238 2992 4294 dixerunt.
3034 4241 3217 4312 Itaque
3242 4251 3296 4299 et
3320 4245 3375 4299 in
3397 4246 3554 4317 hym-

1976 4326 2061 4381 nis
2096 4334 2152 4381 et
2197 4326 2420 4396 psalmis
2444 4328 2722 4395 canendis,
2773 4345 2882 4384 non
2919 4331 3091 4387 solum
3140 4337 3553 4407 prophetarum,

1978 4417 2074 4473 sed
2108 4418 2270 4473 etiam
2303 4418 2471 4489 ipsius
2512 4418 2726 4473 Domini
2772 4429 2827 4475 et
2871 4423 3240 4493 apostolorum
3295 4427 3558 4484 habemus

1978 4509 2308 4580 exemplum,
2335 4519 2389 4565 et
2415 4520 2685 4582 praecepta
2714 4513 2780 4567 de
2831 4513 2935 4570 hac
2966 4531 3026 4570 re
3058 4517 3207 4573 utilia
3237 4517 3306 4574 ad
3332 4537 3557 4577 moven-

1981 4601 2106 4656 dum
2122 4602 2209 4670 pie
2228 4602 2468 4656 animum
2495 4601 3007 4660 etinllammandum
3036 4607 3229 4664 divinae
3250 4608 3556 4668 dilectionis

1982 4692 2253 4749 affectum.
2284 4692 2424 4748 Sunt
2459 4703 2643 4750 autem
2668 4694 2835 4750 divini
2874 4697 3080 4769 hymni,
3112 4709 3237 4755 sunt
3260 4711 3316 4757 et
3346 4704 3559 4773 ingenio

1985 4785 2220 4839 humano
2240 4785 2544 4854 compositi.
2576 4785 2813 4843 I-Iilarius
2840 4797 3020 4845 autem
3043 4789 3227 4848 Gallus
3254 4796 3555 4864 episcopus,

1984 4872 2222 4930 Pictavis
2247 4876 2478 4945 genitus,
2509 4876 2816 4947 eloquentia
2848 4881 3195 4949 conspicuus,
3235 4885 3554 4955 hymnorum
3598 4942 3601 4945 ,

1982 4967 2224 5021 carmine
2265 4964 2448 5020 ﬂoruit
2497 4968 2723 5037 primus,
2757 4977 2879 5040 post
2914 4987 3074 5042 quem
3099 4974 3420 5029 Ambrosius
3447 4976 3564 5044 epi-

1980 5073 2178 5130 scopus
2210 5058 2291 5113 vir
2318 5074 2528 5131 magna:
2555 5060 2738 5130 gloriae
2780 5062 2836 5117 in
2867 5063 3106 5130 Christo,
3134 5074 3189 5121 et
3219 5065 3271 5118 in
3318 5064 3557 5119 Ecclesia

1980 5147 2317 5204 clarissimus
2344 5148 2554 5216 doctor,
2595 5151 2846 5221 copiosus
2880 5153 2936 5208 in
2961 5144 3288 5225 hujusmodi'
3314 5155 3555 5209 carmine

1981 5236 2227 5293 floruisse
2256 5239 2623 5309 cognoscitur,
2654 5248 2818 5311 atque
2856 5243 2981 5299 inde
3020 5245 3203 5316 hymni
3227 5259 3293 5299 ex
3326 5245 3442 5312 ejus
3463 5262 3560 5301 nc-

1985 5330 2128 5383 mine
2154 5326 2499 5384 Ambrosiani
2538 5341 2825 5398 vocantur,
2851 5334 2976 5404 quia
3003 5333 3118 5402 ejus
3162 5342 3403 5405 tempore
3447 5336 3559 5405 pri-

1983 5433 2133 5472 mum
2163 5418 2216 5472 in
2252 5417 2491 5475 Ecclesia
2519 5418 2907 5477 Mediolanensi
2947 5422 3207 5478 celebrari
3252 5434 3560 5496 cmpcrunt,

1984 5510 2137 5581 cujus
2185 5509 2520 5567 celebritatis
2567 5512 2781 5571 devotio
2814 5514 3008 5570 dehinc
3052 5530 3149 5585 per
3207 5518 3371 5571 totius
3400 5518 3559 5575 Occi-

1985 5599 2161 5657 dentis
2207 5602 2476 5658 Ecclesias
2529 5604 2864 5660 observatur.
2918 5605 3169 5662 Carmina
3205 5620 3384 5664 autem
3410 5626 3561 5680 qua:-

1986 5708 2198 5763 cunque
2233 5694 2286 5748 in
2316 5693 2525 5750 laudem
2560 5693 2652 5749 Dei
2680 5693 2952 5763 dicuntur,
2984 5696 3170 5769 hymni
3194 5710 3474 5755 vocartur.

3054 5793 3127 5852 l2
