4002 6204
1002 420 1227 475 CAPUT
1266 419 1328 472 L.

967 510 1043 565 De
1084 509 1401 580 antiplionis.
1740 544 1749 553 .
1906 568 1911 573 ι

454 609 797 679 Antiphonas
821 602 997 660 Graeci
1031 603 1193 672 primi
1247 608 1697 673 composuerunt,
1764 597 1971 654 duobus

390 702 559 758 thoris
578 700 886 757 alternatim
912 699 1344 763 concinentibus,
1372 699 1525 769 quasi
1547 699 1652 753 duo
1673 697 1967 768 seraphim,

388 796 604 863 duoque
623 791 970 848 Testamenta
997 790 1227 846 invicem
1251 790 1354 845 sibi
1382 789 1798 849 conclamantia.
1816 788 1979 859 Apud

388 884 610 942 Latinos
636 892 817 938 autem
846 882 1054 952 primus
1102 880 1244 935 idem
1285 880 1632 936 beatissimus
1652 880 1971 937 Ambrosius

390 976 711 1045 antiphonas
736 973 984 1038 instituit,
1011 959 1322 1027 Graecorum
1354 958 1662 1042 exemplum
1695 971 1965 1037 imitatus;

386 1082 452 1118 rx
493 1065 619 1119 hinc
661 1067 715 1118 in
750 1063 962 1119 eunetis
986 1061 1237 1120 Occiduis
1284 1060 1592 1134 regionibus
1621 1077 1809 1123 earum
1838 1076 1970 1116 usus

387 1155 674 1209 incrcbuit.

1005 1240 1229 1297 CAPUT
1271 1240 1350 1307 LI.
1434 1295 1445 1301 -

942 1333 1020 1387 De
1048 1334 1409 1404 responsoriis.

455 1425 817 1495 Responsoria
844 1426 912 1479 ab
936 1425 1089 1480 Italis
1108 1424 1270 1496 longo
1297 1433 1538 1495 tempore
1566 1435 1693 1479 ante
1720 1432 1848 1481 sunt
1876 1440 1965 1481 re-
1996 1420 1997 1423 “

385 1524 557 1586 porta,
582 1525 637 1569 et
664 1523 852 1569 vocata
882 1515 983 1569 hoc
1004 1516 1242 1577 nomine.
1276 1515 1419 1583 quod
1450 1530 1558 1569 uno
1582 1524 1809 1570 canente
1839 1515 1967 1570 cho-

385 1620 479 1662 rus
505 1605 912 1662 reconsonando
937 1593 1285 1674 respondeat.
1312 1606 1483 1681 Antea
1517 1616 1696 1661 autem
1726 1607 1781 1661 id
1821 1606 1966 1661 solus

385 1697 614 1767 quisque
643 1696 854 1767 agebat,
880 1711 1023 1751 nunc
1054 1695 1323 1750 interdum
1354 1712 1512 1757 unus,
1544 1696 1817 1751 interdum
1861 1697 1966 1752 duo

1039 303 1098 357 Β.
1141 301 1393 358 uanam
1432 297 1652 357 MAURI
1691 295 2008 353 ARCHJEP.
2051 296 2360 354 uocum.
2404 296 2691 355 OPERUM
2725 286 2906 354 rans
2943 299 2982 356 ι.

3560 306 3666 361 564

1996 405 2123 475 Ain
2151 414 2475 468 contrariam
2526 414 2784 469 recedunt
2827 412 3182 477 sententiam,
3241 424 3381 469 sreut
3408 424 3491 471 est
3536 417 3669 475 illud
3718 482 3721 485 _

1946 502 1949 507 ⁷
2004 568 2011 575 ι
2070 504 2310 574 Apostoli
2344 504 2523 582 :un‘is
2563 504 2828 583 accusabit
2860 504 3109 576 adversus
3149 502 3336 558 electos
3366 506 3462 561 Dei
3475 508 3502 561 .’
3524 506 3671 565 Deus

2070 595 2159 665 qui
2182 595 2440 665 justi/ictu
2470 593 2642 666 (Rom.
2671 592 2811 665 vm).
2832 593 2984 659 Quod
3009 594 3051 647 si
3082 594 3236 664 quasi
3270 594 3665 665 infirmitative,

2074 701 2176 739 non
2212 694 2424 739 servato
2449 699 2644 754 genere
2660 684 3112 754 pronuntiationis
3138 699 3271 750 sum,
3294 680 3521 753 dicatur,
3548 705 3665 743 ma-

2071 792 2175 848 gna
2210 772 2538 847 perversitas
2577 775 2766 830 oritur.
2793 774 2886 831 Sic
2911 792 3040 847 ergo
3075 778 3535 847 pronuntiandum
3556 792 3663 849 est,

2073 876 2129 922 ut
2160 869 2429 937 przccedat
2450 866 2818 937 percontatio,
2875 875 3135 937 sequatur
3164 869 3535 940 interrogatio.
3569 871 3663 927 ln-

2072 969 2157 1013 ter
2186 959 2649 1028 permutationem
2678 967 2859 1012 autem
2904 966 2959 1012 et
3000 958 3509 1031 interrogationem,
3557 963 3667 1019 hoc

2071 1058 2279 1103 veteres
2304 1048 2568 1104 interesse
2611 1049 2876 1112 dixerunt,
2909 1051 3053 1119 quod
3097 1051 3165 1106 ad
3194 1055 3666 1122 percontationem
3698 1044 3703 1047 ⁷

2070 1144 2236 1198 multa
2270 1143 2579 1213 responderi
2608 1151 2853 1214 possunt,
2886 1143 2950 1197 ad
2998 1143 3476 1217 interrogationem
3503 1162 3662 1214 vero,

2071 1242 2166 1288 aut
2195 1250 2320 1300 non,
2348 1243 2440 1288 aut
2489 1236 2675 1291 etiam.
2709 1234 3152 1292 Pronuntiabitur
3177 1254 3304 1309 ergo
3329 1239 3424 1304 ita,
3457 1250 3513 1294 ut
3539 1249 3667 1311 post

2070 1322 2532 1396 percontatiouem
2560 1343 2666 1398 qua
2713 1328 2944 1383 dicimus
2971 1344 2985 1382 :
3018 1328 3150 1395 Quis
3181 1317 3444 1385 accusabit
3469 1333 3663 1387 adver-

2069 1435 2158 1472 sus
2181 1418 2367 1472 electos
2392 1419 2528 1472 Dei?
2552 1420 2684 1475 lllud
2712 1420 2854 1491 quod
2882 1421 3148 1491 sequitur,
3173 1437 3306 1478 sono
3328 1422 3665 1495 interrogan-

2072 1510 2141 1565 tis
2173 1510 2520 1565 enuntietur:
2556 1510 2697 1565 Deus
2720 1513 2809 1582 qui
2849 1513 3136 1582 justiﬁcat,
3168 1521 3227 1568 ut
3253 1515 3414 1570 tacite
3439 1531 3666 1585 respon-

2069 1604 2277 1667 deatur,
2301 1617 2428 1656 non.
2467 1602 2533 1656 Et
2565 1619 2661 1673 per
2686 1603 2810 1657 item
2857 1608 3273 1674 pereontemu‘r:
3308 1605 3438 1671 Quis
3464 1618 3539 1662 est
3566 1611 3665 1679 qui

2070 1691 2399 1758 condemnat,
2426 1707 2719 1762 rursusque
2748 1695 3143 1763 interrogemus
3164 1736 3179 1761 ,
3207 1694 3469 1753 Christus
3499 1698 3535 1751 J
3540 1717 3663 1754 esus

385 1788 469 1841 vel
511 1796 624 1842 tres
667 1786 1029 1841 communiter
1056 1793 1271 1851 canent,
1300 1786 1468 1841 choro
1515 1787 1567 1840 in
1596 1785 1844 1856 plurimis
1875 1802 1963 1844 re-
1996 1761 2041 1820 Β
2068 1784 2157 1853 qui
2182 1780 2534 1846 mortuusest,
2561 1785 2726 1853 magis
2754 1785 3040 1855 autemqui
3071 1787 3371 1852 resurrexit,
3396 1789 3580 1858 quiest
3602 1790 3660 1842 in

385 1878 703 1947 spondente.

988 1967 1218 2025 CAPUT
1256 1968 1362 2022 ιιι.

957 2058 1037 2114 De
1064 2044 1387 2115 lectionibus.

451 2155 740 2211 Lectiones
766 2153 1140 2225 pronuntiare,
1174 2151 1412 2221 antiquae
1439 2150 1794 2207 institutionis
1823 2166 1963 2216 esse,

381 2246 689 2302 Judaeorum
727 2245 945 2303 traditio
974 2244 1153 2298 habet.
1182 2242 1316 2296 Nam
1337 2249 1393 2301 et
1414 2241 1516 2311 ipsi
1543 2242 1804 2312 legitimis
1830 2258 1969 2312 pra:-

382 2339 656 2409 ﬁnitisque
687 2338 896 2402 diebus,
930 2353 998 2392 ex
1027 2334 1143 2404 lege
1193 2342 1248 2389 et
1288 2333 1567 2404 prophetis
1589 2375 1604 2399 ,
1646 2333 1967 2389 lectionibus

382 2437 697 2493 ntuntur,et
724 2428 827 2483 hoc
856 2428 922 2482 de
944 2426 1111 2481 veteri
1140 2425 1364 2479 Patrum
1389 2425 1725 2480 institutione
1744 2440 1968 2480 servan-

382 2527 480 2573 tes.
512 2517 611 2571 Est
634 2524 813 2571 autem
840 2515 1003 2570 lectio
1041 2529 1348 2584 nonparva
1377 2515 1709 2570 audientium
1731 2514 1969 2570 (adifica-

384 2608 494 2663 tio:
524 2607 666 2662 unde
694 2613 907 2676 oportet
932 2612 992 2659 ut
1020 2604 1235 2675 quando
1264 2603 1512 2674 psallitur
1539 2644 1554 2668 ,
1606 2603 1870 2675 psallatur
1897 2604 1981 2658 ab

381 2698 662 2762 omnibus;
705 2711 827 2751 cum
855 2702 1067 2759 oratur,
1101 2703 1287 2750 oretur
1315 2695 1384 2749 ab
1418 2695 1702 2761 omnibus;
1736 2710 1863 2750 cum
1891 2694 1967 2748 le-

383 2790 492 2844 etio
518 2787 732 2858 legitur,
770 2784 912 2841 facto
941 2784 1154 2841 silentio
1190 2799 1344 2855 aeque
1393 2785 1644 2840 audiatur
1672 2801 1704 2839 a
1731 2785 1962 2841 cunctis.

380 2878 519 2934 Nam
548 2886 604 2933 et
630 2877 677 2931 si
701 2886 827 2930 tunc
855 2874 1202 2945 superveniat
1228 2875 1458 2943 quisque
1486 2889 1609 2930 cum
1638 2874 1798 2929 lectio
1826 2874 1967 2930 cele-

384 2970 591 3031 bratur,
622 2967 812 3023 adoret
840 2968 1048 3021 tantum
1077 2966 1268 3033 Deum,
1296 2976 1370 3031 et,
1403 2967 1726 3038 praesignata
1753 2967 1965 3039 virente,

383 3075 571 3116 aurem
619 3058 848 3114 sollicite
875 3056 1267 3127 accommodet.
1321 3057 1476 3111 Patet
1505 3066 1716 3126 tempus
1739 3057 1961 3122 orandi,

383 3165 507 3207 cum
532 3163 719 3204 omnes
747 3162 994 3212 oramus;
1050 3155 1196 3218 patet
1237 3132 1361 3202 eum
1393 3147 1624 3203 voluerit
1650 3162 1811 3202 orare
1854 3149 1964 3218 pri-

381 3238 565 3302 vatim,
590 3238 811 3293 obtentu
853 3237 1135 3297 orationis.
1196 3236 1274 3291 Nc
1317 3237 1614 3306 perdideris
1650 3236 1959 3302 lectionem,

379 3329 509 3402 quia
542 3343 650 3383 non
703 3342 916 3397 semper
963 3327 1191 3396 quilibet
1220 3336 1464 3407 paratam
1513 3342 1634 3381 eam
1664 3335 1843 3397 potest
1867 3327 1966 3381 ha-

378 3420 530 3483 bere,
558 3416 892 3473 cum'orandi
920 3422 1161 3484 potestas
1182 3415 1234 3469 in
1265 3424 1513 3485 promptu
1546 3416 1649 3481 sit;
1681 3432 1781 3471 nec
1808 3425 1964 3487 putes

377 3521 601 3579 parvam
629 3504 782 3559 nasci
806 3505 1095 3560 utilitatem
1139 3520 1203 3558 es
1254 3504 1499 3559 lectionis
1540 3504 1765 3560 auditu:
1799 3506 1966 3577 siqni-

380 3599 505 3655 dem
529 3597 705 3653 oratio
743 3597 859 3667 ipsa
894 3597 955 3651 lit
982 3597 1251 3668 pinguior,
1281 3596 1406 3651 dum
1456 3612 1609 3651 mens
1642 3599 1847 3653 recenti
1892 3596 1963 3652 le-

381 3688 559 3744 ctione
587 3687 817 3757 signata,
839 3702 938 3758 per
958 3688 1259 3741 divinarum
1285 3701 1462 3740 rerum
1487 3686 1645 3758 (quas
1680 3703 1854 3758 nuper
1872 3704 1967 3743 au-

383 3777 536 3850 divit)
568 3776 831 3847 imagines
853 3777 1043 3832 currit.
1069 3775 1206 3830 Nam
1249 3782 1304 3830 et
1332 3774 1500 3829 Maria
1529 3790 1685 3831 soror
1714 3776 1963 3843 Marthte,

343 3893 347 3899 ι
380 3887 500 3941 quae
522 3869 715 3927 sedens
746 3869 810 3924 ad
832 3869 997 3940 pedes
1017 3865 1165 3933 Jesu,
1197 3874 1385 3922 sorore
1413 3867 1656 3939 neglecta
1681 3908 1697 3933 ,
1740 3868 1964 3924 verbum

342 3958 349 4017 ἱ
382 3964 641 4019 intentius
690 3960 970 4024 audiebat,
1009 3960 1203 4014 bonam
1230 3965 1440 4026 partem
1471 3958 1573 4014 sibi
1606 3956 1835 4031 elegisse
1860 3960 1965 4014 Do-

380 4053 513 4109 mini
536 4067 671 4108 voce
699 4051 947 4105 ﬁrmatur
976 4048 1128 4123 (Luc.
1171 4048 1250 4118 x).
1293 4047 1416 4104 Ideo
1445 4057 1499 4103 et
1525 4048 1785 4105 diaconus
1819 4049 1964 4104 clara

384 4159 516 4201 voce
542 4143 816 4199 silentium
845 4140 1118 4206 admonet,
1142 4150 1200 4195 ut
1227 4140 1340 4195 sive
1363 4140 1489 4194 dum
1526 4140 1804 4210 psallitur,
1855 4140 1968 4196 sive

386 4237 514 4290 dum
560 4234 720 4290 lectio
769 4233 1157 4304 pronuntiatur
1183 4272 1197 4296 ,
1240 4232 1307 4286 ab
1334 4232 1586 4287 omnibus
1626 4234 1807 4288 unitas
1843 4247 1969 4288 con-

381 4336 652 4390 servetur,
679 4333 738 4379 ut
778 4323 919 4393 quod
950 4321 1199 4377 omnibus
1222 4323 1566 4391 praedicatur,
1595 4322 1874 4392 aequaliter
1901 4322 1968 4376 ab

380 4416 634 4473 omnibus
661 4410 930 4469 audiatur.
965 4412 1280 4481 Quicunque
1320 4413 1463 4467 enim
1509 4412 1744 4467 ollicium
1775 4414 1969 4467 decen-

384 4515 468 4562 ter
488 4515 543 4560 et
564 4506 666 4559 rite
689 4518 947 4575 peragere
973 4502 1108 4566 vult,
1133 4502 1378 4557 doctrina
1408 4512 1463 4557 et
1492 4500 1645 4557 libris
1670 4492 1829 4559 debet
1850 4520 1967 4561 esse

384 4596 640 4661 imbutus,
666 4607 1028 4661 sensuumque
1058 4606 1121 4646 ac
1147 4592 1432 4648 verborum
1457 4593 1682 4648 scientia
1711 4609 1967 4665 perorna-

386 4699 496 4749 tus,
530 4686 603 4740 ita
632 4695 689 4740 ut
718 4686 771 4740 in
816 4684 1251 4739 distinctionibus
1278 4684 1670 4739 sententiarum
1708 4686 1970 4758 intelligat

385 4778 476 4832 ubi
499 4776 720 4832 ﬁniatur
739 4776 1018 4847 junctura,
1036 4775 1128 4831 ubi
1145 4775 1322 4831 adhuc
1341 4778 1779 4847 pendeatOratio,
1797 4795 1967 4850 usque

386 4873 475 4929 ubi
502 4871 770 4928 sententia
802 4878 1044 4925 extrema
1073 4869 1355 4925 claudatur
1382 4912 1397 4937 ,
1443 4870 1628 4942 sicque
1652 4872 1965 4943 expeditus,

384 4965 492 5019 vim
506 4961 957 5034 pronuntiationis
977 4960 1259 5026 obtinebit,
1285 4971 1345 5017 ut
1368 4963 1434 5018 ad
1460 4963 1786 5019 intellectum
1812 4977 1967 5018 men-
2020 4966 2029 4982 ‘

386 5066 468 5112 tes
495 5056 734 5111 omnium
773 5068 1074 5129 sensusque
1120 5066 1450 5124 permoveat.
1487 5056 1851 5113 Discernendo
1876 5073 1969 5130 ge-

385 5163 516 5204 nera
539 5144 1037 5219 pronuntiationum
1062 5185 1076 5209 ,
1127 5154 1289 5216 atque
1336 5146 1687 5217 exprimendo
1719 5148 1967 5218 proprios

384 5239 775 5296 sententiarum
814 5236 1056 5302 allectus,
1089 5237 1248 5291 modo
1272 5251 1404 5306 voce
1433 5236 1720 5292 indicantis
1755 5238 1966 5308 simpli-

385 5332 546 5395 citer,
576 5330 737 5387 modo
774 5329 1024 5393 dolentis,
1072 5329 1229 5383 modo
1261 5328 1590 5398 indignantis
1612 5369 1626 5394 ,
1668 5329 1830 5382 modo
1882 5329 1967 5382 in-

387 5422 681 5492 crepantis,
711 5406 871 5476 modo
892 5419 1251 5482 exhortautis,
1276 5419 1435 5473 modo
1462 5418 1790 5484 miserantis,
1813 5418 1970 5473 modo

387 5514 776 5584 percontantis,
805 5522 860 5567 et
889 5513 975 5568 his
1003 5511 1197 5568 similia
1232 5511 1524 5565 secundum
1547 5526 1714 5582 genus
1741 5511 1970 5581 propria:

388 5602 862 5672 pronuntiationis,
898 5601 1261 5674 expromenda
1290 5608 1433 5655 sunt.
1461 5600 1624 5656 Multa
1672 5610 1797 5655 sunt
1824 5601 1970 5656 enim

392 5698 447 5748 lu
475 5695 778 5761 scripturis,
820 5709 939 5763 quae
971 5694 1071 5749 nisi
1106 5692 1326 5761 proprio
1354 5693 1511 5747 modo
1535 5695 1969 5763 pronuntientur,

1990 3108 2036 3170 C

1995 4465 2045 4524 D

2067 1873 2282 1927 dextera
2322 1872 2420 1927 Dei
2445 1915 2460 1939 ,
2509 1874 2600 1943 qui
2628 1882 2676 1927 et
2702 1872 2994 1944 interpellat
3019 1891 3114 1946 pro
3160 1875 3306 1930 nobis
3323 1877 3348 1929 .’
3375 1886 3434 1931 ut
3460 1879 3663 1949 ubique

2070 1965 2231 2021 tacite
2262 1965 2672 2034 respondeatur,
2698 1979 2822 2018 non.
2841 1964 2911 2019 At
2928 1965 3130 2040 veroin
3161 1966 3251 2021 illo
3280 1968 3400 2022 loco
3422 1968 3511 2022 ubi
3535 1968 3616 2023 ait
3644 1989 3657 2023 :

1974 2052 1978 2056 ’
2070 2056 2209 2124 Quid
2236 2074 2355 2126 ergo
2379 2057 2669 2111 dicemus?
2691 2057 2813 2129 quia
2835 2065 3009 2127 gentes
3035 2075 3151 2128 qua:
3181 2075 3285 2113 non
3316 2059 3662 2115 sectabantur

2062 2147 2350 2218 justitiam,
2376 2147 2825 2218 apprehenderunt
2845 2146 3129 2217 justitiam,
3152 2148 3255 2202 nisi
3283 2157 3403 2219 post
3436 2163 3666 2218 percon-

2071 2236 2327 2313 tationem
2365 2252 2469 2306 qua
2497 2236 2698 2290 dietmn
2729 2244 2848 2291 est:
2888 2234 3028 2301 Quid
3053 2253 3175 2309 ergo
3205 2238 3479 2292 dicemus?
3523 2237 3662 2293 Item

2069 2328 2350 2399 responsio
2379 2318 2719 2396 subjiciatur,
2758 2329 2879 2397 quia
2910 2335 3084 2397 gentes
3110 2345 3229 2399 qua:
3251 2345 3356 2382 non
3392 2328 3664 2382 sectaban-

2068 2431 2156 2474 tur
2182 2420 2479 2490 justitiam,
2529 2418 2977 2490 apprchenderunt
3026 2418 3293 2487 justitiam
3331 2417 3503 2489 (Rom.
3544 2419 3660 2489 ut),

2069 2524 2248 2569 textus
2300 2527 2641 2582 consequens
2686 2528 2794 2567 non
2849 2512 3163 2568 cohaerebit.
3219 2511 3287 2566 Et
3336 2510 3443 2565 alia
3488 2510 3666 2564 multa

2067 2612 2212 2669 sunt,
2245 2618 2365 2673 qua:
2414 2602 2691 2672 propriam
2740 2602 2993 2658 similiter
3039 2604 3144 2657 vim
3199 2601 3666 2672 pronuntiationis

2066 2702 2332 2763 qumrunt.
2349 2690 2617 2747 Praeterea
2634 2699 2688 2745 et
2702 2701 3018 2747 accentuum
3033 2691 3142 2746 vim
3162 2699 3375 2762 oportet
3399 2690 3663 2746 lectorem

2065 2783 2299 2846 scire,ut
2326 2781 2538 2837 noverit
2576 2781 2627 2834 in
2654 2796 2756 2851 qua
2779 2780 2979 2852 syllaba
3007 2797 3107 2836 vox
3141 2782 3500 2851 protendatur
3523 2794 3661 2849 pro-

2065 2873 2363 2927 nuntiantis
2389 2913 2404 2937 ,
2452 2872 2575 2941 quia
2610 2871 2790 2925 multa:
2829 2879 2955 2927 sunt
2995 2870 3259 2927 dictiones
3305 2886 3423 2942 qua:
3457 2869 3667 2925 solum-

2067 2964 2227 3019 modo
2257 2972 2479 3018 accentu
2507 2963 2737 3017 discerni
2761 2964 2957 3018 debent
2984 2978 3012 3016 a
3050 2963 3456 3034 pronuntiante,
3488 2976 3557 3016 ne
3600 2962 3662 3016 in

2068 3069 2229 3110 sensu
2260 3069 2447 3108 earum
2477 3063 2705 3108 erretur.
2743 3052 2848 3108 Sed
2888 3055 3003 3109 haec
3055 3055 3086 3107 'a
3143 3052 3511 3124 grammaticis
3565 3052 3658 3106 di-

2069 3162 2222 3203 scere
2247 3155 2481 3216 oportet.
2509 3146 2679 3203 Porro
2711 3162 2811 3199 vox
2837 3146 3053 3202 lectoris
3075 3146 3301 3216 simplex
3338 3160 3458 3200 esse
3498 3143 3665 3199 debet

2067 3248 2123 3295 et
2151 3236 2312 3299 clara,
2346 3246 2397 3292 et
2433 3238 2499 3292 ad
2528 3254 2688 3292 omne
2725 3239 3184 3307 pronuntiationis
3226 3252 3395 3309 genus
3443 3250 3664 3291 accom-

2067 3329 2305 3392 modata,
2330 3326 2486 3397 plena
2517 3342 2680 3381 succo
2706 3325 2869 3390 virili,
2903 3334 3172 3397 agrestem
3203 3334 3259 3379 et
3284 3324 3662 3379 subrusticum

2067 3419 2329 3487 cll‘ugiens
2368 3434 2577 3480 sonum,
2611 3434 2717 3473 non
2740 3418 2995 3482 humilis,
3051 3432 3154 3473 nec
3192 3417 3331 3472 adeo
3377 3415 3661 3480 sublimis;

2069 3524 2175 3564 non
2209 3509 2397 3575 fracta,
2420 3524 2526 3562 non
2570 3516 2773 3571 tenera,
2801 3508 3041 3577 nihilque
3094 3506 3385 3561 femineum
3419 3520 3658 3569 sonans;

2068 3614 2174 3652 non
2206 3598 2411 3653 habens
2442 3596 2626 3652 inﬂata
2655 3598 2739 3653 vel
2765 3598 3074 3653 anhelantia
3103 3596 3289 3661 verba,
3318 3612 3424 3653 non
3456 3597 3512 3651 in
3539 3595 3663 3650 fau-

2067 3690 2219 3746 cibus
2250 3689 2571 3755 frondentia,
2598 3700 2695 3745 nec
2722 3691 2832 3744 oris
2867 3689 3129 3744 inanitate
3168 3687 3507 3752 resonantia,
3558 3703 3669 3743 nec

2066 3768 2257 3852 aspera
2315 3780 2705 3846 frendentibus,
2744 3797 2848 3836 non
2884 3781 3163 3836 hiantibus
3205 3780 3374 3835 labris
3413 3780 3659 3851 prolata,

2067 3872 2164 3927 sed
2188 3872 2441 3942 pressim,
2471 3881 2526 3926 et
2561 3873 2860 3943 aequaliter,
2890 3880 2944 3926 et
2994 3871 3208 3936 leniter,
3243 3884 3300 3927 et
3342 3871 3487 3927 clare
3526 3887 3664 3941 pro-

2068 3965 2330 4028 nuntiata,
2375 3973 2434 4020 ut
2462 3965 2574 4019 suis
2601 3980 2827 4035 qumque
2860 3965 3056 4020 litterre
3094 3964 3244 4020 sonis
3272 3964 3663 4031 enuntientur,

2067 4063 2123 4109 et
2142 4055 2563 4125 unumquodque
2587 4056 2808 4111 verbum
2832 4055 3073 4127 legitimo
3096 4063 3320 4109 accentu
3350 4055 3664 4117 decoretur,

2068 4140 2168 4203 nec
2207 4148 2586 4203 ostentationis
2642 4156 2802 4202 causa
2846 4147 3126 4218 frangatur
3164 4146 3359 4202 oratio.
3403 4143 3667 4215 Corporis

2068 4253 2280 4309 quoque
2312 4248 2518 4295 motum
2546 4240 2913 4309 impudentem
2945 4240 3145 4294 habere
3188 4255 3295 4293 non
3321 4237 3508 4302 debet,
3564 4238 3667 4291 sed

2068 4329 2355 4401 gravitatis
2383 4332 2639 4400 speciem,
2669 4331 2891 4385 auribus
2919 4330 3063 4384 enim
3109 4336 3163 4385 et
3191 4330 3341 4384 cordi
3371 4327 3667 4384 consulere

2070 4423 2231 4477 debet
2260 4422 2460 4489 lector,
2500 4437 2605 4478 nou
2628 4423 2819 4489 oculis,
2850 4437 2916 4477 ne
2945 4422 3123 4490 potius
3149 4436 3215 4475 ex
3241 4421 3418 4491 seipse
3442 4428 3666 4489 specta-

2073 4521 2219 4568 tores
2248 4513 2418 4585 magis
2436 4529 2601 4583 quam
2628 4513 2900 4568 auditores
2930 4511 3112 4566 faciat.
3143 4512 3312 4567 Vetus
3339 4511 3524 4581 opinio
3553 4518 3663 4576 est,

2068 4602 2299 4658 lectores
2329 4604 2708 4673 pronuntiandi
2732 4591 2914 4667 causa,
2942 4603 3269 4673 prmeipuam
3298 4617 3483 4657 curam
3508 4602 3667 4657 vocis

2068 4693 2342 4760 habuisse,
2374 4703 2431 4748 ut
2452 4694 2698 4750 exaudiri
2734 4695 2788 4748 in
2813 4694 3040 4749 tumultu
3070 4694 3298 4764 possint,
3323 4692 3465 4748 unde
3484 4701 3541 4748 et
3563 4692 3668 4747 dn-

2068 4785 2196 4840 dum
2239 4785 2468 4843 lectores
2506 4801 2785 4856 praecones
2814 4787 2899 4842 vel
2928 4786 3352 4857 proclamatores
3388 4785 3665 4841 vocaban-

2069 4882 2178 4927 tur.

2659 4966 2888 5025 CAPUT
2925 4967 3053 5023 LIII.

2363 5059 2434 5116 De
2458 5060 2605 5116 libris
2646 5061 2870 5116 duorum
2906 5061 3371 5116 Testamentorum.

2145 5153 2570 5207 Pronuntiantur
2597 5161 2779 5207 autem
2800 5152 3060 5207 lectiones
3085 5151 3138 5206 in
3171 5150 3371 5206 Christi
3391 5148 3669 5216 ecclesiis,

2076 5243 2146 5319 de
2169 5242 2461 5314 Scripturis
2503 5244 2723 5299 sanctis.
2782 5243 3005 5298 Constat
3048 5250 3228 5296 autem
3261 5239 3449 5296 eadem
3504 5256 3668 5295 sacra

2076 5332 2352 5404 Scriptura
2382 5350 2448 5389 ex
2478 5335 2646 5391 veteri
2675 5335 2790 5406 lege
2818 5342 2872 5389 et
2916 5348 3074 5388 nova.
3108 5332 3277 5386 Vetus
3328 5330 3412 5385 lex
3463 5328 3552 5384 illa
3579 5337 3670 5383 est

2072 5436 2191 5495 qua:
2218 5422 2344 5478 data
2373 5432 2454 5479 est
2480 5425 2715 5494 primum
2735 5423 2934 5480 Juda'is
2963 5438 3060 5493 per
3092 5422 3311 5493 Moysen
3343 5428 3396 5475 et
3433 5419 3670 5491 prophe-

2075 5523 2179 5579 tas,
2214 5531 2334 5585 quae
2366 5516 2562 5573 dicitur
2607 5516 2770 5572 Vetus
2797 5516 3226 5571 Testamentum.
3255 5513 3670 5568 Testamentum

2075 5616 2255 5662 autem
2282 5606 2494 5672 dicitur,
2525 5609 2649 5679 quia
2681 5607 2887 5664 idoneis
2917 5606 3140 5663 testibus
3171 5606 3359 5676 utique
3382 5620 3411 5658 a
3440 5602 3677 5674 prophe-

2078 5696 2145 5752 tis
2171 5698 2429 5766 scriptum
2463 5706 2543 5753 est
2574 5706 2736 5771 atque
2762 5698 3053 5769 signatum.
3107 5694 3254 5750 Nova
3305 5707 3441 5748 vero
3470 5691 3557 5747 lex
3585 5693 3675 5746 es:
