4002 6204
358 304 465 363 565

1149 300 1237 354 DE
1274 298 1714 369 CLERICOBUM
1755 294 2265 363 INSTITUTIONE,
2306 298 2458 355 E'I'C.
2500 288 2733 355 —-'I.IB.
2768 298 2847 367 11.

3533 304 3638 363 366

357 407 891 485 Evangelium,quod
913 408 1110 463 dicitur
1132 407 1337 463 Novum
1362 405 1951 479 Testamentum,quod
1980 409 2030 468 Α
2055 423 2185 466 vero
2211 411 2546 483 scripserunt
2575 413 2762 470 decem
2810 416 3108 485 prophetae,
3141 418 3193 471 id
3234 427 3348 485 est,
3402 420 3635 494 Moyses,

355 520 454 575 per
478 504 659 573 ipsum
689 500 888 555 Filium
913 497 1007 553 Dei
1034 498 1309 553 Christum
1336 508 1391 553 et
1413 514 1539 555 suos
1567 500 1841 570 apostolos
1861 500 1953 556 de-

355 594 455 648 dit.
487 590 582 646 Illa
610 588 697 645 lex
746 596 901 644 vetus
939 588 1089 643 velut
1141 588 1294 642 radix
1323 597 1440 653 est,
1492 588 1607 643 haec
1642 604 1781 644 nova
1807 589 1954 644 velut

356 682 570 738 fruetus
584 696 666 736 ex
697 679 902 737 radice.
948 679 1025 732 Ex
1057 678 1173 753 lege
1202 680 1346 734 enim
1378 680 1591 736 venitur
1615 680 1681 734 ad
1710 681 1953 753 Evange-

357 774 513 829 Iium.
548 772 607 828 Si
640 771 857 843 quidem
887 769 1141 825 Christus
1173 771 1264 839 qui
1315 770 1403 833 hic.
1432 770 1806 826 manifestatus
1832 780 1948 847 est,

363 874 488 921 ante
510 866 565 919 in
589 865 711 932 lege
732 862 1039 933 praedictus
1070 870 1171 917 est.
1202 861 1316 917 Imo
1345 864 1460 932 ipse
1497 862 1708 918 locutus
1740 864 1791 917 iu
1824 878 1951 934 pro-

355 955 558 1025 phetis,
575 954 718 1008 sicut
745 952 1006 1022 scriptum
1025 961 1110 1007 est
1136 969 1148 1004 :
1179 952 1283 1018 Qui
1304 952 1571 1024 loquebar,
1599 970 1713 1008 ecce
1737 954 1948 1020 adsum,

356 1046 521 1115 legem
550 1043 873 1113 prmnittem
902 1040 1039 1099 velut
1068 1041 1358 1111 infantibus
1377 1044 1745 1116 pwdagogum,
1768 1044 1948 1099 Evan-

355 1138 552 1209 gelium
589 1152 728 1202 vero,
765 1132 1053 1205 perfectum
1085 1134 1203 1188 vita:
1240 1135 1625 1205 magisterium,
1648 1136 1767 1205 jam
1798 1136 1951 1189 adul-

356 1231 423 1283 tis
454 1227 697 1282 omnibus
743 1222 1020 1295 pramtani.
1049 1224 1175 1281 Ideo
1202 1225 1256 1279 in
1298 1224 1387 1279 illa
1415 1226 1761 1295 operantibus
1808 1226 1950 1282 bona

356 1331 523 1375 terrae
543 1317 1022 1390 promittebantur,
1053 1318 1143 1373 hic
1173 1332 1305 1373 vero
1325 1319 1425 1374 sub
1453 1318 1626 1389 gratia
1646 1333 1713 1373 ex
1742 1316 1846 1374 fide
1874 1319 1951 1373 vi-

355 1411 615 1465 ventibus
643 1425 868 1481 regnum
904 1409 1127 1464 caeleste
1158 1409 1434 1464 tribuitur.
1468 1410 1819 1480 Evangelium
1846 1426 1945 1466 au—

359 1515 470 1558 tem
490 1502 691 1558 dicitur
718 1502 921 1577 bonum
948 1500 1220 1565 nuntium,
1244 1508 1300 1554 et
1338 1515 1525 1555 revera
1562 1500 1764 1556 bonum
1804 1517 1945 1555 nun-

358 1592 517 1656 tium,
553 1599 614 1644 ut
640 1590 730 1660 qui
762 1588 1129 1659 susceperint,
1162 1588 1256 1642 lilii
1293 1589 1387 1645 Dei
1423 1598 1703 1644 vocentur.

434 1682 496 1736 Hi
539 1689 668 1737 sunt
703 1696 834 1752 ergo
861 1680 984 1736 libri
1026 1681 1236 1736 Veteris
1280 1681 1611 1736 Testamenti
1666 1696 1804 1750 quos
1845 1683 1947 1737 sub

2053 502 2244 568 David,
2274 501 2550 570 Salomon,
2578 505 2760 575 Asaph
2786 547 2800 571 ,
2848 507 3043 573 Ethan,
3086 507 3329 574 Llithun,
3372 510 3543 569 Eman
3580 526 3638 571 et

2053 593 2147 647 lilii
2176 591 2336 660 Core,
2368 594 2421 649 id
2457 603 2563 663 est,
2600 595 2749 662 Asir,
2783 596 3003 676 Eleana,
3039 598 3332 669 Ephiasah.
3374 601 3512 658 Sunt
3545 606 3638 676 qui

2052 695 2108 740 et
2130 685 2378 751 Esdram,
2406 694 2461 740 et
2479 684 2755 757 Aggaeum,
2781 675 2839 741 et
2880 688 3199 744 Zachariam
3244 691 3532 762 scripsisse
3557 675 3640 749 di;

2051 783 2195 829 cant.
2228 773 2482 831 Salomon
2506 778 2723 846 scripsit
2757 778 3146 845 Proverbia,et
3164 782 3552 849 Ecclesiasten,
3582 792 3640 841 et

2050 867 2272 924 Cantica
2320 870 2676 925 canticorum.
2727 870 2891 927 Isaias
2934 874 3151 943 scripsit
3209 876 3406 933 librum
3454 895 3633 947 suum,

2050 958 2299 1016 similiter
2340 969 2396 1014 et
2445 958 2707 1016 Jeremias
2768 977 2892 1017 eum
2945 963 3449 1024 Lamentationihus
3497 969 3635 1041 ejus.

2050 1048 2165 1104 Viri
2229 1048 2525 1121 Synagogae
2572 1052 2843 1122 sapientes
2877 1055 3211 1125 scripserunt
3261 1058 3637 1126 Ezechielem,

2050 1138 2349 1205 Danielem,
2378 1150 2432 1196 et
2460 1141 2930 1213 Paralipomenon,
2968 1153 3022 1201 et
3050 1146 3263 1203 Esther.
3294 1148 3469 1205 Esdra
3494 1151 3634 1206 scri-

2049 1230 2158 1298 psit
2182 1230 2382 1287 librum
2410 1248 2583 1287 suum.
2618 1233 2819 1290 Omnes
2844 1244 3026 1291 autem
3056 1238 3155 1293 hos
3182 1238 3347 1296 libros
3376 1240 3517 1296 idem
3540 1241 3638 1297 Es-

2050 1318 2147 1372 dra
2169 1329 2294 1387 post
2341 1319 2615 1376 incensam
2642 1322 2813 1393 legem
2842 1339 2873 1377 a
2898 1323 3187 1392 Chaldaeis,
3209 1327 3336 1382 dum
3358 1327 3526 1384 Judmi
3551 1331 3636 1385 in-

2050 1408 2221 1477 gressi
2248 1407 2473 1465 fuissent
2499 1411 2552 1464 in
2582 1410 2879 1467 Jerusalem
2903 1453 2918 1479 ,
2963 1412 3158 1480 divino
3184 1415 3393 1473 aﬂlatus
3432 1418 3639 1492 Spiritu

2050 1500 2341 1567 reparavit,
2379 1511 2679 1572 cunctaque
2726 1506 3112 1573 prophetarum
3157 1506 3464 1576 volumina,
3518 1526 3639 1581 quae

2051 1585 2266 1643 fuerant
2302 1606 2333 1644 a
2381 1591 2630 1661 gentibus
2675 1603 2927 1663 corrupta
2955 1635 2972 1660 ,
3029 1597 3296 1664 correxit;
3360 1606 3641 1671 totumque

2051 1675 2455 1735 Testamentum
2479 1682 2531 1735 in
2553 1682 2746 1753 viginti
2777 1684 2912 1739 duos
2936 1684 3100 1741 libros
3134 1688 3437 1754 constituit,
3469 1699 3531 1744 ut
3560 1699 3641 1747 tot

358 1787 548 1826 amore
569 1771 830 1827 doctrinae
857 1780 912 1826 et
937 1771 1154 1841 pietatis
1179 1771 1433 1843 legendos
1480 1772 1946 1845 recipiendosque,
1976 1764 2025 1824 B
2053 1768 2173 1823 libri
2200 1780 2381 1825 essent
2406 1772 2458 1825 in
2481 1772 2599 1844 lege
2632 1782 2759 1845 quot
2787 1774 3058 1830 habentur
3076 1784 3132 1831 et
3160 1777 3371 1834 litterae.
3395 1780 3639 1839 Primum

356 1862 726 1918 Ecclesiarum
770 1862 1043 1931 principes
1096 1862 1449 1918 tradiderunt.
1490 1861 1660 1918 Primi
1711 1878 1949 1934 namque

357 1953 492 2025 legis
517 1993 534 2019 ,
578 1952 631 2007 id
663 1961 777 2018 est,
815 1952 982 2024 Moysi
1033 1953 1156 2008 libri
1211 1954 1449 2023 quinque
1480 1962 1654 2018 sunt,
1678 1940 1945 2021 'Genesis,

356 2045 552 2109 Exodi,
583 2043 831 2109 Levitici,
857 2043 1100 2110 Numeri,
1129 2044 1549 2102 Deutercnomii.
1579 2045 1689 2115 Hos
1713 2062 1949 2116 sequun-

357 2143 445 2188 tur
474 2133 724 2189 historici
754 2134 877 2188 libri
908 2134 1250 2204 quindecim,
1290 2133 1415 2191 Jesu
1462 2134 1610 2191 Nave
1636 2135 1864 2203 scilicet,
1894 2145 1950 2193 et

352 2223 607 2281 Judicum
628 2225 752 2280 libri
782 2226 1003 2297 singuli,
1036 2227 1151 2281 sive
1178 2226 1344 2281 Ruth.
1377 2227 1586 2300 Regum
1624 2228 1788 2285 etiam
1823 2230 1948 2285 libri

352 2328 606 2389 quatuor.
624 2318 1070 2387 Paralipomenon
1085 2318 1210 2374 duo.
1229 2319 1409 2376 Tobiae
1427 2334 1642 2390 quoque
1655 2329 1711 2376 et
1730 2321 1945 2387 Esther,

352 2416 408 2462 et
428 2405 618 2463 Judith
648 2406 867 2480 singuli.
896 2406 1082 2463 Esdrae
1122 2406 1249 2475 duo,
1273 2418 1328 2463 et
1353 2410 1460 2465 duo
1490 2409 1944 2483 Machabaeorum.

352 2498 531 2568 Super
559 2500 661 2555 hos
688 2500 994 2570 prophetici
1023 2500 1148 2555 libri
1192 2500 1424 2556 sedecim
1464 2512 1609 2567 sunt,
1636 2502 1823 2569 Isaias,
1852 2500 1947 2558 Je-

352 2591 576 2657 remias,
609 2592 860 2655 Ezechiel
885 2601 942 2648 et
962 2593 1187 2659 Daniel,
1241 2593 1363 2649 libri
1398 2594 1613 2667 singuli.
1656 2595 1947 2651 Duodecim

351 2699 571 2755 quoque
598 2685 984 2754 prophetarum
1015 2685 1136 2740 libri
1190 2685 1418 2757 singuli,
1478 2695 1534 2740 et
1567 2686 1683 2741 haec
1728 2686 1946 2756 quidem

350 2775 667 2844 prophetica
697 2784 842 2831 sunt.
873 2773 1001 2829 Post
1020 2778 1138 2829 haec
1165 2790 1416 2830 versuum
1452 2786 1577 2831 ceto
1597 2775 1719 2831 libri
1746 2776 1946 2831 haben-

353 2875 479 2931 tur,
523 2867 619 2936 qui
659 2867 876 2923 diverso
931 2867 1072 2934 apud
1101 2865 1357 2921 Hebraeos
1391 2875 1564 2922 metro
1590 2865 1941 2921 scribuntur:

350 2959 405 3014 id
433 2967 539 3024 est,
561 2958 664 3014 Job
691 2957 847 3021 liber,
873 2966 928 3013 et
961 2957 1098 3013 liber
1117 2957 1454 3013 Psalmorum
1477 2997 1492 3022 ,
1537 2965 1592 3012 et
1627 2954 1947 3012 Provcrhio-

352 3068 498 3117 rum,
523 3062 580 3109 et
609 3053 987 3120 Ecclesiastes,
1012 3061 1072 3107 et
1094 3051 1313 3108 Cantica
1346 3053 1703 3118 canticorum,
1721 3051 1946 3121 Sapien-

2051 1867 2172 1928 post
2200 1860 2429 1918 Esdram
2474 1862 2768 1919 editionem
2806 1865 2873 1919 de
2926 1864 3154 1923 Hebraeo
3181 1868 3236 1923 in
3262 1868 3510 1926 Graecum
3538 1870 3639 1929 Se-

2048 1952 2326 2021 ptuaginta
2355 1953 2676 2024 interpretes
2696 1956 3001 2024 ediderunt,
3024 1961 3123 2015 sub
3151 1959 3443 2020 Ptolemaeo
3470 1963 3638 2038 Egy-

2048 2040 2282 2109 ptiorum
2307 2058 2451 2113 rege,
2483 2058 2798 2101 successore
2826 2045 3151 2117 Alexandri,
3197 2051 3289 2121 qui
3317 2053 3373 2108 in
3414 2054 3640 2127 legendo

2049 2131 2324 2186 studiosus
2369 2131 2488 2199 fuit,
2514 2135 2865 2206 omniumque
2895 2136 3062 2194 libros
3082 2141 3319 2210 gentium
3341 2157 3640 2216 congrega-

2048 2221 2145 2275 vit.
2174 2221 2278 2277 Iste
2302 2224 2446 2278 enim
2482 2225 2549 2281 ab
2580 2226 2860 2294 Eleazaro,
2890 2230 2984 2300 qui
3018 2241 3139 2286 erat
3176 2235 3427 2306 princeps
3454 2252 3635 2293 sacer-

2050 2312 2254 2380 dotum,
2287 2314 2454 2367 multa
2480 2314 2620 2370 dona
2651 2318 2870 2374 mittens
2897 2321 2969 2375 ad
3006 2322 3285 2392 templum,
3309 2326 3442 2395 petit
3465 2336 3525 2382 ut
3546 2344 3637 2385 se-

2049 2418 2147 2458 nes
2171 2403 2239 2458 de
2290 2404 2574 2460 duodecim
2607 2408 2851 2465 tribubus
2903 2409 3069 2467 Israel
3100 2414 3633 2483 transmitterentur,

2048 2496 2141 2566 qui
2163 2497 2652 2566 interpretarentur
2675 2514 2865 2558 omnes
2895 2503 3065 2560 libros
3084 2519 3292 2573 eorum,
3317 2514 3370 2562 et
3392 2517 3451 2563 ut
3474 2507 3635 2564 iidem

2049 2586 2511 2657 interpretationis
2539 2590 2865 2658 adverteret,
2902 2594 3130 2665 singulis
3157 2612 3348 2653 eorum
3396 2600 3486 2669 qui
3519 2600 3635 2658 fue~

2051 2685 2176 2731 runt
2201 2677 2456 2733 destinati
2508 2680 2749 2752 singulas
2783 2683 3004 2741 cellulas
3034 2686 3220 2754 dedit,
3263 2696 3319 2744 et
3348 2691 3634 2762 assignans

2048 2767 2298 2824 omnibus
2317 2810 2331 2834 ,
2376 2784 2567 2826 omnes
2595 2771 2902 2843 Scripturas
2936 2776 3102 2847 jussit
3132 2779 3501 2851 interpretari.
3531 2782 3637 2851 Qui

2049 2874 2171 2912 cum
2211 2874 2309 2930 per
2332 2863 2671 2933 septuaginta
2714 2864 2831 2920 dies
2861 2866 3017 2924 istius
3044 2869 3121 2923 rei
3156 2872 3431 2943 negotium
3459 2874 3635 2929 adim-

2047 2949 2303 3019 plessent,
2336 2954 2577 3009 omnium
2612 2956 2773 3011 simul
2819 2959 3313 3030 interpretationes,
3362 2980 3498 3035 quas
3540 2982 3639 3038 per

2049 3038 2292 3098 diversas
2326 3042 2493 3101 cellas
2535 3049 2803 3118 segregati
2845 3051 2993 3105 nullo
3038 3053 3108 3108 ad
3160 3053 3365 3110 nullum
3409 3059 3635 3128 propin-

350 3143 428 3197 tia
468 3152 523 3198 et
561 3142 1013 3209 Ecclesiasticus,
1073 3142 1617 3213 Lamentationcsque
1670 3140 1939 3198 Jeremiae.

2048 3140 2249 3198 quante
2273 3130 2538 3203 feeerunt,
2566 3141 2914 3210 congregavit
2942 3142 2997 3196 in
3021 3159 3207 3210 unum,
3237 3124 3638 3217 atque—itacui-

352 3232 447 3288 Sic
491 3233 835 3304 complentur
882 3233 1006 3288 libri
1072 3232 1283 3289 Veteris
1332 3233 1663 3289 Testamenti
1705 3231 1940 3303 quadra-

348 3325 499 3393 ginta
528 3323 785 3393 quinque.
813 3324 945 3380 Novi
974 3333 1153 3391 autem
1183 3324 1516 3380 Testamenti
1540 3323 1944 3394 primum,qua-

348 3425 477 3470 tuor
505 3416 797 3485 Evangelia
824 3428 949 3472 sunt
972 3456 985 3481 ,
1031 3415 1297 3481 Matthaei,
1350 3416 1538 3481 Marci,
1566 3415 1743 3481 Luem,
1773 3413 1940 3470 Joan-

347 3507 456 3561 nis.
508 3507 619 3563 Ilos
647 3508 1055 3577 quatuordecim
1097 3507 1251 3563 Pauli
1287 3506 1517 3578 apostoli
1555 3506 1806 3577 Epistolze
1850 3523 1940 3562 se-

344 3607 591 3667 quuntur
620 3618 633 3653 :
663 3600 858 3669 quibus
882 3600 1048 3654 etiam
1074 3597 1370 3667 subiuncta:
1393 3606 1521 3654 sunt
1543 3606 1749 3669 septem
1778 3614 1943 3654 cano-

346 3689 486 3744 nicae
517 3689 789 3760 Epistolas,
810 3688 1019 3756 Jacobi,
1050 3689 1216 3755 Petri,
1239 3688 1465 3745 Joannis
1492 3698 1549 3745 et
1570 3687 1742 3745 Judm.
1771 3689 1940 3744 Actus

316 3794 565 3849 quoque
624 3781 908 3836 duodecim
961 3780 1628 3850 apostolorumzquorum
1696 3778 1938 3834 omnium

346 3870 684 3940 signaculum
731 3878 813 3926 est
850 3870 1200 3942 Apocalypsis
1226 3870 1478 3935 Joannis,
1501 3869 1646 3940 quod
1673 3880 1759 3925 est
1787 3884 1939 3924 reve-

347 3962 479 4017 latio
504 3961 633 4018 Jesu
655 3964 878 4028 Christi,
905 3964 997 4034 qui
1027 3979 1215 4019 omnes
1241 3965 1408 4021 libros
1447 3962 1773 4036 et’tempore
1803 3980 1937 4020 con-

344 4053 516 4109 cludit
544 4062 598 4108 et
627 4054 838 4110 ordine.
872 4054 937 4109 Hi
967 4064 1091 4110 sunt
1127 4054 1252 4111 libri
1306 4056 1935 4131 canoniciseptuaginta
1972 4072 1976 4083 δ

346 4144 475 4207 duo,
501 4153 557 4199 et
579 4146 649 4201 ob
678 4145 789 4217 hoc.
811 4145 1022 4217 Moyses
1046 4148 1385 4219 septuaginta
1410 4148 1570 4219 elegit
1596 4149 1938 4219 presbyteros

344 4235 441 4305 qui
470 4237 934 4306 prophetizareut;
965 4238 1034 4293 ob
1066 4238 1170 4293 hoc
1191 4246 1247 4292 et
1271 4237 1432 4293 Jesus
1461 4240 1723 4299 Dominus
1756 4248 1938 4295 noster

2047 3237 2145 3278 nes
2170 3221 2292 3279 libri
2320 3224 2657 3298 interpretati
2685 3245 2784 3300 per
2821 3229 3080 3301 Spiritum
3129 3244 3380 3291 sanctum
3432 3237 3636 3294 inventi

2046 3323 2188 3380 sunt,
2218 3325 2278 3371 ut
2317 3334 2427 3375 non
2465 3306 2636 3397 solum
2693 3322 3007 3391 intellectu,
3057 3341 3247 3383 verum
3285 3329 3447 3384 etiam
3484 3338 3536 3385 et
3578 3331 3636 3386 in

2045 3408 2387 3464 sermonibus
2455 3420 2815 3469 consonantes
2886 3416 3272 3474 invenirentur.
3343 3418 3471 3476 Hzec
3530 3419 3636 3476 fuit

2042 3498 2218 3567 prima
2248 3499 2624 3572 interpretatio
2654 3520 2782 3560 vera
2812 3522 2877 3562 ac
2907 3508 3107 3563 divina.
3153 3508 3261 3566 Hos
3304 3510 3474 3567 libros
3518 3526 3636 3567 me-

2041 3586 2203 3643 ditari
2235 3590 2473 3645 omnium
2503 3595 2742 3663 gentium
2775 3593 3032 3652 Ecclesiae
3059 3600 3294 3669 primum
3328 3610 3631 3673 coeperunt,

2041 3679 2369 3751 eosdemque
2424 3682 2490 3737 de
2532 3682 2719 3740 Grmco
2772 3686 2826 3740 iu
2880 3685 3132 3743 Latinum
3173 3690 3627 3762 interpretantes,

2041 3769 2200 3838 primi
2227 3770 2590 3829 Ecclesiarum
2636 3774 2947 3846 provisores
2973 3777 3330 3835 tradiderunt.
3365 3780 3493 3837 Post
3514 3783 3631 3840 hinc

2040 3863 2332 3917 secundam
2374 3864 2666 3921 editionem
2714 3866 2948 3937 Aquila,
3001 3869 3217 3925 tertiam
3272 3879 3326 3926 et
3376 3883 3628 3943 quartam

2040 3952 2374 4009 Theodotion
2398 3963 2453 4009 et
2492 3954 2864 4027 Symmachus.
2896 3958 3214 4026 ediderunt,
3247 3961 3407 4017 ambo
3457 3960 3627 4020 Judaei

2036 4044 2325 4115 proselyti;
2366 4045 2608 4115 quintam
2636 4063 2765 4103 vero
2795 4057 2850 4104 et
2885 4058 3093 4103 sextam
3121 4050 3411 4106 editionem
3440 4049 3630 4124 Orige-

2037 4150 2134 4190 nes
2156 4136 2376 4206 reperit,
2409 4145 2463 4193 et
2507 4152 2630 4193 cum
2675 4138 2889 4194 caeteris
2934 4141 3259 4210 supradictis
3298 4140 3629 4201 editiouibus

2037 4215 2388 4295 comparavit.
2440 4224 2505 4281 IIi
2552 4238 2678 4283 sunt
2722 4229 2904 4299 itaque
2935 4228 3164 4296 tantum,
3195 4232 3285 4301 qui
3315 4232 3629 4302 Scripturas

345 4327 688 4397 septuaginta
718 4326 853 4382 ducs
903 4326 1195 4396 discipulos
1218 4330 1516 4397 praedicare
1544 4331 1839 4386 mandavit.
1868 4331 1936 4385 Ει
2034 4333 2222 4374 sacras
2252 4316 2317 4373 de
2350 4317 2573 4375 Iiebrmo
2609 4320 2663 4373 in
2690 4318 2940 4375 Graecum
2976 4335 3281 4377 sermonem
3309 4331 3624 4391 verterunt,

343 4416 618 4485 quomodo
667 4418 1003 4488 septuaginta
1051 4419 1170 4473 dum
1232 4420 1427 4490 lingua;
1477 4422 1531 4476 in
1583 4423 1687 4478 hoc
1734 4410 2275 4490 mundonquinque
2294 4409 2457 4464 etiam
2476 4418 2531 4465 et
2554 4418 2928 4465 numerantur.
2956 4408 3089 4466 Nam
3116 4411 3628 4470 Latiuoruminter-

340 4515 505 4564 erant
530 4506 759 4573 dilfusze,
787 4469 1023 4578 cozgrue
1063 4469 1582 4581 providitoSpiritus
1632 4524 1853 4570 sanctus
1875 4524 1935 4569 ut

2043 4469 2247 4569 pretuin
2276 4499 2368 4570 qui
2400 4499 2466 4553 de
2488 4496 2677 4555 Grazco
2716 4499 2769 4555 in
2796 4508 3044 4556 nostrum
3070 4501 3341 4573 eloquium
3380 4512 3625 4559 transtu-

340 4604 429 4651 tot
449 4595 572 4651 libri
597 4606 781 4651 essent
813 4607 944 4667 quot
996 4600 1262 4666 nationes,
1290 4603 1487 4671 quibus
1512 4604 1692 4674 populi
1721 4614 1775 4660 et
1806 4621 1933 4676 gen-

340 4697 429 4744 tes
453 4688 525 4743 ad
548 4689 933 4760 perﬁciendam
965 4691 1087 4746 lidei
1113 4693 1341 4763 gratiam
1371 4693 1784 4752 :edilicarentur.

596 4864 601 4869 _
938 4805 1166 4861 CAPUT
1195 4808 1321 4862 LIV.
1348 4862 1353 4865 ,

615 4871 689 4927 De
717 4874 1055 4945 scriptoribus
1089 4895 1357 4933 sacrorum
1384 4879 1656 4938 librorum.

414 4961 624 5020 Veteris
660 4977 839 5021 autem
887 4967 1216 5024 Testamenti
1259 4974 1553 5028 secundum
1582 4975 1929 5034 Iiclarazorum

332 5056 685 5112 traditionem
716 5059 769 5113 hi
802 5059 1095 5129 scriptorcs
1126 5061 1411 5118 habentur.
1442 5065 1680 5122 Primum
1718 5068 1929 5142 Moyses

328 5146 561 5216 scripsit
614 5147 1060 5205 Pentateuchum.
1129 5149 1255 5208 Jesu
1307 5153 1453 5208 Nave
1522 5156 1692 5213 edidit
1731 5160 1925 5215 librum

329 5253 516 5291 suum.
541 5237 791 5294 Judicum
827 5250 1030 5308 autem,
1055 5251 1109 5297 et
1137 5244 1302 5309 Ruth,
1330 5256 1385 5300 et
1407 5245 1671 5304 Samuelis
1693 5252 1925 5320 primam

329 5340 549 5401 partem
601 5332 818 5401 scripsit
846 5333 1094 5400 Samuel;
1140 5338 1421 5405 sequentia
1452 5339 1733 5397 Samuelis,
1757 5359 1927 5415 usque

334 5418 412 5473 ad
436 5419 676 5487 calcem,
733 5422 951 5506 scripsit
979 5422 1170 5479 David.
1224 5425 1507 5483 Maiachim
1539 5437 1709 5506 totum
1761 5435 1928 5491 edidit

334 5506 651 5565 Jeremias:
692 5505 814 5569 nam
868 5521 993 5568 ante
1029 5529 1251 5583 sparsus
1296 5526 1414 5573 erat
1452 5534 1548 5590 per
1593 5522 1924 5593 singulorum

334 5615 530 5670 regum
571 5602 844 5657 historias.
896 5600 997 5659 Job
1044 5604 1238 5659 librum
1269 5606 1477 5665 Hebraei
1525 5610 1740 5682 Moysen
1790 5616 1926 5670 scri-

327 5689 511 5761 psisse
542 5699 765 5762 putant,
799 5692 888 5747 alii
946 5710 1110 5749 unum
1151 5711 1214 5750 ex
1257 5699 1552 5768 prophetis.
1600 5702 1920 5762 Psalterium

2035 4590 2255 4655 lerunt,
2304 4600 2364 4644 ut
2403 4590 2649 4646 meminit
2692 4599 2911 4647 sanctus
2946 4593 3279 4664 Augustinus
3304 4634 3321 4661 ,
3381 4595 3624 4653 infinitus

2035 4701 2292 4742 numerus
2322 4695 2422 4742 est.
2454 4684 2511 4741 Si
2554 4688 2640 4742 cui
2684 4690 2849 4754 enim,
2880 4688 3072 4759 inquit,
3101 4690 3292 4769 primis
3331 4690 3455 4746 ﬁdei
3488 4700 3623 4748 tem-

2033 4777 2253 4847 poribus
2291 4778 2357 4832 ad
2392 4794 2587 4834 manus
2623 4779 2772 4835 venit
2798 4781 2965 4835 codex
3009 4778 3232 4838 Graecus
3259 4823 3275 4848 ,
3328 4789 3490 4853 atque
3521 4782 3623 4838 ali-

2032 4872 2350 4942 quantulum
2385 4888 2505 4927 esse
2533 4872 2634 4928 sibi
2665 4866 2944 4945 utriusque
2971 4873 3166 4947 linguae
3209 4875 3458 4946 peritiam
3500 4891 3624 4931 sen-

2035 4964 2129 5031 sit,
2152 4979 2315 5020 ausus
2345 4973 2428 5020 est
2457 4965 2637 5019 statim
2669 4965 3035 5037 interpretari,
3066 4976 3229 5037 atque
3270 4967 3394 5022 inde
3421 4968 3620 5024 accidit

2037 5069 2147 5113 tam
2176 5058 2594 5114 innumerabiles
2623 5059 2763 5128 apud
2785 5056 3004 5115 Latinos
3034 5060 3307 5115 exstitisse
3347 5058 3616 5130 interpre-

2034 5157 2133 5203 tes.
2159 5147 2235 5202 De
2259 5146 2484 5203 Hebraeo
2505 5157 2684 5202 autem
2712 5150 2764 5201 in
2797 5148 3046 5203 Latinum
3069 5147 3356 5217 eloquium,
3390 5155 3616 5201 tantum-

2033 5237 2193 5292 modo
2220 5236 2577 5306 Hieronymus
2605 5238 2890 5309 presbyter
2917 5253 3099 5293 sacras
3150 5236 3460 5305 Scripturas
3486 5250 3615 5289 cou-

2033 5326 2233 5381 vertit:
2275 5324 2429 5394 cujus
2467 5325 2701 5380 editione
2746 5326 3068 5397 generaliter
3118 5340 3308 5379 omnes
3356 5323 3615 5378 Ecclesia:

2032 5430 2417 5488 usquequaque
2444 5424 2687 5481 utuntur,
2720 5431 2818 5485 pro
2844 5431 2909 5470 eo
2956 5413 3097 5485 quod
3124 5414 3434 5468 veneratior
3458 5413 3526 5467 sit
3558 5414 3609 5469 in

2017 5504 2335 5572 sententiis,
2374 5516 2431 5562 et
2462 5506 2659 5562 clarior
2710 5506 2761 5579 in
2797 5505 2990 5560 verbis.
3041 5502 3261 5557 Librum
3317 5502 3609 5572 Sapientia:

2030 5598 2282 5653 Salomon
2310 5597 2592 5668 scripsisse
2617 5598 2892 5664 probatur,
2924 5593 3247 5649 testimoniis
3281 5594 3387 5651 illis
3411 5594 3607 5665 quibus
3682 5600 3683 5603 “

2028 5688 2221 5756 legitur
2247 5706 2258 5740 :
2295 5686 2369 5739 Tu
2397 5703 2494 5752 me,
2529 5685 2723 5754 inquit,
2753 5685 2949 5754 elegiin
2976 5701 3142 5757 regem
3169 5683 3359 5758 populo
3384 5695 3507 5754 tuo,
3554 5690 3605 5743 ct
