4002 6204
382 299 488 357 367

1034 300 1094 355 B.
1137 301 1396 359 RABANI
1434 303 1656 390 MAURI
1694 302 1946 360 Αιιειιιιῑ

2057 301 2369 360 MOGUNT.
2412 294 2698 359 O'I‘ERUM
2738 300 2918 356 PARS
2957 300 2997 354 l.

3545 301 3648 356 363

378 413 560 468 dixisti
596 411 860 482 a’diﬁcare
886 413 1135 485 templum
1165 416 1362 470 nomini
1394 428 1572 472 sancto
1612 426 1724 483 tuo,
1755 418 1807 470 in
1834 417 1961 470 ciri-
1989 426 2038 481 Α
2065 415 2280 468 minus:
2316 412 2407 469 Sic
2434 414 2720 469 benedices
2742 413 2995 483 populum
3037 426 3237 476 meum,
3266 422 3319 465 et
3346 425 3448 479 ego
3481 412 3653 467 bene-

376 511 483 559 tate
512 511 707 557 sanctw
732 503 1071 559 habitationis
1100 515 1206 560 tuo:
1232 506 1385 578 (Sap.
1423 508 1520 579 ix).
1549 508 1662 563 Hoc
1689 523 1825 578 opus
1854 507 1959 562 lle-

376 595 506 651 braci
539 594 622 667 (ut
662 594 881 665 quidam
914 597 1222 667 sapientum
1276 600 1572 672 meminit),
1621 602 1763 656 inter
1798 617 1961 657 cano-

376 688 525 742 iicas
555 685 866 757 Scripturas
890 690 1239 758 recipiebant.
1271 690 1960 763 Sedpostquamcompre—

374 777 675 833 hendentes
687 777 959 834 Christum
989 780 1394 850 interfecerunt,
1416 793 1780 839 memorantes
1803 785 1854 839 in
1868 799 1959 839 co-

375 871 494 925 dem
545 871 683 926 libro
721 879 828 925 tam
858 872 1259 929 evidentissima
1294 875 1361 931 de
1398 875 1617 932 Christo
1646 878 1955 932 testimonia

372 961 568 1030 quibus
584 962 819 1017 dicitur:
850 962 1107 1018 Dixerunt
1132 966 1270 1019 inter
1296 981 1354 1021 se
1384 968 1564 1035 impii:
1597 967 1959 1038 Comprehen-

372 1054 563 1109 damus
582 1054 786 1124 justam
827 1055 950 1124 quia
975 1057 1175 1111 inutilis
1198 1067 1272 1113 est
1299 1058 1464 1124 nobis,
1483 1069 1529 1112 et
1553 1060 1848 1113 contrarius
1881 1068 1958 1114 est

370 1146 610 1215 operibus
633 1147 847 1212 nostris,
875 1156 922 1200 et
961 1148 1215 1216 promittit
1251 1165 1304 1203 se
1324 1150 1595 1203 scientiam
1624 1148 1721 1202 Dei
1743 1149 1951 1215 habere,

370 1250 418 1294 et
444 1239 643 1294 Filium
668 1242 763 1296 Dei
790 1259 843 1297 se
873 1244 1105 1298 nominat
1137 1243 1287 1316 (Sap.
1318 1244 1398 1318 ιι).
1432 1245 1499 1299 Et
1524 1244 1700 1299 infra:
1736 1244 1796 1300 Si
1817 1246 1954 1299 enim

370 1344 446 1388 est
488 1351 601 1389 rere
640 1333 814 1390 Filius
847 1335 963 1403 Dei,
996 1338 1237 1407 suscipiet
1285 1337 1434 1391 illum
1465 1348 1511 1392 et
1541 1337 1776 1392 liberabit
1804 1336 1954 1390 illum

367 1426 431 1479 de
458 1442 615 1480 manu
645 1428 1048 1481 contrariorum.
1071 1427 1149 1483 Ac
1179 1428 1372 1484 deinde
1402 1448 1414 1482 :
1456 1426 1524 1483 Ut
1569 1429 1797 1483 sciamus
1821 1444 1958 1481 reve-

368 1514 588 1567 rentiam
620 1514 784 1580 illius,
814 1524 863 1569 et
914 1515 1192 1585 probemus
1246 1518 1557 1588 patientiam
1597 1518 1744 1588 ejus,
1790 1528 1955 1572 morte

366 1613 419 1656 tu
429 1604 668 1673 rpisslma
690 1605 1089 1661 condemnemus
1102 1624 1221 1662 eum
1238 1608 1288 1680 (Ι
1295 1609 1381 1664 bid
1388 1608 1426 1682 .)
1443 1626 1458 1674 ;
1492 1609 1776 1665 collatione
1791 1609 1949 1673 facta,

366 1710 433 1748 ne
471 1695 640 1749 nostri
671 1710 765 1749 eos
790 1712 887 1766 pro
929 1704 1037 1750 tam
1066 1708 1255 1767 aperto
1299 1699 1581 1770 sacrilegio
1604 1700 1947 1770 derogarent,

2063 504 2239 559 dicam
2284 503 2422 559 illos.
2480 504 2762 557 Benedicat
2806 513 2855 556 te
2893 499 3151 555 Dominus
3205 510 3255 554 et
3292 500 3554 555 custodiat
3600 510 3653 555 te

2063 594 2251 666 (Num.
2282 593 2389 666 v1);
2442 594 2709 650 illuminet
2745 593 3006 650 Dominus
3052 591 3244 648 faciem
3288 608 3441 647 suam
3485 598 3655 663 super

2062 694 2134 751 te,
2158 692 2214 740 et
2243 684 2566 739 misereatur
2593 685 2670 739 tui
2708 681 2879 756 (Psal.
2912 681 3091 751 LXVI);
3147 690 3510 752 convertatque
3548 681 3654 736 Do-

2059 778 2232 830 minus
2265 775 2463 831 vultum
2489 793 2644 830 suum
2674 776 2743 831 ad
2768 785 2817 831 te
2837 816 2852 841 ,
2906 784 2956 829 et
2985 775 3069 830 det
3098 775 3192 829 tibi
3241 780 3422 845 pac’em
3452 773 3650 845 (Num.

2058 868 2155 938 vt).
2195 867 2332 931 [line
2369 885 2583 939 quoque
2629 884 2757 924 usus
2785 868 3041 925 Ecclesiae
3084 867 3408 937 multiplices
3431 866 3655 922 benedi-

2056 961 2265 1017 ctiones
2296 962 2350 1016 in
2379 963 2607 1017 diversis
2652 963 2813 1016 rebus
2852 962 3032 1016 habet.
3084 960 3431 1015 Benedicitur
3470 959 3651 1014 oleum

2056 1066 2121 1105 ex
2147 1051 2438 1121 apostolica
2461 1052 2801 1117 auctoritate,
2827 1052 2894 1106 ad
2919 1050 3257 1107 inﬁrmorum
3282 1049 3653 1105 medicamen-

2057 1150 2190 1207 tum,
2215 1139 2416 1197 Jacoho
2453 1141 2697 1211 apostolo
2731 1142 2835 1196 hoc
2864 1143 2937 1197 ita
2968 1140 3320 1210 praecipiente
3346 1156 3359 1193 :
3389 1139 3650 1208 Inﬁrma—

2044 1244 2162 1300 tur,
2184 1234 2380 1305 inquit,
2395 1235 2511 1305 quis
2537 1235 2590 1287 in
2615 1233 2777 1299 vobis,
2792 1233 3005 1287 inducat
3024 1232 3349 1303 presbyteros
3374 1231 3647 1298 Ecclesia’,

2056 1337 2113 1377 ut
2142 1333 2288 1377 orent
2310 1340 2466 1393 super
2484 1339 2623 1386 eum,
2654 1331 2900 1393 ungentes
2928 1339 3048 1377 eum
3081 1322 3195 1375 oleo
3226 1323 3282 1375 in
3304 1321 3515 1375 nomine
3536 1320 3649 1374 Do-

2055 1415 2183 1469 mini
2208 1416 2373 1469 nostri
2409 1411 2535 1469 Jesu
2558 1412 2760 1468 Christi
2786 1412 2927 1484 (Jac.
2967 1411 3045 1484 v).
3080 1412 3425 1468 Benedicitur
3464 1411 3547 1467 sal
3592 1420 3651 1467 et

2055 1521 2196 1576 aqua
2222 1507 2277 1562 in
2303 1506 2544 1562 diversos
2566 1520 2693 1561 usus
2721 1504 2979 1569 ﬁdelium,
3005 1505 3071 1560 ad
3092 1504 3340 1559 homines
3368 1503 3642 1567 inﬁrmos,

2054 1606 2245 1653 contra
2279 1597 2619 1669 phantasiam
2667 1596 2893 1662 inimici,
2925 1595 2993 1650 ad
3022 1610 3278 1666 pecorum
3329 1595 3645 1662 sanitatem,

2054 1687 2122 1743 ad
2148 1688 2368 1744 morbos
2394 1686 2735 1752 auferendos,
2764 1694 2894 1752 etc.,
2932 1686 3074 1742 sicut
3094 1686 3289 1758 legitur
3313 1685 3644 1750 Alexander,

365 1800 393 1836 a
422 1785 752 1855 propheticis
780 1800 901 1841 eum
918 1786 1278 1844 voluminibus
1307 1790 1633 1855 reciderunt,
1650 1791 1955 1861 legendum-
1983 1782 2027 1840 Β
2055 1781 2314 1851 septimus
2339 1788 2461 1850 post
2489 1779 2732 1844 Petrum,
2778 1778 3033 1833 Romana:
3059 1777 3210 1832 urbis
3255 1776 3561 1847 episcopus,
3590 1784 3647 1830 et

365 1892 469 1947 que
499 1877 612 1933 suis
636 1879 1049 1949 prohibuerunt.
1068 1880 1289 1937 Librum
1320 1890 1499 1938 autem
1513 1883 1951 1939 Ecclesiasticum

360 1968 662 2035 composuit
687 1966 843 2023 Jesus
871 1968 1010 2025 [ilius
1040 1968 1234 2024 Sirach
1284 1952 1831 2043 Hierosolymitanus,
1858 1990 1954 2030 ne-

358 2070 456 2124 pos
483 2055 610 2113 Jesu
636 2058 955 2125 sacerdotis,
979 2059 1045 2113 de
1091 2073 1198 2128 quo
1234 2062 1480 2117 meminit
1509 2062 1820 2117 Zacharias.
1847 2063 1949 2131 Qui

360 2149 497 2203 liber
516 2150 655 2218 apud
679 2148 940 2216 Latinos,
994 2160 1213 2221 propter
1262 2151 1461 2223 eloquii
1507 2152 1944 2221 similitudinem,

362 2239 664 2294 Salomonis
694 2239 847 2294 titulo
875 2249 1225 2310 prienotatur.
1256 2240 1528 2298 Przeterea
1549 2242 1733 2299 Judith
1758 2252 1811 2299 et
1838 2245 1947 2300 To-

358 2331 459 2385 Μαε
480 2331 593 2386 sive
624 2330 1052 2386 Machabmorum
1087 2331 1273 2399 libros,
1305 2333 1396 2403 qui
1432 2341 1682 2391 auctores
1712 2335 1945 2405 scripse-

359 2421 487 2484 rint,
523 2420 746 2475 minime
775 2428 1006 2475 constat.

426 2507 630 2563 Novum
668 2517 848 2564 autem
876 2509 1301 2577 Testamentum,
1327 2520 1560 2582 quatuor
1581 2513 1747 2570 libros
1770 2513 1947 2569 Evan-

355 2599 617 2670 geliorum
648 2607 878 2670 quatuor
906 2600 1249 2671 evangelista:
1292 2601 1532 2672 singulos
1571 2603 1942 2673 scripserunt:

355 2707 586 2761 quorum
611 2690 757 2747 solus
787 2690 1069 2746 lliatthaeus
1098 2690 1325 2747 llebrzeo
1363 2692 1648 2763 scripsisse
1694 2695 1946 2764 perhibe-

359 2792 445 2837 tur
496 2782 738 2852 eloquio,
782 2782 965 2839 caeteri
998 2781 1207 2839 Crteco.
1259 2784 1460 2840 Paulus
1498 2786 1771 2855 apostolus
1818 2802 1946 2843 suas

355 2873 571 2943 scripsit
594 2873 885 2943 Epistolas,
912 2890 980 2929 ex
1007 2873 1201 2944 quibus
1230 2891 1424 2931 novem
1468 2887 1673 2946 septem
1698 2877 1944 2934 ecclesiis

354 2967 592 3037 scripsit,
637 2966 871 3034 reliquas
900 2966 1179 3036 discipulis
1207 2968 1339 3032 suis,
1375 2968 1679 3035 Timotheo,
1736 2969 1858 3025 Tito
1888 2978 1944 3024 et

353 3058 675 3113 Philemoni.
726 3056 807 3111 Ad
843 3055 1097 3112 Hebraeos
1146 3066 1326 3112 autem
1380 3059 1622 3130 Epistola
1670 3060 1943 3131 plerisque

353 3150 562 3204 Latinis
594 3148 710 3218 ejus
746 3164 865 3205 esse
901 3149 1105 3205 incerta
1137 3158 1254 3216 est,
1287 3160 1507 3222 propter
1547 3152 1939 3209 dissonantiam

353 3240 639 3305 sermonis,
662 3240 1013 3311 eamdemque
1051 3241 1143 3296 alii
1183 3241 1487 3298 Barnabam
1529 3244 1937 3315 conscripsisse,

356 3332 447 3385 alii
481 3346 511 3385 a
541 3330 816 3387 Clemente
851 3333 1108 3404 scriptam
1136 3333 1309 3390 fuisse
1338 3336 1700 3405 suspicantur.
1746 3337 1941 3394 Petrus

353 3423 574 3494 scripsit
615 3425 748 3480 duas
772 3424 989 3480 nomine
1018 3439 1117 3480 suo
1166 3425 1457 3496 Epistolas,
1483 3442 1604 3496 qua:
1650 3426 1941 3483 Catholica:

353 3516 720 3582 nominantur,
744 3532 974 3588 quarum
1014 3522 1247 3574 secunda
1273 3535 1302 3572 a
1326 3519 1646 3590 quibusdam
1673 3520 1790 3591 ejus
1820 3535 1941 3576 esse

353 3622 458 3660 non
498 3606 754 3673 creditur,
786 3616 1005 3678 propter
1030 3607 1153 3679 styli
1202 3608 1576 3678 sermonisque
1603 3609 1936 3664 distantiam.

352 3695 584 3752 Jacobus
614 3711 768 3753 suam
795 3699 1013 3770 scripsit
1038 3699 1352 3769 Epistolam,
1386 3715 1506 3770 quae
1529 3709 1584 3755 et
1611 3701 1728 3771 ipsa
1752 3719 1783 3757 a
1804 3689 1940 3759 non:

351 3787 513 3843 nullis
546 3786 664 3858 ejus
692 3804 812 3845 esse
833 3797 1080 3861 negatur,
1106 3790 1202 3846 sed
1229 3790 1329 3847 sub
1356 3791 1576 3847 nomine
1604 3791 1722 3863 ejus
1743 3794 1812 3849 ab
1834 3795 1941 3849 alio

352 3878 551 3934 dictata
578 3880 939 3935 existimatur.
974 3880 1209 3936 Joannes
1261 3881 1531 3952 Epistolas
1573 3892 1684 3940 tres
1732 3886 1939 3943 edidit:

351 3985 579 4039 quarum
607 3979 815 4026 tantum
843 3971 1017 4042 prima
1045 3987 1077 4026 a
1112 3972 1435 4042 quibusdam
1458 3972 1574 4043 ejus
1594 3991 1716 4031 esse
1743 3979 1941 4032 asseri-

351 4073 464 4129 tur,
492 4062 713 4132 reliquae
737 4064 853 4118 dure
878 4062 1099 4118 Joannis
1122 4062 1401 4132 cujusdam
1430 4065 1732 4136 presbyteri
1755 4069 1942 4125 existi-

352 4161 591 4220 mantur,
620 4155 793 4226 cujus,
828 4154 984 4224 juxta
1009 4154 1323 4227 Hieronymi
1349 4158 1690 4225 sententiam,
1712 4160 1943 4216 alterum

351 4243 655 4313 sepulcrum
678 4246 819 4315 apud
844 4246 1115 4315 Ephesum
1140 4246 1562 4303 demonstratur.
1597 4248 1766 4306 Judas
1786 4266 1941 4307 suam

352 4336 521 4391 edidit
558 4336 872 4407 Epistolam.
911 4337 1080 4394 Actus
1127 4338 1488 4409 apostolorum
1518 4340 1693 4398 Lucas
1725 4358 1944 4414 compo-

353 4428 478 4493 suit,
510 4430 651 4484 sicut
693 4430 897 4483 audivit
946 4431 1030 4484 vel
1086 4432 1238 4487 vidit.
1295 4430 1653 4504 Apocalypsin
1706 4435 1942 4490 Joannes

352 4521 679 4591 evangelista
719 4522 958 4591 scripsit,
980 4524 1169 4578 eodem
1200 4533 1439 4596 tempore
1462 4541 1569 4594 quo
1596 4527 1665 4581 ob
1694 4527 1941 4599 Evange-

356 4610 410 4663 lii
436 4610 876 4680 praedicationem
915 4611 967 4664 in
994 4611 1226 4666 insulam
1253 4613 1513 4668 Pathmos
1540 4615 1775 4668 traditur
1806 4617 1945 4671 rele-

355 4706 532 4770 gatus.
562 4697 626 4751 lli
660 4707 786 4753 sunt
821 4699 1114 4769 scriptores
1147 4716 1422 4756 sacrorum
1454 4702 1735 4771 librorum,
1764 4706 1945 4764 divina

354 4788 708 4858 inspiratione
742 4789 1049 4860 loquentes,
1073 4793 1140 4847 ad
1162 4792 1520 4849 eruditionem
1543 4778 1785 4852 nostram
1809 4814 1938 4869 pra:-

354 4887 512 4949 cepta
554 4879 798 4935 coelestia
833 4881 888 4936 in
917 4880 1157 4937 Ecclesia
1188 4883 1581 4953 dispensantes.
1613 4888 1817 4944 Auctor
1847 4906 1944 4943 au-

356 4984 464 5029 tem
495 4975 809 5031 earumdem
859 4974 1263 5046 Scripturarum
1295 4977 1528 5049 Spiritus
1568 4991 1786 5036 sanctus
1824 4998 1943 5037 esse

354 5066 612 5121 creditur.
650 5065 768 5137 ipse
806 5066 949 5122 enim
974 5068 1218 5138 scripsit,
1251 5069 1342 5139 qui
1369 5086 1467 5141 per
1500 5074 1792 5142 prophetas
1814 5087 1943 5127 suos

357 5159 639 5217 scribenda
663 5160 905 5216 dictavit.

968 5250 1195 5307 CAPUT
1233 5251 1343 5306 LV.

858 5343 934 5399 De
979 5344 1442 5398 benedictionibus.

427 5436 864 5491 Benedictionem
891 5446 1073 5489 autem
1100 5434 1217 5489 dari
1240 5450 1271 5488 a
1302 5435 1676 5490 sacerdotibus
1721 5435 1952 5515 populo,

357 5528 578 5597 antiqua
616 5544 712 5597 per
748 5529 962 5599 Moysen
1011 5526 1314 5582 benedictio
1362 5528 1549 5596 pandit
1602 5538 1656 5581 et
1703 5544 1951 5596 compro-

359 5619 490 5685 bat,
543 5637 647 5690 qua
694 5621 1013 5675 benedicere
1054 5617 1250 5688 pupula
1288 5632 1417 5683 suo,
1463 5618 1562 5672 sub
1611 5628 1951 5674 sacramento

362 5710 514 5763 trium.
542 5712 898 5763 ἱερέυειιιίυιιὶδ
921 5710 1160 5777 jubctur.
1204 5709 1294 5762 Ait
1320 5710 1463 5763 enim
1505 5709 1571 5764 ad
1595 5708 1810 5777 Moysen
1841 5711 1943 5766 Do-

2050 1881 2278 1942 martyr,
2311 1871 2657 1926 constituisse
2686 1884 2883 1939 aquam
2911 1868 3211 1939 sparsionis
3246 1882 3369 1922 cum
3411 1866 3526 1922 sale
3552 1867 3647 1921 hev

2051 1963 2231 2020 nedici
2282 1964 2336 2018 in
2385 1962 2706 2018 habitaculis
2756 1961 3056 2017 hominum.
3112 1959 3250 2014 Nam
3309 1958 3516 2013 nullum
3561 1966 3646 2012 est

2048 2054 2195 2109 aliud
2211 2053 2536 2109 elementum
2550 2052 2695 2123 quod
2726 2052 2780 2107 in
2809 2052 2913 2107 hoc
2940 2050 3142 2105 mundo
3163 2057 3355 2121 purget
3383 2049 3637 2104 universa

2048 2162 2211 2217 quam
2241 2162 2400 2216 aqua,
2432 2145 2684 2216 quodque
2713 2143 2949 2198 viviﬁcet
2978 2150 3171 2197 cuncta
3198 2160 3211 2195 :
3243 2142 3472 2210 ideoque
3518 2155 3641 2194 cum

2047 2237 2387 2307 baptizamur
2411 2237 2464 2291 in
2502 2235 2738 2299 Christo,
2780 2250 2877 2306 per
2927 2235 3102 2304 ipsum
3152 2233 3527 2295 renascimur,
3585 2241 3643 2284 ut

2045 2326 2317 2397 puriﬁcati
2373 2325 2740 2389 viviﬁcemur;
2783 2324 2928 2394 quod
2982 2324 3036 2378 in
3087 2330 3327 2393 tempore
3372 2321 3644 2392 passionis

2046 2434 2152 2473 una
2183 2435 2306 2473 cum
2343 2418 2604 2489 sanguine
2654 2418 2721 2472 de
2771 2417 2941 2472 latere
2984 2415 3187 2471 Christi
3236 2415 3525 2486 proﬂuxit,
3575 2415 3643 2468 ad

2046 2511 2437 2567 ostendendum
2486 2509 2671 2580 utique
2698 2509 2876 2565 omnis
2915 2507 3362 2564 sanctiﬁcationis
3390 2516 3446 2563 et
3491 2524 3638 2563 mun-

2047 2589 2191 2657 ditiae
2216 2600 2453 2656 validum
2475 2614 2534 2655 se
2560 2600 2684 2656 inde
2709 2601 2909 2655 habere
2930 2607 3345 2655 sacramentum.
3370 2598 3527 2667 Quod
3548 2615 3646 2653 au-

2047 2701 2155 2750 tem
2186 2693 2264 2749 sal
2319 2692 2717 2748 sanctiﬁcatum
2763 2708 2915 2764 aqua:
2956 2692 3292 2747 immiscetur
3313 2731 3326 2754 ,
3359 2704 3426 2745 ex
3454 2691 3641 2747 divina

2046 2786 2364 2842 auctoritate
2400 2785 2691 2857 processit,
2714 2784 2840 2855 quia
2865 2781 2993 2839 illud
3026 2798 3122 2854 per
3148 2782 3401 2838 Elisaaum
3429 2781 3487 2836 in
3518 2781 3641 2836 fon-

2046 2884 2158 2931 tem
2182 2876 2323 2931 mitti
2342 2874 2527 2945 jussit,
2566 2883 2627 2931 ut
2657 2884 2946 2931 sanaretur
2976 2865 3234 2930 sterilitas
3258 2886 3522 2942 aquarum
3552 2870 3644 2926 Je-

2044 2968 2216 3024 richo.
2246 2969 2389 3040 Ergo
2414 2977 2607 3024 natura
2638 2968 2767 3023 salis
2800 2976 3009 3022 naturae
3038 2981 3193 3036 aquae
3228 2965 3407 3019 vicina
3436 2972 3489 3020 et
3515 2979 3642 3019 con-

2036 3059 2380 3129 junctissima
2413 3069 2517 3125 est,
2548 3060 2672 3129 quia
2702 3058 2942 3128 ejusdem
2973 3058 3276 3114 clementia:
3305 3058 3464 3111 ambo
3486 3065 3637 3121 sunt,

1967 3137 2011 3199 (ἶ
2041 3161 2098 3209 et
2152 3153 2292 3208 idem
2342 3151 2575 3208 oﬁicium
2626 3162 2683 3207 et
2738 3150 3191 3223 signiﬁcationem
3240 3150 3460 3204 habent.
3501 3147 3641 3203 Nam

2043 3259 2181 3315 aqua
2211 3260 2241 3298 a
2266 3244 2514 3299 sordibus
2539 3244 2782 3307 mundat,
2807 3243 2882 3297 sal
2907 3243 3247 3312 pntredinem
3280 3239 3459 3312 fugat;
3497 3254 3642 3310 aqua

2043 3334 2277 3389 nitorem
2306 3334 2529 3404 prmbet,
2552 3334 2632 3388 sal
2662 3334 3027 3389 sinceritatem
3074 3333 3322 3399 adhibet;
3352 3347 3493 3402 aqua
3538 3347 3640 3401 po-

2042 3434 2159 3481 tum
2184 3424 2463 3497 sapientiae
2507 3425 2809 3496 signiﬁcat,
2862 3434 2917 3481 et
2962 3425 3040 3480 sal
3070 3434 3283 3496 gustum
3335 3423 3641 3493 prudentiae

2042 3519 2269 3585 indicat,
2300 3520 2442 3588 quod
2478 3518 2683 3574 scilicet
2709 3534 2991 3574 sacrorum
3024 3517 3283 3572 librorum
3312 3517 3444 3570 satis
3470 3523 3643 3569 testa-

2044 3619 2132 3664 tur
2171 3611 2486 3677 auctoritas,
2517 3619 2571 3664 et
2605 3609 2919 3679 multiplicia
2972 3623 3159 3664 eorum
3209 3608 3442 3677 produnt
3488 3607 3643 3661 testi-

2044 3702 2244 3757 monia.
2276 3701 2365 3756 Fit
2387 3702 2531 3756 enim
2558 3703 2646 3757 hic
2692 3700 2953 3756 mirabilis
2983 3700 3313 3771 operationis
3340 3698 3535 3753 divinae
3557 3698 3642 3755 ef-

2042 3790 2236 3857 fectus,
2272 3799 2329 3846 ut
2376 3806 2474 3861 per
2500 3791 2840 3847 sacerdotum
2870 3806 2963 3846 ora
3004 3790 3145 3845 Deus
3175 3791 3290 3860 ipse
3321 3789 3636 3853 benedicat,

2042 3891 2097 3935 et
2129 3896 2227 3951 per
2252 3882 2507 3938 sensibile
2531 3899 2719 3937 eorum
2744 3868 3107 3938 miniSterium
3137 3882 3314 3936 virtus
3342 3881 3526 3935 divina
3557 3881 3640 3935 in—

2050 3973 2343 4028 visibiliter
2362 3972 2558 4029 efﬁciat
2597 3984 3016 4029 sacramentum.
3056 3973 3385 4044 Deprecatur
3416 3972 3637 4042 quidem

2045 4080 2142 4136 pro
2169 4066 2340 4122 salute
2370 4067 2648 4123 hominum
2685 4067 2773 4137 pia
2799 4066 3098 4121 sacerdotis
3124 4064 3374 4128 intentio,
3415 4073 3467 4117 et
3498 4079 3637 4133 pra:-

2045 4166 2152 4211 stat
2180 4173 2303 4213 eam
2337 4158 2530 4213 divina:
2553 4158 2769 4228 pietatis
2814 4156 3063 4221 devotio;
3093 4156 3278 4225 sicque
3310 4154 3368 4209 tit
3396 4162 3456 4208 ut
3497 4156 3633 4208 cha-

2046 4248 2181 4302 ritas
2208 4264 2329 4320 qum
2354 4248 2575 4303 exhibet
2600 4249 2653 4304 in
2685 4248 2966 4303 sacerdote
3019 4246 3468 4315 deprecationem,
3517 4246 3634 4317 ipsa

2045 4348 2264 4410 prmstet
2302 4355 2331 4395 a
2362 4339 2591 4395 Domino
2614 4340 2881 4412 integram
2909 4349 3219 4395 sanitatem.

2642 4453 2869 4509 CAPUT
2909 4452 3040 4509 LVI.

2639 4524 2718 4578 De
2768 4525 3021 4595 symbolo.

2118 4615 2429 4687 Symbolum
2471 4615 2559 4669 tali
2595 4616 2804 4670 ratione
2845 4615 3150 4670 institutum
3191 4618 3427 4688 majores
3461 4617 3633 4671 nostri

2047 4705 2283 4768 tradunt,
2314 4705 2457 4773 quod
2480 4712 2601 4774 post
2628 4705 2999 4760 ascensionem
3020 4707 3230 4760 Domini
3256 4716 3312 4761 et
3333 4707 3635 4761 Salvatoris

2046 4796 2215 4850 nostri
2248 4796 2314 4850 ad
2339 4795 2571 4859 Patrem,
2615 4812 2737 4851 cum
2776 4806 2895 4865 post
2919 4797 3207 4851 adventum
3247 4799 3421 4852 sancti
3461 4797 3635 4869 Spiri-

2045 4897 2133 4942 tus
2157 4886 2404 4955 discipuli
2446 4885 2564 4954 ejus
2598 4886 2941 4953 intlammati,
2992 4889 3186 4958 linguis
3229 4889 3472 4943 omnium
3509 4905 3636 4960 gen-

2050 4982 2186 5037 tium
2228 4982 2596 5050 loquerentur,
2635 4990 2694 5035 ut
2733 4981 2876 5035 nulla
2922 4981 3026 5036 illis
3071 4998 3202 5053 gens
3238 4992 3448 5047 extera,
3492 4982 3635 5036 nulla

2049 5074 2228 5144 lingua
2247 5073 2495 5127 barbaris
2519 5073 2791 5127 inaccessa
2820 5072 2905 5127 vel
2936 5073 3080 5126 invia
3108 5064 3407 5138 videretur,
3429 5087 3635 5141 prmee-

2049 5176 2198 5233 ptum
2222 5164 2311 5218 eis
2334 5170 2417 5217 est
2442 5177 2471 5215 a
2507 5162 2735 5216 Domino
2761 5163 2967 5227 datum,
3008 5161 3076 5215 ad
3110 5162 3512 5232 praedcandum
3545 5162 3638 5216 Dei

2048 5253 2294 5317 verbum,
2323 5252 2391 5306 ad
2422 5252 2660 5322 singulas
2684 5268 2925 5322 quasque
2944 5252 3193 5307 nationes
3220 5253 3390 5306 adire.
3421 5252 3637 5306 Disces-

2055 5343 2166 5398 suri
2214 5344 2394 5411 itaque
2436 5344 2504 5396 ab
2551 5343 2801 5407 invicem,
2851 5357 3094 5397 normam
3132 5343 3284 5412 prius
3311 5341 3415 5396 sibi
3445 5341 3639 5395 futura:

2055 5433 2451 5504 prtedicationis
2474 5432 2527 5486 in
2558 5433 2829 5487 communi
2870 5433 3225 5496 constituunt,
3272 5446 3342 5486 ne
3380 5429 3639 5485 velociter

2055 5527 2121 5581 ab
2153 5528 2382 5582 invicem
2419 5526 2755 5581 diSi‘tidCClCS
2773 5566 2786 5591 ,
2816 5506 3087 5580 diversum
3116 5523 3336 5594 aliquod
3358 5521 3439 5577 vel
3467 5522 3640 5577 disso-

2052 5636 2180 5673 num
2227 5620 2612 5689 prtedicaretur
2646 5619 2730 5672 his
2776 5619 2865 5689 qui
2912 5619 2980 5672 ad
3018 5617 3176 5673 ﬁdem
3209 5616 3409 5671 Christi
3446 5615 3641 5668 invita-

2050 5712 2267 5767 bantur.
2326 5710 2525 5767 Omnes
2566 5727 2694 5781 ergo
2738 5711 2791 5764 in
2836 5726 2942 5765 uno
2968 5709 3153 5781 positi,
3187 5717 3237 5763 et
3280 5706 3486 5776 Spiritu
3518 5722 3639 5761 san-
