4002 6204
276 379 378 434 369
1062 339 1151 435 DE
1189 378 1635 437 CLERICORUM
1674 380 2183 455 INSTITUTIONE,
2226 389 2379 449 ETC.
2418 423 2489 434 --
2527 393 2656 449 LIB.
2696 394 2762 450 Il.
3450 407 3554 461 δῖε)

274 506 361 550 cto
395 490 612 562 repleti,
636 493 799 547 breve
828 491 931 548 sibi
958 493 1360 563 praedicationis
1393 495 1652 550 indicium
1681 494 1864 551 confe—
1891 498 1941 558 A
1967 507 2079 556 tate
2118 502 2460 561 dissentiunt.
2512 507 2619 563 Sed
2646 510 2700 564 in
2726 517 2957 582 utroque
2993 510 3340 569 Testamento
3374 517 3553 573 divina

272 584 438 639 νεηάο
464 622 481 648 ι
609 598 771 675 Ullllm
804 582 947 675 quod
979 584 1282 639 sentiebant
1312 594 1679 655 componunt,
1710 597 1873 657 atque
1975 602 2341 663 protestantur
2381 599 2623 670 eloquia,
2656 603 2759 659 hoc
2793 607 3165 660 tantummodo
3199 608 3554 675 sentiendum,

271 674 409 729 hanc
431 672 787 730 ετθέθηίίδυε
801 674 1031 729 dandam
1047 689 1167 730 esse
1181 677 1420 747 reiiulam
1437 686 1698 734 statuunt.
1716 677 1873 751 Sym-
1974 687 2117 754 quod
2144 688 2256 742 sive
2278 690 2571 758 hominem,
2594 692 2708 749 sive
2730 695 3008 760 universa,
3028 697 3172 752 nulla
3197 697 3339 753 Deus
3367 672 3556 754 neces;-

274 763 454 819 bolnm
479 772 666 819 autem
695 764 796 818 hoc
820 764 1872 840 multisetjustissimiscausisappcllare
1974 775 2132 833 sitate
2183 782 2468 846 creaverit,
2516 800 2618 840 nec
2659 787 2820 841 ullam
2863 802 2984 843 esse
3027 790 3248 844 omnino
3290 790 3554 845 visibilem

271 853 580 948 νριιιθηιιιῑ·
622 852 1332 948 Symbolum__enim.Graeoe
1357 857 1635 930 σύμϐολον,
1657 869 1713 915 et
1731 860 1871 916 indi-
1971 866 2404 940 invisibilemque
2442 874 2818 941 substantiam,
2868 878 2970 933 nisi
3009 887 3101 932 aut
3136 895 3256 948 qure
3293 882 3437 935 Deus
3462 882 3552 945 sit,

272 944 411 1001 cium
443 946 553 1001 dici
576 953 754 1016 potest
780 954 837 1002 et
864 945 1102 1012 collatio,
1144 948 1247 1003 hoc
1285 957 1385 1015 est,
1425 951 1567 1019 quod
1595 950 1778 1021 plures
1812 952 1866 1008 in

272 1054 435 1092 unum
461 1037 772 1093 conferunt.
817 1036 876 1092 Id
913 1038 1058 1093 enim
1097 1038 1345 1096 fecerunt
1392 1043 1644 1111 apostoli,
1686 1044 1738 1098 in
1780 1044 1865 1100 his

270 1130 611 1185 sermnibus
659 1130 715 1184 in
759 1145 926 1187 unum
968 1131 1298 1188 conferendo
1326 1135 1694 1204 unusquisque
1721 1138 1864 1205 quod

269 1224 461 1278 sensit.
515 1222 781 1279 Indicium
817 1230 997 1277 autem
1032 1223 1115 1276 vel
1161 1224 1371 1294 signum
1404 1226 1607 1282 idcirco
1636 1226 1858 1293 dicitur,

270 1311 406 1382 quod
436 1311 530 1367 illo
570 1313 625 1367 in
663 1320 905 1382 tempore
932 1312 1075 1368 sicut
1099 1312 1300 1369 Paulus
1321 1314 1596 1384 apostolus
1625 1316 1779 1383 dicit,
1805 1325 1861 1372 et

271 1406 320 1459 in
349 1406 583 1463 Actibus
607 1407 977 1478 apostolorum
1024 1406 1260 1464 refertur
1288 1426 1303 1463 :
1335 1408 1484 1464 Multi
1532 1411 1861 1469 simulabant

268 1515 321 1555 se
347 1515 475 1557 esse
505 1501 778 1571 apostolos
804 1501 1028 1567 Christi,
1059 1503 1403 1560 nominantes
1441 1506 1656 1575 quidem
1701 1508 1860 1564 Chri-

267 1597 427 1655 stum,
460 1590 557 1646 sed
584 1606 690 1646 non
720 1590 944 1660 integris
967 1591 1315 1647 traditionum
1341 1593 1500 1650 lineis
1521 1596 1852 1655 nuntiantes.

266 1680 473 1738 Idcirco
513 1698 647 1754 ergo
688 1682 832 1738 istud
870 1682 1129 1738 indicium
1170 1698 1420 1753 posuere,
1467 1701 1567 1755 per
1595 1689 1738 1758 quod
1764 1705 1856 1746 co-

267 1783 619 1846 gnosceretur
659 1776 705 1830 is
744 1775 835 1844 qui
875 1774 1151 1831 Christum
1193 1792 1379 1832 verum
1407 1779 1699 1835 secundum
1726 1795 1855 1851 apo-

1971 968 2064 1012 aut
2093 974 2123 1011 a
2147 960 2287 1014 bono
2324 961 2432 1017 Deo
2454 964 2595 1018 bona
2630 975 2811 1020 creata
2847 968 2949 1033 sit;
2979 970 3073 1023 sed
3104 970 3247 1024 Deus
3263 986 3474 1026 summe
3500 980 3559 1027 et

1970 1051 2478 1109 incommutabiliter
2522 1058 2715 1121 bonus,
2761 1057 3012 1115 creatura'
3056 1078 3188 1116 vero
3228 1062 3453 1119 inferius
3499 1074 3556 1119 ct

1967 1144 2296 1199 mutabiliter
2327 1148 2499 1212 bona;
2536 1156 2590 1203 et
2632 1151 2775 1219 quod
2805 1152 2997 1206 animm
3029 1153 3181 1225 origo
3213 1154 3419 1208 incerta
3446 1154 3550 1218 sit;

1966 1242 2022 1287 et
2059 1235 2203 1303 quod
2238 1237 2553 1307 angelorum
2584 1248 2799 1307 natura,
2827 1244 2912 1297 vel
2945 1244 3159 1310 animae,
3193 1261 3297 1299 non
3330 1246 3401 1299 sit
3424 1262 3553 1316 pars

1965 1323 2160 1380 divinte
2205 1329 2543 1396 substantiae,
2576 1332 2670 1386 sed
2696 1332 2789 1386 Dei
2820 1341 3068 1388 creatura
3098 1350 3163 1389 ex
3210 1336 3378 1390 nihilo
3417 1352 3547 1390 con-

1964 1414 2096 1481 dita,
2142 1416 2369 1489 ideoque
2412 1420 2757 1491 incorporea,
2812 1422 2937 1491 quia
2990 1423 3057 1477 ad
3109 1424 3396 1495 imaginem
3454 1424 3548 1479 Dei

1963 1516 2145 1563 creata
2173 1518 2275 1564 est.
2331 1510 2408 1566 De
2435 1512 2637 1580 pietate
2672 1528 2883 1567 morum
2922 1513 3038 1569 sine
3073 1530 3177 1583 qua
3212 1513 3344 1570 ﬁdes
3378 1515 3547 1569 divini

1963 1599 2140 1656 cultus
2164 1602 2338 1657 otiosa
2366 1604 2643 1672 torpescit,
2685 1613 2738 1658 et
2774 1620 2896 1658 cum
2926 1621 3031 1675 qua
3072 1605 3353 1675 integritas
3380 1605 3545 1660 divini

1961 1690 2137 1747 cultus
2179 1692 2487 1762 perﬁcitur;
2539 1701 2594 1747 et
2629 1702 2689 1747 ut
2730 1696 3096 1765 unusquisque
3129 1695 3296 1749 Deum
3331 1704 3549 1765 propter

1962 1780 2150 1847 Deum,
2198 1790 2255 1837 et
2294 1783 2599 1853 proximum
2643 1784 2695 1837 in
2744 1785 2853 1839 Deo
2898 1784 3103 1854 diligat,
3134 1792 3194 1839 ut
3218 1785 3546 1854 perﬁciendo

265 1868 481 1925 stolicas
534 1869 744 1926 litteras
791 1871 1128 1939 praedicaret.
1186 1871 1284 1927 Est
1322 1880 1504 1929 autem
1538 1874 1853 1946 Symbolum
1882 1851 1930 1912 Β
1955 1872 2256 1942 perveniat.
2294 1851 2553 1929 _Alterum
2575 1889 2789 1944 quoque
2820 1851 3042 1929 alterius
3063 1890 3169 1931 non
3199 1851 3363 1943 pollui
3389 1888 3547 1944 posse

264 1961 496 2032 signum,
519 1978 618 2031 per
637 1962 778 2032 quod
807 1963 1118 2033 agnoscitur
1146 1963 1319 2030 Deus;
1353 1967 1604 2037 quodque
1631 1971 1855 2039 proinde

264 2055 546 2110 credentes
573 2055 861 2124 acc'piunt,
891 2064 950 2110 ut
979 2056 1229 2113 noverint
1258 2058 1494 2128 qualiter
1524 2068 1713 2116 contra
1736 2056 1854 2119 dia-

263 2144 440 2200 bolum
480 2144 605 2200 ﬁdei
647 2145 946 2199 certamina
989 2155 1333 2216 pneparent;
1379 2148 1433 2202 in
1473 2164 1581 2218 quo
1634 2151 1853 2221 quidem

260 2251 427 2306 pauca
452 2245 580 2292 sunt
599 2238 786 2302 verba,
811 2237 906 2292 sed
921 2238 1102 2291 omnia
1123 2239 1470 2297 continentur
1489 2251 1847 2297 sacramenta.

264 2326 331 2381 De
358 2328 489 2384 totis
521 2328 667 2383 enim
697 2327 1012 2397 Scripturis,
1038 2327 1154 2384 hzec
1185 2328 1471 2384 breviatim
1499 2330 1693 2385 collata
1726 2342 1852 2387 sunt

264 2419 324 2474 ab
349 2418 614 2490 apostolis
641 2437 655 2472 :
684 2427 745 2474 ut
779 2420 1036 2488 quoniam
1057 2419 1242 2489 plures
1266 2420 1604 2476 credentium
1641 2421 1850 2479 litteras

262 2509 550 2574 nesciunt,
599 2508 685 2564 vel
726 2509 819 2578 qui
866 2509 1085 2573 sciunt,
1133 2510 1596 2579 praeoccupatione
1645 2512 1845 2578 saeculi,

265 2600 568 2672 Scripturas
598 2601 776 2673 legere
810 2617 916 2657 non
940 2609 1187 2672 possunt,
1215 2602 1329 2657 haec
1347 2603 1508 2657 corde
1530 2604 1845 2671 retinentes,

262 2692 493 2748 habeant
530 2690 884 2748 sufﬁcientem
932 2693 1033 2748 sibi
1070 2693 1352 2748 scientiam
1394 2694 1703 2751 salutarem.
1753 2697 1849 2753 Est

259 2784 393 2838 enim
419 2784 588 2841 breve
625 2783 751 2841 ﬁdei
781 2785 1023 2846 verbum,
1052 2793 1108 2840 et
1126 2785 1256 2839 olim
1291 2800 1322 2840 a
1359 2786 1622 2855 propheta
1648 2789 1844 2857 praadi-

259 2880 397 2928 ctum
433 2891 447 2927 :
484 2872 747 2939 Quoniam
789 2874 997 2929 verbum
1042 2873 1329 2929 breviatum
1381 2874 1539 2944 faciet
1588 2875 1844 2934 Dominus

261 2979 407 3035 super
433 2975 679 3026 terram.

822 3060 1051 3118 CAPUT
1111 3059 1269 3116 LVII.

804 3151 879 3207 De
920 3155 1100 3225 regula
1141 3157 1289 3226 ﬁdei.
1349 3164 1352 3168 ’

321 3238 450 3296 Haec
473 3250 557 3297 est
585 3249 766 3298 autem
804 3252 927 3314 post
972 3247 1322 3315 apostolicum
1365 3248 1678 3322 Symbolum
1724 3270 1843 3311 cer-

258 3327 461 3384 tissima
505 3328 662 3396 ﬁdes,
708 3347 871 3402 quam
913 3333 1163 3390 doctores
1189 3337 1363 3391 nostri
1392 3338 1750 3408 tradiderunt,
1780 3352 1842 3399 ut

252 3420 604 3488 proﬁteamur
625 3422 865 3491 Patrem,
892 3432 949 3481 et
968 3424 1184 3492 Filium,
1225 3435 1280 3482 et
1309 3422 1571 3499 Spiritum
1593 3441 1840 3488 sanctum

251 3512 406 3568 unius
442 3514 715 3579 essentire,
747 3514 987 3585 ejusdem
1023 3518 1312 3586 potestatis
1350 3528 1406 3575 et
1445 3523 1843 3591 sempiternita-

253 3604 336 3671 tis,
374 3621 545 3661 unum
582 3607 931 3676 invisibilem,
958 3610 1032 3664 ita
1058 3618 1119 3667 ut
1142 3611 1197 3665 in
1223 3611 1449 3682 singulis
1477 3630 1838 3685 personarum

250 3698 578 3767 proprietate
616 3707 851 3766 servata,
897 3715 999 3756 nec
1040 3702 1470 3759 substantiaiiter
1500 3706 1718 3762 trinitas
1753 3707 1838 3762 di-

247 3787 377 3851 vidi,
405 3803 513 3845 nec
533 3790 894 3860 personaliter
922 3791 1114 3848 debeat
1145 3795 1367 3853 omnino
1404 3796 1694 3863 confundi;
1737 3799 1840 3853 Pa-

248 3887 380 3935 trem
402 3897 621 3952 quoque
645 3883 892 3939 conﬁteri
915 3884 1234 3956 ingenitum,
1259 3887 1455 3943 Filium
1478 3891 1832 3962 unigenitum,

247 3968 507 4040 Spiritum
552 3981 734 4028 autem
766 3983 1015 4031 sanctum
1060 3992 1163 4032 nec
1203 3978 1444 4046 genitum
1491 3996 1593 4035 nec
1632 3982 1839 4053 ingeni-

248 4068 392 4128 tum,
429 4065 527 4120 sed
565 4080 634 4120 ex
664 4064 831 4121 Patre
863 4074 917 4122 et
952 4066 1091 4125 Filio
1116 4071 1540 4139 procedentem;
1571 4072 1767 4129 Filium
1804 4093 1836 4133 a

243 4150 401 4208 Patre
441 4157 718 4212 nascendo
760 4157 1075 4226 procedere,
1116 4157 1378 4229 Spiritum
1423 4175 1555 4217 vero
1589 4173 1836 4219 sanctum

240 4245 583 4311 procedendo
615 4262 725 4301 non
754 4246 935 4312 nasci;
965 4247 1138 4317 ipsum
1178 4263 1393 4319 quoque
1417 4249 1614 4305 Filium
1660 4252 1837 4321 perfe-

240 4339 385 4386 ctum
418 4347 488 4388 ex
514 4332 755 4404 Virgine,
793 4333 911 4390 sine
937 4341 1177 4404 peccato,
1209 4335 1483 4392 hominem
1509 4339 1830 4409 suscepisse,

239 4430 299 4475 ut
334 4438 502 4494 quem
528 4425 645 4479 sola
672 4425 914 4480 bonitate
950 4434 1253 4493 creaverat,
1281 4435 1472 4497 sponte
1496 4429 1703 4501 lapsum
1736 4433 1835 4487 mi-

237 4515 592 4571 sericorditer
622 4524 934 4587 repararet;
976 4532 1138 4588 quem
1180 4520 1449 4575 veraciter
1489 4522 1829 4591 cruciﬁxum,
1857 4553 1911 4612 D

235 4614 290 4661 et
333 4607 499 4663 tertia
534 4608 621 4664 die
653 4610 1038 4675 resurrexisse,
1068 4618 1269 4666 etcum
1297 4613 1486 4668 eadem
1520 4615 1637 4684 ipsa
1666 4631 1833 4672 carne

232 4697 541 4769 gloriﬁcata
572 4701 885 4757 ascendisse
923 4702 975 4756 in
1021 4703 1217 4757 coelum
1238 4745 1251 4769 ,
1286 4704 1338 4758 in
1368 4719 1474 4774 qua
1513 4715 1567 4761 et
1599 4706 1665 4761 ad
1690 4708 1832 4778 judi-

232 4791 380 4847 cium
420 4794 665 4849 vivorum
694 4803 751 4849 et
784 4803 1121 4851 mortuorum
1167 4804 1513 4866 exspectatur
1536 4806 1827 4867 venturus;

232 4896 285 4940 et
315 4888 468 4957 quod
496 4887 733 4943 divinam
760 4888 1161 4960 humanamque
1191 4889 1549 4946 substantiam
1589 4892 1643 4948 in
1674 4901 1827 4950 utro«

228 4994 336 5050 que
361 4978 640 5050 perfectus
668 4995 774 5035 una
802 4979 1050 5035 Christus
1081 4994 1310 5048 persona
1336 4988 1659 5051 gestaverat,
1699 4983 1826 5052 quia

228 5084 330 5127 nec
366 5070 667 5143 geminavit
687 5070 970 5140 utriusque
994 5067 1309 5125 substantiae
1335 5071 1619 5143 integritas
1640 5088 1827 5141 perso-

228 5177 383 5227 nam,
414 5177 519 5217 nec
541 5161 1075 5232 confuditgeminam
1103 5161 1281 5215 unitas
1311 5177 1551 5230 persona:
1576 5163 1825 5218 substan-

226 5251 361 5307 tiam
399 5252 604 5309 :altero
648 5252 848 5322 quippe
890 5258 1145 5305 neutrum
1187 5251 1434 5315 exclusit,
1467 5253 1591 5323 quia
1617 5262 1825 5309 utrum-

218 5359 331 5412 que
380 5343 755 5414 unusquisque
811 5342 1132 5397 intemerato
1171 5341 1296 5412 jure
1352 5344 1605 5398 servavit.
1668 5343 1822 5410 Quod

218 5433 359 5488 Novi
403 5442 464 5489 et
488 5434 702 5489 Veteris
733 5433 1064 5488 Testamenti
1088 5432 1322 5487 salubris
1361 5434 1701 5487 commendat
1727 5449 1823 5487 au-

216 5525 479 5587 ctoritas,
507 5525 596 5579 illa
627 5539 726 5594 per
755 5523 1116 5594 prophetiam,
1142 5525 1244 5578 ista
1273 5538 1371 5594 per
1397 5523 1682 5578 historiam
1729 5539 1822 5579 ve-

218 5620 436 5672 raciter
464 5618 766 5686 persoluta;
798 5625 853 5671 et
875 5617 1019 5686 quod
1043 5607 1234 5685 neque
1262 5616 1328 5671 de
1368 5615 1496 5680 Deo,
1543 5631 1715 5685 neque
1753 5616 1821 5671 de

210 5719 487 5764 creatura
523 5708 704 5763 saeculi
746 5707 814 5761 sit
857 5723 979 5762 cum
1018 5706 1242 5777 paganis
1278 5715 1372 5760 aut
1402 5720 1523 5760 cum
1555 5705 1821 5761 haereticis

211 5798 436 5871 aliquid
470 5797 806 5855 scntiendmn
847 5797 898 5851 in
939 5797 1023 5851 his
1055 5797 1231 5861 rebus,
1288 5794 1340 5847 in
1384 5794 1579 5864 quibus
1614 5810 1641 5849 a
1681 5795 1817 5849 veri-

1954 1973 2201 2033 peccato,
2236 1966 2326 2021 ubi
2362 1982 2460 2035 par
2499 1968 2795 2035 ,voluntatis
2840 1984 2944 2023 non
2991 1976 3202 2023 tenetur
3239 1969 3541 2023 consensio.

1952 2053 2247 2125 Legitimas
2274 2059 2489 2126 nuptias
2521 2072 2628 2113 non
2663 2058 2808 2112 credi
2838 2058 3189 2123 damnandas,
3220 2057 3343 2112 licet
3366 2074 3430 2113 ex
3465 2060 3544 2113 eis

1954 2160 2170 2217 quoque
2196 2147 2441 2218 originali
2473 2156 2696 2217 peccato
2727 2148 2960 2210 obnoxia
2992 2147 3248 2202 credatur
3274 2148 3424 2203 nasci
3455 2164 3544 2219 po-

1953 2237 2203 2306 steritas;
2237 2238 2423 2309 eisque
2454 2239 2579 2310 jure
2617 2239 2850 2293 ﬁdelium
2883 2240 3150 2309 virginum
3177 2247 3233 2293 et
3260 2239 3541 2294 continen-

1952 2329 2087 2382 tium
2125 2324 2460 2397 przeferenda
2488 2330 2746 2386 doceatur
2773 2330 3072 2400 integritas.
3120 2329 3197 2385 Ne
3237 2346 3404 2384 unum
3446 2331 3542 2386 ba-

1949 2418 2209 2487 ptismum
2240 2419 2522 2475 Trinitatis
2551 2420 2714 2492 (quod
2741 2421 2896 2477 nefas
2921 2422 3025 2492 est)
3066 2423 3324 2488 iteretur;
3363 2439 3540 2493 neque

1948 2524 2049 2578 pro
2076 2510 2388 2566 diversitate
2416 2510 2739 2567 tradentium
2776 2514 3146 2569 ministrorum
3181 2514 3406 2585 singulis
3438 2530 3541 2585 pu-

1951 2608 2095 2655 tetur
2123 2602 2425 2671 quibusque
2474 2602 2739 2668 conﬁteri,
2784 2604 2876 2658 scd
2916 2603 2986 2658 ab
3010 2618 3074 2657 eo
3101 2605 3358 2675 singulari
3385 2614 3536 2675 pote-

1949 2700 2088 2748 state
2126 2694 2338 2759 donari,
2384 2696 2451 2750 de
2487 2711 2594 2765 quo
2630 2696 2833 2752 dictum
2878 2696 3145 2767 legimus:
3179 2695 3348 2767 Super
3381 2715 3536 2769 quem

1948 2786 2137 2842 videris
2185 2785 2444 2859 Spiritum
2481 2789 2869 2843 descendentem
2926 2798 2974 2843 et
3036 2800 3329 2844 manentem
3380 2808 3538 2860 super

1946 2893 2086 2943 eum,
2102 2878 2185 2931 hic
2205 2888 2281 2932 est
2303 2879 2393 2949 qui
2421 2878 2648 2949 buptizat
2673 2878 2727 2932 in
2754 2877 2953 2948 Spiritu
2978 2889 3196 2943 sancto;
3217 2888 3263 2933 et
3284 2895 3375 2949 ego
3406 2880 3531 2943 vidi,

1946 2981 1993 3027 et
2024 2973 2373 3030 testimonium
2398 2973 2634 3044 perhibui
2656 2974 2779 3043 quia
2805 2973 2888 3027 hic
2913 2982 2989 3027 est
3017 2971 3192 3027 Filius
3220 2973 3318 3027 Dei
3347 2973 3527 3044 (Joan.

1947 3062 2008 3134 ι).
2056 3064 2123 3119 Et
2164 3079 2233 3119 ne
2267 3065 2597 3134 poenitentia:
2628 3064 2879 3119 remediis
2916 3080 3022 3119 non
3058 3078 3219 3135 egere
3258 3072 3529 3134 putemus,

1946 3169 2047 3224 pro
2079 3154 2406 3224 quotidianis
2435 3155 2684 3208 humanae
2706 3152 3018 3226 fragilitatis
3042 3154 3376 3218 excessibus,
3414 3154 3533 3208 sine

1944 3246 2140 3318 quibus
2184 3247 2239 3300 in
2267 3246 2371 3300 hac
2399 3245 2506 3299 vita
2534 3260 2653 3300 esse
2692 3260 2795 3300 non
2820 3258 3128 3315 possumus,
3170 3239 3247 3299 ita
3276 3253 3335 3299 ut
3361 3244 3533 3314 poeni-

1943 3339 2123 3393 tentia:
2178 3337 2589 3408 compunctione
2636 3336 2910 3392 fructuosa
2960 3337 3211 3392 universa
3264 3334 3530 3390 fateamur

1941 3432 2108 3487 deleri
2130 3441 2375 3502 peccata,
2404 3431 2544 3486 sicut
2573 3429 2835 3499 scriptum
2857 3434 2940 3483 est
2964 3445 2977 3482 :
3008 3425 3159 3480 Beati
3188 3441 3411 3497 quorum
3444 3441 3526 3479 re-

1939 3525 2113 3579 missa:
2140 3530 2261 3577 sunt
2282 3522 2601 3592 iniquitates,
2632 3529 2679 3575 et
2706 3536 2929 3591 quorum
2960 3526 3093 3572 tecta
3132 3527 3252 3571 sunt
3290 3525 3524 3587 peccata.

1937 3612 2133 3668 Beatus
2160 3614 2237 3668 vir
2259 3613 2469 3667 cuinon
2493 3611 2763 3681 imputavit
2784 3610 3043 3664 Dominus
3057 3618 3324 3679 peccatum
3347 3606 3521 3677 (Psal.

1936 3705 2111 3777 xxxi).
2161 3704 2376 3760 Nullum
2406 3718 2618 3774 quoque
2652 3704 2766 3758 suis
2792 3703 3017 3766 viribus,
3044 3700 3136 3756 sed
3160 3715 3261 3769 per
3286 3700 3525 3753 divinam

1938 3795 2169 3867 gratiam
2198 3796 2361 3864 capiti
2389 3794 2605 3850 Christo
2625 3792 2896 3864 subjungi,
2930 3799 3091 3860 atque
3115 3789 3400 3859 indiruptze
3426 3805 3523 3859 pa-

1937 3886 2016 3942 cis
2043 3884 2443 3956 perseverantia
2482 3884 2536 3938 in
2564 3883 2771 3937 unitate
2806 3881 3061 3937 Ecclesiae
3081 3880 3250 3950 ipsius
3274 3878 3517 3933 solidari.

1937 3977 2045 4033 Nec
2070 3979 2319 4032 humana;
2341 3976 2629 4031 voluntatis
2652 3975 2875 4030 arbitrio
2902 3974 3028 4029 boni
3067 3973 3319 4042 quiddam
3356 3972 3523 4038 depu-

1936 4068 2156 4123 tandam
2194 4066 2530 4129 existimari,
2574 4066 2668 4121 sed
2702 4065 2995 4120 secundum
3049 4062 3384 4132 propositum
3426 4076 3523 4115 vo-

1936 4159 2164 4214 luntatis
2198 4158 2293 4212 Dei
2336 4172 2554 4213 omnem
2600 4169 2885 4210 numerum
2936 4153 3230 4208 electorum
3285 4150 3515 4220 acquiri.

1934 4248 2083 4305 Bona
2112 4262 2326 4318 quoque
2355 4245 2669 4316 temporalia
2707 4244 2864 4299 bonis
2903 4242 3167 4312 malisque
3208 4242 3518 4296 communia

1938 4355 1968 4394 a
1994 4340 2104 4395 Deo
2133 4337 2330 4400 creari,
2362 4335 2582 4405 ejusque
2611 4334 3010 4405 dispensatione
3036 4332 3263 4402 singulis
3294 4332 3517 4401 quihus-

1935 4443 2041 4498 que
2062 4427 2146 4484 vel
2175 4426 2339 4482 tribui
2371 4425 2453 4481 vel
2488 4423 2675 4493 negari
2701 4442 2713 4477 :
2742 4438 2973 4492 quorum
2995 4423 3259 4480 bonorum
3301 4422 3353 4477 in
3386 4438 3520 4477 uno—

1935 4532 2149 4588 quoque
2193 4515 2429 4572 ﬁdelium
2464 4529 2573 4569 non
2606 4513 2838 4576 habitus,
2893 4515 2987 4569 sed
3027 4528 3159 4567 usus
3196 4521 3289 4567 aut
3324 4513 3520 4582 impro-

1932 4609 2164 4674 bandus,
2186 4616 2279 4662 aut
2300 4605 2628 4678 probandus.
2675 4602 2833 4659 Certa
2858 4618 2987 4659 vero
3007 4613 3320 4673 aeternaque
3352 4605 3514 4670 bona,

1933 4696 2077 4753 solos
2111 4710 2271 4766 posse
2308 4695 2479 4750 bonos
2505 4693 2560 4749 in
2588 4691 2772 4747 futuro
2819 4692 3096 4762 consequi,
3146 4707 3378 4761 quorum
3429 4694 3515 4764 pi-

1932 4802 2100 4859 gnore
2152 4785 2449 4841 Ecclesiam
2498 4798 2644 4839 nunc
2686 4781 3034 4837 informatam
3070 4783 3345 4839 credimus
3386 4784 3521 4839 deti-

1930 4877 2071 4943 neri,
2097 4877 2188 4931 hic
2216 4876 2502 4930 habentem
2536 4873 2804 4943 primitias
2827 4871 3078 4944 Spiritus,
3104 4873 3159 4927 in
3189 4872 3371 4928 futuro
3399 4890 3518 4943 pcr-

1929 4971 2249 5035 feclionem;
2293 4968 2381 5023 hic
2414 4967 2704 5022 sustentari
2731 4966 2786 5021 in
2814 4980 2927 5035 spe,
2956 4974 3140 5035 postea
3164 4965 3311 5034 pasci
3339 4966 3393 5021 in
3423 4982 3510 5030 re;

1932 5061 2020 5116 hic
2058 5059 2230 5114 videri
2273 5072 2372 5127 per
2409 5057 2686 5127 speculum
2715 5057 2770 5111 in
2795 5058 3102 5127 aenigmate,
3133 5057 3185 5109 in
3208 5056 3388 5110 futuro
3418 5072 3514 5109 au-

1934 5159 2038 5208 tem
2085 5150 2224 5205 facie
2250 5149 2318 5204 ad
2344 5147 2557 5213 faciem,
2597 5163 2722 5205 cum
2757 5148 2825 5202 ad
2858 5149 3090 5217 speciem
3119 5147 3281 5201 fuerit
3315 5147 3514 5216 perdu-

1929 5252 2015 5298 cta
2063 5257 2162 5311 per
2207 5241 2387 5297 ﬁdem.
2437 5240 2588 5307 Quod
2636 5240 2806 5295 donec
2852 5239 3184 5309 perﬁciatur,
3218 5248 3277 5292 ut
3313 5254 3509 5293 smnml

1927 5333 2023 5389 Dei
2048 5333 2204 5389 bonis
2230 5332 2475 5387 fruamur
2493 5332 2731 5398 aeternis,
2758 5329 3065 5394 fruendum,
3097 5329 3219 5382 inde
3247 5344 3353 5383 non
3382 5329 3510 5383 obe—

1931 5427 2102 5482 rimus
2127 5436 2184 5481 et
2207 5425 2487 5496 proximis.
2539 5424 2670 5481 Eam
2694 5437 2908 5493 quoque
2938 5436 3035 5476 nos
3063 5435 3213 5489 spem
3263 5436 3509 5477 resurre-

1928 5519 2121 5574 ctionis
2165 5518 2386 5585 habere,
2434 5525 2491 5572 ut
2540 5517 2729 5573 eodem
2775 5513 2965 5569 ordine
3007 5513 3305 5582 eademque
3333 5512 3505 5571 forma

1927 5624 2032 5679 qua
2060 5610 2174 5679 ipse
2204 5609 2463 5664 Dominus
2501 5605 2797 5663 resurrexit
2823 5619 2852 5658 a
2883 5604 3129 5669 mortuis,
3168 5620 3266 5661 nos
3295 5621 3508 5676 quoque

1927 5708 2328 5756 resurrecturos
2355 5714 2476 5755 esse
2501 5698 2803 5762 credamus,
2845 5697 2898 5752 in
2938 5698 3129 5753 eodem
3178 5713 3405 5769 corpore
3455 5700 3507 5755 in

1926 5807 2032 5863 quo
2080 5806 2264 5846 sumus
2313 5789 2397 5843 vel
2444 5788 2695 5851 vivimus,
2746 5803 2850 5842 non
2894 5796 3142 5842 naturam
3186 5798 3279 5849 aut
3318 5805 3507 5848 sexum
