3974 6200
424 384 521 442 571

1070 371 1134 434 Β.
1173 372 1427 434 RABANI
1462 373 1681 431 MAUiil
1715 369 2035 444 ARCHIEP.
2076 371 2386 428 MOGUNT.
2426 368 2712 427 OPERUM
2769 369 2952 427 PARS
2990 370 3030 425 l.
3061 428 3065 433 ,

3579 368 3688 427 372

424 510 696 560 mutantes
716 541 730 565 ,
762 499 856 556 sed
888 507 1094 553 tantum
1118 495 1462 566 fragilitatem
1494 501 1550 549 et
1576 492 1701 548 vilia
1733 483 2004 561 deponen-
2031 488 2083 548 A
2178 487 2648 544 Esnaistaedicunt
2674 487 2847 557 ipsum
2871 501 2993 542 esse
3013 484 3287 542 Christum
3302 486 3601 556 quidocuit
3627 486 3691 543 il-

423 600 527 648 tes.
566 591 743 659 ipsum
783 602 998 658 quoque
1027 585 1284 641 Satanam
1315 600 1438 641 cum
1475 582 1679 655 angelis
1706 582 1817 638 suis
1837 588 2003 650 atque
2103 577 2186 633 los
2213 593 2427 634 omnem
2454 577 2854 635 abstinentiam.

424 681 724 739 cultoribus
751 688 956 735 aterno
990 678 1235 733 incendio
1271 675 1760 741 condemnandum,
1805 687 1998 742 neque,

2172 670 2458 726 Marbonai
2482 670 2668 726 dicunt
2704 672 2876 739 ipsum
2923 684 3041 725 esse
3079 667 3353 725 Christum
3385 671 3477 741 qui
3505 670 3694 727 docuit

424 772 719 828 secundum
764 770 1119 839 quorumdam
1161 769 1478 840 sacrilegam
1524 765 2003 837 dispensationem,
2104 760 2224 816 illos
2246 762 2300 815 in
2326 761 2473 816 omni
2496 776 2554 815 re
2581 759 2936 816 sabbatizare.

427 863 496 918 ad
539 862 843 932 pristinam,
892 862 948 917 id
997 868 1081 916 est
1112 860 1406 933 angelicam
1430 859 1766 930 dignitatem,
1795 873 1864 913 ex
1898 870 2005 927 qua

2173 852 2410 909 Genistae
2432 851 2579 916 dicti,
2603 866 2673 907 eo
2694 852 2836 921 quod
2864 850 2933 906 de
2959 863 3158 921 genere
3176 849 3407 906 Abraha
3429 865 3549 905 esse
3576 847 3696 921 glo-

425 953 642 1022 propria
681 951 1014 1022 malignitate
1048 950 1281 1016 cecidit,
1327 950 1711 1005 reducendum.
1759 948 1885 1004 Hac
1925 955 2009 1003 est
2104 945 2334 1001 riantur.
2378 944 2514 1000 Nam
2553 959 2678 1000 cum
2712 943 2765 997 in
2798 942 3150 1013 Babyloniam
3183 942 3421 997 venisset
3464 955 3700 1011 populus

428 1041 708 1097 catholica
736 1041 1041 1097 traditionis
1061 1041 1185 1096 lidei
1213 1040 1518 1112 integritas,
1549 1040 1616 1094 de
1641 1055 1744 1110 qua
1767 1039 1813 1094 si
1839 1052 2006 1093 unum
2104 1038 2226 1104 Dei,
2266 1038 2508 1108 plerique
2547 1037 2915 1108 relinquentes
2946 1050 3147 1092 uxores
3173 1050 3319 1101 suas,
3348 1034 3699 1106 Babylonicis

426 1132 702 1202 quodlibet
736 1139 1038 1202 respuatur,
1076 1139 1187 1187 tota
1231 1131 1352 1187 lidei
1390 1130 1682 1187 credulitas
1718 1129 2003 1185 amittitur.

998 1220 1225 1278 CAPUT
1273 1221 1451 1277 LVIII.

926 1312 1005 1368 De
1028 1313 1310 1368 hwresilms
1332 1312 1510 1368 variis.
1554 1304 1555 1307 “

497 1402 611 1460 Hoc
630 1418 760 1475 ergo
778 1404 1075 1460 cavendum
1095 1412 1179 1459 est
1202 1404 1349 1459 omni
1374 1404 1569 1459 anima
1591 1404 1796 1459 timenti
1818 1403 2011 1468 Deum,

429 1503 619 1552 utnon
647 1513 679 1552 a
707 1497 815 1553 lide
840 1497 1107 1553 catholica
1133 1484 1406 1559 decidens,
1455 1506 1512 1552 et
1556 1496 1871 1567 relinquens
1911 1499 2009 1553 do-

429 1586 661 1643 ctrinam
706 1588 950 1643 veritatis
973 1627 990 1653 ,
1043 1588 1097 1642 in
1143 1602 1355 1644 errores
1378 1588 1784 1656 ,hareticorum
1834 1588 2009 1652 cadat,

352 1742 365 1754 .
430 1677 558 1747 quia
586 1676 690 1731 hoc
713 1677 1081 1755 certissimum
1108 1677 1298 1732 mortis
1324 1684 1409 1732 est
1435 1690 1624 1748 genus.
1667 1676 1777 1732 Sed
1811 1686 1871 1731 ut
1908 1676 2015 1732 hoc

429 1765 643 1822 facilius
667 1767 841 1836 possit
864 1782 1193 1836 praecavere,
1217 1760 1566 1838 quascunque
1607 1765 1784 1825 sectas
1825 1768 1891 1824 de
1926 1783 2012 1823 cr-

2107 1128 2424 1185 mulieribus
2464 1128 2846 1194 adhaeserunt;
2889 1127 3106 1197 quidam
3144 1125 3457 1193 Israeliticis
3482 1133 3698 1180 tantum

2107 1218 2425 1291 coniugibus
2449 1219 2711 1283 contenti,
2749 1217 2833 1273 vel
2863 1233 2933 1273 ex
2957 1218 3037 1273 eis
3082 1216 3271 1288 geniti,
3321 1215 3450 1272 dum
3490 1215 3701 1270 reversi

2108 1320 2291 1367 essent
2317 1311 2390 1367 de
2417 1309 2728 1381 Babylonia,
2769 1308 3071 1365 diviserunt
3108 1320 3168 1363 se
3202 1308 3274 1362 ah
3313 1304 3462 1362 anni
3500 1302 3706 1375 populo

2109 1411 2165 1457 et
2190 1409 2601 1472 assumpserunt
2624 1401 2729 1457 sibi
2756 1400 2860 1455 hoc
2887 1414 3084 1454 nomen
3100 1396 3401 1469 iactantia.

2179 1493 2433 1551 Meristai
2475 1491 2746 1562 appellati,
2793 1504 2859 1545 eo
2892 1489 3038 1559 quod
3076 1494 3333 1558 separant
3364 1484 3703 1556 Scripturas,

2112 1600 2218 1639 non
2250 1584 2533 1639 credentes
2561 1583 2813 1638 omnibus
2844 1580 3146 1653 prophetis,
3185 1578 3429 1634 dicentes
3476 1576 3600 1632 aliis
3642 1583 3706 1653 et

2111 1677 2234 1733 aliis
2253 1677 2530 1747 spiritibus
2545 1676 2914 1747 prophetasse.
2940 1673 3118 1729 Meros
3134 1671 3299 1740 enim,
3320 1671 3469 1750 μέρος
3486 1670 3701 1736 Graec,

2112 1766 2303 1822 Latine
2335 1782 2462 1836 pars
2489 1765 2705 1821 dicitur.

428 1859 643 1914 roribus
688 1858 1065 1915 hareticorum
1107 1864 1269 1928 atque
1309 1837 1798 1926 schismaticorum,
1847 1860 2011 1917 deno-
2037 1837 2087 1897 Β
2186 1857 2468 1913 Samaritae
2481 1857 2633 1923 dicti,
2660 1855 2803 1926 quod
2825 1855 2998 1926 legem
3024 1855 3196 1910 solam
3220 1851 3543 1917 custodiunt,
3571 1865 3705 1906 nam

434 1957 575 2004 tatas
612 1962 645 2002 a
688 1947 970 2003 catholicis
1014 1948 1325 2007 doctoribus
1349 1950 1670 2017 invenimus,
1702 1951 1858 2007 simul
1889 1966 2013 2006 cum

429 2052 616 2093 earum
655 2038 1003 2103 auctoribus,
1046 2037 1160 2094 sive
1200 2040 1591 2106 sectatoribus,
1633 2042 1689 2098 in
1731 2034 1836 2099 hoc
1876 2040 2014 2097 libro

430 2126 873 2183 determinamus.
1556 2174 1561 2179 .
1831 2124 1838 2133 '

500 2218 755 2286 Haeresis,
778 2222 972 2300 αἵρεσις
1000 2219 1210 2287 Graec,
1227 2222 1295 2277 ab
1319 2223 1582 2281 electione
1603 2234 1845 2295 vocatur,
1870 2227 2013 2298 quod

430 2308 637 2366 scilicet
675 2310 1047 2381 unusquisque
1081 2311 1134 2367 id
1170 2311 1274 2367 sibi
1322 2312 1485 2384 eligat
1523 2317 1668 2385 quod
1707 2318 1900 2381 melius
1937 2321 2011 2375 illi

430 2418 550 2459 esse
574 2402 806 2467 videtur,
836 2410 897 2458 ut
919 2401 1244 2475 philosophi,
1270 2403 1637 2477 Peripatetici,
1677 2404 2013 2485 Academici,

429 2501 703 2572 Epicurei,
730 2510 787 2558 et
812 2500 1003 2568 Stoici,
1032 2501 1115 2557 vel
1143 2503 1283 2559 sicut
1308 2504 1423 2569 alii,
1449 2506 1540 2575 qui
1572 2519 1888 2577 perversum
1914 2510 2015 2565 do-

430 2608 554 2663 gina
575 2592 893 2662 cogitantes,
924 2593 1149 2648 arbitrio
1168 2608 1266 2650 suo
1285 2594 1352 2650 de
1376 2595 1619 2652 Ecclesia
1648 2611 2011 2655 recesserunt.

433 2685 558 2740 lude
590 2699 722 2756 ergo
749 2684 988 2740 haereses
1011 2692 1140 2739 sunt
1164 2684 1322 2741 dictae
1351 2685 1540 2742 Graca
1573 2702 1707 2744 voce
1741 2704 1810 2745 ex
1850 2691 2015 2746 inter-

430 2775 733 2844 pretatione
758 2774 1062 2841 electionis,
1094 2789 1231 2844 quas
1256 2776 1486 2846 quisque
1523 2779 1751 2836 arbitrio
1791 2797 1909 2847 suo,
1946 2781 2016 2837 ad

431 2866 765 2923 instituenda
793 2866 906 2922 sive
935 2866 1004 2920 ad
1031 2864 1372 2936 suscipienda
1396 2867 1669 2938 quaelibet,
1694 2870 1809 2940 ipse
1833 2871 2012 2942 elegit.

432 2957 597 3012 Nobis
626 2970 756 3011 vero
780 2956 916 3011 nihil
961 2971 1030 3011 ex
1073 2962 1262 3010 nostro
1305 2958 1532 3014 arbitrio
1568 2959 1825 3016 inducere
1868 2962 2014 3028 licet,

432 3049 529 3105 sed
557 3063 659 3103 nec
689 3047 890 3118 eligere
925 3049 1069 3118 quod
1096 3049 1288 3120 aliquis
1319 3052 1385 3105 dc
1419 3044 1645 3107 arbitrio
1673 3065 1772 3107 suo
1793 3052 2020 3110 induxe-

434 3138 525 3192 rit.
566 3135 854 3207 Apostolos
890 3137 987 3192 Dei
1037 3139 1298 3196 habemus
1341 3148 1628 3197 auctores:
1662 3142 1753 3213 qui
1779 3159 1880 3200 nec
1916 3144 2017 3215 ipsi

433 3228 726 3298 quidquam
755 3243 824 3283 ex
851 3244 949 3284 suo
968 3229 1195 3285 arbitrio
1218 3231 1361 3301 quod
1382 3231 1700 3288 inducerent
1721 3233 2016 3305 elegerunt,

436 3322 532 3377 sed
554 3332 832 3392 acceptam
859 3338 890 3377 a
924 3321 1143 3378 Christo
1192 3323 1532 3395 disciplinam
1579 3324 1811 3381 ﬁdeliter
1848 3327 2022 3383 natio-

436 3411 601 3468 nibus
638 3413 1069 3484 assignaverunt.
1108 3413 1269 3469 Secta
1309 3431 1340 3469 a
1374 3416 1636 3473 sectanda
1686 3425 1741 3472 et
1790 3418 2025 3475 tenendo

436 3503 746 3570 nominata;
768 3519 894 3558 nam
920 3512 1096 3559 sectas
1122 3504 1351 3561 dicimus
1377 3506 1596 3563 habitus
1628 3507 1932 3564 animorum
1959 3525 2025 3565 ac

436 3594 699 3659 instituta,
729 3593 875 3649 circa
900 3593 1235 3664 disciplinam
1261 3596 1494 3653 fideliter
1516 3599 1874 3669 propositam,
1903 3615 2025 3671 qua

436 3685 668 3740 tenendo
692 3693 1009 3755 sequuntur,
1042 3686 1198 3757 longe
1222 3687 1329 3743 alia
1356 3688 1412 3743 in
1433 3689 1709 3759 religionis
1732 3691 1879 3747 cultu
1902 3694 2022 3763 opi-

436 3783 633 3832 nantes
657 3792 819 3846 quam
858 3778 1059 3834 caeteri.
1115 3778 1362 3835 Schisma
1395 3795 1427 3835 a
1457 3781 1695 3839 scissura
1720 3783 2023 3839 animorum

435 3884 632 3926 nomen
674 3860 922 3940 accepit;
964 3871 1156 3927 eodem
1185 3873 1328 3928 enim
1360 3872 1531 3941 cultu,
1573 3875 1873 3946 eodemque
1917 3877 2023 3932 ritu

436 3961 608 4016 credit
631 3970 691 4016 ut
716 3962 921 4028 cateri,
951 3962 1066 4018 solo
1090 3964 1521 4037 congregationis
1546 3966 1845 4024 delectatur
1866 3969 2025 4025 dissi-

435 4051 544 4107 dio.
602 4050 690 4128 Fit
731 4059 908 4108 autem
947 4053 1183 4109 schisma
1218 4069 1341 4113 cum
1381 4055 1567 4111 dicunt
1595 4074 1608 4110 :
1632 4056 1890 4114 Homines
1926 4074 2025 4115 nos

429 4142 560 4212 justi
584 4157 791 4209 sumus,
826 4157 928 4199 nos
965 4144 1365 4201 sanctiﬁcamus
1391 4146 1716 4211 immundos,
1746 4157 1802 4203 et
1827 4158 2024 4205 catera

435 4232 651 4287 similia.
702 4231 1027 4304 Superstitio
1051 4234 1213 4301 dicta,
1246 4249 1315 4290 eo
1342 4236 1483 4305 quod
1514 4236 1587 4291 sit
1621 4234 1890 4306 superﬂua
1930 4245 2026 4292 aut

436 4324 848 4393 superinstituta
869 4324 1191 4381 observatio.
1232 4325 1335 4381 Alii
1362 4325 1550 4382 dicunt
1570 4342 1601 4382 a
1630 4327 1867 4394 senibus,
1896 4329 2025 4399 quia

436 4414 619 4469 multis
648 4415 807 4471 annis
840 4416 1180 4487 superstites,
1214 4431 1312 4488 per
1335 4424 1552 4474 atatem
1585 4417 1815 4473 delirant
1840 4427 1897 4474 et
1930 4435 2020 4475 er-

439 4514 580 4562 rant.
813 4504 817 4508 ’

504 4601 659 4671 Apud
695 4599 910 4655 Judaos
938 4610 1120 4655 autem
1159 4600 1243 4656 hae
1277 4599 1496 4658 fuerunt
1526 4602 1759 4659 hareses
1784 4621 1795 4657 :
1822 4603 2016 4659 Phari-

436 4707 688 4756 saorum,
739 4690 1192 4758 Sadducaeorum,
1235 4692 1654 4760 Esnaistarum,
1703 4693 2022 4752 Marbonen-

434 4784 594 4844 sium,
631 4780 998 4848 Genistarum,
1035 4782 1445 4839 Meristaorum.

504 4870 760 4926 Pharisai
788 4886 917 4942 ergo
938 4880 993 4926 et
1022 4870 1301 4928 Sadducai
1329 4873 1473 4929 inter
1499 4887 1557 4928 se
1579 4876 1839 4931 contrarii
1868 4886 2015 4934 sunt.

428 4965 566 5020 Nam
594 4963 850 5020 Pharisaei
881 4979 945 5022 ex
984 4963 1209 5037 Hebraeo
1237 4964 1293 5020 in
1318 4964 1570 5022 Latinum
1595 4967 2021 5038 interpretantur

430 5057 613 5124 divisi,
651 5072 717 5114 eo
744 5058 889 5129 quod
933 5058 1281 5114 traditionum
1315 5066 1373 5115 et
1406 5060 1845 5117 observationum
1884 5076 2021 5131 quas

429 5148 507 5203 illi
552 5149 806 5204 deuteras
855 5155 1053 5205 vocant
1092 5149 1360 5220 justitiam
1402 5135 1736 5222 praferunt.‘
1767 5150 1922 5207 Unde
1964 5159 2022 5205 et

428 5238 589 5295 divisi
611 5248 877 5298 vocantur
902 5253 933 5294 a
960 5239 1158 5311 populo
1182 5241 1338 5311 quasi
1376 5255 1476 5311 per
1496 5239 1784 5311 justitiam.

498 5328 779 5385 Sadducai
807 5330 1231 5400 interpretantur
1255 5330 1417 5403 justi;
1446 5330 1721 5387 vindicant
1746 5329 1891 5387 enim
1916 5329 2022 5385 sibi

429 5419 572 5490 quod
608 5434 716 5474 non
754 5426 899 5486 sunt,
950 5421 1194 5491 corporis
1230 5422 1681 5495 resurrectionem
1711 5429 1930 5492 negant,
1959 5428 2016 5475 et

427 5510 664 5565 animam
706 5511 929 5567 interire
967 5528 1091 5570 cum
1131 5528 1357 5583 corpore
1398 5513 1711 5583 pradicant.
1768 5512 1875 5567 Sed
1912 5527 2012 5569 nec

428 5600 650 5668 spiritus
674 5616 815 5667 esse,
841 5616 939 5659 nec
962 5603 1181 5674 angelos
1207 5604 1457 5659 credunt.
1501 5604 1568 5659 Hi
1606 5604 1847 5677 quinque
1890 5614 2011 5661 tan-

430 5699 544 5743 tum
582 5690 753 5745 libros
796 5692 928 5763 legis
975 5694 1243 5765 recipiunt
1264 5734 1278 5759 ,
1325 5694 1709 5765 prophetarum
1758 5696 2009 5752 vaticinia

434 5788 710 5847 respuunt.

2113 1952 2406 2022 prophetas
2436 1966 2542 2007 non
2573 1950 2858 2019 recipiunt.

2185 2042 2688 2114 Hcmerobaptista,
2716 2055 2782 2097 eo
2815 2039 2959 2110 quod
2987 2037 3226 2108 quotidie
3257 2029 3577 2094 vestimenta
3605 2050 3713 2092 sua

2113 2147 2170 2197 et
2188 2152 2420 2207 corpora
2443 2135 2644 2190 lavent.
2912 2202 2917 2205 τ

2184 2231 2413 2299 Quidam
2454 2227 2697 2285 haretici
2732 2226 2825 2298 qui
2860 2227 2926 2282 de
2954 2224 3196 2280 Ecclesia
3237 2230 3602 2287 recesserunt,
3633 2236 3712 2276 ex

2115 2321 2431 2379 nominibus
2458 2332 2682 2375 suorum
2722 2324 3005 2377 auctorum
3042 2320 3444 2385 nuncupantur,
3480 2312 3711 2382 quidam

2115 2430 2244 2472 vero
2269 2429 2338 2469 ex
2363 2412 2542 2468 causis
2561 2425 2698 2480 quas
2724 2408 2985 2479 eligentes
3010 2406 3378 2463 instituerunt.

2188 2503 2484 2560 Simoniani
2520 2501 2652 2556 dicti
2686 2515 2719 2555 a
2757 2499 2978 2555 Simone
3001 2540 3017 2565 ,
3045 2499 3270 2570 magicae
3294 2497 3592 2568 disciplima
3612 2511 3714 2566 pe-

2116 2597 2242 2661 rito,
2280 2595 2365 2650 cui
2402 2595 2596 2649 Petrus
2635 2593 2691 2646 iu
2719 2591 2944 2647 Actibus
2991 2589 3358 2661 apostolorum
3401 2588 3709 2652 maledixit,

2115 2699 2215 2756 pro
2238 2701 2302 2741 eo
2324 2684 2468 2756 quod
2493 2684 2562 2738 ab
2584 2681 2842 2753 apostolis
2865 2680 3100 2752 Spiritus
3127 2681 3301 2737 sancti
3340 2680 3570 2751 gratiam
3610 2693 3715 2749 pe-

2116 2777 2276 2833 cunia
2303 2788 2486 2831 emere
2510 2771 2785 2827 voluisset.
2836 2769 2904 2825 Hi
2946 2771 3132 2826 dicunt
3172 2772 3476 2825 creaturam
3522 2784 3632 2825 non
3678 2783 3717 2825 a

2119 2871 2250 2936 Deo,
2282 2870 2375 2926 sed
2406 2885 2439 2923 a
2463 2868 2666 2924 virtute
2682 2867 2915 2937 quadam
2943 2880 3172 2936 superna
3202 2869 3465 2921 creatam.

2190 2958 2560 3015 Menandriani
2585 2972 2616 3013 a
2646 2956 2940 3012 Menandro
2960 2971 3141 3026 mago,
3168 2955 3432 3026 discipulo
3468 2953 3718 3011 Simonis

2120 3049 2433 3119 nuncupati,
2476 3047 2574 3117 qui
2620 3046 2878 3102 mundum
2913 3060 3020 3102 non
3052 3061 3084 3101 a
3112 3047 3243 3112 Deo,
3271 3047 3367 3102 sed
3405 3045 3474 3102 ab
3501 3045 3716 3116 angelis

2121 3140 2322 3197 factum
2348 3154 2469 3195 esse
2497 3146 2765 3193 asserunt.

2150 3252 2153 3253 ν
2193 3227 2513 3285 Basilidiani
2538 3241 2569 3283 a
2590 3225 2824 3281 Basilide
2849 3225 3123 3297 appellati,
3155 3226 3246 3296 qui
3293 3227 3435 3281 inter
3473 3224 3717 3295 reliquas

2124 3319 2508 3390 blasphemias,
2533 3332 2755 3390 passum
2777 3315 2963 3385 Iesum
2987 3319 3275 3389 abnegant.

2195 3412 2470 3469 Nicolaita
2505 3410 2637 3467 dicti
2664 3426 2697 3465 a
2717 3408 2951 3466 Nicolac
2975 3410 3207 3467 diacono
3231 3411 3483 3468 Ecclesia
3520 3411 3720 3469 Hiero—

2124 3506 2476 3577 solymorum,
2517 3502 2610 3573 qui
2639 3517 2764 3559 cum
2786 3500 3066 3572 Stephano
3097 3512 3153 3559 et
3195 3504 3408 3560 cateris
3442 3505 3719 3560 constitu-

2125 3609 2214 3657 tus
2241 3608 2327 3655 est
2352 3612 2385 3652 a
2415 3597 2579 3653 Petro
2604 3614 2618 3650 :
2640 3596 2734 3666 qui
2779 3604 3003 3667 propter
3050 3596 3504 3666 pulchritudinem
3546 3596 3718 3653 relin-

2125 3705 2299 3762 quens
2334 3701 2578 3751 uxorem,
2623 3686 2835 3743 dixerat
2875 3695 2936 3741 ut
2972 3687 3065 3757 qui
3088 3687 3290 3752 vellet,
3338 3702 3403 3741 ea
3442 3696 3714 3742 uteretur.

2125 3782 2403 3851 Yersaque
2444 3786 2528 3835 est
2572 3779 2628 3834 in
2667 3787 2913 3849 stuprum
2951 3778 3075 3835 talis
3104 3777 3456 3843 consuetudo,
3487 3784 3548 3832 ut
3577 3777 3717 3832 invi-

2124 3887 2241 3931 cem
2271 3868 2519 3942 coniugia
2537 3869 3022 3926 commutarentur.
3194 3906 3212 3935 κ
3366 3894 3377 3901 -
3522 3908 3529 3914 .

2192 3962 2435 4019 Gnostici
2459 3969 2687 4033 propter,
2705 3961 3081 4018 excellentiam
3102 3960 3344 4017 Scientia
3360 3964 3375 3992 κ
3387 3974 3447 4015 se
3494 3960 3571 4014 ita
3617 3974 3717 4029 ap-

2122 4056 2324 4128 pellare
2352 4055 2667 4121 voluerunt;
2694 4054 2930 4110 animam
2950 4062 3201 4109 naturam
3220 4052 3313 4108 Dei
3336 4066 3459 4125 esse
3482 4050 3673 4107 dicunt
3696 4067 3714 4117 ;

2122 4148 2324 4205 bonum
2353 4152 2406 4201 et
2442 4144 2643 4201 malum
2680 4144 2849 4199 Deum
2887 4143 3001 4199 suis
3036 4142 3374 4213 dogmatibus
3410 4141 3641 4212 lingunt.

2193 4238 2598 4309 Carpocratiani
2623 4252 2654 4292 a
2680 4236 3006 4307 Carpocrate
3042 4237 3276 4308 quodam
3303 4245 3587 4301 vocantur,
3619 4236 3717 4306 qui

2123 4330 2260 4387 dixit
2277 4328 2552 4385 Christum
2573 4327 2844 4385 hominem
2873 4326 3040 4384 fuisse
3062 4335 3294 4393 tantum,
3319 4336 3376 4382 et
3393 4326 3461 4382 de
3480 4336 3717 4396 utroque

2124 4435 2253 4476 sexu
2282 4418 2643 4490 progenitum.

2044 4535 2097 4596 D
2191 4527 2527 4586 Cerinthiani
2554 4543 2587 4583 a
2618 4527 2876 4584 Cerintho
2903 4527 3133 4597 quodam
3161 4525 3475 4598 nuncupati.
3527 4525 3595 4580 Hi
3630 4527 3716 4582 in-

2122 4631 2207 4678 ter
2250 4628 2443 4677 caetera
2486 4620 2956 4677 circumcisionem
2999 4620 3307 4686 observant,
3353 4619 3501 4675 mille
3540 4633 3716 4675 annos

2120 4720 2242 4785 post
2276 4713 2725 4769 resurrectionem
2748 4713 2804 4768 in
2833 4712 3107 4782 voluptate
3126 4713 3305 4768 carnis
3333 4711 3547 4776 futuros
3572 4726 3715 4781 pra-

2121 4803 2322 4858 dicant.
2366 4800 2519 4857 Unde
2556 4812 2611 4858 et
2652 4801 2843 4859 Graec
2880 4802 3141 4859 chiliasta
3184 4804 3478 4875 χιλιασταί,
3516 4802 3715 4859 Latine

2122 4893 2359 4950 milliasti
2389 4903 2515 4949 sunt
2540 4893 2812 4964 appellati.

2193 5004 2433 5060 Nazarai
2461 5006 2609 5070 dicti,
2640 4994 2734 5076 qui
2763 5007 2889 5062 dum
2914 5005 3212 5073 Christum,
3249 5007 3338 5077 qui
3372 5023 3400 5060 a
3437 5007 3558 5062 vico
3599 5005 3711 5061 Na-

2122 5114 2330 5154 zaraus
2354 5108 2437 5155 est
2457 5098 2776 5170 appellatus,
2808 5099 3005 5155 Filium
3038 5100 3133 5155 Dei
3158 5099 3541 5164 conﬁteantur,
3591 5115 3709 5155 orn-

2121 5191 2211 5245 nia
2237 5198 2416 5246 tamen
2445 5189 2642 5245 veteris
2664 5189 2798 5262 legis
2820 5190 3147 5246 custodiunt.

2192 5304 2400 5377 Ophita
2443 5320 2474 5360 a
2513 5304 2736 5361 colubra
2776 5307 3038 5365 nominati
3087 5314 3233 5380 sunt.
3292 5305 3526 5362 Coluber
3563 5306 3709 5360 enim

2120 5393 2308 5452 Graece
2333 5398 2440 5470 ὄφις
2466 5394 2683 5449 dicitur.
2727 5395 2923 5451 Colunt
2956 5397 3103 5452 enim
3150 5394 3482 5467 serpentem,
3528 5394 3710 5450 diceno

2115 5500 2198 5551 tes
2225 5490 2401 5561 ipsum
2429 5490 2483 5545 in
2506 5489 2757 5560 paradiso
2785 5491 3059 5547 induxisse
3078 5492 3295 5546 virtutis
3318 5489 3706 5560 cognitionem.

2184 5599 2491 5656 Valentiani
2518 5615 2549 5654 a
2582 5599 2864 5657 Valentino
2885 5602 3119 5672 quodam
3139 5601 3416 5661 Platonico
3437 5608 3711 5657 sectatorc

2112 5689 2291 5747 vocati
2323 5704 2338 5744 :
2366 5689 2689 5763 quia’l’uwc,
2723 5691 2776 5746 id
2804 5701 2887 5746 est
2913 5692 3109 5748 saecula
3151 5692 3399 5762 quadam
3446 5692 3500 5746 in
3543 5690 3715 5760 origi-

2113 5788 2239 5838 nem
2296 5780 2393 5836 Dei
2446 5781 2712 5837 creatoris
2754 5781 2983 5837 induxit.
3049 5782 3324 5837 Christum
3376 5794 3596 5852 quoque
3639 5779 3709 5834 de
