4002 6204
300 317 401 371 573
1104 313 1195 369 DE
1226 306 1667 369 CLERlCOBUM
1706 305 2211 374 INSTITUTIONE,
2249 308 2400 365 ETC.
2441 341 2512 353 —
2549 308 2675 364 LIB.
2713 308 2789 364 ιι..

3449 319 3591 374 5⁵Ξῖ

309 431 517 502 Virgine
567 428 702 484 nihil
751 430 992 498 corporis
1034 432 1414 500 assumpsisse,
1465 429 1561 485 sed
1612 443 1709 499 per
1756 441 1878 482 eam
1907 429 1960 489 Α
2050 425 2485 499 Hermogeniani,
2511 428 2579 481 ab
2600 428 2935 499 Hermogene
2962 429 3195 498 quodam
3224 433 3399 488 vocati
3428 449 3444 488 :
3472 438 3566 504 qui

300 521 448 592 quasi
483 534 583 589 per
612 518 845 572 ﬁstulam
878 519 1137 574 transisse
1171 522 1420 576 asseruit.

367 611 721 680 Apellitarum
765 626 980 681 quoque
1031 612 1243 681 Apelles
1291 614 1541 684 princeps
1594 612 1693 668 fuit
1734 631 1747 666 :
1790 612 1883 682 qui

300 712 621 766 creatorem,
654 701 900 781 angelum
929 703 1109 757 nescio
1130 718 1289 771 quem
1314 703 1605 775 gloriosum
1638 704 1883 773 superio-

302 796 371 848 ris
398 794 492 848 Dei
516 794 937 867 faciensthum
959 793 1094 865 legis
1119 795 1302 862 Israel,
1328 796 1476 850 illum
1502 797 1715 867 igneum
1744 793 1886 849 allir-

300 901 474 940 mans.
526 856 770 954 Apellitae
816 856 1045 954 quorum
1093 856 1563 957 auctor'Apellesv,
1605 886 1697 956 qui
1748 884 1886 940 dixit

298 976 577 1031 Christum
627 991 741 1029 non
785 974 954 1029 Deum
1001 976 1056 1030 in
1108 978 1358 1045 veritate,
1394 978 1490 1034 sed
1525 978 1793 1046 hominem
1828 974 1885 1029 in

298 1066 587 1136 phantasia
612 1065 949 1136 apparuisse.

369 1155 721 1212 Archontiaci
765 1171 795 1209 a
840 1155 1171 1225 principibus
1222 1157 1599 1227 appellantur:
1628 1157 1721 1227 qui
1766 1156 1887 1210 uni-

299 1247 617 1301 versitatem
657 1260 818 1315 quam
849 1243 992 1299 Deus
1019 1244 1294 1311 condidit,
1321 1261 1486 1315 opera
1513 1261 1634 1302 esse
1657 1245 1886 1301 archan-

300 1338 546 1408 gelorum
574 1335 889 1392 defendunt.
1731 1395 1737 1400 ,

370 1427 657 1483 Adamiani
697 1427 895 1493 vocati,
931 1427 1074 1497 quod
1098 1428 1229 1484 Adae
1254 1427 1539 1483 imitantur
1566 1428 1883 1493 nuditatem,

302 1520 445 1577 unde
471 1528 528 1577 et
553 1519 681 1575 nudi
705 1526 892 1585 erant,
928 1528 983 1577 et
1008 1520 1135 1575 nudi
1163 1519 1218 1574 in
1252 1534 1310 1576 se
1347 1526 1528 1575 mares
1568 1519 1886 1589 feminaeque

303 1610 649 1667 conveniunt.
914 1644 915 1651 η
1188 1671 1195 1678 ,

372 1700 599 1757 Cainani
639 1702 865 1771 proinde
887 1702 966 1758 sic
993 1701 1265 1772 appellati,
1305 1704 1558 1773 quoniam
1587 1702 1719 1759 Cain
1754 1704 1884 1759 adeo

304 1803 448 1849 rant.
552 1828 555 1831 <
1297 1845 1307 1856 .

375 1884 619 1941 Sethiani
649 1899 844 1940 nomen
873 1892 1198 1955 acceperunt
1216 1900 1245 1939 a
1269 1884 1378 1939 tilio
1402 1883 1594 1950 Adam,
1620 1885 1710 1955 qui
1731 1900 1887 1941 voca-

304 1987 394 2031 tus
418 1984 499 2030 est
521 1974 673 2041 Setb,
698 1976 940 2030 dicentes
959 1991 1081 2035 eum
1112 1991 1233 2032 esse
1255 1974 1550 2031 Christum.

375 2064 878 2120 Melebisedechiani
902 2065 1078 2120 vocati
1104 2081 1203 2135 pro
1230 2080 1294 2120 eo
1325 2066 1467 2134 quod
1502 2064 1887 2122 Melchisedech

304 2154 639 2208 sacerdotem
673 2153 788 2218 Dei,
821 2168 927 2208 non
957 2153 1232 2209 hominem
1262 2153 1448 2221 fuisse,
1491 2155 1585 2211 sed
1633 2154 1889 2227 virtutem

304 2240 400 2297 Dei
428 2243 779 2298 arbitrantur.

374 2331 565 2401 Angeli
588 2342 852 2387 vocantur
876 2331 967 2402 qui
999 2331 1216 2403 angelos
1244 2333 1449 2387 colunt.

374 2420 665 2490 Apostolici
704 2423 808 2477 hoc
843 2422 947 2477 sibi
980 2437 1174 2478 nomen
1201 2423 1323 2478 ideo
1351 2435 1723 2494 sumpserunt,
1744 2426 1890 2496 quod

304 2512 439 2567 nihil
458 2512 802 2582 possidentes
825 2514 1125 2584 proprium,
1149 2530 1489 2585 nequaquam
1512 2516 1775 2587 recipiunt
1796 2532 1891 2573 eos

305 2602 398 2671 qui
426 2601 606 2671 aliquo
630 2602 682 2656 in
712 2602 815 2657 hoc
837 2603 1038 2658 mundo
1068 2612 1309 2658 utuntur.

375 2692 701 2747 Cerdoniani
727 2708 759 2748 ει
784 2691 1025 2749 Cet-done
1051 2695 1284 2764 quodam
1324 2696 1586 2752 nominati
1618 2715 1632 2752 :
1661 2698 1755 2767 qui
1781 2698 1895 2755 duo

305 2785 578 2840 contraria
607 2785 870 2858 principia
894 2788 1155 2842 asseruit.

377 2872 736 2929 Marcionistae
769 2890 800 2930 a
831 2870 1102 2931 Marciane
1143 2874 1326 2933 Stoico
1362 2878 1679 2950 philosopho
1705 2881 1888 2952 appel-

304 2964 402 3019 lati
435 2982 449 3017 :
479 2965 570 3043 qui
608 2964 870 3022 Cerdonis
898 2968 1093 3040 dogma
1122 2976 1363 3035 secutus,
1401 2970 1631 3026 alterum
1662 2971 1887 3039 bonum,

305 3058 535 3114 alterum
554 3057 763 3127 justum
789 3059 957 3115 Deum
983 3063 1245 3130 asseruit;
1276 3072 1533 3135 tanquam
1557 3065 1663 3121 duo
1689 3067 1886 3137 princi-

304 3152 395 3221 pia
422 3151 685 3207 creatoris
711 3160 767 3207 et
792 3153 1066 3209 bonitatis.

379 3241 693 3297 Arroteritze
737 3242 806 3299 ab
845 3243 1118 3299 oblatione
1158 3247 1367 3313 vocati;
1414 3261 1610 3317 panem
1654 3247 1798 3303 enim
1837 3254 1895 3303 et

306 3347 526 3388 caseum
552 3330 785 3388 oll‘erunt
821 3332 1061 3389 dicentes
1089 3335 1279 3405 primis
1314 3337 1620 3392 hominibus
1656 3337 1889 3395 oblatio-

305 3440 434 3479 nem
476 3439 508 3477 a
554 3424 822 3481 fructibus
853 3433 1010 3480 terrae
1048 3434 1103 3482 et
1140 3442 1172 3482 a
1214 3426 1479 3485 fluctibus
1506 3428 1687 3485 ovium
1724 3427 1893 3486 fuisse

305 3515 658 3570 celebratam.
1483 3541 1516 3554 -

377 3603 604 3673 Aquarii
632 3605 913 3676 appellati,
950 3622 1016 3663 eo
1043 3609 1187 3679 quod
1225 3623 1421 3678 aquam
1451 3610 1621 3666 solam
1658 3610 1895 3667 olIerunt

305 3695 363 3749 in
393 3695 559 3750 calice
585 3697 933 3752 sacramenti.

381 3786 684 3853 Severiani,
717 3804 748 3842 a
782 3787 982 3845 Severo
1018 3791 1212 3856 exorti,
1244 3792 1428 3845 vinum
1453 3808 1561 3847 non
1597 3793 1807 3859 bibunt,
1838 3803 1893 3849 et

302 3880 478 3935 Vetus
491 3879 917 3947 Testamentum,
932 3889 986 3936 et
1005 3882 1455 3937 resurrectionem
1478 3899 1582 3938 non
1606 3884 1889 3952 recipiunt.

380 3971 593 4025 Tatiani
613 4012 629 4036 ,
661 3987 693 4026 a
718 3969 948 4027 Tatiano
976 3975 1207 4043 quodam
1233 3975 1442 4040 vocati,
1474 3976 1564 4045 qui
1599 3983 1654 4029 et
1687 3975 1895 4031 Encra-

307 4064 428 4119 tita:
449 4063 598 4129 dicti,
629 4064 755 4133 quia
783 4078 975 4119 carnes
1004 4065 1399 4122 abominantur.

378 4151 557 4222 Alogii
586 4159 848 4207 vocantur
881 4160 1132 4222 tanquam
1160 4154 1274 4210 sine
1309 4157 1503 4221 verbo;
1541 4156 1692 4227 logos
1721 4156 1890 4223 enim,

302 4247 454 4319 λόγος
481 4242 691 4309 Gnece,
731 4246 954 4299 verbum
997 4245 1223 4311 dicitur;
1272 4246 1440 4301 Deum
1484 4248 1627 4303 enim
1669 4249 1891 4303 verbum

303 4352 419 4392 non
442 4337 695 4403 credunt,
719 4336 1033 4408 respuentes
1055 4336 1275 4394 Joannis
1304 4340 1649 4411 Evangelium
1672 4350 1727 4397 et
1749 4341 1891 4413 Apo-

302 4425 392 4481 cal
396 4427 574 4496 ypsin.

379 4514 739 4587 Cataphrygis
765 4530 958 4589 nomen
1001 4518 1273 4591 provincia
1302 4517 1528 4590 Phrygis
1557 4520 1699 4576 dedit
1720 4556 1745 4587 ,ν
1766 4522 1892 4592 quia

300 4606 380 4661 ibi
410 4606 735 4661 exstiterunt
762 4615 1013 4661 auctores
1041 4623 1245 4663 eorum.

380 4694 692 4762 Montanus,
720 4695 907 4751 Prisca
939 4708 994 4751 et
1024 4696 1313 4752 Maximilla
1341 4697 1558 4754 fuerunt
1583 4717 1595 4752 :
1630 4700 1666 4754 ii
1694 4702 1893 4755 adven-

303 4796 425 4842 tum
453 4782 687 4854 Spiritus
711 4772 885 4842 sancti
912 4802 1018 4841 non
1043 4787 1096 4842 in
1122 4788 1411 4858 apostolos,
1438 4786 1532 4843 sed
1559 4790 1611 4843 in
1642 4805 1700 4845 se
1727 4792 1892 4846 tradi-

302 4888 425 4931 tum
454 4885 725 4937 asserunt.

376 4967 603 5022 Cathari
636 4977 860 5040 propter
887 4969 1203 5025 munditiam
1233 4969 1307 5025 ita
1351 4986 1410 5026 se
1444 4970 1886 5037 nominaverunt;

302 5059 607 5130 gloriantes
634 5060 779 5115 enim
804 5059 871 5115 de
896 5060 1009 5116 suis
1035 5061 1263 5127 meritis,
1286 5068 1482 5132 negant
1505 5062 1892 5132 pmnitcntibus

301 5151 524 5206 veniam
564 5161 942 5222 peccatorum;
984 5154 1172 5210 viduas
1206 5154 1252 5209 si
1283 5156 1591 5224 nupserint,
1632 5163 1888 5225 tanquam

300 5240 585 5297 adulteras
607 5241 894 5308 damnant;
923 5244 1230 5299 mundiores
1252 5258 1310 5298 se
1329 5244 1540 5299 caeteris
1563 5244 1884 5314 prtedicant;

297 5332 401 5402 qui
433 5347 629 5386 nomen
659 5347 814 5388 suum
841 5332 886 5387 si
916 5348 1241 5403 cognoscere
1266 5332 1483 5400 vellent,
1509 5332 1806 5397 mundanos
1833 5348 1892 5388 se

296 5420 490 5494 potius
520 5436 682 5490 quam
712 5422 942 5477 mundos
969 5430 1244 5477 vocarent.

378 5510 624 5566 Pauliani
644 5552 660 5578 ,
690 5527 721 5566 a
749 5511 918 5568 Paulo
948 5512 1301 5569 Samosateno
1328 5503 1503 5568 exorti
1530 5519 1674 5577 sunt,
1698 5500 1787 5581 qui
1813 5512 1892 5567 di-

296 5603 386 5657 xit
427 5616 535 5655 non
570 5616 787 5672 semper
819 5601 985 5661 fuisse
1009 5602 1313 5671 Christum,
1350 5603 1445 5660 sed
1484 5618 1514 5657 a
1551 5601 1717 5657 Maria
1746 5617 1889 5657 sum-

295 5692 482 5765 psisse
507 5691 743 5748 initium.
904 5762 915 5765 _
1263 5710 1274 5721 ο

1916 4467 1971 4527 D

1985 516 2270 570 materiam
2316 531 2424 570 non
2474 525 2657 570 natam
2704 517 3073 584 introducens,
3119 518 3231 575 Deo
3277 536 3384 576 non
3438 535 3567 580 nato

1984 620 2106 661 eam
2140 607 2506 675 comparavit,
2546 615 2885 678 matremque
2912 607 3299 665 elementorum
3325 620 3381 667 et
3410 613 3566 669 deam

1984 698 2238 764 asseruit,
2295 713 2432 769 quos
2475 698 2766 769 Apostolus
2810 700 3078 771 improbat
3124 702 3407 760 elementis
3451 721 3566 762 ser-

1985 790 2212 844 vientes.

2056 877 2333 933 Manichcei
2364 894 2392 933 a
2417 880 2648 949 quodam
2671 879 2836 936 Persa
2861 882 3208 950 exstiterunt,
3230 886 3321 955 qui
3346 894 3569 944 vocatus

1984 974 2068 1022 est
2096 966 2297 1023 Manes.
2331 966 2430 1023 llic
2458 970 2590 1023 duas
2627 977 2853 1025 naturas
2888 980 2940 1025 et
2971 973 3301 1028 substantias
3326 975 3569 1031 introdu~

1985 1058 2081 1122 xit,
2115 1057 2168 1112 id
2195 1067 2279 1114 est
2303 1058 2501 1115 bonam
2527 1068 2581 1115 et
2604 1059 2834 1126 malam,
2863 1069 2917 1115 et
2944 1063 3153 1118 animas
3181 1079 3249 1119 ex
3276 1065 3387 1121 Deo
3416 1066 3569 1135 quasi

1986 1162 2052 1204 ex
2074 1147 2255 1218 aliquo
2276 1147 2423 1203 fonte
2444 1164 2665 1203 manare
2688 1151 2949 1217 asseruit;
2979 1153 3144 1209 Vetus
3165 1152 3569 1212 Testamentum

1986 1238 2210 1307 respuit,
2243 1237 2447 1292 Novum
2477 1254 2543 1292 ex
2569 1248 2727 1308 parte
2750 1240 2959 1309 recipit.

2056 1330 2349 1385 Canoniani
2379 1330 2569 1386 Latine
2597 1332 2714 1389 sine
2739 1333 2857 1404 lege
2884 1333 3153 1389 dicuntur.

2055 1420 2624 1494 Anthropomorphitxe
2653 1426 2817 1493 dicti,
2844 1444 2940 1498 pro
2969 1445 3034 1484 eo
3057 1431 3198 1500 quod
3228 1432 3571 1502 simplicitate

1987 1513 2186 1567 rustica
2216 1513 2384 1569 Deum
2412 1516 2644 1571 humana
2682 1520 2923 1574 membra
2952 1522 3174 1587 habere,
3201 1538 3321 1592 qua:
3354 1523 3409 1577 in
3436 1523 3572 1578 divi—

1985 1607 2070 1661 nis
2096 1608 2294 1677 scripta
2316 1617 2461 1675 sunt,
2484 1612 2845 1677 arbitrantur;
2871 1615 3168 1683 antbropos
3192 1615 3356 1679 enim,
3385 1615 3573 1671 Graece

1986 1695 2280 1773 ἅνθρωπος,
2333 1698 2523 1755 Latine
2576 1701 2737 1756 homo
2792 1701 3209 1771 interpretatur;
3264 1696 3611 1775 ignorantes

1988 1807 2176 1846 vocem
2202 1793 2444 1859 Domini,
2482 1794 2573 1863 qui
2600 1795 2713 1848 ait:
2745 1792 2977 1864 Spiritus
3004 1794 3146 1850 Dez‘ts
3182 1806 3277 1850 est.
3321 1795 3575 1866 Incorpo-

1988 1897 2115 1938 reus
2141 1892 2223 1938 est
2250 1885 2415 1949 enim,
2440 1899 2541 1940 nec
2566 1885 2828 1940 membris
2854 1884 3224 1957 distinguitur,
3260 1902 3359 1942 nec
3382 1902 3574 1958 corpo«

1989 1972 2065 2027 ris
2090 1972 2228 2027 mole
2252 1984 2523 2029 censetur.

2060 2059 2346 2118 Heraclitae
2381 2064 2450 2119 ab
2484 2063 2755 2119 Heraclito
2778 2073 3001 2121 auctore
3024 2065 3233 2131 exorti,
3279 2067 3573 2123 monachos

1990 2156 2199 2204 tantum
2225 2151 2512 2221 recipiunt,
2541 2152 2787 2223 conjugia
2814 2162 3092 2224 respuunt,
3120 2169 3285 2226 regna
3311 2155 3571 2210 etelorum

1988 2239 2244 2309 parvulos
2272 2241 2473 2295 habere
2499 2256 2604 2295 non
2635 2243 2879 2297 credunt.

2059 2329 2342 2386 Novatiani
2369 2348 2401 2386 a
2422 2331 2628 2387 Novato
2649 2332 2834 2388 Romae
2854 2332 3005 2389 urbis
3028 2322 3345 2404 presbvtero
3370 2332 3570 2399 exorti,

1989 2420 2082 2491 qui
2109 2420 2368 2477 adversus
2391 2420 2699 2477 Cornelium
2725 2424 3042 2479 cathedram
3064 2424 3454 2479 sacerdotalem
3476 2439 3573 2479 co-
3646 2410 3653 2435 ³

1990 2518 2150 2565 natus
2178 2511 2431 2567 invadere
2477 2512 2725 2567 haeresim
2766 2514 3016 2581 instituit,
3066 2514 3255 2570 nolens
3299 2524 3575 2587 apostatas

1990 2601 2288 2671 suscipere,
2317 2610 2372 2656 et
2399 2602 2742 2671 rebaptizans
2766 2604 3088 2673 baptizatos.

2061 2690 2297 2745 Montani
2332 2691 2570 2746 hreretici
2598 2691 2759 2756 dicti,
2794 2693 2935 2762 quod
2966 2702 3207 2763 tempore
3241 2695 3574 2764 persecutio-

1990 2783 2081 2838 nis
2119 2783 2173 2837 in
2216 2783 2485 2838 montibus
2509 2783 2814 2848 latuerunt,
2851 2800 2955 2854 qua
2986 2784 3270 2840 occasione
3300 2801 3360 2841 se
3385 2800 3416 2840 a
3445 2801 3571 2842 cor-

1989 2888 2123 2946 pore
2145 2874 2422 2931 catholicae
2445 2875 2700 2930 Ecclesia:
2728 2876 3047 2932 diviserunt.

2060 2964 2325 3022 Ebionitae
2354 2966 2422 3021 ab
2452 2966 2655 3021 Ebione
2684 2965 2833 3031 dicti,
2860 2967 2973 3021 sive
3000 2983 3028 3021 a
3058 2976 3394 3039 paupertate.
3417 2968 3575 3025 Chri-

1990 3067 2133 3114 stum
2162 3059 2306 3114 enim
2334 3074 2432 3129 per
2460 3066 2774 3129 provectum
2799 3059 2970 3115 solum
2992 3060 3197 3131 justum
3234 3069 3425 3131 putant
3449 3062 3576 3117 etl‘e-

1993 3159 2160 3206 ctum.
2196 3149 2347 3206 Unde
2378 3160 2748 3221 competenter
2772 3150 2995 3206 Ebionei
3024 3166 3122 3221 pro
3155 3161 3469 3223 paupertate
3496 3153 3577 3206 in-

1992 3238 2301 3311 telligentia:
2322 3236 2576 3308 appellati
2605 3246 2748 3293 sunt.
2789 3237 2856 3291 lli
2901 3237 3194 3307 semijudaei
3222 3248 3375 3306 sunt,
3416 3249 3471 3295 et
3500 3241 3576 3295 ita

1992 3330 2179 3385 tenent
2203 3328 2573 3409 Evangelium,
2607 3335 2668 3382 ut
2701 3328 2871 3399 legem
2897 3329 3188 3385 carnaliter
3210 3339 3448 3395 servent,
3478 3330 3573 3385 ad-

1991 3434 2181 3474 versus
2206 3433 2341 3489 quos
2366 3418 2433 3472 ad
2453 3416 2674 3473 Galatas
2702 3418 2990 3490 Apostolus
3017 3421 3263 3475 scribens
3287 3422 3573 3476 invenitur.

2062 3509 2369 3564 Photiniani
2413 3524 2443 3562 a
2487 3506 2720 3562 Photino
2750 3507 3157 3564 Gallo-Graecia:
3206 3508 3433 3582 Syrmite
3461 3511 3576 3580 epi-

1993 3616 2157 3671 scopo
2178 3602 2493 3671 nuncupati,
2512 3600 2601 3669 qui
2618 3600 2990 3654 Ebionitarum
3016 3601 3263 3656 haeresim
3287 3602 3573 3665 suscitans,

1993 3695 2224 3750 asseruit
2252 3693 2524 3771 Christum
2556 3709 2586 3747 a
2624 3691 2793 3747 Maria
2820 3708 2917 3762 per
2943 3691 3141 3762 Joseph
3176 3695 3402 3762 nuptiali
3429 3696 3576 3750 coitu

1992 3785 2159 3842 fuisse
2188 3793 2528 3855 conceptum.

2064 3876 2274 3932 Λειθίαηί
2299 3878 2364 3931 ab
2385 3875 2537 3931 ΑΞι-ἰο
2559 3875 2790 3944 quodam
2812 3874 3103 3947 nuncupati
3126 3882 3280 3929 sunt:
3304 3873 3359 3927 hi
3383 3870 3576 3929 olTerre

1994 3967 2317 4025 sacriﬁcium
2346 3982 2445 4035 pro
2477 3964 2744 4020 defunctis
2773 3972 3051 4033 spernunt.

2064 4056 2281 4112 Ethiani
2309 4057 2377 4112 ab
2402 4054 2561 4111 Etbio
2590 4062 2717 4109 sunt
2743 4053 2941 4118 vocati,
2979 4054 3228 4121 idemque
3255 4051 3573 4105 Eunomiani

1993 4152 2062 4207 ab
2096 4149 2357 4205 Eunomio
2395 4146 2626 4219 quodam
2649 4146 2954 4209 dialectico,
2998 4144 3141 4198 Ethii
3190 4144 3473 4211 discipulo,
3507 4159 3573 4196 ex

1993 4242 2144 4312 cujus
2173 4241 2389 4296 nomine
2423 4240 2594 4309 magis
2634 4238 3017 4296 innotuernnt,
3069 4233 3382 4289 dissimilem
3428 4232 3576 4287 Patri

1993 4339 2298 4390 asserentes
2319 4331 2537 4395 Filium,
2571 4337 2626 4383 et
2651 4327 2789 4382 Filio
2811 4325 3073 4396 Spiritum
3101 4336 3369 4390 sanctum,
3392 4325 3577 4380 dicunt

1995 4425 2157 4480 etiam
2190 4423 2394 4477 nullum
2420 4418 2673 4490 imputari
2697 4426 2981 4489 peccatum
3012 4418 3063 4472 in
3087 4418 3189 4472 ﬁde
3220 4417 3572 4472 manentium.

2065 4512 2378 4585 Origeniani
2416 4511 2482 4566 ab
2507 4509 2739 4579 Origene
2766 4515 2989 4562 auctore
3017 4507 3190 4562 exorti
3218 4515 3361 4572 sunt,
3392 4505 3577 4561 dicen-

1997 4615 2081 4661 tes
2104 4604 2245 4675 quod
2276 4619 2381 4659 non
2407 4601 2580 4674 possit
2606 4600 2774 4655 Filius
2800 4600 2982 4654 videre
3005 4598 3241 4658 Patrem,
3273 4613 3373 4652 nec
3403 4596 3575 4665 Spiri-

1994 4705 2083 4751 tus
2110 4702 2329 4750 sanctus
2356 4693 2583 4758 Filium;
2616 4691 2825 4749 animas
2845 4704 3059 4769 quoque
3085 4689 3138 4751 in
3166 4687 3348 4741 mundi
3371 4688 3572 4757 princi-

1995 4787 2084 4857 pio
2111 4785 2294 4840 dicunt
2315 4798 2590 4853 peccasse,
2627 4790 2683 4836 et
2708 4797 2805 4851 pro
2835 4779 3147 4834 diversitate
3175 4786 3515 4848 peccatorum
3546 4791 3577 4830 e

1996 4875 2148 4931 caelis
2174 4889 2341 4943 usque
2369 4874 2435 4927 ad
2461 4884 2661 4928 terram
2690 4872 2901 4926 diversa
2927 4885 3153 4940 corpora
3180 4870 3335 4940 quasi
3366 4868 3574 4923 vincula

1993 4966 2275 5031 meruisse,
2307 4979 2477 5033 eaque
2503 4964 2569 5019 de
2593 4978 2757 5018 causa
2785 4962 2989 5018 factum
3019 4962 3185 5017 fuisse
3211 4960 3489 5015 mundum.

2065 5053 2309 5108 Noetiani
2356 5068 2387 5106 a
2441 5053 2676 5122 quodam
2720 5050 2911 5108 Noetio
2949 5051 3157 5116 vocati,
3190 5049 3283 5117 qui
3324 5047 3577 5103 dicebant

1994 5145 2265 5207 Christum
2284 5145 2529 5200 eumdem
2553 5158 2672 5199 esse
2691 5142 2908 5198 Patrem
2932 5150 2987 5197 et
3013 5141 3272 5208 Spiritum
3302 5144 3569 5193 sanctum.

1994 5239 2273 5309 ipsamque
2293 5236 2611 5291 Trinitatem
2642 5235 2693 5290 in
2710 5234 3004 5290 olliciorum
3022 5224 3351 5295 nominibus,
3379 5243 3486 5282 non
3516 5227 3570 5282 in

1994 5329 2271 5400 personis,
2313 5328 2586 5397 accipiunt
2626 5346 2639 5381 :
2675 5328 2816 5381 unde
2859 5332 2915 5379 et
2957 5320 3344 5393 Patripassiani
3376 5333 3572 5374 vocan-

2000 5427 2104 5482 tur,
2134 5419 2259 5488 quia
2286 5417 2502 5472 Patrem
2526 5430 2742 5486 passum
2773 5414 2976 5468 dicunt.

2069 5507 2358 5564 Sabelliani
2388 5505 2456 5560 ab
2495 5505 2683 5559 eodem
2726 5501 2915 5557 Noetio
2958 5499 3251 5571 pullulasse
3292 5497 3570 5562 dicuntur,

2000 5601 2153 5671 cujus
2185 5597 2504 5666 discipulum
2528 5593 2811 5665 perhibent
2841 5590 3005 5646 fuisse
3034 5590 3346 5656 Sabellium,
3382 5605 3447 5645 ex
3478 5605 3576 5645 cu-

1996 5690 2084 5759 jus
2116 5689 2330 5745 nomine
2358 5684 2588 5741 maxime
2621 5683 3003 5751 innotuernnt,
3036 5682 3177 5741 unde
3202 5690 3256 5739 et
3282 5680 3571 5739 Sabelliani
