4002 6204
424 323 532 379 575

1067 326 1128 380 B.
1170 324 1425 381 RABAM
1465 325 1682 383 MAURI
1720 326 2038 385 ARCHlEP.
2082 329 2388 388 MOGL’NT.
2427 332 2713 391 OPERUM
2751 332 2931 391 PARS
2968 336 3011 390 1.

3572 346 3669 402 376

414 440 592 496 vocati
635 448 760 495 sunt
801 460 814 495 :
855 441 912 496 hi
954 454 1117 496 unam
1151 456 1436 511 personam
1478 440 1654 497 Patris
1692 451 1746 498 et
1791 442 1909 498 Filii
1949 451 2002 498 et
2028 446 2077 504 A
2106 453 2218 499 tum
2265 446 2537 502 Christum
2586 447 2719 503 alios
2767 449 2988 504 Mariam
3037 448 3172 507 ﬁlios
3216 452 3285 508 de
3324 453 3441 509 vim
3482 455 3673 528 Ioseph

415 530 651 600 Spiritus
679 530 853 585 sancti
885 538 1151 585 astruunt.

484 622 673 676 Ariani
704 621 772 676 ab
808 621 940 676 Ario
978 621 1346 677 Alexandrino
1374 624 1689 694 presbytero
1718 624 1823 679 orti
1851 633 1994 690 sunt,

412 714 504 782 qui
532 722 860 769 coaeternum
885 713 1032 768 Patri
1062 713 1254 768 Filium
1282 730 1387 769 non
1415 716 1998 785 agnoscens,-diversas

411 804 463 857 in
499 803 765 857 Trinitate
806 804 1138 859 substantias
1179 806 1439 871 asseruit,
1475 815 1666 860 contra
1695 806 1825 860 illud
1854 808 1996 876 quod

411 897 486 951 ait
511 897 771 951 Dominus
795 915 809 949 :
836 896 950 967 Ego
978 907 1026 950 et
1054 894 1217 950 Pater
1234 913 1397 951 unum
1426 913 1605 952 sumus
1636 896 1817 967 (Joan.
1841 898 1920 969 ι).

478 985 843 1041 Macedoniani
881 1001 911 1039 a
937 985 1249 1041 Macedonio
1269 985 1862 1055 Constantinopolitano
1880 987 1994 1057 epi-

406 1092 569 1146 scopo
597 1078 726 1132 dicti
763 1084 904 1141 sunt,
945 1084 1203 1147 negantes
1231 1076 1400 1132 Deum
1427 1092 1546 1133 esse
1582 1076 1841 1148 Spiritum
1869 1094 1994 1133 san-

405 1179 573 1224 ctum.

477 1261 875 1332 Apollinaristae
909 1262 976 1316 ab
1013 1259 1310 1330 Apollinari
1343 1261 1519 1316 vocati
1559 1268 1717 1326 sunt,
1749 1262 1991 1317 dicentes

404 1354 679 1409 Christum
709 1368 904 1422 corpus
926 1352 1296 1408 tantummodo
1316 1351 1434 1408 sine
1458 1352 1640 1407 anima
1663 1352 1984 1422 suscepisse.

470 1443 930 1499 Antidicomaritaa
953 1442 1205 1512 appellati
1230 1451 1374 1509 sunt,
1421 1457 1522 1514 pro
1547 1458 1615 1498 eo
1638 1443 1779 1514 quod
1804 1443 1988 1499 Maria:

397 1536 697 1607 virginitati
732 1535 1142 1601 contradicunt,
1186 1544 1493 1591 asserentes
1520 1550 1643 1591 eam
1670 1544 1793 1605 post
1824 1535 1984 1592 Chri-

397 1636 540 1681 stum
571 1635 755 1681 natum
781 1627 899 1681 viro
925 1643 1023 1682 suo
1049 1627 1215 1682 fuisse
1240 1628 1611 1683 commistam.

468 1717 950 1788 Mctangismonitae
973 1718 1095 1773 ideo
1122 1717 1228 1773 tale
1253 1732 1448 1773 nomen
1477 1726 1801 1789 acceperunt
1817 1758 1831 1784 ,
1858 1719 1983 1788 quia

2101 551 2392 607 peperisse.

2168 627 2478 683 Paterniani
2503 644 2532 683 a
2556 629 2789 686 Paterno
2811 632 3042 701 quodam
3065 635 3262 701 exorti,
3284 638 3373 707 qui
3397 637 3677 696 inferiores

2099 720 2341 788 corporis
2368 729 2551 790 partes
2573 737 2602 775 a
2633 721 2847 779 diabolo
2875 722 3044 779 factas
3070 725 3374 795 opinantur.

2167 808 2385 863 Arabici
2421 811 2731 880 nuncupati,
2764 826 2830 867 eo
2855 814 2999 882 quod
3026 815 3079 868 in
3105 813 3304 877 Arabia
3328 820 3501 873 exorti
3530 831 3670 888 sunt,

2095 895 2337 953 dicentes
2362 899 2598 954 animam
2627 917 2746 955 cum
2777 916 3003 972 corpore
3032 905 3190 972 mori,
3221 914 3381 976 atque
3408 908 3463 964 in
3495 912 3671 968 novis‘

2094 987 2231 1042 simo
2254 996 2543 1059 utrumque
2567 1006 2867 1063 resurgere.

2164 1077 2579 1135 Tertullianista:
2607 1081 2734 1136 dicti
2759 1097 2792 1159 ξι
2814 1082 3165 1147 Tertulliano,
3198 1087 3514 1158 presbytero
3534 1088 3672 1144 Arri-

2092 1183 2240 1222 cana:
2274 1172 2561 1238 provincia:
2584 1181 2637 1226 et
2676 1172 2914 1228 civitatis
2937 1173 3398 1246 Carthaginensis,
3437 1180 3669 1234 animam

2091 1256 2453 1314 immortalem
2482 1274 2633 1327 esse,
2684 1262 2779 1317 sed
2820 1277 3137 1333 corpoream
3180 1267 3569 1335 praedicantes,
3613 1278 3670 1323 ct

2090 1345 2300 1399 animas
2331 1347 2608 1403 hominum
2645 1358 3020 1419 peccatorum,
3059 1361 3183 1424 post
3223 1362 3450 1411 mortem
3477 1358 3533 1413 in
3563 1358 3666 1414 daa-

2088 1452 2276 1493 mones
2298 1440 2538 1494 converti
2568 1449 2841 1510 putantes.

2158 1525 2648 1583 Tessarodecaditae
2682 1529 2845 1597 dicti,
2888 1533 3032 1602 quod
3070 1543 3262 1605 quarta
3291 1535 3498 1592 decima
3540 1537 3663 1595 luna

2085 1616 2283 1684 pascha
2321 1632 2442 1672 cum
2476 1617 2675 1675 Judzeis
2710 1622 3103 1679 observandum
3132 1628 3493 1694 contendunt;
3538 1645 3659 1684 nam

2086 1714 2292 1760 tessara
2318 1716 2570 1776 quatuor,
2588 1711 2737 1765 'deca
2763 1712 2947 1768 decem
2977 1714 3261 1786 signiﬁcat.

395 1824 582 1880 auges,
623 1808 777 1883 ἄγγος
814 1808 1024 1875 Graece,
1056 1823 1153 1864 vas
1181 1808 1398 1863 dicitur.
1431 1806 1696 1863 Asserunt
1724 1810 1868 1864 enim
1896 1810 1976 1866 sic
2008 1792 2053 1854 Β
2148 1793 2411 1866 Ν)ὀ¹³¹ἐ8
2442 1815 2472 1853 ³
2504 1814 2694 1857 somno
2720 1805 3044 1872 nuncupati.
3074 1807 3215 1876 (100d
3247 1809 3456 1881 Vigilias
3489 1814 3661 1868 noctis

394 1917 514 1958 esse
541 1903 595 1960 in
623 1910 779 1972 patre
806 1900 1000 1956 Filium
1018 1940 1033 1967 ,
1072 1909 1331 1970 tanquam
1357 1915 1453 1955 vas
1488 1900 1669 1956 minus
1710 1900 1853 1955 intra
1881 1916 1980 1957 vas

395 1993 589 2064 majus.

459 2081 751 2138 Patriciani
778 2098 809 2137 a
838 2082 1073 2152 quodam
1098 2080 1338 2139 Patricio
1372 2084 1666 2154 nuncupati
1697 2093 1853 2152 sunt,
1883 2086 1977 2158 qui

390 2172 750 2229 substantiam
774 2174 1025 2229 humanae
1048 2172 1230 2229 carnis
1256 2188 1287 2227 a
1314 2172 1530 2249 diabolo
1555 2177 1827 2233 conditam
1853 2193 1976 2235 esse

388 2264 591 2319 dicunt.

456 2352 784 2410 Colinthiani
818 2369 849 2409 a
877 2356 1113 2425 quodam
1145 2355 1395 2413 Colintho
1429 2358 1723 2426 nominati,
1766 2362 1858 2432 qui
1893 2362 1974 2419 di-

385 2452 515 2498 cunt
562 2444 728 2498 Deum
771 2458 879 2498 non
921 2442 1104 2499 facere
1147 2446 1382 2511 malum,
1431 2457 1623 2503 contra
1664 2449 1791 2505 illud
1829 2452 1973 2521 quod

384 2534 645 2605 scriptum
665 2541 779 2589 est:
805 2533 919 2605 Ego
940 2534 1199 2591 Dominus
1222 2552 1404 2592 creans
1427 2538 1623 2592 malum
1647 2539 1800 2612 (Isai.
1820 2542 1967 2615 XLV).

455 2626 693 2682 Floriani
739 2643 771 2681 a
813 2626 1052 2694 Florino,
1088 2629 1180 2697 qui
1212 2644 1243 2684 e
1270 2631 1546 2687 contrario
1578 2633 1764 2689 dicunt
1798 2634 1969 2691 Deum

382 2731 595 2773 creasse
626 2716 797 2783 mala,
834 2725 1025 2775 contra
1061 2718 1117 2773 id
1156 2720 1303 2790 quod
1343 2722 1605 2793 scriptum
1641 2732 1727 2779 est
1766 2743 1779 2779 :
1820 2724 1968 2783 Fecit

382 2807 521 2862 Deus
549 2808 722 2862 omnia
748 2808 902 2863 bona.

452 2899 750 2953 Donatistae
778 2914 808 2953 a
836 2899 1045 2957 Donato
1079 2901 1314 2971 quodam
1351 2902 1484 2960 Afro
1513 2907 1807 2977 nuncupati
1828 2949 1843 2973 ,
1873 2909 1966 2978 qui

380 2992 446 3045 de
482 2988 733 3045 Numidia
762 2990 1004 3057 veniens,
1037 2999 1207 3047 totam
1250 3008 1389 3063 pene
1417 2993 1655 3051 Africam
1700 3014 1799 3053 sua
1842 3015 1967 3070 per-

380 3079 633 3134 suasione
672 3080 882 3149 decepit
910 3098 923 3133 :
958 3096 1211 3138 asserens
1238 3084 1503 3140 minorem
1546 3086 1707 3143 Patre
1736 3089 1962 3157 Filium,

2082 1895 2357 1955 respuant,
2380 1891 2819 1958 superstitionem
2842 1907 2961 1949 esse
2982 1894 3240 1962 dicentes,
3261 1897 3383 1967 jura
3409 1903 3660 1960 temerari

2080 1976 2198 2043 Dei,
2230 1980 2321 2048 qui
2351 1990 2561 2037 noctem
2590 1984 2655 2039 ad
2686 1987 2925 2057 requiem
2950 1989 3157 2045 tribuit.

2149 2069 2421 2142 Pelagiani
2461 2089 2492 2129 a
2528 2074 2747 2147 Pelagio
2776 2080 3041 2135 monacho
3073 2083 3268 2138 exorti.
3316 2084 3381 2140 Hi
3426 2085 3657 2145 liberum

2078 2163 2358 2219 arbitrium
2385 2165 2581 2223 divina:
2606 2169 2790 2238 gratia:
2841 2178 3205 2242 anteponunt,
3240 2174 3480 2235 dicentes
3514 2181 3658 2236 suni-

2076 2268 2201 2309 cere
2222 2255 2547 2312 voluntatem
2577 2259 2645 2313 ad
2670 2258 2935 2328 implenda
2965 2261 3142 2317 divina
3163 2263 3331 2334 jussa.

2144 2345 2446 2405 Nestoriani
2470 2366 2500 2404 a
2526 2350 2773 2407 Nestorio
2793 2351 3384 2425 Constantinopolitano
3405 2359 3656 2433 episcopo

2074 2439 2386 2509 nuncupati,
2413 2440 2505 2509 qui
2532 2441 2746 2496 beatam
2765 2441 3026 2514 virginem
3047 2443 3265 2500 Mariam
3294 2463 3401 2503 non
3425 2447 3542 2515 Dei,
3561 2451 3654 2506 sed

2074 2528 2311 2586 hominis
2341 2534 2711 2589 tantummodo
2739 2536 2973 2591 asseruit
3006 2537 3320 2607 genitricem
3341 2580 3357 2605 ,
3397 2550 3456 2594 ut
3491 2540 3652 2596 aliam

2070 2633 2361 2688 personam
2395 2617 2595 2688 carnis,
2634 2622 2795 2678 aliam
2834 2622 3040 2680 faceret
3073 2625 3317 2694 deitatis;
3355 2644 3456 2684 nec
3484 2646 3652 2686 unum

2070 2705 2346 2763 Christum
2383 2709 2437 2763 in
2468 2711 2647 2766 Verbo
2675 2710 2772 2766 Dei
2805 2719 2859 2766 et
2887 2727 3050 2768 carne
3077 2714 3339 2781 credidit,
3374 2717 3467 2771 sed
3497 2733 3654 2790 sepa-

2070 2799 2230 2854 ratim
2259 2808 2420 2871 atque
2453 2799 2760 2871 sejunctim,
2787 2802 3017 2859 alterum
3044 2802 3242 2861 Filium
3270 2806 3386 2874 Dei,
3416 2809 3650 2866 alterum

2071 2888 2239 2946 ﬁlium
2268 2891 2502 2947 hominis
2528 2893 2860 2964 praedicavit.
3004 2952 3009 2957 ,

2139 2983 2457 3056 Eutychiaui
2480 2986 2548 3041 ab
2566 2986 2809 3057 Eutyche
2823 2985 3416 3059 Constantinopolitano
3434 2990 3647 3059 abbate,

2069 3075 2163 3144 qui
2186 3073 2461 3131 Christum
2487 3085 2609 3147 post
2651 3077 2942 3133 humanam
2970 3079 3391 3148 assumptionem
3434 3083 3651 3153 negavit

378 3178 434 3225 et
460 3171 723 3227 minorem
753 3148 891 3227 Filio
920 3168 1183 3242 Spiritum
1209 3182 1459 3231 sanctum
1478 3220 1493 3247 ,
1528 3185 1586 3233 et
1619 3148 1965 3250 rebaptizans
1993 3148 2037 3211 Ο
2068 3166 2302 3222 θιίδῑενθ
2325 3167 2390 3223 de
2412 3168 2620 3224 duabus
2643 3169 2881 3237 naturis.
2918 3170 3011 3225 Sed
3036 3170 3209 3226 501nm
3237 3171 3293 3227 in
3318 3186 3383 3228 εο
3410 3173 3649 3228 (“Villam

379 3264 694 3321 catholicos.

447 3356 731 3413 Bonosaici
768 3373 798 3412 a
835 3358 1044 3414 Bonoso
1078 3359 1310 3429 quodam
1341 3360 1593 3432 episcopo
1622 3364 1798 3419 exorti
1833 3379 1962 3435 pro-

332 3494 337 3499 .
382 3446 605 3518 duntur,
648 3447 739 3517 qui
770 3446 1046 3504 Christum
1086 3448 1286 3505 Filium
1327 3449 1422 3505 Dei
1464 3452 1806 3523 adoptivum,
1853 3472 1961 3513 non

379 3537 654 3607 proprium
674 3577 690 3602 ,
720 3547 987 3593 asserunt.

450 3628 947 3696 Circumcelliones,
969 3631 1098 3687 dicti
1127 3646 1194 3688 eo
1220 3632 1363 3703 quod
1394 3641 1634 3703 agrestes
1658 3644 1802 3705 sunt,
1824 3654 1961 3708 quos

376 3720 689 3791 Cothopitas
709 3729 934 3788 vocant,
966 3723 1289 3791 supradictae
1315 3724 1540 3780 haeresis
1568 3726 1832 3784 habentes
1859 3729 1958 3786 do-

382 3810 634 3866 ctrinam.
663 3810 727 3865 lli
752 3826 939 3866 amore
967 3812 1214 3884 martyrii
1243 3814 1559 3884 semetipsos
1587 3816 1877 3885 perimunt,
1900 3826 1961 3874 ut

377 3903 638 3958 violenter
671 3903 738 3958 de
782 3903 885 3958 hac
920 3902 1030 3957 vita
1064 3902 1437 3972 discedentes,
1481 3914 1750 3978 martyres
1786 3911 1960 3965 nomi-

375 4002 592 4048 nentur.

442 4082 867 4140 Priscillianistaa
892 4098 923 4140 a
950 4083 1289 4163 Priscilliano
1316 4085 1525 4152 vocati,
1553 4089 1647 4159 qui
1674 4089 1730 4145 in
1765 4089 1959 4163 Hispa-

376 4177 463 4233 nia
493 4192 557 4231 ex
585 4191 771 4234 errore
800 4155 1183 4234 Gnosticorum
1227 4186 1283 4233 et
1310 4176 1727 4236 Manichzeorum
1758 4184 1957 4253 permi-

375 4276 516 4326 stum
548 4271 747 4341 dogma
762 4270 1081 4341 composuit.

444 4358 773 4417 Luciferiani
800 4373 829 4412 a
859 4354 1113 4415 Lucifero
1138 4357 1366 4431 Syrmiae
1393 4362 1645 4433 episcopo
1672 4363 1798 4419 orti.
1829 4362 1956 4434 Epi-

373 4468 563 4521 scopos
593 4452 908 4519 catholicos,
951 4452 1043 4523 qui
1078 4452 1377 4509 Constantii
1413 4457 1787 4523 persecutione
1831 4472 1955 4526 per-

377 4543 517 4598 fidia).
539 4542 863 4598 Arianorum
891 4540 1288 4601 consentientes
1314 4553 1498 4611 erant,
1531 4553 1587 4600 et
1613 4554 1799 4615 postea
1834 4561 1956 4602 cor-

376 4633 540 4698 recti,
584 4633 762 4688 redire
804 4633 860 4687 in
906 4633 1201 4689 Ecclesiam
1244 4634 1564 4690 catholicam
1613 4636 1951 4709 delegerunt,

373 4726 693 4778 damnantes
723 4723 835 4779 sive
867 4723 1011 4795 quod
1047 4723 1417 4792 crediderant,
1459 4726 1573 4783 sive
1601 4730 1744 4800 quod
1780 4732 1955 4787 credi-

371 4813 516 4873 disse
559 4828 618 4868 se
661 4812 1072 4879 simulaverant,
1118 4814 1359 4872 Ecclesia
1401 4818 1664 4877 catholica
1707 4830 1951 4880 materno

368 4904 574 4975 recepit
601 4903 742 4971 sinu,
763 4912 1020 4975 tanquam
1039 4904 1258 4961 Petrum
1278 4916 1401 4977 post
1420 4907 1604 4965 ﬂetum
1629 4913 1945 4987 negationis.

366 4996 520 5056 lianc
581 4995 657 5051 illi
702 4996 894 5055 matris
948 4997 1270 5052 charitatem
1319 4999 1550 5070 superbe
1592 5002 1947 5072 accipientes,

363 5102 566 5159 eosque
594 5086 836 5159 recipere
876 5086 1143 5155 nolentes,
1175 5088 1243 5143 ab
1275 5089 1531 5145 Ecclesia:
1572 5091 1950 5148 communione

362 5187 738 5246 recesserunt,
782 5187 837 5234 et
869 5194 992 5235 cum
1032 5180 1150 5255 ipso
1182 5179 1432 5239 Lucifero
1458 5192 1679 5239 auctore
1707 5198 1823 5251 suo,
1855 5185 1949 5254 qui

363 5290 522 5331 mane
551 5276 847 5340 oriebatur,
878 5275 1073 5333 cadere
1106 5284 1437 5329 meruerunt.

433 5362 803 5420 Jovinianistas
835 5380 866 5419 a
899 5363 1184 5421 Joviniano
1216 5366 1449 5435 quodam
1493 5367 1760 5424 monacho
1790 5367 1941 5434 dicti,

361 5464 669 5510 asserentes
705 5455 906 5510 nullam
948 5456 1257 5545 npptiarum
1301 5465 1357 5510 e‘t
1398 5457 1665 5527 virginum
1702 5474 1822 5514 esse
1865 5461 1946 5515 di-

366 5549 614 5603 stantiam
633 5590 647 5614 ,
675 5549 987 5619 nullumque
1016 5550 1160 5605 inter
1187 5549 1518 5604 abstinentes
1543 5556 1598 5605 et
1632 5550 1947 5621 simpliciter

365 5637 641 5713 epulantes
666 5653 786 5694 esse
809 5639 1117 5696 discrimen.

437 5728 695 5786 Elvi‘diani
729 5731 796 5785 ab
820 5730 1030 5787 Elvidio
1060 5732 1343 5798 nominati,
1374 5733 1464 5801 qui
1493 5733 1675 5789 dicunt
1703 5742 1823 5802 post
1854 5752 1943 5790 na-

2067 3259 2301 3315 asseruit
2324 3275 2444 3316 esse
2468 3268 2739 3316 naturam.

2135 3349 2394 3420 Acephali
2421 3351 2585 3418 dicti,
2616 3352 2672 3407 id
2698 3360 2783 3407 est
2815 3353 2932 3409 sine
2952 3353 3127 3424 capite
3155 3354 3297 3424 quod
3331 3364 3646 3424 sequantur,

2064 3443 2335 3509 haeretici;
2368 3443 2548 3499 nullus
2585 3445 2727 3501 enim
2755 3460 2941 3501 eorum
2969 3446 3239 3515 reperitur
3265 3454 3452 3502 auctor
3481 3461 3513 3500 a
3539 3462 3648 3516 quo

2064 3534 2238 3589 exorti
2273 3534 2420 3589 sint:
2456 3535 2510 3589 bi
2548 3535 2709 3589 trium
2737 3535 3248 3591 Chalcedonensium
3286 3536 3647 3607 capitulorum

2064 3623 2484 3695 impugnatores,
2508 3624 2733 3679 duarum
2762 3625 2815 3679 in
2835 3625 3052 3680 Christo
3073 3627 3495 3681 substantiarum
3521 3643 3649 3697 pro-

2061 3715 2342 3785 prietatem
2371 3723 2590 3784 negant,
2622 3723 2678 3770 et
2704 3730 2866 3771 unam
2897 3715 2951 3771 in
2986 3715 3103 3785 ejus
3135 3730 3364 3789 persona
3393 3725 3648 3772 naturam

2060 3807 2374 3878 praedicant.

2131 3898 2489 3954 Theodosiani
2525 3906 2579 3955 et
2604 3897 2867 3955 Gaianitaa
2897 3899 3146 3970 appellati
3191 3900 3552 3965 aTheodosio
3588 3911 3648 3958 et

2059 3991 2287 4058 Gaiano,
2320 3993 2411 4062 qui
2451 3993 2780 4063 temporibus
2813 3992 3103 4048 Iustiniani
3138 3995 3397 4065 principis
3431 3995 3485 4048 in
3516 3995 3651 4050 Ale-

2058 4085 2306 4151 xandria,
2332 4085 2511 4156 populi
2539 4086 2780 4155 perversi
2811 4086 3071 4143 electione
3099 4101 3205 4141 uno
3233 4088 3319 4142 die
3343 4095 3470 4142 sunt
3496 4088 3650 4143 ordi-

2058 4177 2173 4232 nati
2202 4177 2459 4248 episcopi.
2503 4176 2569 4233 Ili
2609 4193 2824 4234 errores
2852 4179 3164 4251 Eutychetis
3190 4190 3245 4236 et
3273 4179 3516 4236 Dioscori
3555 4197 3650 4237 se-

2058 4275 2308 4339 quentes,
2330 4268 2766 4324 Chalcedonense
2789 4269 3072 4325 concilium
3094 4278 3387 4341 respuunt;
3417 4287 3482 4327 ex
3509 4272 3648 4326 dua-

2054 4359 2159 4414 bus
2185 4374 2349 4413 unam
2379 4359 2433 4413 in
2462 4357 2678 4414 Christo
2702 4366 2950 4413 naturam
2974 4370 3252 4427 asserunt,
3276 4376 3437 4430 quam
3464 4359 3647 4417 Theo-

2058 4449 2266 4505 dosiani
2280 4457 2612 4520 corruptam,
2625 4448 2886 4505 Gaianitre
2908 4450 3269 4522 incorruptam
3284 4454 3640 4508 contendunt.

2129 4538 2337 4595 Gnoitae
2357 4548 2413 4595 et
2437 4539 2676 4595 Tritoitae
2703 4555 2736 4594 a
2758 4539 3147 4598 Theodosianis
3169 4543 3343 4598 exorti
3373 4552 3530 4608 sunt,
3569 4559 3639 4599 ex

2057 4631 2250 4702 quibus
2277 4629 2485 4687 Gnoitaa
2511 4634 2579 4687 ah
2621 4631 2925 4703 ignorantia
2952 4634 3101 4698 dicti,
3134 4635 3260 4704 quia
3287 4636 3640 4706 perversitati

2055 4738 2085 4779 a
2112 4740 2217 4794 qua
2242 4724 2417 4780 exorti
2443 4732 2587 4791 sunt,
2614 4725 2666 4779 id
2687 4724 2967 4796 adjiciunt,
2995 4726 3137 4796 quod
3156 4726 3359 4782 Christi
3380 4728 3639 4785 divinitas

2052 4817 2265 4888 ignoret
2304 4816 2486 4872 futura
2518 4832 2636 4887 quae
2673 4826 2801 4873 sunt
2834 4818 3035 4887 scripta
3069 4819 3136 4875 de
3163 4819 3250 4874 die
3277 4829 3332 4873 et
3365 4820 3501 4875 hora
3532 4837 3634 4876 no-

2051 4905 2302 4971 vissima;
2334 4921 2440 4961 non
2473 4907 2819 4962 recordantes
2846 4905 3048 4963 Christi
3077 4923 3362 4978 personam
3402 4909 3456 4963 in
3492 4909 3632 4964 Isaia

2049 4996 2317 5067 loquentis
2348 5015 2359 5050 :
2392 4996 2515 5052 Dies
2531 4997 2728 5067 judicii
2756 4998 2810 5052 in
2834 4998 2989 5052 corde
3016 5015 3130 5052 meo
3158 4998 3313 5070 (lsai.
3344 4998 3520 5069 um).

2120 5086 2365 5142 Tritoitae
2395 5101 2526 5141 vero
2551 5088 2762 5153 vocati,
2790 5088 2933 5159 quod
2974 5088 3114 5143 sicut
3145 5096 3256 5145 tres
3286 5105 3548 5160 personas
3578 5092 3633 5147 in

2052 5179 2334 5246 Trinitate,
2362 5180 2439 5234 ita
2471 5195 2686 5249 quoque
2712 5188 2821 5235 tres
2849 5188 3099 5235 astruunt
3121 5183 3248 5235 deos
3272 5196 3411 5247 esse,
3439 5192 3634 5238 contra

2050 5273 2179 5328 illud
2205 5274 2348 5344 quod
2377 5274 2635 5344 scriptum
2658 5282 2742 5329 est
2764 5292 2776 5327 :
2805 5274 2967 5340 Audi,
2995 5272 3185 5340 Israel,
3212 5275 3465 5330 Dominus
3491 5276 3633 5332 Deus

2051 5373 2192 5430 tuus,
2226 5364 2365 5420 Deus
2398 5383 2531 5421 unus
2560 5375 2654 5421 est.
2689 5365 2826 5422 Sunt
2861 5376 2916 5423 et
2950 5365 3335 5420 aliaelhzereses
3373 5369 3492 5424 sine
3529 5385 3630 5423 au-

2050 5463 2215 5522 ctore,
2246 5469 2301 5511 et
2342 5457 2457 5512 sine
2483 5457 2809 5523 nominibus,
2854 5472 2922 5511 ex
2945 5456 3139 5527 quibus
3165 5454 3283 5509 aliae
3325 5453 3629 5510 triformem

2050 5554 2242 5615 putant
2276 5547 2441 5602 Deum
2470 5562 2612 5614 esse,
2642 5547 2759 5602 aliae
2782 5547 2984 5603 Christi
3012 5546 3348 5621 divinitatem
3393 5547 3636 5614 passibi~

2050 5636 2155 5692 lem
2181 5654 2300 5694 esse
2333 5640 2538 5708 dicunt,
2576 5640 2692 5695 alia:
2722 5639 2922 5696 Christi
2949 5641 3014 5695 de
3039 5639 3199 5694 Patre
3224 5635 3497 5693 nativitati
3523 5636 3635 5692 ini-

2052 5734 2184 5790 tium
2234 5734 2491 5804 temporis
2533 5733 2697 5802 dant,
2742 5734 2858 5790 alia:
2918 5734 3287 5791 liberationem
3341 5732 3639 5790 hominum
