4002 6204
273 361 375 419 377

1062 354 1151 409 DE
1186 350 1631 411 CLERICORUM
1670 343 2179 414 INSTITUTIONE,
2217 342 2370 402 ETC.
2404 378 2476 388 —
2512 348 2640 404 LIB.
2680 349 2767 404 III.

3447 351 3552 407 378

273 471 413 545 apud
460 469 671 526 inferos
712 467 913 523 factam
958 466 1161 522 Christi
1204 464 1556 521 descensione
1589 480 1697 531 non
1742 478 1864 518 cre-
1892 468 1943 527 Α
1969 468 2023 514 et
2052 459 2122 513 ab
2149 459 2404 528 apostolis
2424 469 2479 514 et
2505 462 2708 516 sanctis
2736 461 3007 526 Patribus,
3038 460 3119 515 vel
3151 462 3391 517 conciliis
3413 479 3555 533 pra:-

273 567 436 630 dunt,
468 562 591 617 alia;
616 561 853 616 animam
882 558 1170 630 imaginem
1206 557 1300 612 Dei
1329 566 1557 628 negant,
1597 557 1716 612 alia:
1744 556 1862 611 ani-

272 670 389 710 mas
415 650 663 708 converti
693 649 748 703 in
771 648 1064 712 daemones,
1090 655 1146 701 et
1171 647 1223 702 in
1252 662 1585 716 quaecunque
1614 645 1867 702 animalia

271 744 609 806 existimant,
658 740 778 795 alia:
819 740 886 794 de
931 738 1117 793 mundi
1158 745 1302 792 statu
1351 737 1696 803 dissentiunt,
1747 735 1866 789 alia:

272 830 697 888 innumerabiles
736 828 967 883 mundos
1004 827 1315 896 opinantur,
1361 826 1479 880 aliae
1513 841 1707 895 aquam
1756 825 1865 879 Deo

272 934 598 981 cmcternam
643 921 877 985 faciunt,
927 919 1045 973 alite
1091 918 1250 973 nudis
1295 918 1520 988 pedibus
1566 916 1864 984 ambulant,

272 1015 390 1068 alite
420 1028 546 1068 cum
574 1010 886 1066 hominibus
913 1024 1018 1063 non
1048 1007 1394 1062 manducant.

344 1106 439 1160 Ha:
454 1112 584 1160 sunt
596 1105 834 1159 haereses
850 1104 1106 1157 adversus
1120 1100 1446 1155 catholicam
1462 1098 1620 1154 ﬁdem
1638 1105 1863 1165 exortae,

1972 553 2256 617 damnatae,
2288 554 2532 622 qumdam
2565 554 2618 607 in
2646 554 2831 609 multis
2856 554 3132 609 erroribus
3160 554 3385 610 diversm
3418 556 3555 611 invi-

1970 657 2086 697 cem
2110 643 2211 698 sibi
2238 645 2578 710 dissentiunt,
2608 646 3086 700 communistamen
3116 647 3332 700 nomine
3362 648 3557 701 atlvero

1970 749 2062 789 sus
2092 734 2389 789 Ecclesium
2411 735 2508 789 Dei
2538 737 2869 805 conspirant.
2906 736 3013 791 Sed
3047 746 3101 790 et
3125 738 3431 807 quicunque
3461 738 3559 791 ali-

1969 835 2062 883 ter
2081 827 2415 900 Scripturam
2445 845 2654 884 sacram
2683 830 2950 900 intelligit,
2978 845 3140 899 quam
3169 846 3360 885 sensus
3388 830 3557 898 Spiri-

1969 927 2059 974 tus
2104 921 2276 975 sancti
2321 920 2556 991 ﬂagitat,
2601 937 2633 975 a
2676 937 2783 991 quo
2827 924 3128 992 conscripta
3175 933 3286 989 est.
3325 924 3448 977 licet
3492 924 3557 978 de
3658 946 3661 953 ·

1976 1007 2212 1067 Ecclesia
2252 1027 2358 1067 non
2399 1014 2717 1079 recesserit,
2760 1023 2940 1069 tamen
2975 1015 3260 1070 haereticus
3300 1015 3555 1085 appellari

1969 1110 2166 1171 potest.

1472 1335 1776 1415 LIBER
1849 1334 2332 1415 TERTIUS.

1750 1498 2072 1516 ἡ

792 1555 1021 1613 CAPUT
1046 1553 1345 1625 PRIMUM.
1430 1535 1437 1541 ’

276 1652 417 1720 Quid
456 1667 543 1706 eos
581 1648 714 1704 scire
753 1657 819 1720 et,
844 1647 1033 1701 habere
1076 1646 1370 1720 conveniat,
1414 1647 1502 1717 qui
1541 1646 1611 1701 ad
1650 1664 1860 1703 sacrum

705 1718 941 1772 ordinem
971 1715 1214 1770 accedere
1243 1715 1438 1770 volunt;

340 1834 614 1891 Institutio
647 1845 777 1901 ergo
808 1828 1198 1894 ecclesiastica,
1237 1828 1471 1898 qualiter
1509 1830 1578 1885 ad
1621 1829 1861 1884 divinum

272 1925 506 1983 cilicium
538 1922 729 1978 instrui
749 1907 1012 1991 ioporteat
1041 1921 1443 1975 sanctissimum
1473 1922 1718 1977 ordinem
1750 1922 1860 1978 cle-

272 2018 549 2080 ricorum,
592 1995 910 2069 multimoda
958 2012 1270 2067 narratione
1312 2011 1584 2077 declarat,
1636 2013 1762 2082 quia
1809 2020 1866 2067 et

271 2106 511 2164 scientiae
538 2103 957 2174 plenitudinem,
988 2110 1043 2156 et
1076 2103 1199 2156 vita:
1225 2102 1626 2168 rectitudinem,
1658 2111 1713 2157 et
1739 2117 1864 2157 eru-

272 2199 494 2255 ditionis
518 2195 907 2267 perfectionem
934 2194 1169 2250 maxime
1196 2210 1290 2251 eos
1319 2196 1519 2251 habere
1545 2196 1733 2262 decet,
1770 2195 1863 2268 qui

270 2292 326 2347 in
358 2290 594 2361 quodam
634 2287 867 2343 culmine
908 2287 1220 2350 constituti,
1260 2288 1680 2359 gubernaculum
1723 2288 1864 2359 regi-

200 2375 207 2380 ’
274 2383 437 2438 minis
465 2381 519 2435 in
547 2379 787 2435 Ecclesia
818 2386 1021 2433 tenent.
1059 2377 1169 2432 Nec
1197 2378 1339 2432 enim
1364 2378 1444 2432 eis
1472 2377 1647 2446 aliqua
1676 2392 1865 2432 eorum

274 2473 525 2543 ignorare
558 2469 718 2534 licet,
752 2483 875 2523 cum
905 2468 1104 2537 quibus
1130 2467 1212 2522 vel
1247 2482 1335 2532 se,
1367 2468 1447 2521 vel
1479 2467 1747 2536 subjectos
1777 2468 1862 2522 in-

273 2572 483 2619 struere
521 2564 753 2624 debent,
786 2560 842 2614 id
874 2568 991 2625 est,
1043 2558 1324 2613 scientiam
1361 2566 1669 2613 sanctarum
1712 2556 1862 2612 Scri-

274 2668 578 2727 pturarum,
605 2669 797 2725 puram
824 2652 1110 2707 veritatem
1140 2650 1503 2716 historiarum,
1534 2649 1722 2706 modos
1750 2657 1863 2706 tro-

274 2750 518 2820 picarum
552 2747 900 2809 locutionum,
927 2743 1375 2816 signiﬁcationem
1402 2757 1583 2798 rerum
1606 2743 1863 2815 mystica-

276 2855 426 2905 rum,
455 2838 744 2893 utilitatem
775 2836 1018 2891 omnium
1051 2834 1487 2903 disciplinarum,
1526 2834 1865 2889 honestatem

275 2932 398 2985 vitae
431 2932 486 2984 in
530 2929 801 3001 probitate
845 2942 1087 2993 morum,
1134 2926 1457 2997 elegantiam
1487 2926 1540 2980 in
1568 2925 1866 2996 prolatione

277 3038 611 3086 sermonum,
644 3020 1025 3075 discretionem
1064 3019 1118 3073 in
1155 3017 1493 3073 exhibitione
1533 3017 1860 3088 dogmatum,

277 3116 637 3172 dill’erentiam
669 3112 1107 3192 medicaminum,
1140 3120 1331 3167 contra
1360 3110 1681 3165 varietatem
1707 3109 1865 3180 mgri—
1891 3146 1936 3209 Ο

278 3206 547 3261 tudinum.
577 3204 703 3259 Hzcc
723 3217 852 3272 ergo
873 3202 964 3272 qui
994 3201 1184 3267 nescit,
1216 3215 1323 3256 non
1348 3201 1468 3254 dico
1491 3199 1743 3264 aliorum,
1769 3197 1865 3253 sed

277 3314 376 3355 nec
410 3314 566 3353 suam
600 3298 738 3353 bene
767 3302 945 3366 potest
975 3295 1260 3365 disponere
1288 3293 1609 3358 utilitatem;
1649 3306 1714 3347 ac
1744 3291 1866 3346 ideo

277 3404 498 3444 necesse
520 3394 685 3442 estut
712 3385 925 3440 futurus
948 3384 1127 3455 populi
1157 3392 1358 3450 rector,
1373 3385 1499 3439 dum
1522 3392 1696 3447 vacat,
1714 3389 1870 3452 paret

278 3481 379 3536 sibi
406 3487 533 3535 ante
557 3494 732 3543 arma,
760 3477 815 3531 in
837 3477 1033 3546 quibus
1058 3485 1182 3546 post
1205 3478 1419 3532 modum
1448 3475 1633 3531 hostes
1656 3468 1873 3529 fortiter

278 3579 529 3642 superet,
570 3580 625 3625 et
668 3586 883 3641 gregem
926 3568 1029 3624 sibi
1059 3569 1406 3624 commissum
1437 3574 1736 3638 opportune
1776 3565 1869 3620 de-

278 3663 479 3719 fendat.
509 3662 690 3733 Turpe
732 3670 815 3717 est
839 3662 983 3717 enim
1005 3668 1133 3715 tunc
1153 3659 1385 3731 primum
1409 3658 1703 3730 quemlibet
1732 3655 1869 3712 velle

277 3757 518 3818 discere,
552 3753 682 3809 dum
710 3740 868 3808 debet
891 3736 1124 3824 '(pastor
1155 3748 1516 3822 constitutus)
1556 3750 1782 3813 docere,
1814 3756 1871 3802 et

277 3846 641 3917 periculosum
669 3851 754 3899 est
792 3859 913 3899 eum
951 3841 1246 3912 magisterii
1291 3839 1501 3910 pondus
1530 3838 1732 3904 subire,
1777 3836 1869 3905 qui

280 3953 419 4003 non,
461 3934 703 3991 scientiae
748 3932 999 4004 praesidio
1039 3923 1318 3996 sull'ultiis,
1368 3938 1560 4001 potens
1607 3936 1691 3984 est
1738 3926 1869 3981 illud

278 4027 528 4084 suli‘erre.
562 4024 715 4079 Nulla
748 4041 838 4079 ars
867 4023 1049 4079 doceri
1073 4015 1452 4093 praesumatur,
1481 4020 1585 4076 nisi
1613 4020 1763 4090 prius
1787 4017 1871 4073 in-

278 4126 425 4174 tenta
456 4116 806 4171 meditatione
836 4115 1092 4170 discatur.
1120 4112 1203 4168 Ab
1239 4112 1502 4182 imperitis
1536 4125 1666 4182 ergo
1688 4114 1869 4180 pasto-

280 4211 395 4265 rale
422 4209 791 4280 magisterium
832 4221 937 4277 qua
970 4206 1275 4261 temeritate
1319 4204 1629 4275 suscipitur,
1656 4200 1869 4273 quando

278 4317 371 4356 ars
398 4310 482 4356 est
511 4300 709 4354 artium
746 4297 987 4369 regimen
1017 4298 1356 4352 animarum?
1402 4296 1534 4364 Quis
1564 4304 1746 4350 autem
1773 4310 1867 4349 oo-

276 4394 601 4464 gitationum
622 4390 845 4445 vulnera
865 4389 1159 4445 occultiora
1185 4405 1305 4445 esse
1330 4389 1539 4444 nesciat
1560 4385 1870 4443 vulneribus

1968 1559 2087 1624 bus,
2119 1574 2459 1630 nequaquam
2489 1559 2746 1617 divinitus
2775 1564 2974 1630 vocati,
3004 1564 3097 1620 sed
3136 1580 3233 1620 sua
3256 1568 3552 1638 cupiditate

1968 1651 2202 1718 accensi,
2225 1651 2438 1707 culmen
2464 1652 2743 1722 regiminis
2766 1655 2984 1723 rapiunt
3008 1657 3185 1724 potius
3210 1672 3370 1727 quam
3398 1675 3548 1715 asse-

1965 1745 2227 1811 quuntur,
2252 1756 2389 1811 quos
2411 1749 2594 1795 tamen
2619 1742 2863 1798 internus
2881 1741 3043 1811 judex
3076 1748 3343 1815 provehit,
3371 1757 3425 1804 et
3451 1765 3550 1804 ne-

1966 1832 2069 1887 scit
2093 1832 2218 1902 quia
2243 1848 2378 1902 quos
2401 1832 2760 1904 permittendo
2783 1832 2993 1888 tolerat.
3025 1835 3264 1905 profecto
3290 1854 3387 1907 per
3404 1839 3551 1909 judi-

1965 1924 2109 1978 cium
2136 1924 2534 1994 reprobationis
2557 1925 2787 1995 ignorat.
2816 1925 3102 1981 Pastorum
3131 1943 3261 1998 ergo
3283 1930 3550 1999 imperitia

1963 2028 2096 2070 voce
2126 2012 2386 2070 Veritatis
2416 2015 2746 2086 iucrepatur,
2779 2032 2902 2073 cum
2940 2033 3041 2087 per
3069 2020 3385 2090 prophetam
3428 2022 3557 2076 dici-

1966 2116 2054 2160 tur
2077 2125 2089 2161 :
2116 2105 2227 2176 Ipsi
2246 2116 2480 2178 pastores
2500 2108 2865 2177 ignoraverunt
2887 2109 3303 2180 intelligentiam,
3326 2122 3553 2167 tenentes

1964 2197 2125 2269 legem
2149 2200 2441 2253 nescierunt
2470 2216 2550 2253 me
2579 2198 2713 2271 (Isa.
2744 2200 2875 2272 Lvt).
2908 2201 3111 2257 Nesciri
3138 2219 3264 2274 ergo
3293 2220 3353 2260 se
3377 2206 3446 2259 ab
3474 2206 3555 2260 cis

1965 2288 2212 2359 queritur
2235 2287 2468 2354 Veritas,
2512 2297 2568 2344 et
2593 2289 2803 2345 nescire
2831 2304 2891 2345 se
2918 2291 3275 2361 principatum
3306 2293 3556 2348 nescien-

1967 2383 2100 2437 tium
2135 2391 2487 2453 protestatur,
2514 2383 2641 2452 quia
2688 2382 2933 2453 profecto
2963 2384 3019 2438 hi
3055 2385 3143 2455 qui
3184 2402 3248 2440 ea
3274 2401 3403 2455 qua:
3432 2394 3556 2441 sunt

1964 2472 2180 2528 Domini
2220 2474 2469 2530 nesciunt
2504 2489 2537 2528 a
2574 2473 2803 2529 Domino
2844 2477 3175 2541 nesciuntur,
3219 2476 3385 2532 Paulo
3416 2486 3554 2533 atte-

1965 2572 2158 2629 stante,
2192 2565 2286 2633 qui
2312 2564 2389 2618 ait
2424 2583 2438 2618 :
2482 2563 2545 2620 Si
2584 2566 2700 2635 quis
2741 2575 2916 2620 autem
2951 2567 3181 2637 ignorat,
3227 2569 3557 2638 ignorabitur

1966 2654 2019 2727 (Ι
2045 2653 2169 2710 Cor.
2210 2654 2305 2725 ιν).
2358 2655 2491 2723 Quae
2535 2656 2760 2711 nimium
2801 2665 3078 2727 pastorum
3110 2673 3252 2728 saepe
3284 2659 3555 2730 imperitia

1964 2748 2175 2805 meritis
2216 2750 2465 2819 congruit
2506 2748 2904 2818 subiectorum,
2953 2751 3044 2820 qui
3084 2752 3329 2820 quamvis
3374 2752 3556 2808 lumen

1966 2840 2204 2896 scientiat-
2233 2856 2332 2896 sua
2374 2840 2531 2911 culpa
2575 2841 2823 2911 exigente
2867 2857 2971 2896 non
3009 2842 3269 2910 habeant,
3308 2844 3556 2900 districto

1967 2938 2147 2987 tamen
2180 2930 2386 3001 judicio
2426 2932 2605 3002 agitur
2648 2939 2707 2987 ut
2747 2948 2846 3003 per
2871 2949 3060 2988 eorum
3107 2934 3466 3005 ignorantiam
3498 2936 3556 2991 hi

1966 3024 2131 3078 etiam
2184 3025 2276 3094 qui
2330 3032 2631 3095 sequuntur
2670 3024 2963 3081 olicndant.
3028 3024 3165 3083 Hinc
3215 3044 3449 3097 namque
3501 3030 3557 3084 in

1966 3099 2255 3186 Evangelio
2294 3130 2393 3184 per
2434 3115 2779 3184 semetipsum
2820 3114 3035 3171 Veritas
3074 3117 3203 3172 dicit
3234 3135 3247 3172 :
3281 3117 3339 3173 Si
3386 3136 3556 3174 caecus

1967 3224 2105 3262 cteco
2158 3208 2409 3263 ducatum
2462 3218 2718 3280 pra’stat,
2774 3209 2925 3264 ambo
2989 3211 3043 3264 in
3095 3210 3296 3280 foveam
3360 3212 3556 3266 cadunt

1969 3296 2185 3370 (Matth.
2212 3297 2325 3368 xv).
2357 3299 2427 3353 Et
2455 3309 2582 3356 sunt
2606 3299 2849 3355 nonnulli
2876 3301 2967 3371 qui
3010 3301 3193 3356 solerti
3232 3316 3362 3356 cura
3400 3302 3558 3371 Spiri-

1971 3388 2097 3444 talia
2144 3401 2411 3460 praecepta
2458 3399 2884 3460 perscrutantur,
2927 3391 3022 3448 sed
3045 3408 3167 3461 quae
3210 3392 3556 3462 intelligendo
3648 3398 3649 3401 ‘

1966 3488 2275 3551 penetrant,
2311 3482 2541 3538 vivendo
2578 3471 2924 3548 conculcarit,
2972 3490 3193 3553 repente
3220 3482 3415 3538 docent
3437 3497 3558 3552 quae

1968 3586 2076 3627 non
2124 3588 2326 3642 opere,
2377 3573 2472 3628 sed
2521 3574 2890 3638 meditatione,
2934 3572 3271 3639 didicerunt,
3317 3582 3372 3629 et
3414 3573 3557 3644 quod

1967 3664 2149 3718 verbis
2198 3664 2534 3733 praedicant,
2594 3664 2836 3719 moribus
2891 3665 3225 3733 impugnant.
3292 3664 3445 3719 Unde
3497 3663 3560 3718 ﬁt

1967 3761 2028 3807 ut
2079 3768 2199 3808 cum
2251 3762 2438 3822 pastor
2494 3769 2591 3823 per
2637 3754 2867 3824 abrupta
2916 3754 3189 3824 graditur,
3247 3753 3314 3807 ad
3363 3753 3556 3822 pacci-

1968 3843 2158 3915 pitium
2212 3859 2341 3915 grex
2388 3853 2663 3912 sequatur.
2712 3843 2847 3899 Hinc
2897 3859 3131 3914 namque
3181 3856 3277 3913 per
3325 3842 3559 3910 prophe-

1971 3941 2078 3988 tam
2102 3932 2362 3988 Dominus
2385 3941 2577 3988 contra
2622 3932 3081 4004 contemptibilem
3112 3940 3388 4003 pastorum
3427 3945 3556 3985 sen-

1969 4023 2191 4080 tentiam
2249 4024 2496 4093 queritur
2551 4024 2739 4080 dicens
2797 4042 2809 4077 :
2884 4022 3017 4077 Cum
3082 4023 3181 4093 ipsi
3247 4021 3556 4091 limpidissi-

1968 4129 2109 4167 mam
2143 4129 2336 4183 aquam
2366 4111 2622 4179 biberitis,
2667 4112 2920 4183 reliquam
2960 4112 3176 4181 pedibus
3221 4110 3415 4164 vestris.
3438 4119 3555 4162 tur-

1968 4204 2202 4270 babatis,
2240 4213 2289 4258 et
2315 4219 2433 4258 oves
2470 4220 2597 4257 mea:
2645 4219 2763 4273 qua:
2793 4201 3100 4255 conculcata
3127 4200 3345 4271 pedibus
3374 4200 3555 4254 vestris

1969 4297 2178 4367 fuerant
2193 4337 2207 4361 ,
2230 4296 2600 4368 pascebantur,
2617 4304 2666 4349 et
2684 4310 2803 4365 qua:
2825 4293 2980 4365 pedes
3009 4295 3158 4348 vestri
3180 4291 3544 4356 turbaverant,

1967 4387 2079 4442 haec
2102 4386 2337 4442 bibebant
2352 4385 2568 4459 (Ezech.
2586 4384 2794 4456 xxxrv).
2816 4383 3025 4454 Aquam
3037 4383 3235 4453 quippe
3246 4381 3558 4450 litupidissi-

275 4481 589 4538 viscerum?
616 4481 683 4535 Et
710 4488 888 4536 tamen
912 4495 1053 4550 smpe
1080 4479 1169 4550 qui
1199 4493 1540 4549 nequaquam
1569 4474 1870 4547 spiritualia
1893 4492 1947 4552 ι)
1972 4492 2115 4533 mam
2130 4486 2377 4549 pastores
2396 4477 2744 4544 bibunt,cum
2769 4475 2967 4529 ﬂuenta
2983 4475 3229 4530 veritatis
3245 4482 3394 4529 recte
3407 4474 3561 4528 intel-

273 4580 549 4643 praecepta
581 4578 977 4643 cognoverunt,
1024 4570 1200 4625 cordis
1246 4584 1304 4624 se
1352 4568 1590 4623 medicos
1628 4566 1871 4637 proﬁteri

275 4678 388 4716 non
418 4669 697 4725 metuunt,
727 4659 854 4715 dum
895 4661 986 4730 qui
1026 4660 1420 4731 pigmentorum
1450 4658 1558 4712 vim
1602 4657 1871 4722 nesciunt,

271 4751 453 4808 videri
499 4750 692 4805 medici
718 4751 902 4805 carnis
928 4751 1271 4805 erubescunt.
1318 4748 1451 4803 Nam
1480 4755 1605 4803 sunt
1630 4745 1872 4801 nonnulli

271 4841 371 4910 qui
415 4841 559 4894 intra
586 4848 823 4895 sanetam
862 4839 1157 4894 Ecclesiam
1182 4838 1295 4894 sola
1326 4837 1620 4901 ambitione
1650 4836 1873 4891 honoris

273 4930 498 4985 culmcn
534 4937 811 4999 appetunt,
862 4938 1024 4999 atque
1063 4937 1359 4985 attestante
1398 4929 1624 5002 veritate
1667 4928 1874 4998 primas

272 5022 639 5077 salutationes
670 5021 725 5075 in
754 5019 893 5087 foro,
921 5022 1124 5092 primos
1153 5021 1205 5076 in
1236 5020 1407 5077 omnis
1436 5020 1734 5093 rpcubitus,
1764 5018 1875 5090 pri-

273 5128 402 5168 mas
427 5113 482 5167 in
510 5113 958 5168 conventionibus
996 5113 1280 5168 cathedras
1314 5121 1596 5182 qumrunt;
1634 5110 1726 5180 qui
1752 5125 1872 5165 sus-

271 5211 499 5273 ceptum
547 5218 694 5258 cum
741 5202 1032 5273 pastoralis
1089 5201 1322 5258 ollicium
1366 5202 1676 5257 ministrare
1716 5200 1877 5270 digne

274 5288 438 5353 tardo
473 5298 646 5366 magis
677 5305 985 5366 nequeunt,
1013 5304 1216 5367 quanto
1251 5296 1320 5350 ad
1347 5295 1667 5351 humilitatis
1700 5293 1873 5365 magi-

269 5387 509 5442 sterium
548 5403 616 5443 ex
660 5388 776 5443 sola
811 5389 1044 5444 elatione
1085 5397 1465 5460 pervenerunt.
1509 5388 1656 5455 Quos
1687 5396 1877 5443 contra

269 5475 548 5533 Dominus
589 5495 691 5551 per
728 5480 1044 5551 prophetam
1076 5480 1340 5549 queritur,
1380 5478 1564 5534 dicens
1594 5497 1609 5533 :
1641 5478 1752 5549 Ipsi
1797 5495 1878 5534 re-

267 5579 573 5637 gnaverunt
598 5580 647 5624 et
692 5586 797 5623 non
823 5586 888 5625 ea:
922 5587 1022 5637 me,
1052 5569 1307 5640 principes
1334 5570 1664 5634 exstiterunt,
1705 5578 1753 5622 et
1785 5585 1876 5640 ego

270 5658 523 5727 ignorari
554 5660 728 5732 (Osca:
753 5660 895 5731 VIII).
927 5660 1007 5717 Ex
1051 5676 1111 5718 se
1148 5675 1383 5731 namque
1410 5668 1468 5715 et
1498 5674 1604 5715 non
1634 5674 1703 5715 ex
1729 5661 1876 5717 arbi-

270 5750 391 5803 trio
423 5752 619 5807 summi
650 5750 880 5807 rectoris
905 5760 1153 5823 regnant,
1181 5750 1293 5821 qui,
1323 5748 1483 5804 nullis
1512 5748 1631 5805 fulti
1660 5750 1874 5805 virtuti-

1972 4569 2201 4642 ligentes
2223 4569 2511 4635 hauriunt;
2535 4570 2630 4624 sed
2649 4569 2891 4624 eamdem
2916 4582 3112 4637 aquam
3128 4566 3353 4637 pedibus
3374 4568 3562 4622 turba-

1972 4675 2052 4725 re,
2084 4669 2170 4715 est
2197 4667 2399 4715 sanctae
2423 4657 2793 4715 meditationis
2813 4657 2989 4713 studia
3015 4657 3155 4712 male
3176 4656 3407 4712 vivendo
3430 4671 3559 4711 coro

1973 4763 2244 4819 rumpere.
2296 4749 2508 4818 Aquam
2554 4748 2764 4804 scilicet
2796 4763 2986 4804 eorum
3010 4748 3243 4819 pedibus
3278 4748 3552 4803 turbatam

1972 4856 2102 4897 oves
2145 4841 2365 4906 bibunt,
2415 4854 2542 4895 cum
2591 4838 2824 4909 subjecti
2871 4839 3074 4910 quique
3120 4854 3227 4894 non
3277 4846 3559 4895 sectantur

1973 4933 2137 4988 verba
2176 4946 2298 5002 qua:
2339 4931 2590 4996 audiunt,
2641 4930 2738 4986 sed
2781 4946 2847 4986 ea
2894 4930 3008 4986 sola
3051 4946 3173 5001 quae
3217 4930 3557 4999 conspiciunt

1972 5022 2217 5093 exempla
2244 5021 2550 5091 pravitatis,
2578 5021 2878 5075 imitantur.
2910 5019 3049 5076 Hinc
3073 5036 3266 5076 rursus
3292 5018 3556 5074 Dominus

1972 5127 2070 5183 per
2106 5113 2428 5183 prOphetam
2485 5111 2616 5166 dicit
2658 5129 2674 5167 :
2708 5109 2865 5165 Facti
2904 5120 3026 5165 sunt
3074 5110 3253 5164 domui
3285 5107 3454 5163 Israel
3499 5108 3564 5162 in

1975 5202 2351 5273 o/fendiculum
2383 5203 2677 5275 iniquitatis
2702 5201 2921 5274 (Ezech.
2951 5204 3119 5274 ιιιν).
3148 5199 3316 5255 Nemo
3354 5198 3556 5270 quippe

1976 5294 2205 5364 amplius
2226 5293 2282 5348 in
2308 5292 2545 5349 Ecclesia
2571 5300 2754 5360 nocet,
2784 5307 2949 5363 quam
2972 5291 3064 5360 qui
3088 5302 3342 5360 perverse
3365 5302 3550 5358 agens,

1976 5400 2171 5441 nomen
2220 5384 2305 5440 vel
2345 5384 2590 5440 ordinem
2639 5384 2949 5440 sanctitatis
2992 5381 3171 5435 habet.
3224 5377 3566 5448 Refugerent-

1977 5487 2156 5534 autem
2183 5477 2387 5549 indigni
2416 5478 2616 5548 quique
2649 5476 2785 5531 tanti
2813 5482 2997 5530 reatus
3040 5471 3299 5542 pondera,
3331 5470 3378 5526 si
3407 5471 3558 5525 veri—

1978 5568 2103 5623 tatis
2127 5568 2450 5624 sententiam
2481 5567 2711 5622 sollicita
2742 5565 2919 5620 cordis
2944 5578 3077 5618 aure
3104 5569 3427 5632 pensarent,
3459 5563 3557 5632 qui

1979 5660 2053 5714 ait
2080 5678 2093 5714 :
2126 5658 2229 5725 Qui
2251 5657 2684 5714 scandalizaverit
2709 5671 2869 5709 unum
2890 5654 2954 5708 de
2978 5660 3183 5724 pustttts
3208 5652 3342 5718 tstis,
3367 5652 3567 5708 melius

1979 5760 2089 5803 erat
2131 5751 2264 5804 eiut
2307 5748 2559 5819 ligaretur
2586 5746 2724 5801 mola
2772 5746 3006 5801 asinaria
3049 5746 3102 5800 in
3152 5745 3283 5801 collo
3313 5745 3463 5812 eius,
3505 5757 3562 5801 ω
