4002 6204
268 362 361 419 58!
1044 354 1135 413 DE
1172 354 1617 413 CLERlCORUM
1656 353 2162 412 lNSTITUTIONE.
2207 352 2359 411 ETC.
2401 387 2471 396 —
2510 353 2635 410 LIB.
2675 353 2765 411 lll.
3435 362 3541 417 58?.

268 475 488 548 pietatis
515 514 532 540 ,
587 472 656 527 ad
713 471 934 527 tertium
976 472 1196 528 venitur
1223 471 1463 528 scientia:
1490 472 1746 543 gradum,
1792 471 1858 527 de
1886 474 1939 532 A
1962 472 2190 527 consilio
2224 471 2608 528 misericordia:
2637 480 2832 544 purgat
2859 472 3094 528 animam
3124 476 3541 534 tumultuantem

268 584 376 639 quo
395 578 546 622 nunc
574 579 737 636 agere
761 554 1037 619 constitui.
1072 563 1207 619 Nam
1241 566 1295 618 in
1321 580 1388 619 eo
1415 579 1474 620 se
1495 572 1713 620 exercet
1736 579 1855 620 om-
1962 560 2380 632 quodammodo,
2412 571 2572 631 atque
2615 563 3018 633 obstrepentem
3051 565 3152 621 sibi
3199 567 3265 622 de
3302 569 3543 639 appetitu

267 660 353 716 nis
393 658 701 713 divinarum
737 655 1149 726 Scripturarum
1180 657 1477 723 studiosus,
1507 657 1643 712 nihil
1685 657 1738 711 in
1779 657 1860 712 eis
1962 652 2275 708 inferiorum
2313 650 2588 723 conceptis
2623 655 2891 710 sordibus.
2934 654 3032 710 llic
3068 671 3198 711 vero
3243 673 3301 713 se
3329 658 3384 713 in
3410 660 3544 716 dile-

206 791 211 795 η
267 751 413 808 aliud
435 751 713 806 invenitur
735 764 964 819 usquam
982 748 1307 819 diligendum
1321 763 1442 803 esse
1454 749 1622 803 Deum
1636 756 1861 820 propter
1960 744 2141 800 ctione
2170 744 2399 814 proximi
2430 760 2536 800 non
2575 746 2841 815 ignaviter
2869 755 3104 812 exercet,
3138 747 3190 802 in
3222 763 3395 818 eaque
3428 766 3547 821 per-

268 844 460 906 Deum,
488 850 545 896 et
558 842 866 915 proximum
882 846 1105 910 propter
1119 839 1378 904 Deum,et
1392 839 1541 893 illum
1558 837 1773 908 quidem
1788 853 1858 893 ex
1962 833 2163 899 ﬁcitur,
2192 843 2248 888 et
2270 848 2366 903 spe
2385 832 2497 902 jam
2526 834 2717 904 plenus
2741 844 2904 904 atque
2933 837 3144 908 integer
3169 839 3395 906 viribus,
3419 856 3546 897 cum

269 938 381 984 toto
408 929 599 995 corde,
622 943 690 982 ex
720 934 833 982 tota
859 927 1061 992 anima,
1090 941 1158 981 ex
1184 934 1298 981 tota
1322 934 1519 991 mente,
1548 927 1856 997 proximum
1959 927 2269 997 pervenerit
2307 942 2477 998 usque
2500 928 2565 983 ad
2595 928 2753 983 amici
2807 928 3148 986 dilectionem
3176 973 3191 997 ,
3220 935 3465 989 ascendit
3492 935 3545 989 in

268 1034 396 1074 vero
408 1026 667 1087 tanquam
690 1015 1020 1086 seipsum,id
1039 1022 1143 1083 est,
1159 1022 1223 1071 ut
1239 1015 1352 1086 jam
1372 1016 1605 1087 proximi
1618 1017 1857 1084 dilectio,
1962 1026 2176 1073 sextum
2205 1017 2449 1087 gradum,
2479 1018 2573 1073 ubi
2593 1016 2708 1086 jam
2737 1018 2911 1088 ipsum
2939 1020 3154 1074 oculum
3189 1032 3407 1092 purgat,
3439 1039 3547 1093 quo

269 1111 409 1166 sicut
430 1111 601 1165 etiam
638 1110 807 1166 nostri
837 1107 1108 1165 referatur
1138 1104 1193 1163 in
1217 1100 1408 1164 Deum.
1448 1109 1704 1179 Quisquis
1730 1125 1861 1182 ergo
1961 1108 2132 1164 videri
2172 1108 2317 1163 Deus
2334 1117 2515 1179 potest
2541 1109 2609 1165 ab
2638 1111 2749 1175 eis,
2779 1112 2869 1179 qui
2906 1112 3033 1167 huic
3072 1114 3269 1169 smculo
3306 1116 3550 1170 moriun-

271 1199 589 1269 Scripturas
610 1214 795 1255 sacras
815 1198 901 1255 vel
923 1197 1223 1268 quamlibet
1249 1207 1460 1269 partem
1487 1213 1674 1263 earum
1702 1198 1862 1253 intel-
1963 1208 2071 1265 tur,
2104 1215 2229 1255 nam
2274 1199 2330 1254 in
2378 1207 2582 1254 tantum
2617 1199 2828 1266 vident,
2864 1201 2916 1255 in
2950 1210 3212 1273 quantum
3241 1205 3550 1259 moriuntur

270 1288 471 1345 lexisse
495 1290 599 1345 sibi
625 1290 860 1356 videtur,
892 1289 969 1343 ita
995 1296 1058 1343 ut
1082 1304 1149 1345 eo
1180 1288 1456 1345 intellectu
1484 1305 1595 1344 non
1634 1289 1863 1344 aedificet
1962 1291 2091 1347 huic
2137 1290 2370 1355 saeculo;
2428 1291 2483 1345 in
2514 1299 2773 1360 quantum
2803 1300 2983 1347 autem
3034 1294 3160 1349 huic
3202 1295 3391 1349 vivunt
3440 1311 3548 1349 non

274 1382 434 1437 istam
468 1382 740 1453 geminam
767 1380 1093 1436 charitatem
1133 1381 1230 1437 Dei
1256 1391 1311 1438 et
1336 1383 1590 1454 proximi,
1621 1385 1859 1438 nondum
1963 1381 2167 1447 vident,
2195 1387 2250 1436 et
2275 1381 2397 1437 ideo
2437 1380 2683 1449 quamvis
2724 1380 2839 1449 jam
2878 1383 3099 1447 certior,
3132 1391 3188 1437 et
3234 1399 3341 1438 non
3371 1383 3547 1437 solum

274 1470 543 1526 intellexit
562 1470 1017 1541 quemadmodum
1037 1474 1321 1543 oportebat
1344 1488 1468 1529 eum
1491 1474 1652 1530 scire.
1674 1474 1864 1544 Itaque
1966 1472 2317 1539 tolerabilior,
2341 1472 2436 1527 sed
2461 1473 2624 1528 etiam
2646 1471 2937 1541 jucundior
2966 1476 3175 1545 species
3217 1474 3354 1530 lucis
3406 1474 3551 1530 illius
3575 1491 3580 1503 ·

274 1564 377 1617 tria
408 1564 526 1619 haec
551 1570 697 1629 sunt,
726 1564 923 1634 quibus
948 1573 1004 1619 et
1026 1565 1254 1620 scientia
1273 1567 1470 1632 omnis,
1501 1574 1557 1621 et
1580 1567 1862 1637 prophetia
1963 1565 2157 1635 incipit
2208 1581 2502 1636 apparere,
2548 1566 2602 1621 in
2632 1568 2916 1638 aenigmate
2942 1569 3118 1623 adhuc
3145 1576 3324 1623 tamen
3356 1578 3411 1625 et
3456 1585 3553 1640 per

275 1654 495 1719 militat,
518 1654 672 1721 ﬁdes,
701 1668 847 1725 spes,
877 1655 1148 1722 charitas;
1176 1657 1271 1713 sed
1295 1656 1418 1713 fidei
1448 1658 1688 1713 succedit
1715 1673 1860 1728 spes,
1968 1654 2248 1724 speculum
2276 1655 2446 1710 videri
2476 1656 2695 1721 dicitur,
2720 1658 2847 1728 quia
2877 1658 3049 1728 magis
3077 1672 3175 1727 per
3199 1657 3359 1713 fidem
3387 1673 3550 1727 quam

273 1758 330 1804 et
366 1750 483 1820 spei
536 1750 777 1805 succedit
821 1749 1131 1816 beatitudo;
1186 1749 1427 1805 charitas
1470 1759 1653 1805 autem
1696 1749 1859 1804 etiam
1967 1763 2064 1818 per
2092 1748 2329 1816 speciem
2361 1747 2689 1815 ambulatur,
2719 1765 2843 1805 cum
2880 1750 2934 1803 in
2973 1751 3075 1805 hac
3102 1751 3210 1804 vita
3238 1751 3552 1821 peregrina-

276 1842 396 1907 istis
432 1843 820 1898 decedentibus
855 1842 1143 1914 augebitur
1165 1843 1368 1912 potius.
1400 1841 1536 1897 Cum
1566 1856 1696 1913 ergo
1729 1857 1863 1911 qua-
1892 1824 1937 1882 Β
1966 1853 2121 1901 mur,
2179 1837 2427 1907 quamvis
2454 1839 2918 1894 conversationem
2949 1839 3247 1894 habeamus
3281 1839 3335 1893 in
3378 1839 3549 1894 cmlis.

276 1941 402 1988 tuor
446 1931 719 2003 diligenda
771 1940 939 1997 sunt,
984 1948 1154 1988 unum
1174 1933 1320 2003 quod
1346 1947 1655 2003 supernos,
1686 1931 1739 1985 id
1779 1939 1864 1986 est
1965 1929 2025 1983 ln
2060 1927 2166 1984 hoc
2205 1936 2384 1984 autem
2437 1929 2604 1999 gradu
2634 1930 2709 1983 ita
2761 1937 2959 2001 purgat
3005 1930 3221 1985 oculum
3258 1930 3554 1996 cordis,‘ut

275 2023 451 2089 Deus;
484 2023 714 2089 alterum
741 2023 886 2093 quod
906 2039 1009 2079 nos
1030 2039 1238 2088 sumus,
1261 2023 1316 2079 id
1340 2035 1423 2079 est
1442 2023 1623 2078 anima
1645 2023 1711 2078 ad
1734 2024 1865 2077 ima-
1933 2021 1941 2029 '
1966 2019 2182 2075 veritati
2240 2034 2342 2074 nec
2371 2020 2605 2090 seipsum
2637 2019 2852 2089 quidem
2901 2018 3177 2089 praeferat,
3225 2028 3284 2075 ut
3311 2020 3556 2077 conferat

276 2115 457 2185 ginem
488 2117 582 2171 Dei
611 2125 828 2182 creata;
864 2116 1084 2172 tertium
1112 2116 1255 2187 quod
1283 2114 1435 2184 juxta
1463 2130 1564 2171 nos
1579 2124 1681 2182 est,
1701 2115 1756 2171 id
1781 2122 1864 2170 est
1967 2111 2273 2180 proximum
2293 2151 2308 2177 ,
2347 2124 2477 2181 ergo
2504 2126 2604 2166 nec
2633 2111 2890 2181 seipsum,
2917 2112 3044 2181 quia
3075 2127 3176 2167 nec
3201 2111 3348 2166 illum
3394 2127 3557 2181 quem

277 2204 416 2260 alter
440 2206 636 2272 homo;
668 2214 920 2277 quartum
947 2208 1092 2277 quod
1120 2206 1262 2262 infra
1287 2222 1409 2273 nos,
1438 2207 1493 2263 id
1518 2216 1603 2262 est
1632 2221 1858 2276 corpus;

279 2296 345 2353 de
376 2296 635 2362 secundo,
684 2305 753 2361 et
785 2304 980 2366 quarto
1005 2297 1150 2360 nulla
1178 2305 1449 2369 praecepta
1480 2297 1656 2353 danda
1682 2305 1860 2352 erant.

280 2385 692 2454 Quantumlibet
719 2387 864 2443 enim
889 2388 1051 2443 homo
1094 2389 1351 2444 excitata
1373 2388 1663 2453 charitate,
1691 2403 1867 2444 rema-

279 2488 372 2535 net
402 2478 482 2534 illi
530 2485 710 2534 tamen
740 2477 960 2535 dilectio
999 2480 1117 2547 sui,
1147 2489 1203 2535 et
1236 2481 1456 2536 dilectio
1486 2482 1729 2551 corporis
1759 2481 1865 2551 sui,

277 2571 524 2629 restabat
544 2579 606 2627 ut
631 2570 701 2627 de
727 2570 818 2627 illo
843 2571 972 2642 quid
994 2586 1159 2642 supra
1187 2587 1287 2627 nos
1305 2581 1409 2637 est,
1433 2578 1488 2625 et
1516 2571 1583 2625 de
1614 2570 1705 2626 illo
1725 2570 1869 2641 quod

277 2663 433 2734 juxta
456 2678 558 2719 nos
582 2672 697 2729 est,
723 2673 995 2736 praecepta
1027 2677 1387 2720 sumeremus.
1422 2662 1642 2732 Diliges,
1672 2661 1865 2731 inquit,

282 2753 570 2810 Dominum
591 2754 762 2809 Deum
791 2765 940 2810 tuum
982 2774 1048 2812 ea:
1077 2766 1181 2812 toto
1210 2756 1366 2812 corde
1397 2763 1507 2819 tuo,
1539 2761 1644 2809 etc.
1682 2752 1871 2811 Omnis

283 2845 486 2917 quippe
523 2847 687 2903 homo
709 2847 768 2902 in
804 2857 1062 2919 quantum
1096 2849 1262 2905 homo
1292 2858 1395 2916 est,
1440 2848 1742 2920 diligendus
1789 2854 1871 2902 est

281 2948 507 3009 propter
542 2939 712 2996 Deum
730 2981 745 3007 ,
770 2940 913 2997 Deus
942 2956 1072 2997 vero
1097 2951 1318 3012 propter
1340 2941 1598 3012 seipsum.
1625 2939 1872 3011 Amplius

283 3029 517 3099 quisque
545 3028 716 3085 Deum
749 3031 917 3087 debet
948 3031 1381 3102 diligerequam
1414 3032 1685 3102 seipsum,
1738 3031 1869 3086 item

284 3119 521 3189 amplius
545 3120 686 3176 alius
714 3122 878 3176 homo
905 3121 1207 3191 diligendus
1250 3111 1334 3177 est
1367 3137 1527 3192 quam
1556 3137 1753 3192 corpus
1774 3136 1872 3176 no-

1969 2202 2142 2274 diligit
2165 2203 2305 2257 sicut
2331 2202 2589 2272 seipsum.
2623 2202 2740 2257 Erit
2761 2217 2892 2274 ergo
2916 2206 3019 2257 iste
3046 2212 3265 2260 sanctus
3289 2212 3398 2259 tam
3422 2207 3556 2260 sim-

1967 2294 2094 2364 plici
2148 2296 2311 2349 corde
2332 2335 2347 2361 ,
2390 2303 2553 2364 atque
2597 2294 2875 2359 mundato,
2925 2302 2988 2349 ut
3012 2310 3185 2365 neque
3206 2296 3517 2352 hominibus
3537 2338 3553 2363 ,

1968 2384 2217 2457 placendi
2268 2385 2445 2440 studio
2490 2385 2879 2455 detorqueatur
2916 2400 2953 2459 a
3000 2400 3157 2449 vero,
3183 2401 3284 2442 nec
3305 2396 3554 2457 respectu

1972 2476 2383 2532 devitandorum
2417 2474 2780 2545 quorumlibet
2830 2475 3296 2533 incommodorum
3331 2492 3555 2532 suorum

1971 2584 2092 2639 quae
2112 2569 2467 2625 adversantur
2486 2565 2612 2622 huic
2631 2569 2775 2622 vitae.
2804 2567 2949 2622 Talis
2964 2568 3117 2623 filius
3138 2570 3206 2623 ad
3231 2569 3554 2639 sapientiam

1972 2660 2234 2725 ascendit,
2265 2675 2385 2729 qua:
2415 2659 2605 2714 ultima
2636 2667 2692 2714 et
2729 2660 2957 2728 septima
3002 2668 3116 2724 est,
3153 2674 3260 2729 qua
3308 2668 3555 2730 pacatur,

1972 2753 2400 2823 tranquillusque
2449 2750 2763 2822 perfruitur.
2817 2749 3034 2806 [uitium
3088 2751 3232 2807 enim
3277 2751 3565 2821 sapientia:

1972 2844 2138 2898 timor
2166 2843 2399 2910 Domini,
2428 2843 2496 2897 ab
2522 2843 2616 2898 illo
2641 2843 2787 2898 enim
2817 2859 2989 2913 usque
3016 2843 3085 2899 ad
3108 2844 3280 2916 ipsam
3334 2860 3431 2916 per
3457 2845 3558 2901 hos

1975 2934 2175 3007 gradus
2197 2934 2508 2989 ascenditur
2534 2942 2590 2988 et
2608 2934 2844 2989 venitur.

2596 3062 2824 3123 CAPUT
2862 3067 2924 3123 γ.

284 3184 481 3277 strum,
506 3212 631 3282 quia
654 3220 877 3283 propter
895 3184 1063 3268 Deum
1085 3213 1266 3268 omnia
1299 3184 1401 3267 ista
1427 3184 1696 3285 diligenda
1721 3219 1865 3276 sunt,

1976 3200 2133 3266 Quod
2175 3202 2220 3256 is
2261 3202 2351 3288 qui
2396 3200 2465 3288 ad
2493 3202 2768 3288 sapientiae
2782 3202 3144 3286 integritatem
3175 3209 3441 3288 “pervenit,
3490 3208 3560 3265 ad

284 3314 341 3357 et
359 3310 541 3372 potest
565 3304 845 3358 nobiscum
869 3303 1007 3359 alius
1029 3304 1192 3359 homo
1214 3303 1326 3359 Deo
1346 3304 1571 3374 perfrui,
1599 3304 1742 3375 quod
1763 3320 1867 3360 non

283 3402 466 3464 potest
490 3409 704 3463 corpus,
752 3394 879 3464 quia
924 3410 1118 3466 corpus
1145 3411 1243 3465 per
1271 3396 1507 3451 animam
1553 3397 1721 3463 vivit,
1765 3412 1872 3468 qua

289 3484 523 3538 fruimur
548 3484 679 3539 Deo.
713 3482 914 3541 Omnes
942 3478 1120 3541 anteiri
1150 3486 1398 3541 homines
1423 3501 1577 3556 aeque
1612 3486 1870 3558 diligendi

287 3582 441 3640 sunt;
472 3574 569 3630 sed
590 3589 714 3630 eum
740 3575 994 3631 omnibus
1021 3576 1279 3646 prodesse
1306 3593 1415 3633 non
1452 3579 1744 3649 possimus,
1783 3579 1870 3635 his

285 3666 629 3735 potissimum
659 3668 1047 3724 consulendum
1091 3677 1206 3735 est,
1238 3671 1331 3741 qui
1360 3669 1601 3726 locorum
1628 3679 1683 3725 et
1730 3678 1869 3725 tem-

286 3777 483 3831 porum
498 3762 583 3817 vel
611 3763 977 3833 quarumlibet
1005 3779 1187 3820 rerum
1213 3763 1712 3834 opportunitatibus
1737 3772 1867 3819 'con-

287 3854 535 3910 strictius
562 3854 718 3910 nobis
738 3896 751 3918 ,
776 3855 933 3925 quasi
956 3855 1190 3925 quadam
1212 3863 1360 3911 sorte
1382 3856 1701 3927 junguntur.
1721 3850 1869 3911 Velle

287 3953 471 3999 tamen
490 3936 765 4010 debemus,
787 3952 847 4000 ut
865 3961 1054 4001 omnes
1067 3946 1316 4001 homines
1330 3946 1611 4000 nobiscum
1623 3945 1866 4015 diligant,

283 4042 339 4085 et
372 4041 549 4087 totum
576 4035 717 4103 quod
741 4048 836 4090 eos
861 4034 947 4089 vel
972 4034 1310 4105 adjuvamus,
1342 4034 1435 4107 vel
1456 4033 1776 4105 adjuvamur
1798 4035 1869 4090 ab

284 4122 389 4187 eis,
422 4121 495 4176 ad
521 4138 686 4177 unum
710 4123 860 4178 illum
887 4122 1050 4179 finem
1075 4122 1419 4179 referendum
1442 4132 1543 4178 est.
1571 4122 1699 4178 Jure
1721 4123 1865 4178 enim

282 4213 634 4269 continuatur
695 4215 935 4271 scientiae
998 4216 1237 4271 charitas
1269 4257 1284 4280 ,
1337 4216 1464 4287 quia
1527 4216 1867 4274 solummodo

281 4303 527 4365 seientize
557 4303 765 4359 fructus
794 4304 848 4359 in
878 4305 1143 4361 charitate
1186 4306 1453 4361 consistit.
1487 4304 1719 4361 Scientia
1741 4348 1755 4373 ,
1792 4309 1869 4363 ait

276 4392 595 4460 Apostolus,
623 4394 793 4463 inﬂat,
823 4394 1054 4449 charitas
1080 4411 1196 4449 vero
1226 4395 1454 4463 (ediﬁcat
1482 4394 1534 4467 (Ι
1564 4395 1686 4451 Cor.
1722 4397 1863 4469 vm).

277 4479 340 4536 Si
389 4495 523 4552 ergo
567 4485 923 4553 appetendum
966 4494 1051 4540 est
1090 4486 1234 4556 quod
1279 4484 1448 4552 inﬂat,
1483 4488 1653 4544 multo
1695 4490 1868 4561 magis

272 4572 425 4642 quod
451 4572 703 4639 aedificat,
740 4582 802 4628 ut
831 4589 955 4629 cum
994 4576 1195 4630 scimus
1223 4576 1554 4632 voluntatem
1600 4579 1715 4646 Dei,
1747 4580 1859 4634 dili-

271 4676 475 4732 gamus
498 4662 714 4718 obedire
738 4663 870 4731 Deo,
887 4674 960 4719 aut
984 4668 1369 4737 perveniamus
1396 4669 1463 4723 ad
1508 4669 1697 4725 Deum.
1730 4671 1864 4726 Nam

270 4752 385 4806 ista
411 4752 636 4807 scientia
677 4754 834 4811 bona:
873 4758 987 4827 spei
1030 4758 1303 4814 hominem
1333 4775 1393 4814 se
1419 4775 1524 4815 non
1545 4759 1862 4830 jactantem,

267 4843 373 4898 sed
417 4843 802 4902 lamentantem
826 4846 976 4916 facit,
1018 4865 1126 4919 quo
1162 4849 1359 4911 aﬂ'ectu
1390 4851 1641 4921 impetrat
1666 4853 1866 4909 sedulis

267 4934 533 5003 precibus
560 4937 983 4994 consolationem
1012 4940 1178 4996 divini
1214 4942 1487 5011 adjutorii,
1521 4959 1589 4999 ne
1617 4945 1866 5013 despera-

267 5028 429 5081 tione
452 5026 762 5098 frangatur,
793 5037 851 5084 et
876 5042 996 5085 esse
1018 5030 1206 5102 incipit
1235 5030 1288 5085 in
1318 5044 1513 5101 quarto
1548 5034 1740 5106 gradu,
1764 5035 1867 5089 hoc

264 5127 389 5180 est,
438 5116 791 5175 fortitudinis.
849 5120 1123 5190 Quaeritur
1164 5130 1219 5178 et
1263 5123 1447 5178 sititur
1476 5122 1718 5192 justitia;
1762 5125 1866 5181 hoc

263 5211 423 5269 enim
457 5209 655 5266 all'ectu
707 5213 776 5268 ab
802 5213 949 5268 omni
981 5202 1259 5270 mortifera
1297 5209 1641 5285 iucunditate
1682 5232 1863 5274 rerum

266 5303 683 5358 transeuntium
710 5319 855 5375 saepe
882 5307 1209 5373 extrahitur,
1249 5316 1304 5363 et
1331 5308 1456 5365 inde
1495 5324 1552 5365 se
1581 5310 1861 5377 avertens,

263 5395 551 5450 convertit
575 5395 646 5451 ad
693 5395 1038 5452 dilectionem
1086 5408 1410 5455 aeternorum
1430 5442 1444 5467 ,
1474 5400 1864 5467 immutabilem

261 5485 491 5541 Scilicet
511 5486 801 5553 unitatem,
822 5488 1179 5558 eamdemque
1205 5488 1525 5546 Trinitatem
1543 5530 1558 5557 ,
1597 5506 1760 5561 quam
1788 5491 1863 5547 ibi

258 5579 585 5647 aspexerit,
606 5588 873 5651 quantum
906 5586 1107 5651 potest,
1142 5581 1196 5636 in
1222 5582 1514 5653 longinquo
1541 5578 1860 5651 radiantem,

259 5668 475 5736 suique
505 5679 757 5741 aspectus
786 5672 1102 5728 infirmitate
1130 5673 1401 5729 sustinere
1430 5688 1490 5729 se
1516 5674 1663 5730 illam
1688 5675 1864 5731 lucem

259 5773 389 5813 non
419 5772 577 5828 me
601 5762 957 5834 persenserit,
1000 5764 1053 5818 in
1084 5764 1271 5834 quinto
1315 5764 1506 5836 gradu,
1542 5766 1645 5822 hoc
1676 5775 1788 5830 cst,
1812 5769 1863 5822 in

2278 3273 2551 3341 chqritatt's
2575 3273 2946 3345 perfectionem
2980 3273 3265 3347 perveniat.

2046 3386 2363 3461 Quicunque
2406 3390 2569 3462 igitur
2596 3390 2664 3447 ad
2694 3391 2976 3462 sapientiae
3022 3391 3233 3448 culmen
3283 3393 3559 3464 pervenit,

1974 3481 2042 3535 ad
2068 3480 2346 3551 fastigium
2375 3482 2660 3537 charitatis
2693 3483 2974 3553 perveniat
3003 3499 3228 3541 necesse
3267 3494 3389 3552 est,
3432 3487 3563 3558 quia

1973 3590 2135 3646 nemo
2154 3574 2393 3645 perfecte
2421 3577 2582 3648 sapit,
2610 3577 2714 3632 nisi
2738 3577 2784 3632 is
2811 3579 2903 3648 qui
2933 3586 3081 3634 recte
3111 3580 3303 3652 diligit.
3334 3581 3561 3652 Quando

1972 3665 2118 3720 enim
2152 3665 2274 3734 quis
2302 3665 2623 3736 pergradus
2652 3682 2816 3738 supra
2837 3669 3012 3723 dictos
3050 3670 3119 3725 ad
3143 3670 3423 3739 sapientiae
3448 3672 3564 3742 ple-

1972 3757 2273 3813 nitudinem
2298 3759 2476 3813 studet
2500 3760 2806 3828 pervenire,
2833 3759 2964 3813 nihil
2993 3759 3138 3814 aliud
3172 3760 3303 3829 agit,
3344 3761 3450 3816 nisi
3496 3771 3560 3817 ut

1973 3847 2042 3902 ad
2091 3846 2479 3917 perfectionem
2529 3846 2813 3903 charitatis
2844 3848 3157 3917 perveniat,
3204 3857 3260 3904 et
3297 3857 3560 3918 quantum

1970 3938 2184 4009 perficit
2221 3939 2275 3995 in
2306 3938 2592 4009 sapientia,
2627 3946 2835 3994 tantum
2862 3940 2918 3995 in
2961 3941 3245 3996 charitate.
3293 3940 3559 3995 Pl“£lel-—

1971 4046 2092 4086 mus
2132 4030 2277 4085 enim
2317 4031 2462 4099 quod
2489 4030 2544 4085 in
2592 4031 2919 4103 cogitatione
2948 4030 3190 4102 perfecta
3234 4032 3514 4102 sapientia:
3540 4073 3554 4097 ,

1970 4121 2246 4178 beatitudo
2282 4136 2409 4176 vera
2466 4122 2811 4185 consisteret,
2838 4123 2942 4179 hoc
2972 4123 3117 4177 idem
3144 4122 3376 4177 dicimus
3403 4131 3459 4177 et
3488 4122 3557 4179 de

1971 4214 2267 4280 charitate,
2345 4214 2471 4284 quia
2524 4214 2579 4268 in
2644 4214 2931 4269 dilectione
2979 4212 3217 4285 perfecta
3274 4213 3567 4271 charitatis.

1969 4307 2248 4364 beatitudo
2300 4320 2508 4361 summa
2561 4305 2825 4361 consistit.
2876 4304 3010 4360 Nam
3053 4312 3269 4360 creator
3312 4298 3561 4363 omnium

1970 4385 2132 4464 Deus,
2163 4398 2253 4467 qui
2294 4397 2573 4453 beatitudo
2606 4405 2790 4452 nostra
2817 4406 2924 4464 est,
2955 4407 3312 4471 utrorumque
3336 4401 3556 4460 nomine

1971 4487 2252 4560 requaliter
2276 4494 2641 4557 nuncupatur,
2665 4486 2807 4542 sicut
2826 4486 2880 4541 in
2911 4487 3050 4543 libro
3072 4486 3365 4559 Sapientia}
3390 4491 3458 4546 de
3488 4507 3561 4548 eo

1971 4579 2233 4651 scriptum
2263 4586 2346 4632 est
2385 4595 2397 4630 :
2452 4575 2734 4641 Omnium,
2786 4577 2974 4648 inquit,
3013 4578 3209 4649 artifex
3256 4579 3432 4634 docuit
3475 4597 3561 4635 me

1972 4671 2251 4740 sapientia.
2280 4666 2377 4723 Est
2418 4668 2555 4723 enim
2575 4667 2670 4722 illa
2698 4667 2925 4736 Spiritus
2956 4669 3247 4724 intellectus
3266 4712 3281 4736 ,
3312 4681 3556 4736 sanctus,

1972 4760 2184 4835 unicus,
2213 4767 2318 4814 etc.
2346 4757 2501 4829 (Sap.
2528 4759 2650 4830 vn).
2691 4742 2760 4812 Et
2792 4759 3067 4829 apostolus
3092 4756 3326 4816 Joannes
3354 4779 3366 4814 :
3392 4759 3557 4827 Deus,

1973 4851 2172 4921 inquit,
2200 4851 2429 4905 charitas
2458 4861 2556 4917 est,
2585 4859 2635 4904 et
2661 4852 2751 4920 qui
2773 4861 2945 4907 manet
2977 4852 3030 4905 in
3054 4854 3331 4919 charitate,
3363 4854 3418 4907 in
3449 4852 3558 4907 Deo

1971 4951 2169 5007 manet,
2196 4951 2246 4995 et
2273 4941 2415 4994 Deus
2445 4941 2500 4995 in
2529 4957 2589 4998 eo
2629 4940 2679 5013 (I
2710 4940 2872 4996 Joan.
2913 4942 3011 5015 tv).
3053 4943 3188 4999 Nam
3228 4944 3475 4999 Salvator
3503 4945 3563 4999 in

1970 5031 2265 5103 Evangelio
2307 5031 2630 5100 sapientiam
2657 5039 2712 5086 et
2755 5032 3079 5111 charitatem
3127 5050 3295 5089 unum
3323 5048 3444 5088 esse
3470 5035 3560 5088 in-

1969 5123 2142 5193 telligi
2167 5123 2376 5188 volens,
2403 5123 2471 5178 ad
2498 5122 2714 5179 Patrem
2742 5124 2880 5179 dixit
2908 5140 2922 5180 :
2952 5123 3114 5179 Pater
3133 5126 3301 5196 juste,
3326 5125 3561 5181 mundus

1969 5226 2020 5271 te
2046 5232 2150 5270 non
2173 5216 2441 5287 cognovit,
2470 5231 2563 5286 ego
2589 5225 2765 5271 autem
2793 5228 2843 5272 te
2869 5234 3105 5289 cognovi,
3128 5227 3176 5271 et
3214 5218 3268 5270 hi
3311 5233 3560 5286 cognove-

1968 5317 2116 5373 runt,
2141 5308 2266 5378 quia
2293 5315 2350 5361 tu
2375 5323 2457 5361 me
2469 5308 2677 5373 misisti,
2701 5318 2750 5363 et
2765 5318 2941 5363 notum
2965 5307 3066 5374 feci
3086 5307 3161 5362 eis
3185 5321 3371 5360 nomen
3384 5316 3557 5372 tuum,

1967 5408 2018 5454 et
2041 5408 2221 5453 notum
2246 5399 2439 5469 faciam
2457 5441 2473 5466 ,
2497 5410 2553 5455 ut
2582 5400 2788 5456 dilectio
2813 5418 2917 5471 qua
2942 5399 3175 5454 dilexisti
3201 5416 3283 5454 me
3301 5439 3316 5464 ,
3346 5399 3402 5453 in
3431 5399 3559 5470 ipsis

1967 5490 2056 5556 sit,
2072 5500 2120 5544 et
2148 5505 2240 5561 ego
2271 5491 2326 5544 in
2360 5491 2486 5562 ipsis
2521 5491 2702 5563 (Joan.
2725 5490 2878 5558 rvn).
2901 5490 3154 5560 Quisquis
3176 5504 3307 5562 ergo
3328 5490 3560 5561 percipit

1968 5581 2188 5651 plenam
2212 5582 2457 5637 notitiam
2489 5583 2609 5650 Dei,
2638 5583 2799 5639 simul
2842 5583 3005 5638 habet
3050 5583 3104 5638 in
3154 5599 3213 5640 se
3262 5584 3560 5655 perfectam

1970 5674 2312 5729 dilectionem
2335 5674 2453 5738 Dei,
2471 5683 2524 5728 et
2543 5666 2634 5730 his
2658 5676 2918 5731 ambobus
2946 5673 3151 5739 fruens,
3168 5676 3540 5735 :eternambea

1973 5764 2257 5820 titudinem
2288 5764 2482 5835 adepto
2512 5781 2723 5821 summo
2751 5767 2891 5822 bono
2922 5766 3145 5823 tenebit.
3244 5766 3256 5778 '
