  <div class='ocr_page' id='page_1' title='image "/cluster/home/n/w/nwhite01/storage/ocr_20150623/107/hvd.32044054759725/197.png"; bbox 0 0 4002 6204; ppageno 0'>
   <div class='ocr_carea' id='block_1_1' title="bbox 420 308 528 369">
    <p class='ocr_par' dir='ltr' id='par_1_1' title="bbox 420 308 528 369">
     <span class='ocr_line' id='line_1_1' title="bbox 420 308 528 369; baseline 0 -1"><span class='ocrx_word' id='word_1_1' title='bbox 420 308 528 369; x_wconf 76' lang='lat'><strong>383</strong></span> 
     </span>
    </p>
   </div>
   <div class='ocr_carea' id='block_1_2' title="bbox 1040 385 1439 477">
    <p class='ocr_par' dir='ltr' id='par_1_2' title="bbox 1040 385 1439 477">
     <span class='ocr_line' id='line_1_2' title="bbox 1040 385 1439 477; baseline -0.005 -1"><span class='ocrx_word' id='word_1_2' title='bbox 1040 420 1269 477; x_wconf 84' lang='lat' dir='ltr'><strong>CAPUT</strong></span> <span class='ocrx_word' id='word_1_3' title='bbox 1303 385 1439 477; x_wconf 76' lang='lat' dir='ltr'><strong>v1.’</strong></span> 
     </span>
    </p>
   </div>
   <div class='ocr_carea' id='block_1_3' title="bbox 688 513 1734 586">
    <p class='ocr_par' dir='ltr' id='par_1_3' title="bbox 688 513 1734 586">
     <span class='ocr_line' id='line_1_3' title="bbox 688 513 1734 586; baseline 0.002 -17"><span class='ocrx_word' id='word_1_4' title='bbox 688 516 764 570; x_wconf 83' lang='lat' dir='ltr'><strong>De</strong></span> <span class='ocrx_word' id='word_1_5' title='bbox 789 518 943 571; x_wconf 88' lang='lat' dir='ltr'><strong>modo</strong></span> <span class='ocrx_word' id='word_1_6' title='bbox 969 516 1173 586; x_wconf 78' lang='lat' dir='ltr'><strong>legendi</strong></span> <span class='ocrx_word' id='word_1_7' title='bbox 1206 532 1383 570; x_wconf 78' lang='lat' dir='ltr'><strong>sacras</strong></span> <span class='ocrx_word' id='word_1_8' title='bbox 1412 513 1734 586; x_wconf 79' lang='lat' dir='ltr'><strong>Scripturas.</strong></span> 
     </span>
    </p>
   </div>
   <div class='ocr_carea' id='block_1_4' title="bbox 493 605 2012 680">
    <p class='ocr_par' dir='ltr' id='par_1_4' title="bbox 493 605 2012 680">
     <span class='ocr_line' id='line_1_4' title="bbox 493 605 2012 680; baseline 0 -18"><span class='ocrx_word' id='word_1_9' title='bbox 493 606 600 663; x_wconf 86' lang='lat' dir='ltr'><strong>Sed</strong></span> <span class='ocrx_word' id='word_1_10' title='bbox 627 622 725 661; x_wconf 91' lang='lat' dir='ltr'><strong>nos</strong></span> <span class='ocrx_word' id='word_1_11' title='bbox 762 606 849 661; x_wconf 90' lang='lat' dir='ltr'><strong>his</strong></span> <span class='ocrx_word' id='word_1_12' title='bbox 875 607 948 661; x_wconf 88' lang='lat' dir='ltr'><strong>ita</strong></span> <span class='ocrx_word' id='word_1_13' title='bbox 975 605 1291 675; x_wconf 72' lang='lat' dir='ltr'><strong>praelibatis,</strong></span> <span class='ocrx_word' id='word_1_14' title='bbox 1338 606 1405 661; x_wconf 89' lang='lat' dir='ltr'><strong>ad</strong></span> <span class='ocrx_word' id='word_1_15' title='bbox 1438 606 1655 661; x_wconf 87' lang='lat' dir='ltr'><strong>tertium</strong></span> <span class='ocrx_word' id='word_1_16' title='bbox 1699 606 1848 661; x_wconf 92' lang='lat' dir='ltr'><strong>illum</strong></span> <span class='ocrx_word' id='word_1_17' title='bbox 1889 623 2012 680; x_wconf 87' lang='lat' dir='ltr'><strong>gra-</strong></span> 
     </span>
    </p>
   </div>
   <div class='ocr_carea' id='block_1_5' title="bbox 421 700 2006 768">
    <p class='ocr_par' dir='ltr' id='par_1_5' title="bbox 421 700 2006 768">
     <span class='ocr_line' id='line_1_5' title="bbox 421 700 2006 768; baseline 0.002 -15"><span class='ocrx_word' id='word_1_18' title='bbox 421 701 579 765; x_wconf 88' lang='lat' dir='ltr'><strong>dum,</strong></span> <span class='ocrx_word' id='word_1_19' title='bbox 611 700 663 754; x_wconf 88' lang='lat' dir='ltr'><strong>id</strong></span> <span class='ocrx_word' id='word_1_20' title='bbox 718 709 804 755; x_wconf 90' lang='lat' dir='ltr'><strong>est</strong></span> <span class='ocrx_word' id='word_1_21' title='bbox 847 702 1150 768; x_wconf 76' lang='lat' dir='ltr'><strong>scientiam,</strong></span> <span class='ocrx_word' id='word_1_22' title='bbox 1174 704 1661 759; x_wconf 89' lang='lat' dir='ltr'><strong>considerationem</strong></span> <span class='ocrx_word' id='word_1_23' title='bbox 1688 702 2006 768; x_wconf 83' lang='lat' dir='ltr'><strong>referamus,</strong></span> 
     </span>
    </p>
   </div>
   <div class='ocr_carea' id='block_1_6' title="bbox 422 791 2009 865">
    <p class='ocr_par' dir='ltr' id='par_1_6' title="bbox 422 791 2009 865">
     <span class='ocr_line' id='line_1_6' title="bbox 422 791 2009 865; baseline 0.001 -19"><span class='ocrx_word' id='word_1_24' title='bbox 422 791 488 846; x_wconf 91' lang='lat' dir='ltr'><strong>de</strong></span> <span class='ocrx_word' id='word_1_25' title='bbox 520 808 624 862; x_wconf 85' lang='lat' dir='ltr'><strong>qua</strong></span> <span class='ocrx_word' id='word_1_26' title='bbox 668 792 933 847; x_wconf 81' lang='lat' dir='ltr'><strong>disserere</strong></span> <span class='ocrx_word' id='word_1_27' title='bbox 975 794 1118 862; x_wconf 89' lang='lat' dir='ltr'><strong>quod</strong></span> <span class='ocrx_word' id='word_1_28' title='bbox 1168 794 1427 849; x_wconf 88' lang='lat' dir='ltr'><strong>Dominus</strong></span> <span class='ocrx_word' id='word_1_29' title='bbox 1470 794 1802 865; x_wconf 85' lang='lat' dir='ltr'><strong>suggesserit</strong></span> <span class='ocrx_word' id='word_1_30' title='bbox 1850 801 2009 861; x_wconf 88' lang='lat' dir='ltr'><strong>atque</strong></span> 
     </span>
    </p>
   </div>
   <div class='ocr_carea' id='block_1_7' title="bbox 422 885 2011 957">
    <p class='ocr_par' dir='ltr' id='par_1_7' title="bbox 422 885 2011 957">
     <span class='ocr_line' id='line_1_7' title="bbox 422 885 2011 957; baseline 0.001 -19"><span class='ocrx_word' id='word_1_31' title='bbox 422 893 661 940; x_wconf 77' lang='lat' dir='ltr'><strong>tractare</strong></span> <span class='ocrx_word' id='word_1_32' title='bbox 702 888 1054 941; x_wconf 91' lang='lat' dir='ltr'><strong>instituimus.</strong></span> <span class='ocrx_word' id='word_1_33' title='bbox 1090 887 1208 941; x_wconf 87' lang='lat' dir='ltr'><strong>Erit</strong></span> <span class='ocrx_word' id='word_1_34' title='bbox 1239 887 1402 957; x_wconf 80' lang='lat' dir='ltr'><strong>igitur</strong></span> <span class='ocrx_word' id='word_1_35' title='bbox 1432 887 1735 941; x_wconf 80' lang='lat' dir='ltr'><strong>divinarum</strong></span> <span class='ocrx_word' id='word_1_36' title='bbox 1768 885 2011 955; x_wconf 83' lang='lat' dir='ltr'><strong>Scriptu-</strong></span> 
     </span>
    </p>
   </div>
   <div class='ocr_carea' id='block_1_8' title="bbox 421 978 2008 1050">
    <p class='ocr_par' dir='ltr' id='par_1_8' title="bbox 421 978 2008 1050">
     <span class='ocr_line' id='line_1_8' title="bbox 421 978 2008 1050; baseline 0.003 -19"><span class='ocrx_word' id='word_1_37' title='bbox 421 994 607 1031; x_wconf 87' lang='lat' dir='ltr'><strong>rarum</strong></span> <span class='ocrx_word' id='word_1_38' title='bbox 639 978 1025 1034; x_wconf 87' lang='lat' dir='ltr'><strong>solertissimus</strong></span> <span class='ocrx_word' id='word_1_39' title='bbox 1052 981 1352 1044; x_wconf 74' lang='lat' dir='ltr'><strong>indagator,</strong></span> <span class='ocrx_word' id='word_1_40' title='bbox 1382 981 1471 1050; x_wconf 86' lang='lat' dir='ltr'><strong>qui</strong></span> <span class='ocrx_word' id='word_1_41' title='bbox 1497 982 1673 1050; x_wconf 92' lang='lat' dir='ltr'><strong>primo</strong></span> <span class='ocrx_word' id='word_1_42' title='bbox 1700 988 1846 1035; x_wconf 90' lang='lat' dir='ltr'><strong>totas</strong></span> <span class='ocrx_word' id='word_1_43' title='bbox 1868 979 2008 1050; x_wconf 52' lang='lat' dir='ltr'><strong>lege.</strong></span> 
     </span>
    </p>
   </div>
   <div class='ocr_carea' id='block_1_9' title="bbox 422 1067 2010 1138">
    <p class='ocr_par' dir='ltr' id='par_1_9' title="bbox 422 1067 2010 1138">
     <span class='ocr_line' id='line_1_9' title="bbox 422 1067 2010 1138; baseline 0.002 -18"><span class='ocrx_word' id='word_1_44' title='bbox 422 1067 513 1130; x_wconf 92' lang='lat' dir='ltr'><strong>rit,</strong></span> <span class='ocrx_word' id='word_1_45' title='bbox 545 1077 807 1137; x_wconf 88' lang='lat' dir='ltr'><strong>notasque</strong></span> <span class='ocrx_word' id='word_1_46' title='bbox 835 1070 1103 1132; x_wconf 81' lang='lat' dir='ltr'><strong>habuerit,</strong></span> <span class='ocrx_word' id='word_1_47' title='bbox 1144 1078 1197 1124; x_wconf 92' lang='lat' dir='ltr'><strong>et</strong></span> <span class='ocrx_word' id='word_1_48' title='bbox 1228 1070 1272 1124; x_wconf 93' lang='lat' dir='ltr'><strong>si</strong></span> <span class='ocrx_word' id='word_1_49' title='bbox 1302 1070 1540 1124; x_wconf 90' lang='lat' dir='ltr'><strong>nondum</strong></span> <span class='ocrx_word' id='word_1_50' title='bbox 1566 1069 1839 1123; x_wconf 91' lang='lat' dir='ltr'><strong>intellectu</strong></span> <span class='ocrx_word' id='word_1_51' title='bbox 1859 1109 1875 1135; x_wconf 92' lang='lat'><strong>,</strong></span> <span class='ocrx_word' id='word_1_52' title='bbox 1894 1069 2010 1138; x_wconf 89' lang='lat' dir='ltr'><strong>jam</strong></span> 
     </span>
    </p>
   </div>
   <div class='ocr_carea' id='block_1_10' title="bbox 423 1159 2010 1230">
    <p class='ocr_par' dir='ltr' id='par_1_10' title="bbox 423 1159 2010 1230">
     <span class='ocr_line' id='line_1_10' title="bbox 423 1159 2010 1230; baseline 0.001 -17"><span class='ocrx_word' id='word_1_53' title='bbox 423 1168 602 1213; x_wconf 88' lang='lat' dir='ltr'><strong>tamen</strong></span> <span class='ocrx_word' id='word_1_54' title='bbox 634 1159 885 1225; x_wconf 88' lang='lat' dir='ltr'><strong>lectione,</strong></span> <span class='ocrx_word' id='word_1_55' title='bbox 917 1161 1181 1215; x_wconf 83' lang='lat' dir='ltr'><strong>duntaxat</strong></span> <span class='ocrx_word' id='word_1_56' title='bbox 1209 1176 1302 1215; x_wconf 90' lang='lat' dir='ltr'><strong>cas</strong></span> <span class='ocrx_word' id='word_1_57' title='bbox 1330 1177 1450 1230; x_wconf 69' lang='lat' dir='ltr'><strong>quae</strong></span> <span class='ocrx_word' id='word_1_58' title='bbox 1476 1160 1814 1230; x_wconf 84' lang='lat' dir='ltr'><strong>appellantur</strong></span> <span class='ocrx_word' id='word_1_59' title='bbox 1844 1175 2010 1215; x_wconf 84' lang='lat' dir='ltr'><strong>cano-</strong></span> 
     </span>
    </p>
   </div>
   <div class='ocr_carea' id='block_1_11' title="bbox 421 1250 2007 1321">
    <p class='ocr_par' dir='ltr' id='par_1_11' title="bbox 421 1250 2007 1321">
     <span class='ocr_line' id='line_1_11' title="bbox 421 1250 2007 1321; baseline 0.002 -19"><span class='ocrx_word' id='word_1_60' title='bbox 421 1250 590 1314; x_wconf 61' lang='lat' dir='ltr'><strong>nica),</strong></span> <span class='ocrx_word' id='word_1_61' title='bbox 633 1266 757 1304; x_wconf 92' lang='lat' dir='ltr'><strong>nam</strong></span> <span class='ocrx_word' id='word_1_62' title='bbox 786 1258 1010 1305; x_wconf 61' lang='lat' dir='ltr'><strong>caeteras</strong></span> <span class='ocrx_word' id='word_1_63' title='bbox 1049 1266 1275 1305; x_wconf 87' lang='lat' dir='ltr'><strong>securus</strong></span> <span class='ocrx_word' id='word_1_64' title='bbox 1298 1250 1442 1321; x_wconf 81' lang='lat' dir='ltr'><strong>legat</strong></span> <span class='ocrx_word' id='word_1_65' title='bbox 1473 1250 1575 1305; x_wconf 83' lang='lat' dir='ltr'><strong>ﬁde</strong></span> <span class='ocrx_word' id='word_1_66' title='bbox 1612 1251 1860 1306; x_wconf 79' lang='lat' dir='ltr'><strong>veritatis</strong></span> <span class='ocrx_word' id='word_1_67' title='bbox 1921 1251 2007 1305; x_wconf 81' lang='lat' dir='ltr'><strong>in-</strong></span> 
     </span>
    </p>
   </div>
   <div class='ocr_carea' id='block_1_12' title="bbox 421 1341 2008 1411">
    <p class='ocr_par' dir='ltr' id='par_1_12' title="bbox 421 1341 2008 1411">
     <span class='ocr_line' id='line_1_12' title="bbox 421 1341 2008 1411; baseline 0.003 -17"><span class='ocrx_word' id='word_1_68' title='bbox 421 1348 679 1405; x_wconf 89' lang='lat' dir='ltr'><strong>structus,</strong></span> <span class='ocrx_word' id='word_1_69' title='bbox 731 1357 799 1395; x_wconf 90' lang='lat' dir='ltr'><strong>ne</strong></span> <span class='ocrx_word' id='word_1_70' title='bbox 835 1350 1218 1411; x_wconf 70' lang='lat' dir='ltr'><strong>prmoccupent</strong></span> <span class='ocrx_word' id='word_1_71' title='bbox 1272 1341 1599 1397; x_wconf 89' lang='lat' dir='ltr'><strong>imbecillum</strong></span> <span class='ocrx_word' id='word_1_72' title='bbox 1644 1342 1905 1407; x_wconf 92' lang='lat' dir='ltr'><strong>animum,</strong></span> <span class='ocrx_word' id='word_1_73' title='bbox 1952 1352 2008 1399; x_wconf 91' lang='lat' dir='ltr'><strong>et</strong></span> 
     </span>
    </p>
   </div>
   <div class='ocr_carea' id='block_1_13' title="bbox 417 1429 2009 1502">
    <p class='ocr_par' dir='ltr' id='par_1_13' title="bbox 417 1429 2009 1502">
     <span class='ocr_line' id='line_1_13' title="bbox 417 1429 2009 1502; baseline 0.003 -19"><span class='ocrx_word' id='word_1_74' title='bbox 417 1429 737 1499; x_wconf 89' lang='lat' dir='ltr'><strong>periculosis</strong></span> <span class='ocrx_word' id='word_1_75' title='bbox 766 1432 1063 1487; x_wconf 88' lang='lat' dir='ltr'><strong>mendaciis</strong></span> <span class='ocrx_word' id='word_1_76' title='bbox 1098 1440 1260 1502; x_wconf 89' lang='lat' dir='ltr'><strong>atque</strong></span> <span class='ocrx_word' id='word_1_77' title='bbox 1283 1432 1750 1502; x_wconf 89' lang='lat' dir='ltr'><strong>phantasmatibus</strong></span> <span class='ocrx_word' id='word_1_78' title='bbox 1788 1432 2009 1488; x_wconf 84' lang='lat' dir='ltr'><strong>eluden-</strong></span> 
     </span>
    </p>
   </div>
   <div class='ocr_carea' id='block_1_14' title="bbox 422 1520 2003 1596">
    <p class='ocr_par' dir='ltr' id='par_1_14' title="bbox 422 1520 2003 1596">
     <span class='ocr_line' id='line_1_14' title="bbox 422 1520 2003 1596; baseline 0.003 -22"><span class='ocrx_word' id='word_1_79' title='bbox 422 1529 503 1575; x_wconf 88' lang='lat' dir='ltr'><strong>tes</strong></span> <span class='ocrx_word' id='word_1_80' title='bbox 538 1520 889 1589; x_wconf 78' lang='lat' dir='ltr'><strong>praejudiceut</strong></span> <span class='ocrx_word' id='word_1_81' title='bbox 910 1523 1112 1592; x_wconf 90' lang='lat' dir='ltr'><strong>aliquid</strong></span> <span class='ocrx_word' id='word_1_82' title='bbox 1134 1531 1324 1578; x_wconf 90' lang='lat' dir='ltr'><strong>contra</strong></span> <span class='ocrx_word' id='word_1_83' title='bbox 1352 1539 1539 1579; x_wconf 91' lang='lat' dir='ltr'><strong>sanam</strong></span> <span class='ocrx_word' id='word_1_84' title='bbox 1570 1523 2003 1596; x_wconf 83' lang='lat' dir='ltr'><strong>intelligentiam.</strong></span> 
     </span>
    </p>
   </div>
   <div class='ocr_carea' id='block_1_15' title="bbox 418 1609 2008 1683">
    <p class='ocr_par' dir='ltr' id='par_1_15' title="bbox 418 1609 2008 1683">
     <span class='ocr_line' id='line_1_15' title="bbox 418 1609 2008 1683; baseline 0.004 -19"><span class='ocrx_word' id='word_1_85' title='bbox 418 1609 478 1664; x_wconf 90' lang='lat' dir='ltr'><strong>ln</strong></span> <span class='ocrx_word' id='word_1_86' title='bbox 505 1613 783 1666; x_wconf 85' lang='lat' dir='ltr'><strong>canonicis</strong></span> <span class='ocrx_word' id='word_1_87' title='bbox 813 1622 995 1667; x_wconf 89' lang='lat' dir='ltr'><strong>autem</strong></span> <span class='ocrx_word' id='word_1_88' title='bbox 1032 1613 1361 1683; x_wconf 88' lang='lat' dir='ltr'><strong>Seripturis,</strong></span> <span class='ocrx_word' id='word_1_89' title='bbox 1389 1614 1742 1669; x_wconf 89' lang='lat' dir='ltr'><strong>ecclesiarum</strong></span> <span class='ocrx_word' id='word_1_90' title='bbox 1780 1614 2008 1670; x_wconf 91' lang='lat' dir='ltr'><strong>catholi-</strong></span> 
     </span>
    </p>
   </div>
   <div class='ocr_carea' id='block_1_16' title="bbox 419 1704 2008 1774">
    <p class='ocr_par' dir='ltr' id='par_1_16' title="bbox 419 1704 2008 1774">
     <span class='ocr_line' id='line_1_16' title="bbox 419 1704 2008 1774; baseline 0.003 -19"><span class='ocrx_word' id='word_1_91' title='bbox 419 1716 610 1756; x_wconf 89' lang='lat' dir='ltr'><strong>carum</strong></span> <span class='ocrx_word' id='word_1_92' title='bbox 645 1704 1096 1772; x_wconf 90' lang='lat' dir='ltr'><strong>quamplurimam</strong></span> <span class='ocrx_word' id='word_1_93' title='bbox 1144 1704 1521 1758; x_wconf 88' lang='lat' dir='ltr'><strong>auctoritatem</strong></span> <span class='ocrx_word' id='word_1_94' title='bbox 1559 1714 1838 1774; x_wconf 87' lang='lat' dir='ltr'><strong>sequatur,</strong></span> <span class='ocrx_word' id='word_1_95' title='bbox 1867 1705 2008 1762; x_wconf 88' lang='lat' dir='ltr'><strong>inter</strong></span> 
     </span>
    </p>
   </div>
   <div class='ocr_carea' id='block_1_17' title="bbox 419 1792 2009 1864">
    <p class='ocr_par' dir='ltr' id='par_1_17' title="bbox 419 1792 2009 1864">
     <span class='ocr_line' id='line_1_17' title="bbox 419 1792 2009 1864; baseline 0.005 -20"><span class='ocrx_word' id='word_1_96' title='bbox 419 1808 558 1862; x_wconf 86' lang='lat' dir='ltr'><strong>quas</strong></span> <span class='ocrx_word' id='word_1_97' title='bbox 584 1807 714 1847; x_wconf 90' lang='lat' dir='ltr'><strong>sane</strong></span> <span class='ocrx_word' id='word_1_98' title='bbox 749 1792 851 1847; x_wconf 85' lang='lat' dir='ltr'><strong>illae</strong></span> <span class='ocrx_word' id='word_1_99' title='bbox 874 1802 1001 1848; x_wconf 90' lang='lat' dir='ltr'><strong>sunt</strong></span> <span class='ocrx_word' id='word_1_100' title='bbox 1029 1809 1149 1863; x_wconf 65' lang='lat' dir='ltr'><strong>quae</strong></span> <span class='ocrx_word' id='word_1_101' title='bbox 1177 1793 1502 1864; x_wconf 91' lang='lat' dir='ltr'><strong>apostolieas</strong></span> <span class='ocrx_word' id='word_1_102' title='bbox 1526 1795 1681 1850; x_wconf 86' lang='lat' dir='ltr'><strong>sedes</strong></span> <span class='ocrx_word' id='word_1_103' title='bbox 1702 1796 1929 1862; x_wconf 82' lang='lat' dir='ltr'><strong>habere,</strong></span> <span class='ocrx_word' id='word_1_104' title='bbox 1953 1808 2009 1852; x_wconf 92' lang='lat' dir='ltr'><strong>et</strong></span> 
     </span>
    </p>
   </div>
   <div class='ocr_carea' id='block_1_18' title="bbox 419 1883 2010 1957">
    <p class='ocr_par' dir='ltr' id='par_1_18' title="bbox 419 1883 2010 1957">
     <span class='ocr_line' id='line_1_18' title="bbox 419 1883 2010 1957; baseline 0.003 -20"><span class='ocrx_word' id='word_1_105' title='bbox 419 1883 689 1953; x_wconf 85' lang='lat' dir='ltr'><strong>Epistolas</strong></span> <span class='ocrx_word' id='word_1_106' title='bbox 727 1884 974 1954; x_wconf 91' lang='lat' dir='ltr'><strong>accipere</strong></span> <span class='ocrx_word' id='word_1_107' title='bbox 1014 1894 1349 1939; x_wconf 90' lang='lat' dir='ltr'><strong>meruerunt.</strong></span> <span class='ocrx_word' id='word_1_108' title='bbox 1399 1884 1626 1941; x_wconf 90' lang='lat' dir='ltr'><strong>Tenebit</strong></span> <span class='ocrx_word' id='word_1_109' title='bbox 1662 1885 1826 1957; x_wconf 77' lang='lat' dir='ltr'><strong>igitur</strong></span> <span class='ocrx_word' id='word_1_110' title='bbox 1865 1887 2010 1943; x_wconf 91' lang='lat' dir='ltr'><strong>hunc</strong></span> 
     </span>
    </p>
   </div>
   <div class='ocr_carea' id='block_1_19' title="bbox 419 1973 2047 2046">
    <p class='ocr_par' dir='ltr' id='par_1_19' title="bbox 419 1973 2047 2046">
     <span class='ocr_line' id='line_1_19' title="bbox 419 1973 2047 2046; baseline 0.004 -19"><span class='ocrx_word' id='word_1_111' title='bbox 419 1974 639 2029; x_wconf 91' lang='lat' dir='ltr'><strong>modum</strong></span> <span class='ocrx_word' id='word_1_112' title='bbox 670 1974 724 2028; x_wconf 90' lang='lat' dir='ltr'><strong>in</strong></span> <span class='ocrx_word' id='word_1_113' title='bbox 754 1973 1053 2043; x_wconf 89' lang='lat' dir='ltr'><strong>Scripturis</strong></span> <span class='ocrx_word' id='word_1_114' title='bbox 1081 1976 1379 2040; x_wconf 88' lang='lat' dir='ltr'><strong>canonicis,</strong></span> <span class='ocrx_word' id='word_1_115' title='bbox 1412 1984 1471 2029; x_wconf 91' lang='lat' dir='ltr'><strong>ut</strong></span> <span class='ocrx_word' id='word_1_116' title='bbox 1500 1990 1594 2031; x_wconf 90' lang='lat' dir='ltr'><strong>eas</strong></span> <span class='ocrx_word' id='word_1_117' title='bbox 1619 1990 1739 2046; x_wconf 68' lang='lat' dir='ltr'><strong>qua:</strong></span> <span class='ocrx_word' id='word_1_118' title='bbox 1780 1976 1849 2032; x_wconf 91' lang='lat' dir='ltr'><strong>ab</strong></span> <span class='ocrx_word' id='word_1_119' title='bbox 1892 1993 2010 2032; x_wconf 89' lang='lat' dir='ltr'><strong>om-</strong></span> <span class='ocrx_word' id='word_1_120' title='bbox 2040 1994 2047 2000; x_wconf 60' lang='grc' dir='ltr'><strong>θ</strong></span> 
     </span>
    </p>
   </div>
   <div class='ocr_carea' id='block_1_20' title="bbox 417 2065 2009 2138">
    <p class='ocr_par' dir='ltr' id='par_1_20' title="bbox 417 2065 2009 2138">
     <span class='ocr_line' id='line_1_20' title="bbox 417 2065 2009 2138; baseline 0.003 -18"><span class='ocrx_word' id='word_1_121' title='bbox 417 2065 579 2120; x_wconf 88' lang='lat' dir='ltr'><strong>nibus</strong></span> <span class='ocrx_word' id='word_1_122' title='bbox 611 2065 953 2134; x_wconf 89' lang='lat' dir='ltr'><strong>accipiuntur</strong></span> <span class='ocrx_word' id='word_1_123' title='bbox 998 2065 1253 2121; x_wconf 88' lang='lat' dir='ltr'><strong>Ecclesiis</strong></span> <span class='ocrx_word' id='word_1_124' title='bbox 1287 2065 1570 2123; x_wconf 86' lang='lat' dir='ltr'><strong>catholicis</strong></span> <span class='ocrx_word' id='word_1_125' title='bbox 1609 2075 1888 2138; x_wconf 64' lang='lat' dir='ltr'><strong>praeponat</strong></span> <span class='ocrx_word' id='word_1_126' title='bbox 1929 2068 2009 2124; x_wconf 88' lang='lat' dir='ltr'><strong>eis</strong></span> 
     </span>
    </p>
   </div>
   <div class='ocr_carea' id='block_1_21' title="bbox 418 2159 2007 2231">
    <p class='ocr_par' dir='ltr' id='par_1_21' title="bbox 418 2159 2007 2231">
     <span class='ocr_line' id='line_1_21' title="bbox 418 2159 2007 2231; baseline 0.002 -18"><span class='ocrx_word' id='word_1_127' title='bbox 418 2174 555 2230; x_wconf 88' lang='lat' dir='ltr'><strong>quas</strong></span> <span class='ocrx_word' id='word_1_128' title='bbox 583 2160 800 2230; x_wconf 91' lang='lat' dir='ltr'><strong>quidam</strong></span> <span class='ocrx_word' id='word_1_129' title='bbox 822 2174 931 2214; x_wconf 91' lang='lat' dir='ltr'><strong>non</strong></span> <span class='ocrx_word' id='word_1_130' title='bbox 961 2159 1263 2230; x_wconf 88' lang='lat' dir='ltr'><strong>accipiunt,</strong></span> <span class='ocrx_word' id='word_1_131' title='bbox 1296 2160 1348 2215; x_wconf 90' lang='lat' dir='ltr'><strong>in</strong></span> <span class='ocrx_word' id='word_1_132' title='bbox 1376 2160 1455 2215; x_wconf 84' lang='lat' dir='ltr'><strong>eis</strong></span> <span class='ocrx_word' id='word_1_133' title='bbox 1480 2176 1610 2215; x_wconf 89' lang='lat' dir='ltr'><strong>vero</strong></span> <span class='ocrx_word' id='word_1_134' title='bbox 1634 2176 1755 2231; x_wconf 62' lang='lat' dir='ltr'><strong>quin</strong></span> <span class='ocrx_word' id='word_1_135' title='bbox 1782 2176 1888 2216; x_wconf 89' lang='lat' dir='ltr'><strong>non</strong></span> <span class='ocrx_word' id='word_1_136' title='bbox 1916 2175 2007 2216; x_wconf 88' lang='lat' dir='ltr'><strong>ac-</strong></span> 
     </span>
    </p>
   </div>
   <div class='ocr_carea' id='block_1_22' title="bbox 417 2251 2006 2324">
    <p class='ocr_par' dir='ltr' id='par_1_22' title="bbox 417 2251 2006 2324">
     <span class='ocr_line' id='line_1_22' title="bbox 417 2251 2006 2324; baseline 0.001 -18"><span class='ocrx_word' id='word_1_137' title='bbox 417 2251 690 2320; x_wconf 88' lang='lat' dir='ltr'><strong>cipiuntur</strong></span> <span class='ocrx_word' id='word_1_138' title='bbox 739 2253 809 2307; x_wconf 89' lang='lat' dir='ltr'><strong>ab</strong></span> <span class='ocrx_word' id='word_1_139' title='bbox 852 2252 1127 2318; x_wconf 90' lang='lat' dir='ltr'><strong>omnibus,</strong></span> <span class='ocrx_word' id='word_1_140' title='bbox 1174 2263 1454 2323; x_wconf 67' lang='lat' dir='ltr'><strong>praaponat</strong></span> <span class='ocrx_word' id='word_1_141' title='bbox 1500 2268 1594 2308; x_wconf 88' lang='lat' dir='ltr'><strong>eas</strong></span> <span class='ocrx_word' id='word_1_142' title='bbox 1635 2268 1771 2324; x_wconf 90' lang='lat' dir='ltr'><strong>quas</strong></span> <span class='ocrx_word' id='word_1_143' title='bbox 1824 2252 2006 2324; x_wconf 86' lang='lat' dir='ltr'><strong>plures</strong></span> 
     </span>
    </p>
   </div>
   <div class='ocr_carea' id='block_1_23' title="bbox 415 2344 2006 2415">
    <p class='ocr_par' dir='ltr' id='par_1_23' title="bbox 415 2344 2006 2415">
     <span class='ocr_line' id='line_1_23' title="bbox 415 2344 2006 2415; baseline 0.003 -19"><span class='ocrx_word' id='word_1_144' title='bbox 415 2344 800 2414; x_wconf 77' lang='lat' dir='ltr'><strong>gravioresque</strong></span> <span class='ocrx_word' id='word_1_145' title='bbox 821 2344 1116 2414; x_wconf 88' lang='lat' dir='ltr'><strong>accipiunt,</strong></span> <span class='ocrx_word' id='word_1_146' title='bbox 1130 2345 1211 2399; x_wconf 90' lang='lat' dir='ltr'><strong>eis</strong></span> <span class='ocrx_word' id='word_1_147' title='bbox 1222 2361 1357 2414; x_wconf 89' lang='lat' dir='ltr'><strong>quas</strong></span> <span class='ocrx_word' id='word_1_148' title='bbox 1379 2345 1651 2415; x_wconf 89' lang='lat' dir='ltr'><strong>paucioris</strong></span> <span class='ocrx_word' id='word_1_149' title='bbox 1672 2345 2006 2415; x_wconf 91' lang='lat' dir='ltr'><strong>minorisque</strong></span> 
     </span>
    </p>
   </div>
   <div class='ocr_carea' id='block_1_24' title="bbox 416 2433 2006 2490">
    <p class='ocr_par' dir='ltr' id='par_1_24' title="bbox 416 2433 2006 2490">
     <span class='ocr_line' id='line_1_24' title="bbox 416 2433 2006 2490; baseline 0.001 -2"><span class='ocrx_word' id='word_1_150' title='bbox 416 2435 755 2489; x_wconf 88' lang='lat' dir='ltr'><strong>auctoritatis</strong></span> <span class='ocrx_word' id='word_1_151' title='bbox 777 2434 1031 2489; x_wconf 71' lang='lat' dir='ltr'><strong>Ecclesia:</strong></span> <span class='ocrx_word' id='word_1_152' title='bbox 1058 2442 1263 2490; x_wconf 91' lang='lat' dir='ltr'><strong>tenent.</strong></span> <span class='ocrx_word' id='word_1_153' title='bbox 1293 2433 1351 2489; x_wconf 88' lang='lat' dir='ltr'><strong>Si</strong></span> <span class='ocrx_word' id='word_1_154' title='bbox 1375 2442 1556 2490; x_wconf 89' lang='lat' dir='ltr'><strong>autem</strong></span> <span class='ocrx_word' id='word_1_155' title='bbox 1581 2434 1715 2489; x_wconf 91' lang='lat' dir='ltr'><strong>alias</strong></span> <span class='ocrx_word' id='word_1_156' title='bbox 1738 2433 2006 2489; x_wconf 83' lang='lat' dir='ltr'><strong>invenerit</strong></span> 
     </span>
    </p>
   </div>
   <div class='ocr_carea' id='block_1_25' title="bbox 416 2528 2005 2600">
    <p class='ocr_par' dir='ltr' id='par_1_25' title="bbox 416 2528 2005 2600">
     <span class='ocr_line' id='line_1_25' title="bbox 416 2528 2005 2600; baseline 0 -17"><span class='ocrx_word' id='word_1_157' title='bbox 416 2544 447 2583; x_wconf 90' lang='lat' dir='ltr'><strong>a</strong></span> <span class='ocrx_word' id='word_1_158' title='bbox 465 2528 730 2599; x_wconf 88' lang='lat' dir='ltr'><strong>pluribus,</strong></span> <span class='ocrx_word' id='word_1_159' title='bbox 762 2528 897 2585; x_wconf 90' lang='lat' dir='ltr'><strong>alias</strong></span> <span class='ocrx_word' id='word_1_160' title='bbox 919 2544 949 2582; x_wconf 94' lang='lat' dir='ltr'><strong>a</strong></span> <span class='ocrx_word' id='word_1_161' title='bbox 970 2528 1308 2600; x_wconf 84' lang='lat' dir='ltr'><strong>gravioribus</strong></span> <span class='ocrx_word' id='word_1_162' title='bbox 1327 2528 1535 2593; x_wconf 88' lang='lat' dir='ltr'><strong>haberi,</strong></span> <span class='ocrx_word' id='word_1_163' title='bbox 1565 2542 1875 2598; x_wconf 87' lang='lat' dir='ltr'><strong>quanquam</strong></span> <span class='ocrx_word' id='word_1_164' title='bbox 1902 2528 2005 2583; x_wconf 91' lang='lat' dir='ltr'><strong>hoc</strong></span> 
     </span>
    </p>
   </div>
   <div class='ocr_carea' id='block_1_26' title="bbox 414 2619 2003 2691">
    <p class='ocr_par' dir='ltr' id='par_1_26' title="bbox 414 2619 2003 2691">
     <span class='ocr_line' id='line_1_26' title="bbox 414 2619 2003 2691; baseline 0 -16"><span class='ocrx_word' id='word_1_165' title='bbox 414 2619 658 2675; x_wconf 90' lang='lat' dir='ltr'><strong>invenire</strong></span> <span class='ocrx_word' id='word_1_166' title='bbox 685 2635 791 2675; x_wconf 92' lang='lat' dir='ltr'><strong>non</strong></span> <span class='ocrx_word' id='word_1_167' title='bbox 818 2620 1020 2691; x_wconf 88' lang='lat' dir='ltr'><strong>possit,</strong></span> <span class='ocrx_word' id='word_1_168' title='bbox 1067 2619 1290 2690; x_wconf 89' lang='lat' dir='ltr'><strong>aequalis</strong></span> <span class='ocrx_word' id='word_1_169' title='bbox 1319 2627 1499 2674; x_wconf 89' lang='lat' dir='ltr'><strong>tamen</strong></span> <span class='ocrx_word' id='word_1_170' title='bbox 1540 2620 1881 2675; x_wconf 88' lang='lat' dir='ltr'><strong>auctoritatis</strong></span> <span class='ocrx_word' id='word_1_171' title='bbox 1909 2634 2003 2675; x_wconf 88' lang='lat' dir='ltr'><strong>eas</strong></span> 
     </span>
    </p>
   </div>
   <div class='ocr_carea' id='block_1_27' title="bbox 411 2708 2000 2780">
    <p class='ocr_par' dir='ltr' id='par_1_27' title="bbox 411 2708 2000 2780">
     <span class='ocr_line' id='line_1_27' title="bbox 411 2708 2000 2780; baseline -0.001 -13"><span class='ocrx_word' id='word_1_172' title='bbox 411 2710 689 2767; x_wconf 82' lang='lat' dir='ltr'><strong>habendas</strong></span> <span class='ocrx_word' id='word_1_173' title='bbox 715 2717 865 2780; x_wconf 89' lang='lat' dir='ltr'><strong>puto.</strong></span> <span class='ocrx_word' id='word_1_174' title='bbox 895 2710 1066 2767; x_wconf 87' lang='lat' dir='ltr'><strong>Totus</strong></span> <span class='ocrx_word' id='word_1_175' title='bbox 1087 2719 1267 2766; x_wconf 89' lang='lat' dir='ltr'><strong>autem</strong></span> <span class='ocrx_word' id='word_1_176' title='bbox 1291 2725 1464 2766; x_wconf 93' lang='lat' dir='ltr'><strong>canon</strong></span> <span class='ocrx_word' id='word_1_177' title='bbox 1488 2708 1920 2780; x_wconf 89' lang='lat' dir='ltr'><strong>Scripturarum,</strong></span> <span class='ocrx_word' id='word_1_178' title='bbox 1946 2711 2000 2766; x_wconf 91' lang='lat' dir='ltr'><strong>in</strong></span> 
     </span>
    </p>
   </div>
   <div class='ocr_carea' id='block_1_28' title="bbox 412 2800 2003 2869">
    <p class='ocr_par' dir='ltr' id='par_1_28' title="bbox 412 2800 2003 2869">
     <span class='ocr_line' id='line_1_28' title="bbox 412 2800 2003 2869; baseline 0.003 -16"><span class='ocrx_word' id='word_1_179' title='bbox 412 2815 521 2869; x_wconf 90' lang='lat' dir='ltr'><strong>quo</strong></span> <span class='ocrx_word' id='word_1_180' title='bbox 551 2800 708 2854; x_wconf 89' lang='lat' dir='ltr'><strong>istam</strong></span> <span class='ocrx_word' id='word_1_181' title='bbox 736 2800 1231 2855; x_wconf 86' lang='lat' dir='ltr'><strong>considerationem</strong></span> <span class='ocrx_word' id='word_1_182' title='bbox 1269 2800 1592 2854; x_wconf 89' lang='lat' dir='ltr'><strong>versandam</strong></span> <span class='ocrx_word' id='word_1_183' title='bbox 1635 2800 1867 2856; x_wconf 91' lang='lat' dir='ltr'><strong>dicimus</strong></span> <span class='ocrx_word' id='word_1_184' title='bbox 1916 2800 2003 2857; x_wconf 90' lang='lat' dir='ltr'><strong>his</strong></span> 
     </span>
    </p>
   </div>
   <div class='ocr_carea' id='block_1_29' title="bbox 410 2888 2003 2961">
    <p class='ocr_par' dir='ltr' id='par_1_29' title="bbox 410 2888 2003 2961">
     <span class='ocr_line' id='line_1_29' title="bbox 410 2888 2003 2961; baseline 0.002 -18"><span class='ocrx_word' id='word_1_185' title='bbox 410 2889 566 2945; x_wconf 89' lang='lat' dir='ltr'><strong>libris</strong></span> <span class='ocrx_word' id='word_1_186' title='bbox 591 2890 901 2945; x_wconf 88' lang='lat' dir='ltr'><strong>continetur</strong></span> <span class='ocrx_word' id='word_1_187' title='bbox 943 2889 1027 2961; x_wconf 90' lang='lat' dir='ltr'><strong>(ut</strong></span> <span class='ocrx_word' id='word_1_188' title='bbox 1055 2890 1294 2947; x_wconf 87' lang='lat' dir='ltr'><strong>breviter</strong></span> <span class='ocrx_word' id='word_1_189' title='bbox 1335 2888 1535 2960; x_wconf 92' lang='lat' dir='ltr'><strong>dicam)</strong></span> <span class='ocrx_word' id='word_1_190' title='bbox 1562 2890 1772 2946; x_wconf 82' lang='lat' dir='ltr'><strong>Veteris</strong></span> <span class='ocrx_word' id='word_1_191' title='bbox 1813 2888 2003 2946; x_wconf 81' lang='lat' dir='ltr'><strong>Testa—</strong></span> 
     </span>
    </p>
   </div>
   <div class='ocr_carea' id='block_1_30' title="bbox 411 2982 2001 3053">
    <p class='ocr_par' dir='ltr' id='par_1_30' title="bbox 411 2982 2001 3053">
     <span class='ocr_line' id='line_1_30' title="bbox 411 2982 2001 3053; baseline 0.001 -17"><span class='ocrx_word' id='word_1_192' title='bbox 411 2983 583 3037; x_wconf 89' lang='lat' dir='ltr'><strong>menti</strong></span> <span class='ocrx_word' id='word_1_193' title='bbox 610 2998 736 3049; x_wconf 66' lang='grc' dir='ltr'><strong>κων,</strong></span> <span class='ocrx_word' id='word_1_194' title='bbox 785 2982 921 3037; x_wconf 88' lang='lat' dir='ltr'><strong>Novi</strong></span> <span class='ocrx_word' id='word_1_195' title='bbox 957 2990 1140 3038; x_wconf 88' lang='lat' dir='ltr'><strong>autem</strong></span> <span class='ocrx_word' id='word_1_196' title='bbox 1170 2998 1320 3037; x_wconf 85' lang='lat' dir='ltr'><strong>xxvn</strong></span> <span class='ocrx_word' id='word_1_197' title='bbox 1341 3024 1356 3050; x_wconf 92' lang='lat'><strong>,</strong></span> <span class='ocrx_word' id='word_1_198' title='bbox 1383 2984 1474 3053; x_wconf 92' lang='lat' dir='ltr'><strong>qui</strong></span> <span class='ocrx_word' id='word_1_199' title='bbox 1501 2991 1627 3038; x_wconf 92' lang='lat' dir='ltr'><strong>sunt</strong></span> <span class='ocrx_word' id='word_1_200' title='bbox 1656 2998 1823 3039; x_wconf 82' lang='lat' dir='ltr'><strong>Lxxtt.</strong></span> <span class='ocrx_word' id='word_1_201' title='bbox 1852 2982 2001 3051; x_wconf 87' lang='lat' dir='ltr'><strong>Quo-</strong></span> 
     </span>
    </p>
   </div>
   <div class='ocr_carea' id='block_1_31' title="bbox 412 3073 1999 3144">
    <p class='ocr_par' dir='ltr' id='par_1_31' title="bbox 412 3073 1999 3144">
     <span class='ocr_line' id='line_1_31' title="bbox 412 3073 1999 3144; baseline 0.001 -17"><span class='ocrx_word' id='word_1_202' title='bbox 412 3088 535 3127; x_wconf 89' lang='lat' dir='ltr'><strong>rum</strong></span> <span class='ocrx_word' id='word_1_203' title='bbox 557 3073 799 3138; x_wconf 89' lang='lat' dir='ltr'><strong>omnium</strong></span> <span class='ocrx_word' id='word_1_204' title='bbox 825 3073 1044 3128; x_wconf 91' lang='lat' dir='ltr'><strong>nomina</strong></span> <span class='ocrx_word' id='word_1_205' title='bbox 1066 3082 1120 3129; x_wconf 91' lang='lat' dir='ltr'><strong>et</strong></span> <span class='ocrx_word' id='word_1_206' title='bbox 1145 3074 1365 3139; x_wconf 92' lang='lat' dir='ltr'><strong>seriem,</strong></span> <span class='ocrx_word' id='word_1_207' title='bbox 1382 3082 1437 3129; x_wconf 92' lang='lat' dir='ltr'><strong>et</strong></span> <span class='ocrx_word' id='word_1_208' title='bbox 1451 3073 1850 3139; x_wconf 90' lang='lat' dir='ltr'><strong>auctoritatem,</strong></span> <span class='ocrx_word' id='word_1_209' title='bbox 1872 3073 1999 3144; x_wconf 90' lang='lat' dir='ltr'><strong>quia</strong></span> 
     </span>
    </p>
   </div>
   <div class='ocr_carea' id='block_1_32' title="bbox 1102 303 3052 363">
    <p class='ocr_par' dir='ltr' id='par_1_32' title="bbox 1102 303 3052 363">
     <span class='ocr_line' id='line_1_32' title="bbox 1102 303 3052 363; baseline 0.003 -5"><span class='ocrx_word' id='word_1_210' title='bbox 1102 304 1163 359; x_wconf 86' lang='grc' dir='ltr'><strong>Β.</strong></span> <span class='ocrx_word' id='word_1_211' title='bbox 1207 303 1460 360; x_wconf 78' lang='lat' dir='ltr'><strong>RABANl</strong></span> <span class='ocrx_word' id='word_1_212' title='bbox 1500 303 1721 362; x_wconf 74' lang='lat' dir='ltr'><strong>MAURI</strong></span> <span class='ocrx_word' id='word_1_213' title='bbox 1754 303 2073 362; x_wconf 76' lang='lat' dir='ltr'><strong>ARCHIEP.</strong></span> <span class='ocrx_word' id='word_1_214' title='bbox 2115 303 2425 361; x_wconf 76' lang='lat' dir='ltr'><strong>MOGUNT.</strong></span> <span class='ocrx_word' id='word_1_215' title='bbox 2466 304 2753 362; x_wconf 76' lang='lat' dir='ltr'><strong>OPERUM</strong></span> <span class='ocrx_word' id='word_1_216' title='bbox 2793 306 2974 363; x_wconf 78' lang='lat' dir='ltr'><strong>PARS</strong></span> <span class='ocrx_word' id='word_1_217' title='bbox 3013 308 3052 363; x_wconf 90' lang='lat' dir='ltr'><strong>l.</strong></span> 
     </span>
    </p>
   </div>
   <div class='ocr_carea' id='block_1_33' title="bbox 3590 313 3700 368">
    <p class='ocr_par' dir='ltr' id='par_1_33' title="bbox 3590 313 3700 368">
     <span class='ocr_line' id='line_1_33' title="bbox 3590 313 3700 368; baseline 0.018 -2"><span class='ocrx_word' id='word_1_218' title='bbox 3590 313 3700 368; x_wconf 65' lang='grc' dir='ltr'><strong>εει</strong></span> 
     </span>
    </p>
   </div>
   <div class='ocr_carea' id='block_1_34' title="bbox 2039 421 3705 497">
    <p class='ocr_par' dir='ltr' id='par_1_34' title="bbox 2039 421 3705 497">
     <span class='ocr_line' id='line_1_34' title="bbox 2039 421 3705 497; baseline 0.005 -23"><span class='ocrx_word' id='word_1_219' title='bbox 2039 424 2089 482; x_wconf 83' lang='grc' dir='ltr'>Α</span> <span class='ocrx_word' id='word_1_220' title='bbox 2116 428 2343 491; x_wconf 79' lang='lat' dir='ltr'><strong>quartus</strong></span> <span class='ocrx_word' id='word_1_221' title='bbox 2383 421 2679 490; x_wconf 86' lang='lat' dir='ltr'><strong>Cohclcth,</strong></span> <span class='ocrx_word' id='word_1_222' title='bbox 2745 425 2837 495; x_wconf 92' lang='lat' dir='ltr'><strong>qui</strong></span> <span class='ocrx_word' id='word_1_223' title='bbox 2896 432 2981 480; x_wconf 90' lang='lat' dir='ltr'><strong>est</strong></span> <span class='ocrx_word' id='word_1_224' title='bbox 3036 424 3428 491; x_wconf 85' lang='lat' dir='ltr'><strong>Ecclesiastes;</strong></span> <span class='ocrx_word' id='word_1_225' title='bbox 3480 427 3705 497; x_wconf 85' lang='lat' dir='ltr'><strong>quintus</strong></span> 
     </span>
    </p>
   </div>
   <div class='ocr_carea' id='block_1_35' title="bbox 2114 511 3705 584">
    <p class='ocr_par' dir='ltr' id='par_1_35' title="bbox 2114 511 3705 584">
     <span class='ocr_line' id='line_1_35' title="bbox 2114 511 3705 584; baseline 0.006 -18"><span class='ocrx_word' id='word_1_226' title='bbox 2114 511 2453 576; x_wconf 85' lang='lat' dir='ltr'><strong>Sirhasirim,</strong></span> <span class='ocrx_word' id='word_1_227' title='bbox 2493 516 2635 584; x_wconf 89' lang='lat' dir='ltr'><strong>quod</strong></span> <span class='ocrx_word' id='word_1_228' title='bbox 2660 522 2744 569; x_wconf 91' lang='lat' dir='ltr'><strong>est</strong></span> <span class='ocrx_word' id='word_1_229' title='bbox 2784 515 3069 572; x_wconf 89' lang='lat' dir='ltr'><strong>Canticum</strong></span> <span class='ocrx_word' id='word_1_230' title='bbox 3103 517 3479 583; x_wconf 89' lang='lat' dir='ltr'><strong>canticorum;</strong></span> <span class='ocrx_word' id='word_1_231' title='bbox 3513 530 3705 576; x_wconf 81' lang='lat' dir='ltr'><strong>sextus</strong></span> 
     </span>
    </p>
   </div>
   <div class='ocr_carea' id='block_1_36' title="bbox 2112 603 3705 679">
    <p class='ocr_par' dir='ltr' id='par_1_36' title="bbox 2112 603 3705 679">
     <span class='ocr_line' id='line_1_36' title="bbox 2112 603 3705 679; baseline 0.005 -21"><span class='ocrx_word' id='word_1_232' title='bbox 2112 603 2343 669; x_wconf 87' lang='lat' dir='ltr'><strong>Daniel;</strong></span> <span class='ocrx_word' id='word_1_233' title='bbox 2398 606 2658 675; x_wconf 87' lang='lat' dir='ltr'><strong>septimus</strong></span> <span class='ocrx_word' id='word_1_234' title='bbox 2707 605 3130 661; x_wconf 88' lang='lat' dir='ltr'><strong>Dibrehaiomim</strong></span> <span class='ocrx_word' id='word_1_235' title='bbox 3155 648 3170 672; x_wconf 95' lang='lat'><strong>,</strong></span> <span class='ocrx_word' id='word_1_236' title='bbox 3218 608 3362 679; x_wconf 85' lang='lat' dir='ltr'><strong>quod</strong></span> <span class='ocrx_word' id='word_1_237' title='bbox 3404 620 3488 665; x_wconf 91' lang='lat' dir='ltr'><strong>est</strong></span> <span class='ocrx_word' id='word_1_238' title='bbox 3520 609 3705 666; x_wconf 86' lang='lat' dir='ltr'><strong>Verba</strong></span> 
     </span>
    </p>
   </div>
   <div class='ocr_carea' id='block_1_37' title="bbox 2111 695 3702 767">
    <p class='ocr_par' dir='ltr' id='par_1_37' title="bbox 2111 695 3702 767">
     <span class='ocr_line' id='line_1_37' title="bbox 2111 695 3702 767; baseline 0.005 -17"><span class='ocrx_word' id='word_1_239' title='bbox 2111 695 2343 761; x_wconf 88' lang='lat' dir='ltr'><strong>dierum,</strong></span> <span class='ocrx_word' id='word_1_240' title='bbox 2387 696 2440 750; x_wconf 92' lang='lat' dir='ltr'><strong>id</strong></span> <span class='ocrx_word' id='word_1_241' title='bbox 2482 706 2599 762; x_wconf 91' lang='lat' dir='ltr'><strong>est,</strong></span> <span class='ocrx_word' id='word_1_242' title='bbox 2644 697 3138 767; x_wconf 85' lang='lat' dir='ltr'><strong>Paralipomenon;</strong></span> <span class='ocrx_word' id='word_1_243' title='bbox 3188 709 3411 755; x_wconf 90' lang='lat' dir='ltr'><strong>octavus</strong></span> <span class='ocrx_word' id='word_1_244' title='bbox 3452 701 3702 767; x_wconf 86' lang='lat' dir='ltr'><strong>Esdras;</strong></span> 
     </span>
    </p>
   </div>
   <div class='ocr_carea' id='block_1_38' title="bbox 2110 776 3704 859">
    <p class='ocr_par' dir='ltr' id='par_1_38' title="bbox 2110 776 3704 859">
     <span class='ocr_line' id='line_1_38' title="bbox 2110 776 3704 859; baseline 0.004 -18"><span class='ocrx_word' id='word_1_245' title='bbox 2110 802 2286 842; x_wconf 85' lang='lat' dir='ltr'><strong>nonus</strong></span> <span class='ocrx_word' id='word_1_246' title='bbox 2312 794 2396 842; x_wconf 89' lang='lat' dir='ltr'><strong>est</strong></span> <span class='ocrx_word' id='word_1_247' title='bbox 2419 787 2630 843; x_wconf 88' lang='lat' dir='ltr'><strong>Esther.</strong></span> <span class='ocrx_word' id='word_1_248' title='bbox 2680 787 2781 855; x_wconf 89' lang='lat' dir='ltr'><strong>Qui</strong></span> <span class='ocrx_word' id='word_1_249' title='bbox 2810 776 2970 843; x_wconf 88' lang='lat' dir='ltr'><strong>simul</strong></span> <span class='ocrx_word' id='word_1_250' title='bbox 3013 805 3203 844; x_wconf 89' lang='lat' dir='ltr'><strong>omnes</strong></span> <span class='ocrx_word' id='word_1_251' title='bbox 3230 807 3281 855; x_wconf 90' lang='lat' dir='ltr'><strong>v,</strong></span> <span class='ocrx_word' id='word_1_252' title='bbox 3311 800 3365 844; x_wconf 92' lang='lat' dir='ltr'><strong>et</strong></span> <span class='ocrx_word' id='word_1_253' title='bbox 3390 808 3507 856; x_wconf 79' lang='lat' dir='ltr'><strong>vin,</strong></span> <span class='ocrx_word' id='word_1_254' title='bbox 3536 802 3592 848; x_wconf 89' lang='lat' dir='ltr'><strong>et</strong></span> <span class='ocrx_word' id='word_1_255' title='bbox 3621 809 3704 859; x_wconf 83' lang='lat' dir='ltr'><strong>lx,</strong></span> 
     </span>
    </p>
   </div>
   <div class='ocr_carea' id='block_1_39' title="bbox 2112 879 3705 953">
    <p class='ocr_par' dir='ltr' id='par_1_39' title="bbox 2112 879 3705 953">
     <span class='ocr_line' id='line_1_39' title="bbox 2112 879 3705 953; baseline 0.004 -20"><span class='ocrx_word' id='word_1_256' title='bbox 2112 879 2248 934; x_wconf 79' lang='lat' dir='ltr'><strong>ﬁunt</strong></span> <span class='ocrx_word' id='word_1_257' title='bbox 2292 896 2439 945; x_wconf 79' lang='lat' dir='ltr'><strong>xxii,</strong></span> <span class='ocrx_word' id='word_1_258' title='bbox 2486 881 2626 935; x_wconf 89' lang='lat' dir='ltr'><strong>sicut</strong></span> <span class='ocrx_word' id='word_1_259' title='bbox 2665 882 2913 951; x_wconf 90' lang='lat' dir='ltr'><strong>superius</strong></span> <span class='ocrx_word' id='word_1_260' title='bbox 2956 891 3082 938; x_wconf 89' lang='lat' dir='ltr'><strong>sunt</strong></span> <span class='ocrx_word' id='word_1_261' title='bbox 3126 885 3526 952; x_wconf 86' lang='lat' dir='ltr'><strong>comprehensi.</strong></span> <span class='ocrx_word' id='word_1_262' title='bbox 3574 885 3705 953; x_wconf 87' lang='lat' dir='ltr'><strong>Qui-</strong></span> 
     </span>
    </p>
   </div>
   <div class='ocr_carea' id='block_1_40' title="bbox 2110 975 3703 1050">
    <p class='ocr_par' dir='ltr' id='par_1_40' title="bbox 2110 975 3703 1050">
     <span class='ocr_line' id='line_1_40' title="bbox 2110 975 3703 1050; baseline 0.005 -21"><span class='ocrx_word' id='word_1_263' title='bbox 2110 975 2231 1030; x_wconf 89' lang='lat' dir='ltr'><strong>dam</strong></span> <span class='ocrx_word' id='word_1_264' title='bbox 2281 984 2462 1031; x_wconf 91' lang='lat' dir='ltr'><strong>autem</strong></span> <span class='ocrx_word' id='word_1_265' title='bbox 2510 976 2676 1041; x_wconf 81' lang='lat' dir='ltr'><strong>Ruth,</strong></span> <span class='ocrx_word' id='word_1_266' title='bbox 2720 986 2776 1031; x_wconf 85' lang='lat' dir='ltr'><strong>et</strong></span> <span class='ocrx_word' id='word_1_267' title='bbox 2817 976 3033 1041; x_wconf 87' lang='lat' dir='ltr'><strong>Cinoth,</strong></span> <span class='ocrx_word' id='word_1_268' title='bbox 3082 980 3225 1050; x_wconf 89' lang='lat' dir='ltr'><strong>quod</strong></span> <span class='ocrx_word' id='word_1_269' title='bbox 3265 980 3459 1036; x_wconf 87' lang='lat' dir='ltr'><strong>Latine</strong></span> <span class='ocrx_word' id='word_1_270' title='bbox 3503 983 3703 1038; x_wconf 84' lang='lat' dir='ltr'><strong>dicitur</strong></span> 
     </span>
    </p>
   </div>
   <div class='ocr_carea' id='block_1_41' title="bbox 2110 1066 3709 1140">
    <p class='ocr_par' dir='ltr' id='par_1_41' title="bbox 2110 1066 3709 1140">
     <span class='ocr_line' id='line_1_41' title="bbox 2110 1066 3709 1140; baseline 0.007 -21"><span class='ocrx_word' id='word_1_271' title='bbox 2110 1066 2422 1121; x_wconf 90' lang='lat' dir='ltr'><strong>lamentatio</strong></span> <span class='ocrx_word' id='word_1_272' title='bbox 2461 1067 2732 1134; x_wconf 78' lang='lat' dir='ltr'><strong>Jeremizn,</strong></span> <span class='ocrx_word' id='word_1_273' title='bbox 2784 1070 3173 1140; x_wconf 85' lang='lat' dir='ltr'><strong>hagiographis</strong></span> <span class='ocrx_word' id='word_1_274' title='bbox 3214 1071 3495 1140; x_wconf 85' lang='lat' dir='ltr'><strong>adjiciunt,</strong></span> <span class='ocrx_word' id='word_1_275' title='bbox 3539 1082 3594 1129; x_wconf 90' lang='lat' dir='ltr'><strong>et</strong></span> <span class='ocrx_word' id='word_1_276' title='bbox 3623 1077 3709 1129; x_wconf 80' lang='lat' dir='ltr'><strong>vi-</strong></span> 
     </span>
    </p>
   </div>
   <div class='ocr_carea' id='block_1_42' title="bbox 2109 1157 3703 1229">
    <p class='ocr_par' dir='ltr' id='par_1_42' title="bbox 2109 1157 3703 1229">
     <span class='ocr_line' id='line_1_42' title="bbox 2109 1157 3703 1229; baseline 0.006 -20"><span class='ocrx_word' id='word_1_277' title='bbox 2109 1157 2243 1227; x_wconf 86' lang='lat' dir='ltr'><strong>ginti</strong></span> <span class='ocrx_word' id='word_1_278' title='bbox 2288 1166 2521 1227; x_wconf 91' lang='lat' dir='ltr'><strong>quatuor</strong></span> <span class='ocrx_word' id='word_1_279' title='bbox 2561 1157 2831 1213; x_wconf 85' lang='lat' dir='ltr'><strong>volumina</strong></span> <span class='ocrx_word' id='word_1_280' title='bbox 2861 1161 3073 1215; x_wconf 79' lang='lat' dir='ltr'><strong>Veteris</strong></span> <span class='ocrx_word' id='word_1_281' title='bbox 3099 1160 3431 1217; x_wconf 86' lang='lat' dir='ltr'><strong>Testamenti</strong></span> <span class='ocrx_word' id='word_1_282' title='bbox 3460 1161 3703 1229; x_wconf 81' lang='lat' dir='ltr'><strong>faciunt,</strong></span> 
     </span>
    </p>
   </div>
   <div class='ocr_carea' id='block_1_43' title="bbox 2101 1245 3704 1322">
    <p class='ocr_par' dir='ltr' id='par_1_43' title="bbox 2101 1245 3704 1322">
     <span class='ocr_line' id='line_1_43' title="bbox 2101 1245 3704 1322; baseline 0.007 -23"><span class='ocrx_word' id='word_1_283' title='bbox 2101 1245 2255 1314; x_wconf 85' lang='lat' dir='ltr'><strong>juxta</strong></span> <span class='ocrx_word' id='word_1_284' title='bbox 2300 1263 2427 1302; x_wconf 80' lang='lat' dir='ltr'><strong>xxiv</strong></span> <span class='ocrx_word' id='word_1_285' title='bbox 2470 1249 2735 1315; x_wconf 89' lang='lat' dir='ltr'><strong>seniores,</strong></span> <span class='ocrx_word' id='word_1_286' title='bbox 2781 1251 2870 1320; x_wconf 88' lang='lat' dir='ltr'><strong>qui</strong></span> <span class='ocrx_word' id='word_1_287' title='bbox 2920 1259 3046 1307; x_wconf 89' lang='lat' dir='ltr'><strong>ante</strong></span> <span class='ocrx_word' id='word_1_288' title='bbox 3085 1261 3431 1322; x_wconf 86' lang='lat' dir='ltr'><strong>conspectum</strong></span> <span class='ocrx_word' id='word_1_289' title='bbox 3476 1255 3570 1309; x_wconf 91' lang='lat' dir='ltr'><strong>Dei</strong></span> <span class='ocrx_word' id='word_1_290' title='bbox 3611 1271 3704 1311; x_wconf 86' lang='lat' dir='ltr'><strong>as-</strong></span> 
     </span>
    </p>
   </div>
   <div class='ocr_carea' id='block_1_44' title="bbox 2108 1340 3701 1416">
    <p class='ocr_par' dir='ltr' id='par_1_44' title="bbox 2108 1340 3701 1416">
     <span class='ocr_line' id='line_1_44' title="bbox 2108 1340 3701 1416; baseline 0.006 -21"><span class='ocrx_word' id='word_1_291' title='bbox 2108 1340 2326 1395; x_wconf 89' lang='lat' dir='ltr'><strong>sistunt.</strong></span> <span class='ocrx_word' id='word_1_292' title='bbox 2356 1340 2448 1396; x_wconf 90' lang='lat' dir='ltr'><strong>lsti</strong></span> <span class='ocrx_word' id='word_1_293' title='bbox 2482 1352 2608 1397; x_wconf 90' lang='lat' dir='ltr'><strong>sunt</strong></span> <span class='ocrx_word' id='word_1_294' title='bbox 2642 1343 2762 1398; x_wconf 90' lang='lat' dir='ltr'><strong>libri</strong></span> <span class='ocrx_word' id='word_1_295' title='bbox 2803 1344 2895 1415; x_wconf 92' lang='lat' dir='ltr'><strong>qui</strong></span> <span class='ocrx_word' id='word_1_296' title='bbox 2928 1343 3069 1416; x_wconf 91' lang='lat' dir='ltr'><strong>apud</strong></span> <span class='ocrx_word' id='word_1_297' title='bbox 3093 1344 3348 1402; x_wconf 81' lang='lat' dir='ltr'><strong>Hebraeos</strong></span> <span class='ocrx_word' id='word_1_298' title='bbox 3377 1349 3701 1404; x_wconf 85' lang='lat' dir='ltr'><strong>canonicam</strong></span> 
     </span>
    </p>
   </div>
   <div class='ocr_carea' id='block_1_45' title="bbox 2108 1431 3705 1507">
    <p class='ocr_par' dir='ltr' id='par_1_45' title="bbox 2108 1431 3705 1507">
     <span class='ocr_line' id='line_1_45' title="bbox 2108 1431 3705 1507; baseline 0.007 -24"><span class='ocrx_word' id='word_1_299' title='bbox 2108 1431 2485 1486; x_wconf 90' lang='lat' dir='ltr'><strong>auctoritatem</strong></span> <span class='ocrx_word' id='word_1_300' title='bbox 2529 1432 2751 1487; x_wconf 83' lang='lat' dir='ltr'><strong>habent.</strong></span> <span class='ocrx_word' id='word_1_301' title='bbox 2821 1433 3058 1502; x_wconf 89' lang='lat' dir='ltr'><strong>Quartus</strong></span> <span class='ocrx_word' id='word_1_302' title='bbox 3108 1444 3193 1491; x_wconf 90' lang='lat' dir='ltr'><strong>est</strong></span> <span class='ocrx_word' id='word_1_303' title='bbox 3240 1437 3381 1507; x_wconf 90' lang='lat' dir='ltr'><strong>apud</strong></span> <span class='ocrx_word' id='word_1_304' title='bbox 3424 1453 3523 1493; x_wconf 90' lang='lat' dir='ltr'><strong>nos</strong></span> <span class='ocrx_word' id='word_1_305' title='bbox 3563 1439 3705 1495; x_wconf 91' lang='lat' dir='ltr'><strong>ordo</strong></span> 
     </span>
    </p>
   </div>
   <div class='ocr_carea' id='block_1_46' title="bbox 2108 1523 3703 1598">
    <p class='ocr_par' dir='ltr' id='par_1_46' title="bbox 2108 1523 3703 1598">
     <span class='ocr_line' id='line_1_46' title="bbox 2108 1523 3703 1598; baseline 0.006 -22"><span class='ocrx_word' id='word_1_306' title='bbox 2108 1523 2321 1578; x_wconf 82' lang='lat' dir='ltr'><strong>Veteris</strong></span> <span class='ocrx_word' id='word_1_307' title='bbox 2353 1523 2709 1591; x_wconf 85' lang='lat' dir='ltr'><strong>Testamenti,</strong></span> <span class='ocrx_word' id='word_1_308' title='bbox 2745 1540 2932 1581; x_wconf 81' lang='lat' dir='ltr'><strong>eorum</strong></span> <span class='ocrx_word' id='word_1_309' title='bbox 2967 1527 3229 1583; x_wconf 91' lang='lat' dir='ltr'><strong>librorum</strong></span> <span class='ocrx_word' id='word_1_310' title='bbox 3267 1530 3360 1598; x_wconf 84' lang='lat' dir='ltr'><strong>qui</strong></span> <span class='ocrx_word' id='word_1_311' title='bbox 3396 1529 3451 1584; x_wconf 93' lang='lat' dir='ltr'><strong>in</strong></span> <span class='ocrx_word' id='word_1_312' title='bbox 3490 1544 3703 1586; x_wconf 86' lang='lat' dir='ltr'><strong>canone</strong></span> 
     </span>
    </p>
   </div>
   <div class='ocr_carea' id='block_1_47' title="bbox 2109 1612 3703 1689">
    <p class='ocr_par' dir='ltr' id='par_1_47' title="bbox 2109 1612 3703 1689">
     <span class='ocr_line' id='line_1_47' title="bbox 2109 1612 3703 1689; baseline 0.006 -22"><span class='ocrx_word' id='word_1_313' title='bbox 2109 1612 2376 1670; x_wconf 82' lang='lat' dir='ltr'><strong>Hebraieo</strong></span> <span class='ocrx_word' id='word_1_314' title='bbox 2414 1631 2521 1671; x_wconf 93' lang='lat' dir='ltr'><strong>non</strong></span> <span class='ocrx_word' id='word_1_315' title='bbox 2564 1625 2709 1682; x_wconf 89' lang='lat' dir='ltr'><strong>sunt,</strong></span> <span class='ocrx_word' id='word_1_316' title='bbox 2736 1632 2969 1687; x_wconf 90' lang='lat' dir='ltr'><strong>quorum</strong></span> <span class='ocrx_word' id='word_1_317' title='bbox 3007 1619 3216 1689; x_wconf 88' lang='lat' dir='ltr'><strong>primus</strong></span> <span class='ocrx_word' id='word_1_318' title='bbox 3244 1617 3534 1689; x_wconf 68' lang='lat' dir='ltr'><strong>Sapientia:</strong></span> <span class='ocrx_word' id='word_1_319' title='bbox 3559 1620 3703 1681; x_wconf 85' lang='lat' dir='ltr'><strong>liber</strong></span> 
     </span>
    </p>
   </div>
   <div class='ocr_carea' id='block_1_48' title="bbox 2109 1706 3703 1781">
    <p class='ocr_par' dir='ltr' id='par_1_48' title="bbox 2109 1706 3703 1781">
     <span class='ocr_line' id='line_1_48' title="bbox 2109 1706 3703 1781; baseline 0.005 -22"><span class='ocrx_word' id='word_1_320' title='bbox 2109 1707 2523 1770; x_wconf 71' lang='lat' dir='ltr'><strong>est,,secundus</strong></span> <span class='ocrx_word' id='word_1_321' title='bbox 2555 1706 2990 1774; x_wconf 88' lang='lat' dir='ltr'><strong>Ecclesiasticus,</strong></span> <span class='ocrx_word' id='word_1_322' title='bbox 3019 1710 3212 1765; x_wconf 89' lang='lat' dir='ltr'><strong>tertius</strong></span> <span class='ocrx_word' id='word_1_323' title='bbox 3234 1711 3439 1775; x_wconf 63' lang='lat' dir='ltr'><strong>Tobiae,</strong></span> <span class='ocrx_word' id='word_1_324' title='bbox 3468 1722 3703 1781; x_wconf 88' lang='lat' dir='ltr'><strong>quartus</strong></span> 
     </span>
    </p>
   </div>
   <div class='ocr_carea' id='block_1_49' title="bbox 2035 1772 3701 1869">
    <p class='ocr_par' dir='ltr' id='par_1_49' title="bbox 2035 1772 3701 1869">
     <span class='ocr_line' id='line_1_49' title="bbox 2035 1772 3701 1869; baseline 0.006 -22"><span class='ocrx_word' id='word_1_325' title='bbox 2035 1772 2083 1832; x_wconf 78' lang='grc' dir='ltr'><strong>Β</strong></span> <span class='ocrx_word' id='word_1_326' title='bbox 2109 1790 2314 1859; x_wconf 86' lang='lat' dir='ltr'><strong>Judith,</strong></span> <span class='ocrx_word' id='word_1_327' title='bbox 2351 1796 2576 1866; x_wconf 90' lang='lat' dir='ltr'><strong>quintus</strong></span> <span class='ocrx_word' id='word_1_328' title='bbox 2612 1805 2667 1853; x_wconf 90' lang='lat' dir='ltr'><strong>et</strong></span> <span class='ocrx_word' id='word_1_329' title='bbox 2702 1807 2888 1853; x_wconf 79' lang='lat' dir='ltr'><strong>sextus</strong></span> <span class='ocrx_word' id='word_1_330' title='bbox 2914 1772 3363 1865; x_wconf 78' lang='lat' dir='ltr'><strong>Machabaeorum,</strong></span> <span class='ocrx_word' id='word_1_331' title='bbox 3408 1772 3541 1869; x_wconf 78' lang='lat' dir='ltr'><strong>quos</strong></span> <span class='ocrx_word' id='word_1_332' title='bbox 3570 1800 3701 1856; x_wconf 89' lang='lat' dir='ltr'><strong>licet</strong></span> 
     </span>
    </p>
   </div>
   <div class='ocr_carea' id='block_1_50' title="bbox 2108 1884 3699 1961">
    <p class='ocr_par' dir='ltr' id='par_1_50' title="bbox 2108 1884 3699 1961">
     <span class='ocr_line' id='line_1_50' title="bbox 2108 1884 3699 1961; baseline 0.005 -22"><span class='ocrx_word' id='word_1_333' title='bbox 2108 1884 2276 1940; x_wconf 74' lang='lat' dir='ltr'><strong>Judzei</strong></span> <span class='ocrx_word' id='word_1_334' title='bbox 2326 1887 2471 1942; x_wconf 89' lang='lat' dir='ltr'><strong>inter</strong></span> <span class='ocrx_word' id='word_1_335' title='bbox 2513 1890 2819 1961; x_wconf 82' lang='lat' dir='ltr'><strong>apocrypha</strong></span> <span class='ocrx_word' id='word_1_336' title='bbox 2871 1899 3166 1959; x_wconf 89' lang='lat' dir='ltr'><strong>separent,</strong></span> <span class='ocrx_word' id='word_1_337' title='bbox 3223 1890 3463 1946; x_wconf 84' lang='lat' dir='ltr'><strong>Ecclesia</strong></span> <span class='ocrx_word' id='word_1_338' title='bbox 3514 1900 3699 1947; x_wconf 88' lang='lat' dir='ltr'><strong>tamen</strong></span> 
     </span>
    </p>
   </div>
   <div class='ocr_carea' id='block_1_51' title="bbox 2107 1977 3696 2052">
    <p class='ocr_par' dir='ltr' id='par_1_51' title="bbox 2107 1977 3696 2052">
     <span class='ocr_line' id='line_1_51' title="bbox 2107 1977 3696 2052; baseline 0.002 -19"><span class='ocrx_word' id='word_1_339' title='bbox 2107 1977 2310 2033; x_wconf 88' lang='lat' dir='ltr'><strong>Christi</strong></span> <span class='ocrx_word' id='word_1_340' title='bbox 2359 1978 2503 2035; x_wconf 91' lang='lat' dir='ltr'><strong>inter</strong></span> <span class='ocrx_word' id='word_1_341' title='bbox 2558 1978 2770 2035; x_wconf 91' lang='lat' dir='ltr'><strong>divinos</strong></span> <span class='ocrx_word' id='word_1_342' title='bbox 2833 1980 2999 2035; x_wconf 89' lang='lat' dir='ltr'><strong>libros</strong></span> <span class='ocrx_word' id='word_1_343' title='bbox 3044 1981 3275 2035; x_wconf 90' lang='lat' dir='ltr'><strong>honorat</strong></span> <span class='ocrx_word' id='word_1_344' title='bbox 3321 1990 3373 2037; x_wconf 88' lang='lat' dir='ltr'><strong>et</strong></span> <span class='ocrx_word' id='word_1_345' title='bbox 3415 1982 3696 2052; x_wconf 66' lang='lat' dir='ltr'><strong>praedicat.</strong></span> 
     </span>
    </p>
   </div>
   <div class='ocr_carea' id='block_1_52' title="bbox 2106 2066 3701 2142">
    <p class='ocr_par' dir='ltr' id='par_1_52' title="bbox 2106 2066 3701 2142">
     <span class='ocr_line' id='line_1_52' title="bbox 2106 2066 3701 2142; baseline 0.002 -20"><span class='ocrx_word' id='word_1_346' title='bbox 2106 2068 2164 2122; x_wconf 93' lang='lat' dir='ltr'><strong>ln</strong></span> <span class='ocrx_word' id='word_1_347' title='bbox 2207 2067 2357 2124; x_wconf 91' lang='lat' dir='ltr'><strong>Novo</strong></span> <span class='ocrx_word' id='word_1_348' title='bbox 2404 2077 2584 2123; x_wconf 89' lang='lat' dir='ltr'><strong>autem</strong></span> <span class='ocrx_word' id='word_1_349' title='bbox 2625 2066 2973 2125; x_wconf 90' lang='lat' dir='ltr'><strong>Testamento</strong></span> <span class='ocrx_word' id='word_1_350' title='bbox 3010 2070 3117 2126; x_wconf 90' lang='lat' dir='ltr'><strong>duo</strong></span> <span class='ocrx_word' id='word_1_351' title='bbox 3155 2080 3281 2125; x_wconf 93' lang='lat' dir='ltr'><strong>sunt</strong></span> <span class='ocrx_word' id='word_1_352' title='bbox 3316 2071 3551 2132; x_wconf 85' lang='lat' dir='ltr'><strong>ordines,</strong></span> <span class='ocrx_word' id='word_1_353' title='bbox 3583 2071 3701 2142; x_wconf 83' lang='lat' dir='ltr'><strong>pri-</strong></span> 
     </span>
    </p>
   </div>
   <div class='ocr_carea' id='block_1_53' title="bbox 2107 2157 3696 2230">
    <p class='ocr_par' dir='ltr' id='par_1_53' title="bbox 2107 2157 3696 2230">
     <span class='ocr_line' id='line_1_53' title="bbox 2107 2157 3696 2230; baseline 0.002 -17"><span class='ocrx_word' id='word_1_354' title='bbox 2107 2174 2228 2213; x_wconf 91' lang='lat' dir='ltr'><strong>mus</strong></span> <span class='ocrx_word' id='word_1_355' title='bbox 2265 2157 2642 2230; x_wconf 86' lang='lat' dir='ltr'><strong>Evangelicus,</strong></span> <span class='ocrx_word' id='word_1_356' title='bbox 2685 2159 2739 2213; x_wconf 90' lang='lat' dir='ltr'><strong>in</strong></span> <span class='ocrx_word' id='word_1_357' title='bbox 2784 2174 2893 2229; x_wconf 88' lang='lat' dir='ltr'><strong>quo</strong></span> <span class='ocrx_word' id='word_1_358' title='bbox 2937 2168 3063 2215; x_wconf 90' lang='lat' dir='ltr'><strong>sunt</strong></span> <span class='ocrx_word' id='word_1_359' title='bbox 3103 2158 3409 2224; x_wconf 66' lang='lat' dir='ltr'><strong>Matthaaus,</strong></span> <span class='ocrx_word' id='word_1_360' title='bbox 3460 2157 3696 2227; x_wconf 81' lang='lat' dir='ltr'><strong>Marcus,</strong></span> 
     </span>
    </p>
   </div>
   <div class='ocr_carea' id='block_1_54' title="bbox 2105 2247 3700 2324">
    <p class='ocr_par' dir='ltr' id='par_1_54' title="bbox 2105 2247 3700 2324">
     <span class='ocr_line' id='line_1_54' title="bbox 2105 2247 3700 2324; baseline 0.004 -22"><span class='ocrx_word' id='word_1_361' title='bbox 2105 2247 2305 2316; x_wconf 90' lang='lat' dir='ltr'><strong>Lucas,</strong></span> <span class='ocrx_word' id='word_1_362' title='bbox 2340 2250 2608 2317; x_wconf 85' lang='lat' dir='ltr'><strong>Joannes;</strong></span> <span class='ocrx_word' id='word_1_363' title='bbox 2654 2253 2923 2307; x_wconf 90' lang='lat' dir='ltr'><strong>secundus</strong></span> <span class='ocrx_word' id='word_1_364' title='bbox 2963 2252 3323 2323; x_wconf 76' lang='lat' dir='ltr'><strong>Apostolicus,</strong></span> <span class='ocrx_word' id='word_1_365' title='bbox 3354 2252 3406 2307; x_wconf 91' lang='lat' dir='ltr'><strong>in</strong></span> <span class='ocrx_word' id='word_1_366' title='bbox 3432 2269 3541 2324; x_wconf 87' lang='lat' dir='ltr'><strong>quo</strong></span> <span class='ocrx_word' id='word_1_367' title='bbox 3567 2262 3700 2309; x_wconf 90' lang='lat' dir='ltr'><strong>sunt</strong></span> 
     </span>
    </p>
   </div>
   <div class='ocr_carea' id='block_1_55' title="bbox 2105 2340 3699 2413">
    <p class='ocr_par' dir='ltr' id='par_1_55' title="bbox 2105 2340 3699 2413">
     <span class='ocr_line' id='line_1_55' title="bbox 2105 2340 3699 2413; baseline 0.006 -18"><span class='ocrx_word' id='word_1_368' title='bbox 2105 2340 2360 2411; x_wconf 71' lang='lat' dir='ltr'><strong>Epistola:</strong></span> <span class='ocrx_word' id='word_1_369' title='bbox 2401 2342 2767 2413; x_wconf 89' lang='lat' dir='ltr'><strong>apostolorum</strong></span> <span class='ocrx_word' id='word_1_370' title='bbox 2813 2342 2978 2407; x_wconf 87' lang='lat' dir='ltr'><strong>Petri,</strong></span> <span class='ocrx_word' id='word_1_371' title='bbox 3023 2344 3232 2411; x_wconf 86' lang='lat' dir='ltr'><strong>Jacobi,</strong></span> <span class='ocrx_word' id='word_1_372' title='bbox 3268 2342 3512 2412; x_wconf 84' lang='lat' dir='ltr'><strong>Joannis,</strong></span> <span class='ocrx_word' id='word_1_373' title='bbox 3537 2345 3699 2404; x_wconf 72' lang='lat' dir='ltr'><strong>Judze</strong></span> 
     </span>
    </p>
   </div>
   <div class='ocr_carea' id='block_1_56' title="bbox 2105 2430 3695 2509">
    <p class='ocr_par' dir='ltr' id='par_1_56' title="bbox 2105 2430 3695 2509">
     <span class='ocr_line' id='line_1_56' title="bbox 2105 2430 3695 2509; baseline 0.003 -20"><span class='ocrx_word' id='word_1_374' title='bbox 2105 2441 2162 2489; x_wconf 87' lang='lat' dir='ltr'><strong>et</strong></span> <span class='ocrx_word' id='word_1_375' title='bbox 2182 2430 2358 2498; x_wconf 91' lang='lat' dir='ltr'><strong>Pauli,</strong></span> <span class='ocrx_word' id='word_1_376' title='bbox 2386 2442 2440 2487; x_wconf 92' lang='lat' dir='ltr'><strong>et</strong></span> <span class='ocrx_word' id='word_1_377' title='bbox 2466 2433 2603 2488; x_wconf 89' lang='lat' dir='ltr'><strong>liber</strong></span> <span class='ocrx_word' id='word_1_378' title='bbox 2630 2432 2796 2488; x_wconf 83' lang='lat' dir='ltr'><strong>Actus</strong></span> <span class='ocrx_word' id='word_1_379' title='bbox 2822 2434 3207 2503; x_wconf 89' lang='lat' dir='ltr'><strong>apostolorum,</strong></span> <span class='ocrx_word' id='word_1_380' title='bbox 3239 2445 3293 2491; x_wconf 90' lang='lat' dir='ltr'><strong>et</strong></span> <span class='ocrx_word' id='word_1_381' title='bbox 3316 2436 3695 2509; x_wconf 78' lang='lat' dir='ltr'><strong>Apocalypsis.</strong></span> 
     </span>
    </p>
   </div>
   <div class='ocr_carea' id='block_1_57' title="bbox 2104 2524 3697 2600">
    <p class='ocr_par' dir='ltr' id='par_1_57' title="bbox 2104 2524 3697 2600">
     <span class='ocr_line' id='line_1_57' title="bbox 2104 2524 3697 2600; baseline 0.004 -21"><span class='ocrx_word' id='word_1_382' title='bbox 2104 2524 2162 2580; x_wconf 91' lang='lat' dir='ltr'><strong>ln</strong></span> <span class='ocrx_word' id='word_1_383' title='bbox 2206 2524 2292 2580; x_wconf 90' lang='lat' dir='ltr'><strong>his</strong></span> <span class='ocrx_word' id='word_1_384' title='bbox 2334 2526 2584 2581; x_wconf 88' lang='lat' dir='ltr'><strong>omnibus</strong></span> <span class='ocrx_word' id='word_1_385' title='bbox 2638 2525 2792 2581; x_wconf 91' lang='lat' dir='ltr'><strong>libris</strong></span> <span class='ocrx_word' id='word_1_386' title='bbox 2852 2527 3103 2583; x_wconf 76' lang='lat' dir='ltr'><strong>timentes</strong></span> <span class='ocrx_word' id='word_1_387' title='bbox 3150 2528 3317 2593; x_wconf 81' lang='lat' dir='ltr'><strong>Deum</strong></span> <span class='ocrx_word' id='word_1_388' title='bbox 3375 2537 3430 2585; x_wconf 91' lang='lat' dir='ltr'><strong>et</strong></span> <span class='ocrx_word' id='word_1_389' title='bbox 3487 2530 3697 2600; x_wconf 83' lang='lat' dir='ltr'><strong>pietate</strong></span> 
     </span>
    </p>
   </div>
   <div class='ocr_carea' id='block_1_58' title="bbox 2104 2618 3696 2693">
    <p class='ocr_par' dir='ltr' id='par_1_58' title="bbox 2104 2618 3696 2693">
     <span class='ocr_line' id='line_1_58' title="bbox 2104 2618 3696 2693; baseline 0.004 -20"><span class='ocrx_word' id='word_1_390' title='bbox 2104 2618 2372 2674; x_wconf 89' lang='lat' dir='ltr'><strong>mansueti</strong></span> <span class='ocrx_word' id='word_1_391' title='bbox 2419 2627 2667 2689; x_wconf 87' lang='lat' dir='ltr'><strong>quaerunt</strong></span> <span class='ocrx_word' id='word_1_392' title='bbox 2701 2620 3034 2678; x_wconf 84' lang='lat' dir='ltr'><strong>voluntatem</strong></span> <span class='ocrx_word' id='word_1_393' title='bbox 3080 2623 3199 2690; x_wconf 89' lang='lat' dir='ltr'><strong>Dei,</strong></span> <span class='ocrx_word' id='word_1_394' title='bbox 3234 2622 3388 2693; x_wconf 86' lang='lat' dir='ltr'><strong>cujus</strong></span> <span class='ocrx_word' id='word_1_395' title='bbox 3422 2624 3601 2693; x_wconf 87' lang='lat' dir='ltr'><strong>operis</strong></span> <span class='ocrx_word' id='word_1_396' title='bbox 3629 2632 3696 2679; x_wconf 88' lang='lat' dir='ltr'><strong>et</strong></span> 
     </span>
    </p>
   </div>
   <div class='ocr_carea' id='block_1_59' title="bbox 2104 2704 3698 2779">
    <p class='ocr_par' dir='ltr' id='par_1_59' title="bbox 2104 2704 3698 2779">
     <span class='ocr_line' id='line_1_59' title="bbox 2104 2704 3698 2779; baseline 0.006 -19"><span class='ocrx_word' id='word_1_397' title='bbox 2104 2704 2306 2762; x_wconf 90' lang='lat' dir='ltr'><strong>laboris</strong></span> <span class='ocrx_word' id='word_1_398' title='bbox 2327 2708 2495 2778; x_wconf 91' lang='lat' dir='ltr'><strong>prima</strong></span> <span class='ocrx_word' id='word_1_399' title='bbox 2532 2708 2847 2767; x_wconf 87' lang='lat' dir='ltr'><strong>observatio</strong></span> <span class='ocrx_word' id='word_1_400' title='bbox 2873 2720 2977 2778; x_wconf 91' lang='lat' dir='ltr'><strong>est,</strong></span> <span class='ocrx_word' id='word_1_401' title='bbox 3004 2723 3063 2767; x_wconf 92' lang='lat' dir='ltr'><strong>ut</strong></span> <span class='ocrx_word' id='word_1_402' title='bbox 3088 2713 3341 2779; x_wconf 86' lang='lat' dir='ltr'><strong>diximus,</strong></span> <span class='ocrx_word' id='word_1_403' title='bbox 3371 2729 3530 2769; x_wconf 88' lang='lat' dir='ltr'><strong>nosse</strong></span> <span class='ocrx_word' id='word_1_404' title='bbox 3556 2714 3698 2769; x_wconf 87' lang='lat' dir='ltr'><strong>istos</strong></span> 
     </span>
    </p>
   </div>
   <div class='ocr_carea' id='block_1_60' title="bbox 2102 2796 3693 2876">
    <p class='ocr_par' dir='ltr' id='par_1_60' title="bbox 2102 2796 3693 2876">
     <span class='ocr_line' id='line_1_60' title="bbox 2102 2796 3693 2876; baseline 0.005 -26"><span class='ocrx_word' id='word_1_405' title='bbox 2102 2796 2289 2861; x_wconf 89' lang='lat' dir='ltr'><strong>libros,</strong></span> <span class='ocrx_word' id='word_1_406' title='bbox 2327 2806 2383 2853; x_wconf 86' lang='lat' dir='ltr'><strong>et</strong></span> <span class='ocrx_word' id='word_1_407' title='bbox 2419 2798 2466 2854; x_wconf 90' lang='lat' dir='ltr'><strong>si</strong></span> <span class='ocrx_word' id='word_1_408' title='bbox 2501 2801 2740 2857; x_wconf 91' lang='lat' dir='ltr'><strong>nondum</strong></span> <span class='ocrx_word' id='word_1_409' title='bbox 2769 2803 2838 2857; x_wconf 89' lang='lat' dir='ltr'><strong>ad</strong></span> <span class='ocrx_word' id='word_1_410' title='bbox 2864 2803 3217 2869; x_wconf 90' lang='lat' dir='ltr'><strong>intellectum,</strong></span> <span class='ocrx_word' id='word_1_411' title='bbox 3255 2804 3480 2876; x_wconf 85' lang='lat' dir='ltr'><strong>legendo</strong></span> <span class='ocrx_word' id='word_1_412' title='bbox 3507 2813 3693 2859; x_wconf 88' lang='lat' dir='ltr'><strong>tamen</strong></span> 
     </span>
    </p>
   </div>
   <div class='ocr_carea' id='block_1_61' title="bbox 2103 2885 3693 2965">
    <p class='ocr_par' dir='ltr' id='par_1_61' title="bbox 2103 2885 3693 2965">
     <span class='ocr_line' id='line_1_61' title="bbox 2103 2885 3693 2965; baseline 0.005 -24"><span class='ocrx_word' id='word_1_413' title='bbox 2103 2885 2190 2942; x_wconf 88' lang='lat' dir='ltr'><strong>vel</strong></span> <span class='ocrx_word' id='word_1_414' title='bbox 2231 2889 2489 2945; x_wconf 86' lang='lat' dir='ltr'><strong>mandare</strong></span> <span class='ocrx_word' id='word_1_415' title='bbox 2530 2893 2823 2959; x_wconf 63' lang='lat' dir='ltr'><strong>memoriae,</strong></span> <span class='ocrx_word' id='word_1_416' title='bbox 2871 2893 2956 2948; x_wconf 92' lang='lat' dir='ltr'><strong>vel</strong></span> <span class='ocrx_word' id='word_1_417' title='bbox 2989 2895 3212 2949; x_wconf 89' lang='lat' dir='ltr'><strong>omnino</strong></span> <span class='ocrx_word' id='word_1_418' title='bbox 3249 2895 3549 2965; x_wconf 84' lang='lat' dir='ltr'><strong>incognitos</strong></span> <span class='ocrx_word' id='word_1_419' title='bbox 3579 2911 3693 2949; x_wconf 88' lang='lat' dir='ltr'><strong>non</strong></span> 
     </span>
    </p>
   </div>
   <div class='ocr_carea' id='block_1_62' title="bbox 2104 2978 3696 3055">
    <p class='ocr_par' dir='ltr' id='par_1_62' title="bbox 2104 2978 3696 3055">
     <span class='ocr_line' id='line_1_62' title="bbox 2104 2978 3696 3055; baseline 0.004 -23"><span class='ocrx_word' id='word_1_420' title='bbox 2104 2978 2327 3035; x_wconf 88' lang='lat' dir='ltr'><strong>habere.</strong></span> <span class='ocrx_word' id='word_1_421' title='bbox 2378 2980 2582 3036; x_wconf 88' lang='lat' dir='ltr'><strong>Deinde</strong></span> <span class='ocrx_word' id='word_1_422' title='bbox 2624 2982 2710 3037; x_wconf 91' lang='lat' dir='ltr'><strong>illa</strong></span> <span class='ocrx_word' id='word_1_423' title='bbox 2738 2999 2858 3054; x_wconf 83' lang='lat' dir='ltr'><strong>qua:</strong></span> <span class='ocrx_word' id='word_1_424' title='bbox 2899 2985 2951 3039; x_wconf 90' lang='lat' dir='ltr'><strong>in</strong></span> <span class='ocrx_word' id='word_1_425' title='bbox 2990 2984 3069 3039; x_wconf 90' lang='lat' dir='ltr'><strong>eis</strong></span> <span class='ocrx_word' id='word_1_426' title='bbox 3103 2995 3290 3055; x_wconf 88' lang='lat' dir='ltr'><strong>aperte</strong></span> <span class='ocrx_word' id='word_1_427' title='bbox 3323 2985 3497 3055; x_wconf 89' lang='lat' dir='ltr'><strong>posita</strong></span> <span class='ocrx_word' id='word_1_428' title='bbox 3537 2992 3696 3050; x_wconf 90' lang='lat' dir='ltr'><strong>sunt,</strong></span> 
     </span>
    </p>
   </div>
   <div class='ocr_carea' id='block_1_63' title="bbox 2103 3064 3699 3144">
    <p class='ocr_par' dir='ltr' id='par_1_63' title="bbox 2103 3064 3699 3144">
     <span class='ocr_line' id='line_1_63' title="bbox 2103 3064 3699 3144; baseline 0.004 -22"><span class='ocrx_word' id='word_1_429' title='bbox 2103 3064 2189 3123; x_wconf 88' lang='lat' dir='ltr'><strong>vel</strong></span> <span class='ocrx_word' id='word_1_430' title='bbox 2227 3079 2496 3141; x_wconf 70' lang='lat' dir='ltr'><strong>przecepta</strong></span> <span class='ocrx_word' id='word_1_431' title='bbox 2522 3071 2760 3139; x_wconf 84' lang='lat' dir='ltr'><strong>vivendi,</strong></span> <span class='ocrx_word' id='word_1_432' title='bbox 2784 3073 2867 3129; x_wconf 91' lang='lat' dir='ltr'><strong>vel</strong></span> <span class='ocrx_word' id='word_1_433' title='bbox 2903 3073 3099 3144; x_wconf 79' lang='lat' dir='ltr'><strong>regulae</strong></span> <span class='ocrx_word' id='word_1_434' title='bbox 3134 3074 3410 3139; x_wconf 87' lang='lat' dir='ltr'><strong>credendi,</strong></span> <span class='ocrx_word' id='word_1_435' title='bbox 3438 3072 3699 3129; x_wconf 85' lang='lat' dir='ltr'><strong>solertius</strong></span> 
     </span>
    </p>
   </div>
   <div class='ocr_carea' id='block_1_64' title="bbox 412 3135 3697 3239">
    <p class='ocr_par' dir='ltr' id='par_1_64' title="bbox 412 3135 3697 3239">
     <span class='ocr_line' id='line_1_64' title="bbox 412 3135 3697 3239; baseline 0.002 -26"><span class='ocrx_word' id='word_1_436' title='bbox 412 3164 469 3221; x_wconf 82' lang='lat' dir='ltr'><strong>in</strong></span> <span class='ocrx_word' id='word_1_437' title='bbox 499 3135 765 3236; x_wconf 74' lang='lat' dir='ltr'><strong>superiori</strong></span> <span class='ocrx_word' id='word_1_438' title='bbox 795 3166 935 3221; x_wconf 80' lang='lat' dir='ltr'><strong>libro</strong></span> <span class='ocrx_word' id='word_1_439' title='bbox 961 3175 1223 3236; x_wconf 79' lang='lat' dir='ltr'><strong>quantum</strong></span> <span class='ocrx_word' id='word_1_440' title='bbox 1247 3135 1400 3239; x_wconf 57' lang='lat' dir='ltr'><strong>potui</strong></span> <span class='ocrx_word' id='word_1_441' title='bbox 1449 3166 1738 3238; x_wconf 65' lang='lat' dir='ltr'><strong>descripsi,</strong></span> <span class='ocrx_word' id='word_1_442' title='bbox 1761 3135 1868 3222; x_wconf 60' lang='lat' dir='ltr'><strong>non</strong></span> <span class='ocrx_word' id='word_1_443' title='bbox 1889 3135 1998 3223; x_wconf 64' lang='grc' dir='ltr'><strong>ἠθ-</strong></span> <span class='ocrx_word' id='word_1_444' title='bbox 2027 3135 2071 3199; x_wconf 82' lang='lat' dir='ltr'>C</span> <span class='ocrx_word' id='word_1_445' title='bbox 2103 3135 2522 3231; x_wconf 74' lang='lat' dir='ltr'><strong>diligentiusque</strong></span> <span class='ocrx_word' id='word_1_446' title='bbox 2556 3161 2930 3234; x_wconf 85' lang='lat' dir='ltr'><strong>investiganda</strong></span> <span class='ocrx_word' id='word_1_447' title='bbox 2958 3135 3105 3231; x_wconf 56' lang='lat' dir='ltr'><strong>gum,</strong></span> <span class='ocrx_word' id='word_1_448' title='bbox 3130 3179 3250 3234; x_wconf 64' lang='lat' dir='ltr'><strong>quae</strong></span> <span class='ocrx_word' id='word_1_449' title='bbox 3279 3172 3429 3218; x_wconf 89' lang='lat' dir='ltr'><strong>tanto</strong></span> <span class='ocrx_word' id='word_1_450' title='bbox 3457 3165 3697 3234; x_wconf 87' lang='lat' dir='ltr'><strong>quisque</strong></span> 
     </span>
    </p>
   </div>
   <div class='ocr_carea' id='block_1_65' title="bbox 410 3260 1113 3316">
    <p class='ocr_par' dir='ltr' id='par_1_65' title="bbox 410 3260 1113 3316">
     <span class='ocr_line' id='line_1_65' title="bbox 410 3260 1113 3316; baseline -0.001 -2"><span class='ocrx_word' id='word_1_451' title='bbox 410 3272 565 3315; x_wconf 86' lang='lat' dir='ltr'><strong>cesse</strong></span> <span class='ocrx_word' id='word_1_452' title='bbox 589 3260 864 3316; x_wconf 88' lang='lat' dir='ltr'><strong>credimus</strong></span> <span class='ocrx_word' id='word_1_453' title='bbox 891 3261 1113 3316; x_wconf 89' lang='lat' dir='ltr'><strong>iterare.</strong></span> 
     </span>
    </p>
   </div>
   <div class='ocr_carea' id='block_1_66' title="bbox 1017 3368 1393 3427">
    <p class='ocr_par' dir='ltr' id='par_1_66' title="bbox 1017 3368 1393 3427">
     <span class='ocr_line' id='line_1_66' title="bbox 1017 3368 1393 3427; baseline 0.005 -3"><span class='ocrx_word' id='word_1_454' title='bbox 1017 3368 1244 3427; x_wconf 87' lang='lat' dir='ltr'><strong>CAPUT</strong></span> <span class='ocrx_word' id='word_1_455' title='bbox 1284 3371 1393 3427; x_wconf 83' lang='lat' dir='ltr'><strong>VII.</strong></span> 
     </span>
    </p>
   </div>
   <div class='ocr_carea' id='block_1_67' title="bbox 408 3457 1997 3531">
    <p class='ocr_par' dir='ltr' id='par_1_67' title="bbox 408 3457 1997 3531">
     <span class='ocr_line' id='line_1_67' title="bbox 408 3457 1997 3531; baseline 0.003 -19"><span class='ocrx_word' id='word_1_456' title='bbox 408 3458 487 3513; x_wconf 89' lang='lat' dir='ltr'><strong>De</strong></span> <span class='ocrx_word' id='word_1_457' title='bbox 514 3475 712 3513; x_wconf 87' lang='lat' dir='ltr'><strong>canone</strong></span> <span class='ocrx_word' id='word_1_458' title='bbox 743 3457 1107 3531; x_wconf 66' lang='lat' dir='ltr'><strong>Hebraeorum,</strong></span> <span class='ocrx_word' id='word_1_459' title='bbox 1138 3460 1399 3531; x_wconf 78' lang='lat' dir='ltr'><strong>quomodo</strong></span> <span class='ocrx_word' id='word_1_460' title='bbox 1420 3461 1561 3529; x_wconf 80' lang='lat' dir='ltr'><strong>apud</strong></span> <span class='ocrx_word' id='word_1_461' title='bbox 1584 3476 1672 3515; x_wconf 75' lang='lat' dir='ltr'><strong>eos</strong></span> <span class='ocrx_word' id='word_1_462' title='bbox 1697 3462 1997 3531; x_wconf 77' lang='lat' dir='ltr'><strong>tripertitus</strong></span> 
     </span>
    </p>
   </div>
   <div class='ocr_carea' id='block_1_68' title="bbox 689 3528 1710 3607">
    <p class='ocr_par' dir='ltr' id='par_1_68' title="bbox 689 3528 1710 3607">
     <span class='ocr_line' id='line_1_68' title="bbox 689 3528 1710 3607; baseline 0 -24"><span class='ocrx_word' id='word_1_463' title='bbox 689 3538 764 3583; x_wconf 85' lang='lat' dir='ltr'><strong>est</strong></span> <span class='ocrx_word' id='word_1_464' title='bbox 796 3530 924 3583; x_wconf 88' lang='lat' dir='ltr'><strong>ordo</strong></span> <span class='ocrx_word' id='word_1_465' title='bbox 963 3528 1259 3607; x_wconf 76' lang='lat' dir='ltr'><strong>divinarum</strong></span> <span class='ocrx_word' id='word_1_466' title='bbox 1292 3528 1710 3601; x_wconf 81' lang='lat' dir='ltr'><strong>Scripturarum.</strong></span> 
     </span>
    </p>
   </div>
   <div class='ocr_carea' id='block_1_69' title="bbox 479 3618 1992 3691">
    <p class='ocr_par' dir='ltr' id='par_1_69' title="bbox 479 3618 1992 3691">
     <span class='ocr_line' id='line_1_69' title="bbox 479 3618 1992 3691; baseline 0.003 -18"><span class='ocrx_word' id='word_1_467' title='bbox 479 3618 785 3674; x_wconf 84' lang='lat' dir='ltr'><strong>Notandum</strong></span> <span class='ocrx_word' id='word_1_468' title='bbox 800 3629 977 3675; x_wconf 89' lang='lat' dir='ltr'><strong>tamen</strong></span> <span class='ocrx_word' id='word_1_469' title='bbox 990 3621 1133 3691; x_wconf 92' lang='lat' dir='ltr'><strong>quod</strong></span> <span class='ocrx_word' id='word_1_470' title='bbox 1153 3621 1362 3676; x_wconf 69' lang='lat' dir='ltr'><strong>llebrzci</strong></span> <span class='ocrx_word' id='word_1_471' title='bbox 1380 3619 1549 3676; x_wconf 86' lang='lat' dir='ltr'><strong>Vetus</strong></span> <span class='ocrx_word' id='word_1_472' title='bbox 1563 3618 1992 3686; x_wconf 87' lang='lat' dir='ltr'><strong>Testamentum,</strong></span> 
     </span>
    </p>
   </div>
   <div class='ocr_carea' id='block_1_70' title="bbox 410 3709 1996 3779">
    <p class='ocr_par' dir='ltr' id='par_1_70' title="bbox 410 3709 1996 3779">
     <span class='ocr_line' id='line_1_70' title="bbox 410 3709 1996 3779; baseline 0.001 -13"><span class='ocrx_word' id='word_1_473' title='bbox 410 3710 583 3766; x_wconf 87' lang='lat' dir='ltr'><strong>Esdra</strong></span> <span class='ocrx_word' id='word_1_474' title='bbox 611 3721 833 3766; x_wconf 91' lang='lat' dir='ltr'><strong>auctore</strong></span> <span class='ocrx_word' id='word_1_475' title='bbox 854 3709 1010 3779; x_wconf 84' lang='lat' dir='ltr'><strong>juxta</strong></span> <span class='ocrx_word' id='word_1_476' title='bbox 1044 3727 1329 3767; x_wconf 91' lang='lat' dir='ltr'><strong>numerum</strong></span> <span class='ocrx_word' id='word_1_477' title='bbox 1359 3710 1664 3766; x_wconf 89' lang='lat' dir='ltr'><strong>litterarum</strong></span> <span class='ocrx_word' id='word_1_478' title='bbox 1690 3727 1911 3766; x_wconf 91' lang='lat' dir='ltr'><strong>suarum</strong></span> <span class='ocrx_word' id='word_1_479' title='bbox 1940 3712 1996 3767; x_wconf 93' lang='lat' dir='ltr'><strong>in</strong></span> 
     </span>
    </p>
   </div>
   <div class='ocr_carea' id='block_1_71' title="bbox 409 3805 1993 3877">
    <p class='ocr_par' dir='ltr' id='par_1_71' title="bbox 409 3805 1993 3877">
     <span class='ocr_line' id='line_1_71' title="bbox 409 3805 1993 3877; baseline 0.001 -18"><span class='ocrx_word' id='word_1_480' title='bbox 409 3821 524 3860; x_wconf 62' lang='grc' dir='ltr'>χχιι</span> <span class='ocrx_word' id='word_1_481' title='bbox 554 3805 721 3861; x_wconf 92' lang='lat' dir='ltr'><strong>libros</strong></span> <span class='ocrx_word' id='word_1_482' title='bbox 742 3806 1037 3877; x_wconf 91' lang='lat' dir='ltr'><strong>accipiunt,</strong></span> <span class='ocrx_word' id='word_1_483' title='bbox 1066 3807 1370 3861; x_wconf 86' lang='lat' dir='ltr'><strong>dividentes</strong></span> <span class='ocrx_word' id='word_1_484' title='bbox 1395 3820 1488 3860; x_wconf 90' lang='lat' dir='ltr'><strong>eos</strong></span> <span class='ocrx_word' id='word_1_485' title='bbox 1516 3806 1572 3859; x_wconf 89' lang='lat' dir='ltr'><strong>in</strong></span> <span class='ocrx_word' id='word_1_486' title='bbox 1605 3813 1716 3861; x_wconf 90' lang='lat' dir='ltr'><strong>tres</strong></span> <span class='ocrx_word' id='word_1_487' title='bbox 1745 3806 1993 3872; x_wconf 88' lang='lat' dir='ltr'><strong>ordines,</strong></span> 
     </span>
    </p>
   </div>
   <div class='ocr_carea' id='block_1_72' title="bbox 406 3893 1996 3966">
    <p class='ocr_par' dir='ltr' id='par_1_72' title="bbox 406 3893 1996 3966">
     <span class='ocr_line' id='line_1_72' title="bbox 406 3893 1996 3966; baseline 0.001 -19"><span class='ocrx_word' id='word_1_488' title='bbox 406 3893 541 3965; x_wconf 83' lang='lat' dir='ltr'><strong>legis</strong></span> <span class='ocrx_word' id='word_1_489' title='bbox 567 3894 795 3960; x_wconf 90' lang='lat' dir='ltr'><strong>scilicet,</strong></span> <span class='ocrx_word' id='word_1_490' title='bbox 825 3896 1213 3966; x_wconf 82' lang='lat' dir='ltr'><strong>prOphetarum</strong></span> <span class='ocrx_word' id='word_1_491' title='bbox 1256 3903 1311 3950; x_wconf 90' lang='lat' dir='ltr'><strong>et</strong></span> <span class='ocrx_word' id='word_1_492' title='bbox 1340 3896 1853 3966; x_wconf 88' lang='lat' dir='ltr'><strong>hagiographorum.</strong></span> <span class='ocrx_word' id='word_1_493' title='bbox 1878 3893 1996 3949; x_wconf 86' lang='lat' dir='ltr'><strong>Pri-</strong></span> 
     </span>
    </p>
   </div>
   <div class='ocr_carea' id='block_1_73' title="bbox 406 3983 1994 4056">
    <p class='ocr_par' dir='ltr' id='par_1_73' title="bbox 406 3983 1994 4056">
     <span class='ocr_line' id='line_1_73' title="bbox 406 3983 1994 4056; baseline 0.002 -20"><span class='ocrx_word' id='word_1_494' title='bbox 406 3998 529 4038; x_wconf 89' lang='lat' dir='ltr'><strong>mus</strong></span> <span class='ocrx_word' id='word_1_495' title='bbox 557 3986 691 4039; x_wconf 92' lang='lat' dir='ltr'><strong>ordo</strong></span> <span class='ocrx_word' id='word_1_496' title='bbox 720 3983 853 4056; x_wconf 90' lang='lat' dir='ltr'><strong>legis</strong></span> <span class='ocrx_word' id='word_1_497' title='bbox 902 3985 957 4039; x_wconf 91' lang='lat' dir='ltr'><strong>in</strong></span> <span class='ocrx_word' id='word_1_498' title='bbox 992 3984 1231 4054; x_wconf 90' lang='lat' dir='ltr'><strong>quinque</strong></span> <span class='ocrx_word' id='word_1_499' title='bbox 1263 3983 1415 4040; x_wconf 91' lang='lat' dir='ltr'><strong>libris</strong></span> <span class='ocrx_word' id='word_1_500' title='bbox 1443 3983 1727 4053; x_wconf 90' lang='lat' dir='ltr'><strong>accipitur,</strong></span> <span class='ocrx_word' id='word_1_501' title='bbox 1764 3999 1994 4053; x_wconf 91' lang='lat' dir='ltr'><strong>quorum</strong></span> 
     </span>
    </p>
   </div>
   <div class='ocr_carea' id='block_1_74' title="bbox 403 4073 1996 4146">
    <p class='ocr_par' dir='ltr' id='par_1_74' title="bbox 403 4073 1996 4146">
     <span class='ocr_line' id='line_1_74' title="bbox 403 4073 1996 4146; baseline 0.001 -17"><span class='ocrx_word' id='word_1_502' title='bbox 403 4075 615 4146; x_wconf 91' lang='lat' dir='ltr'><strong>primus</strong></span> <span class='ocrx_word' id='word_1_503' title='bbox 643 4084 726 4130; x_wconf 89' lang='lat' dir='ltr'><strong>est</strong></span> <span class='ocrx_word' id='word_1_504' title='bbox 750 4074 991 4140; x_wconf 86' lang='lat' dir='ltr'><strong>Bresith,</strong></span> <span class='ocrx_word' id='word_1_505' title='bbox 1014 4075 1107 4145; x_wconf 92' lang='lat' dir='ltr'><strong>qui</strong></span> <span class='ocrx_word' id='word_1_506' title='bbox 1134 4084 1219 4131; x_wconf 90' lang='lat' dir='ltr'><strong>est</strong></span> <span class='ocrx_word' id='word_1_507' title='bbox 1245 4074 1490 4131; x_wconf 87' lang='lat' dir='ltr'><strong>Genesis.</strong></span> <span class='ocrx_word' id='word_1_508' title='bbox 1523 4073 1805 4130; x_wconf 87' lang='lat' dir='ltr'><strong>Secundus</strong></span> <span class='ocrx_word' id='word_1_509' title='bbox 1828 4074 1996 4130; x_wconf 76' lang='lat' dir='ltr'><strong>Elles-</strong></span> 
     </span>
    </p>
   </div>
   <div class='ocr_carea' id='block_1_75' title="bbox 405 4164 1996 4236">
    <p class='ocr_par' dir='ltr' id='par_1_75' title="bbox 405 4164 1996 4236">
     <span class='ocr_line' id='line_1_75' title="bbox 405 4164 1996 4236; baseline -0.001 -15"><span class='ocrx_word' id='word_1_510' title='bbox 405 4176 539 4231; x_wconf 90' lang='lat' dir='ltr'><strong>mot,</strong></span> <span class='ocrx_word' id='word_1_511' title='bbox 575 4166 666 4236; x_wconf 88' lang='lat' dir='ltr'><strong>qui</strong></span> <span class='ocrx_word' id='word_1_512' title='bbox 699 4175 783 4221; x_wconf 92' lang='lat' dir='ltr'><strong>est</strong></span> <span class='ocrx_word' id='word_1_513' title='bbox 812 4166 1046 4223; x_wconf 81' lang='lat' dir='ltr'><strong>Exodus.</strong></span> <span class='ocrx_word' id='word_1_514' title='bbox 1079 4165 1296 4221; x_wconf 89' lang='lat' dir='ltr'><strong>Tertius</strong></span> <span class='ocrx_word' id='word_1_515' title='bbox 1325 4166 1559 4230; x_wconf 87' lang='lat' dir='ltr'><strong>Vaiicra,</strong></span> <span class='ocrx_word' id='word_1_516' title='bbox 1594 4165 1686 4235; x_wconf 91' lang='lat' dir='ltr'><strong>qui</strong></span> <span class='ocrx_word' id='word_1_517' title='bbox 1722 4174 1806 4221; x_wconf 91' lang='lat' dir='ltr'><strong>est</strong></span> <span class='ocrx_word' id='word_1_518' title='bbox 1834 4164 1996 4220; x_wconf 91' lang='lat' dir='ltr'><strong>Levi-</strong></span> 
     </span>
    </p>
   </div>
   <div class='ocr_carea' id='block_1_76' title="bbox 404 4257 1994 4328">
    <p class='ocr_par' dir='ltr' id='par_1_76' title="bbox 404 4257 1994 4328">
     <span class='ocr_line' id='line_1_76' title="bbox 404 4257 1994 4328; baseline 0.001 -16"><span class='ocrx_word' id='word_1_519' title='bbox 404 4258 566 4312; x_wconf 88' lang='lat' dir='ltr'><strong>ticus.</strong></span> <span class='ocrx_word' id='word_1_520' title='bbox 599 4257 835 4325; x_wconf 87' lang='lat' dir='ltr'><strong>Quartus</strong></span> <span class='ocrx_word' id='word_1_521' title='bbox 859 4258 1219 4325; x_wconf 88' lang='lat' dir='ltr'><strong>Vaicdabbet,</strong></span> <span class='ocrx_word' id='word_1_522' title='bbox 1271 4259 1362 4328; x_wconf 90' lang='lat' dir='ltr'><strong>qui</strong></span> <span class='ocrx_word' id='word_1_523' title='bbox 1392 4266 1477 4314; x_wconf 91' lang='lat' dir='ltr'><strong>est</strong></span> <span class='ocrx_word' id='word_1_524' title='bbox 1509 4257 1795 4314; x_wconf 86' lang='lat' dir='ltr'><strong>Numerus.</strong></span> <span class='ocrx_word' id='word_1_525' title='bbox 1827 4257 1994 4326; x_wconf 89' lang='lat' dir='ltr'><strong>Quin-</strong></span> 
     </span>
    </p>
   </div>
   <div class='ocr_carea' id='block_1_77' title="bbox 408 4347 1991 4425">
    <p class='ocr_par' dir='ltr' id='par_1_77' title="bbox 408 4347 1991 4425">
     <span class='ocr_line' id='line_1_77' title="bbox 408 4347 1991 4425; baseline 0.001 -25"><span class='ocrx_word' id='word_1_526' title='bbox 408 4355 494 4403; x_wconf 86' lang='lat' dir='ltr'><strong>tus</strong></span> <span class='ocrx_word' id='word_1_527' title='bbox 546 4348 1021 4416; x_wconf 89' lang='lat' dir='ltr'><strong>Ellehadabarim,</strong></span> <span class='ocrx_word' id='word_1_528' title='bbox 1077 4349 1222 4425; x_wconf 86' lang='lat' dir='ltr'><strong>quod</strong></span> <span class='ocrx_word' id='word_1_529' title='bbox 1267 4357 1352 4405; x_wconf 91' lang='lat' dir='ltr'><strong>est</strong></span> <span class='ocrx_word' id='word_1_530' title='bbox 1400 4347 1991 4404; x_wconf 80' lang='lat' dir='ltr'><strong>Deutcronomium.lli</strong></span> 
     </span>
    </p>
   </div>
   <div class='ocr_carea' id='block_1_78' title="bbox 405 4437 1989 4509">
    <p class='ocr_par' dir='ltr' id='par_1_78' title="bbox 405 4437 1989 4509">
     <span class='ocr_line' id='line_1_78' title="bbox 405 4437 1989 4509; baseline 0 -18"><span class='ocrx_word' id='word_1_531' title='bbox 405 4446 534 4492; x_wconf 89' lang='lat' dir='ltr'><strong>sunt</strong></span> <span class='ocrx_word' id='word_1_532' title='bbox 578 4438 817 4507; x_wconf 85' lang='lat' dir='ltr'><strong>quinque</strong></span> <span class='ocrx_word' id='word_1_533' title='bbox 870 4437 995 4492; x_wconf 90' lang='lat' dir='ltr'><strong>libri</strong></span> <span class='ocrx_word' id='word_1_534' title='bbox 1039 4438 1250 4509; x_wconf 82' lang='lat' dir='ltr'><strong>Moysi,</strong></span> <span class='ocrx_word' id='word_1_535' title='bbox 1278 4454 1414 4509; x_wconf 89' lang='lat' dir='ltr'><strong>quos</strong></span> <span class='ocrx_word' id='word_1_536' title='bbox 1447 4438 1658 4493; x_wconf 77' lang='lat' dir='ltr'><strong>Hebrzei</strong></span> <span class='ocrx_word' id='word_1_537' title='bbox 1705 4437 1946 4492; x_wconf 87' lang='lat' dir='ltr'><strong>Thorath</strong></span> <span class='ocrx_word' id='word_1_538' title='bbox 1974 4479 1989 4505; x_wconf 97' lang='lat'><strong>,</strong></span> 
     </span>
    </p>
   </div>
   <div class='ocr_carea' id='block_1_79' title="bbox 404 4526 1992 4599">
    <p class='ocr_par' dir='ltr' id='par_1_79' title="bbox 404 4526 1992 4599">
     <span class='ocr_line' id='line_1_79' title="bbox 404 4526 1992 4599; baseline -0.002 -14"><span class='ocrx_word' id='word_1_539' title='bbox 404 4528 585 4585; x_wconf 87' lang='lat' dir='ltr'><strong>Latini</strong></span> <span class='ocrx_word' id='word_1_540' title='bbox 615 4530 789 4599; x_wconf 84' lang='lat' dir='ltr'><strong>legem</strong></span> <span class='ocrx_word' id='word_1_541' title='bbox 832 4529 1140 4598; x_wconf 88' lang='lat' dir='ltr'><strong>appellant;</strong></span> <span class='ocrx_word' id='word_1_542' title='bbox 1172 4529 1391 4598; x_wconf 89' lang='lat' dir='ltr'><strong>pr0prie</strong></span> <span class='ocrx_word' id='word_1_543' title='bbox 1437 4536 1618 4581; x_wconf 90' lang='lat' dir='ltr'><strong>autem</strong></span> <span class='ocrx_word' id='word_1_544' title='bbox 1646 4526 1730 4582; x_wconf 83' lang='lat' dir='ltr'><strong>lex</strong></span> <span class='ocrx_word' id='word_1_545' title='bbox 1759 4527 1992 4598; x_wconf 86' lang='lat' dir='ltr'><strong>appella-</strong></span> 
     </span>
    </p>
   </div>
   <div class='ocr_carea' id='block_1_80' title="bbox 402 4616 1997 4695">
    <p class='ocr_par' dir='ltr' id='par_1_80' title="bbox 402 4616 1997 4695">
     <span class='ocr_line' id='line_1_80' title="bbox 402 4616 1997 4695; baseline 0.001 -22"><span class='ocrx_word' id='word_1_546' title='bbox 402 4628 512 4684; x_wconf 89' lang='lat' dir='ltr'><strong>tur,</strong></span> <span class='ocrx_word' id='word_1_547' title='bbox 537 4635 656 4689; x_wconf 64' lang='lat' dir='ltr'><strong>qure</strong></span> <span class='ocrx_word' id='word_1_548' title='bbox 670 4634 766 4690; x_wconf 88' lang='lat' dir='ltr'><strong>per</strong></span> <span class='ocrx_word' id='word_1_549' title='bbox 788 4618 1007 4689; x_wconf 84' lang='lat' dir='ltr'><strong>Moysen</strong></span> <span class='ocrx_word' id='word_1_550' title='bbox 1028 4619 1154 4674; x_wconf 90' lang='lat' dir='ltr'><strong>data</strong></span> <span class='ocrx_word' id='word_1_551' title='bbox 1175 4628 1283 4695; x_wconf 63' lang='lat' dir='ltr'><strong>est.</strong></span> <span class='ocrx_word' id='word_1_552' title='bbox 1307 4616 1589 4673; x_wconf 89' lang='lat' dir='ltr'><strong>Secundus</strong></span> <span class='ocrx_word' id='word_1_553' title='bbox 1616 4618 1749 4673; x_wconf 90' lang='lat' dir='ltr'><strong>ordo</strong></span> <span class='ocrx_word' id='word_1_554' title='bbox 1769 4619 1997 4689; x_wconf 87' lang='lat' dir='ltr'><strong>prophe-</strong></span> 
     </span>
    </p>
   </div>
   <div class='ocr_carea' id='block_1_81' title="bbox 406 4706 1996 4779">
    <p class='ocr_par' dir='ltr' id='par_1_81' title="bbox 406 4706 1996 4779">
     <span class='ocr_line' id='line_1_81' title="bbox 406 4706 1996 4779; baseline 0.001 -16"><span class='ocrx_word' id='word_1_555' title='bbox 406 4719 606 4773; x_wconf 90' lang='lat' dir='ltr'><strong>tarum,</strong></span> <span class='ocrx_word' id='word_1_556' title='bbox 640 4709 694 4762; x_wconf 85' lang='lat' dir='ltr'><strong>in</strong></span> <span class='ocrx_word' id='word_1_557' title='bbox 720 4724 827 4778; x_wconf 87' lang='lat' dir='ltr'><strong>quo</strong></span> <span class='ocrx_word' id='word_1_558' title='bbox 849 4708 1196 4764; x_wconf 89' lang='lat' dir='ltr'><strong>continentur</strong></span> <span class='ocrx_word' id='word_1_559' title='bbox 1224 4706 1345 4762; x_wconf 89' lang='lat' dir='ltr'><strong>libri</strong></span> <span class='ocrx_word' id='word_1_560' title='bbox 1368 4714 1512 4772; x_wconf 86' lang='lat' dir='ltr'><strong>octo,</strong></span> <span class='ocrx_word' id='word_1_561' title='bbox 1538 4723 1767 4779; x_wconf 91' lang='lat' dir='ltr'><strong>quorum</strong></span> <span class='ocrx_word' id='word_1_562' title='bbox 1787 4708 1996 4779; x_wconf 87' lang='lat' dir='ltr'><strong>primus</strong></span> 
     </span>
    </p>
   </div>
   <div class='ocr_carea' id='block_1_82' title="bbox 401 4798 1994 4869">
    <p class='ocr_par' dir='ltr' id='par_1_82' title="bbox 401 4798 1994 4869">
     <span class='ocr_line' id='line_1_82' title="bbox 401 4798 1994 4869; baseline -0.001 -12"><span class='ocrx_word' id='word_1_563' title='bbox 401 4801 564 4857; x_wconf 89' lang='lat' dir='ltr'><strong>Josue</strong></span> <span class='ocrx_word' id='word_1_564' title='bbox 588 4801 832 4866; x_wconf 90' lang='lat' dir='ltr'><strong>bennun,</strong></span> <span class='ocrx_word' id='word_1_565' title='bbox 860 4800 951 4869; x_wconf 90' lang='lat' dir='ltr'><strong>qui</strong></span> <span class='ocrx_word' id='word_1_566' title='bbox 980 4799 1169 4855; x_wconf 90' lang='lat' dir='ltr'><strong>Latine</strong></span> <span class='ocrx_word' id='word_1_567' title='bbox 1197 4798 1324 4855; x_wconf 86' lang='lat' dir='ltr'><strong>Jcsu</strong></span> <span class='ocrx_word' id='word_1_568' title='bbox 1354 4799 1499 4855; x_wconf 86' lang='lat' dir='ltr'><strong>Nave</strong></span> <span class='ocrx_word' id='word_1_569' title='bbox 1535 4800 1748 4856; x_wconf 89' lang='lat' dir='ltr'><strong>dicitur.</strong></span> <span class='ocrx_word' id='word_1_570' title='bbox 1787 4798 1994 4856; x_wconf 86' lang='lat' dir='ltr'><strong>Secun-</strong></span> 
     </span>
    </p>
   </div>
   <div class='ocr_carea' id='block_1_83' title="bbox 407 4891 1990 4963">
    <p class='ocr_par' dir='ltr' id='par_1_83' title="bbox 407 4891 1990 4963">
     <span class='ocr_line' id='line_1_83' title="bbox 407 4891 1990 4963; baseline 0 -14"><span class='ocrx_word' id='word_1_571' title='bbox 407 4894 509 4949; x_wconf 92' lang='lat' dir='ltr'><strong>dus</strong></span> <span class='ocrx_word' id='word_1_572' title='bbox 533 4891 845 4962; x_wconf 91' lang='lat' dir='ltr'><strong>Sophthim,</strong></span> <span class='ocrx_word' id='word_1_573' title='bbox 873 4893 964 4963; x_wconf 90' lang='lat' dir='ltr'><strong>qui</strong></span> <span class='ocrx_word' id='word_1_574' title='bbox 989 4901 1072 4948; x_wconf 92' lang='lat' dir='ltr'><strong>est</strong></span> <span class='ocrx_word' id='word_1_575' title='bbox 1096 4891 1363 4947; x_wconf 91' lang='lat' dir='ltr'><strong>Judicum.</strong></span> <span class='ocrx_word' id='word_1_576' title='bbox 1395 4891 1611 4948; x_wconf 90' lang='lat' dir='ltr'><strong>Tertius</strong></span> <span class='ocrx_word' id='word_1_577' title='bbox 1636 4892 1875 4960; x_wconf 90' lang='lat' dir='ltr'><strong>Samuel,</strong></span> <span class='ocrx_word' id='word_1_578' title='bbox 1898 4895 1990 4963; x_wconf 88' lang='lat' dir='ltr'><strong>qui</strong></span> 
     </span>
    </p>
   </div>
   <div class='ocr_carea' id='block_1_84' title="bbox 404 4983 1987 5057">
    <p class='ocr_par' dir='ltr' id='par_1_84' title="bbox 404 4983 1987 5057">
     <span class='ocr_line' id='line_1_84' title="bbox 404 4983 1987 5057; baseline -0.002 -15"><span class='ocrx_word' id='word_1_579' title='bbox 404 4995 485 5042; x_wconf 90' lang='lat' dir='ltr'><strong>est</strong></span> <span class='ocrx_word' id='word_1_580' title='bbox 502 4986 709 5057; x_wconf 83' lang='lat' dir='ltr'><strong>Regum</strong></span> <span class='ocrx_word' id='word_1_581' title='bbox 740 4986 966 5055; x_wconf 91' lang='lat' dir='ltr'><strong>primus.</strong></span> <span class='ocrx_word' id='word_1_582' title='bbox 990 4984 1226 5052; x_wconf 85' lang='lat' dir='ltr'><strong>Quartus</strong></span> <span class='ocrx_word' id='word_1_583' title='bbox 1246 4983 1549 5049; x_wconf 81' lang='lat' dir='ltr'><strong>Malachim,</strong></span> <span class='ocrx_word' id='word_1_584' title='bbox 1570 4984 1660 5054; x_wconf 94' lang='lat' dir='ltr'><strong>qui</strong></span> <span class='ocrx_word' id='word_1_585' title='bbox 1679 4994 1762 5039; x_wconf 93' lang='lat' dir='ltr'><strong>est</strong></span> <span class='ocrx_word' id='word_1_586' title='bbox 1782 4983 1987 5056; x_wconf 80' lang='lat' dir='ltr'><strong>Regum</strong></span> 
     </span>
    </p>
   </div>
   <div class='ocr_carea' id='block_1_85' title="bbox 402 5073 1990 5143">
    <p class='ocr_par' dir='ltr' id='par_1_85' title="bbox 402 5073 1990 5143">
     <span class='ocr_line' id='line_1_85' title="bbox 402 5073 1990 5143; baseline -0.001 -10"><span class='ocrx_word' id='word_1_587' title='bbox 402 5078 692 5133; x_wconf 86' lang='lat' dir='ltr'><strong>secundus.</strong></span> <span class='ocrx_word' id='word_1_588' title='bbox 715 5075 948 5143; x_wconf 85' lang='lat' dir='ltr'><strong>Quintus</strong></span> <span class='ocrx_word' id='word_1_589' title='bbox 966 5075 1154 5131; x_wconf 88' lang='lat' dir='ltr'><strong>Isaias.</strong></span> <span class='ocrx_word' id='word_1_590' title='bbox 1181 5074 1379 5131; x_wconf 81' lang='lat' dir='ltr'><strong>Sextus</strong></span> <span class='ocrx_word' id='word_1_591' title='bbox 1404 5074 1686 5131; x_wconf 90' lang='lat' dir='ltr'><strong>Jeremias.</strong></span> <span class='ocrx_word' id='word_1_592' title='bbox 1716 5073 1990 5143; x_wconf 90' lang='lat' dir='ltr'><strong>Septimus</strong></span> 
     </span>
    </p>
   </div>
   <div class='ocr_carea' id='block_1_86' title="bbox 402 5164 1985 5236">
    <p class='ocr_par' dir='ltr' id='par_1_86' title="bbox 402 5164 1985 5236">
     <span class='ocr_line' id='line_1_86' title="bbox 402 5164 1985 5236; baseline -0.003 -13"><span class='ocrx_word' id='word_1_593' title='bbox 402 5167 675 5223; x_wconf 86' lang='lat' dir='ltr'><strong>Ezechiel.</strong></span> <span class='ocrx_word' id='word_1_594' title='bbox 710 5166 946 5223; x_wconf 86' lang='lat' dir='ltr'><strong>Octavus</strong></span> <span class='ocrx_word' id='word_1_595' title='bbox 981 5166 1307 5231; x_wconf 82' lang='lat' dir='ltr'><strong>Thereasar,</strong></span> <span class='ocrx_word' id='word_1_596' title='bbox 1354 5166 1446 5236; x_wconf 91' lang='lat' dir='ltr'><strong>qui</strong></span> <span class='ocrx_word' id='word_1_597' title='bbox 1478 5165 1677 5221; x_wconf 89' lang='lat' dir='ltr'><strong>dicitur</strong></span> <span class='ocrx_word' id='word_1_598' title='bbox 1705 5164 1985 5221; x_wconf 89' lang='lat' dir='ltr'><strong>duodecim</strong></span> 
     </span>
    </p>
   </div>
   <div class='ocr_carea' id='block_1_87' title="bbox 398 5255 1987 5329">
    <p class='ocr_par' dir='ltr' id='par_1_87' title="bbox 398 5255 1987 5329">
     <span class='ocr_line' id='line_1_87' title="bbox 398 5255 1987 5329; baseline -0.001 -18"><span class='ocrx_word' id='word_1_599' title='bbox 398 5260 807 5329; x_wconf 89' lang='lat' dir='ltr'><strong>prophetarum,</strong></span> <span class='ocrx_word' id='word_1_600' title='bbox 848 5258 940 5329; x_wconf 91' lang='lat' dir='ltr'><strong>qui</strong></span> <span class='ocrx_word' id='word_1_601' title='bbox 983 5257 1103 5311; x_wconf 88' lang='lat' dir='ltr'><strong>libri</strong></span> <span class='ocrx_word' id='word_1_602' title='bbox 1137 5257 1267 5326; x_wconf 87' lang='lat' dir='ltr'><strong>quia</strong></span> <span class='ocrx_word' id='word_1_603' title='bbox 1304 5257 1405 5313; x_wconf 90' lang='lat' dir='ltr'><strong>sibi</strong></span> <span class='ocrx_word' id='word_1_604' title='bbox 1447 5272 1547 5326; x_wconf 93' lang='lat' dir='ltr'><strong>pro</strong></span> <span class='ocrx_word' id='word_1_605' title='bbox 1586 5256 1850 5327; x_wconf 89' lang='lat' dir='ltr'><strong>parvitate</strong></span> <span class='ocrx_word' id='word_1_606' title='bbox 1890 5255 1987 5309; x_wconf 87' lang='lat' dir='ltr'><strong>ad-</strong></span> 
     </span>
    </p>
   </div>
   <div class='ocr_carea' id='block_1_88' title="bbox 396 5345 1987 5421">
    <p class='ocr_par' dir='ltr' id='par_1_88' title="bbox 396 5345 1987 5421">
     <span class='ocr_line' id='line_1_88' title="bbox 396 5345 1987 5421; baseline -0.001 -19"><span class='ocrx_word' id='word_1_607' title='bbox 396 5348 568 5417; x_wconf 84' lang='lat' dir='ltr'><strong>juncti</strong></span> <span class='ocrx_word' id='word_1_608' title='bbox 609 5359 754 5414; x_wconf 90' lang='lat' dir='ltr'><strong>sunt,</strong></span> <span class='ocrx_word' id='word_1_609' title='bbox 783 5365 880 5421; x_wconf 88' lang='lat' dir='ltr'><strong>pro</strong></span> <span class='ocrx_word' id='word_1_610' title='bbox 917 5364 1023 5404; x_wconf 86' lang='lat' dir='ltr'><strong>uno</strong></span> <span class='ocrx_word' id='word_1_611' title='bbox 1061 5348 1422 5418; x_wconf 89' lang='lat' dir='ltr'><strong>accipiuntur.</strong></span> <span class='ocrx_word' id='word_1_612' title='bbox 1468 5348 1684 5403; x_wconf 89' lang='lat' dir='ltr'><strong>Tertius</strong></span> <span class='ocrx_word' id='word_1_613' title='bbox 1711 5347 1843 5402; x_wconf 91' lang='lat' dir='ltr'><strong>ordo</strong></span> <span class='ocrx_word' id='word_1_614' title='bbox 1881 5345 1987 5401; x_wconf 81' lang='lat' dir='ltr'><strong>lla-</strong></span> 
     </span>
    </p>
   </div>
   <div class='ocr_carea' id='block_1_89' title="bbox 401 5438 1986 5512">
    <p class='ocr_par' dir='ltr' id='par_1_89' title="bbox 401 5438 1986 5512">
     <span class='ocr_line' id='line_1_89' title="bbox 401 5438 1986 5512; baseline -0.001 -18"><span class='ocrx_word' id='word_1_615' title='bbox 401 5441 841 5512; x_wconf 75' lang='lat' dir='ltr'><strong>giographorum,</strong></span> <span class='ocrx_word' id='word_1_616' title='bbox 884 5440 935 5494; x_wconf 87' lang='lat' dir='ltr'><strong>id</strong></span> <span class='ocrx_word' id='word_1_617' title='bbox 974 5448 1079 5505; x_wconf 89' lang='lat' dir='ltr'><strong>est,</strong></span> <span class='ocrx_word' id='word_1_618' title='bbox 1124 5448 1311 5495; x_wconf 89' lang='lat' dir='ltr'><strong>sancta</strong></span> <span class='ocrx_word' id='word_1_619' title='bbox 1347 5438 1733 5504; x_wconf 86' lang='lat' dir='ltr'><strong>scribentium,</strong></span> <span class='ocrx_word' id='word_1_620' title='bbox 1779 5438 1831 5492; x_wconf 92' lang='lat' dir='ltr'><strong>in</strong></span> <span class='ocrx_word' id='word_1_621' title='bbox 1878 5454 1986 5508; x_wconf 90' lang='lat' dir='ltr'><strong>quo</strong></span> 
     </span>
    </p>
   </div>
   <div class='ocr_carea' id='block_1_90' title="bbox 398 5526 1986 5600">
    <p class='ocr_par' dir='ltr' id='par_1_90' title="bbox 398 5526 1986 5600">
     <span class='ocr_line' id='line_1_90' title="bbox 398 5526 1986 5600; baseline 0.001 -15"><span class='ocrx_word' id='word_1_622' title='bbox 398 5538 529 5585; x_wconf 80' lang='lat' dir='ltr'><strong>sunt</strong></span> <span class='ocrx_word' id='word_1_623' title='bbox 570 5531 693 5586; x_wconf 90' lang='lat' dir='ltr'><strong>libri</strong></span> <span class='ocrx_word' id='word_1_624' title='bbox 731 5546 961 5597; x_wconf 91' lang='lat' dir='ltr'><strong>novem,</strong></span> <span class='ocrx_word' id='word_1_625' title='bbox 1008 5546 1238 5600; x_wconf 84' lang='lat' dir='ltr'><strong>quorum</strong></span> <span class='ocrx_word' id='word_1_626' title='bbox 1282 5530 1491 5599; x_wconf 85' lang='lat' dir='ltr'><strong>primus</strong></span> <span class='ocrx_word' id='word_1_627' title='bbox 1530 5526 1671 5593; x_wconf 88' lang='lat' dir='ltr'><strong>Job;</strong></span> <span class='ocrx_word' id='word_1_628' title='bbox 1716 5529 1986 5586; x_wconf 84' lang='lat' dir='ltr'><strong>secundus</strong></span> 
     </span>
    </p>
   </div>
   <div class='ocr_carea' id='block_1_91' title="bbox 401 5620 1983 5693">
    <p class='ocr_par' dir='ltr' id='par_1_91' title="bbox 401 5620 1983 5693">
     <span class='ocr_line' id='line_1_91' title="bbox 401 5620 1983 5693; baseline 0 -17"><span class='ocrx_word' id='word_1_629' title='bbox 401 5621 746 5687; x_wconf 79' lang='lat' dir='ltr'><strong>Psalterium,</strong></span> <span class='ocrx_word' id='word_1_630' title='bbox 787 5621 878 5693; x_wconf 90' lang='lat' dir='ltr'><strong>qui</strong></span> <span class='ocrx_word' id='word_1_631' title='bbox 920 5622 974 5676; x_wconf 93' lang='lat' dir='ltr'><strong>in</strong></span> <span class='ocrx_word' id='word_1_632' title='bbox 1020 5622 1259 5693; x_wconf 86' lang='lat' dir='ltr'><strong>quinque</strong></span> <span class='ocrx_word' id='word_1_633' title='bbox 1306 5621 1657 5677; x_wconf 82' lang='lat' dir='ltr'><strong>incisionibus</strong></span> <span class='ocrx_word' id='word_1_634' title='bbox 1691 5620 1983 5688; x_wconf 90' lang='lat' dir='ltr'><strong>dividitur;</strong></span> 
     </span>
    </p>
   </div>
   <div class='ocr_carea' id='block_1_92' title="bbox 401 5698 1981 5783">
    <p class='ocr_par' dir='ltr' id='par_1_92' title="bbox 401 5698 1981 5783">
     <span class='ocr_line' id='line_1_92' title="bbox 401 5698 1981 5783; baseline 0.001 -15"><span class='ocrx_word' id='word_1_635' title='bbox 401 5709 600 5768; x_wconf 77' lang='lat' dir='ltr'><strong>tertius</strong></span> <span class='ocrx_word' id='word_1_636' title='bbox 641 5711 874 5767; x_wconf 85' lang='lat' dir='ltr'><strong>Massoth</strong></span> <span class='ocrx_word' id='word_1_637' title='bbox 903 5753 917 5779; x_wconf 90' lang='lat'><strong>,</strong></span> <span class='ocrx_word' id='word_1_638' title='bbox 969 5713 1111 5783; x_wconf 85' lang='lat' dir='ltr'><strong>quod</strong></span> <span class='ocrx_word' id='word_1_639' title='bbox 1159 5723 1241 5769; x_wconf 90' lang='lat' dir='ltr'><strong>est</strong></span> <span class='ocrx_word' id='word_1_640' title='bbox 1290 5711 1583 5770; x_wconf 78' lang='lat' dir='ltr'><strong>Proverbia</strong></span> <span class='ocrx_word' id='word_1_641' title='bbox 1637 5698 1981 5780; x_wconf 80' lang='lat' dir='ltr'><strong>Salomonis;</strong></span> 
     </span>
    </p>
   </div>
   <div class='ocr_carea' id='block_1_93' title="bbox 2099 3251 3696 3327">
    <p class='ocr_par' dir='ltr' id='par_1_93' title="bbox 2099 3251 3696 3327">
     <span class='ocr_line' id='line_1_93' title="bbox 2099 3251 3696 3327; baseline 0.003 -22"><span class='ocrx_word' id='word_1_642' title='bbox 2099 3251 2254 3322; x_wconf 87' lang='lat' dir='ltr'><strong>plura</strong></span> <span class='ocrx_word' id='word_1_643' title='bbox 2294 3254 2517 3319; x_wconf 87' lang='lat' dir='ltr'><strong>invenit,</strong></span> <span class='ocrx_word' id='word_1_644' title='bbox 2546 3266 2751 3325; x_wconf 89' lang='lat' dir='ltr'><strong>quanto</strong></span> <span class='ocrx_word' id='word_1_645' title='bbox 2791 3264 2873 3311; x_wconf 91' lang='lat' dir='ltr'><strong>est</strong></span> <span class='ocrx_word' id='word_1_646' title='bbox 2914 3256 3270 3327; x_wconf 87' lang='lat' dir='ltr'><strong>intelligentia</strong></span> <span class='ocrx_word' id='word_1_647' title='bbox 3309 3256 3579 3327; x_wconf 90' lang='lat' dir='ltr'><strong>capacior.</strong></span> <span class='ocrx_word' id='word_1_648' title='bbox 3630 3256 3696 3310; x_wconf 88' lang='lat' dir='ltr'><strong>In</strong></span> 
     </span>
    </p>
   </div>
   <div class='ocr_carea' id='block_1_94' title="bbox 2101 3343 3696 3419">
    <p class='ocr_par' dir='ltr' id='par_1_94' title="bbox 2101 3343 3696 3419">
     <span class='ocr_line' id='line_1_94' title="bbox 2101 3343 3696 3419; baseline 0.003 -22"><span class='ocrx_word' id='word_1_649' title='bbox 2101 3343 2187 3399; x_wconf 89' lang='lat' dir='ltr'><strong>his</strong></span> <span class='ocrx_word' id='word_1_650' title='bbox 2222 3346 2367 3401; x_wconf 90' lang='lat' dir='ltr'><strong>enim</strong></span> <span class='ocrx_word' id='word_1_651' title='bbox 2404 3362 2525 3416; x_wconf 70' lang='lat' dir='ltr'><strong>qum</strong></span> <span class='ocrx_word' id='word_1_652' title='bbox 2560 3357 2744 3417; x_wconf 90' lang='lat' dir='ltr'><strong>aperte</strong></span> <span class='ocrx_word' id='word_1_653' title='bbox 2790 3347 2843 3402; x_wconf 89' lang='lat' dir='ltr'><strong>in</strong></span> <span class='ocrx_word' id='word_1_654' title='bbox 2890 3347 3189 3418; x_wconf 85' lang='lat' dir='ltr'><strong>Scripturis</strong></span> <span class='ocrx_word' id='word_1_655' title='bbox 3226 3349 3402 3419; x_wconf 86' lang='lat' dir='ltr'><strong>posita</strong></span> <span class='ocrx_word' id='word_1_656' title='bbox 3428 3355 3574 3412; x_wconf 90' lang='lat' dir='ltr'><strong>sunt,</strong></span> <span class='ocrx_word' id='word_1_657' title='bbox 3606 3347 3696 3401; x_wconf 61' lang='lat' dir='ltr'><strong>in-</strong></span> 
     </span>
    </p>
   </div>
   <div class='ocr_carea' id='block_1_95' title="bbox 2098 3437 3695 3508">
    <p class='ocr_par' dir='ltr' id='par_1_95' title="bbox 2098 3437 3695 3508">
     <span class='ocr_line' id='line_1_95' title="bbox 2098 3437 3695 3508; baseline 0.003 -19"><span class='ocrx_word' id='word_1_658' title='bbox 2098 3437 2388 3492; x_wconf 88' lang='lat' dir='ltr'><strong>veniuntur</strong></span> <span class='ocrx_word' id='word_1_659' title='bbox 2430 3438 2517 3492; x_wconf 90' lang='lat' dir='ltr'><strong>illa</strong></span> <span class='ocrx_word' id='word_1_660' title='bbox 2560 3438 2741 3493; x_wconf 89' lang='lat' dir='ltr'><strong>omnia</strong></span> <span class='ocrx_word' id='word_1_661' title='bbox 2787 3454 2907 3508; x_wconf 68' lang='lat' dir='ltr'><strong>qua:</strong></span> <span class='ocrx_word' id='word_1_662' title='bbox 2947 3439 3228 3495; x_wconf 90' lang='lat' dir='ltr'><strong>continent</strong></span> <span class='ocrx_word' id='word_1_663' title='bbox 3267 3438 3457 3504; x_wconf 83' lang='lat' dir='ltr'><strong>ﬁdem,</strong></span> <span class='ocrx_word' id='word_1_664' title='bbox 3503 3452 3695 3493; x_wconf 86' lang='lat' dir='ltr'><strong>mores</strong></span> 
     </span>
    </p>
   </div>
   <div class='ocr_carea' id='block_1_96' title="bbox 2098 3525 3692 3599">
    <p class='ocr_par' dir='ltr' id='par_1_96' title="bbox 2098 3525 3692 3599">
     <span class='ocr_line' id='line_1_96' title="bbox 2098 3525 3692 3599; baseline 0.004 -21"><span class='ocrx_word' id='word_1_665' title='bbox 2098 3525 2334 3593; x_wconf 88' lang='lat' dir='ltr'><strong>vivendi,</strong></span> <span class='ocrx_word' id='word_1_666' title='bbox 2362 3543 2511 3598; x_wconf 85' lang='lat' dir='ltr'><strong>spem</strong></span> <span class='ocrx_word' id='word_1_667' title='bbox 2554 3528 2763 3585; x_wconf 90' lang='lat' dir='ltr'><strong>scilicet</strong></span> <span class='ocrx_word' id='word_1_668' title='bbox 2801 3538 2963 3599; x_wconf 90' lang='lat' dir='ltr'><strong>atque</strong></span> <span class='ocrx_word' id='word_1_669' title='bbox 3004 3530 3360 3595; x_wconf 87' lang='lat' dir='ltr'><strong>charitatem;</strong></span> <span class='ocrx_word' id='word_1_670' title='bbox 3409 3543 3530 3584; x_wconf 91' lang='lat' dir='ltr'><strong>cum</strong></span> <span class='ocrx_word' id='word_1_671' title='bbox 3557 3544 3692 3585; x_wconf 87' lang='lat' dir='ltr'><strong>vero</strong></span> 
     </span>
    </p>
   </div>
   <div class='ocr_carea' id='block_1_97' title="bbox 2098 3615 3692 3691">
    <p class='ocr_par' dir='ltr' id='par_1_97' title="bbox 2098 3615 3692 3691">
     <span class='ocr_line' id='line_1_97' title="bbox 2098 3615 3692 3691; baseline 0.004 -21"><span class='ocrx_word' id='word_1_672' title='bbox 2098 3615 2238 3671; x_wconf 80' lang='lat' dir='ltr'><strong>facta</strong></span> <span class='ocrx_word' id='word_1_673' title='bbox 2261 3619 2491 3687; x_wconf 92' lang='lat' dir='ltr'><strong>quadam</strong></span> <span class='ocrx_word' id='word_1_674' title='bbox 2514 3616 2878 3675; x_wconf 80' lang='lat' dir='ltr'><strong>familiaritate</strong></span> <span class='ocrx_word' id='word_1_675' title='bbox 2897 3636 3019 3675; x_wconf 93' lang='lat' dir='ltr'><strong>cum</strong></span> <span class='ocrx_word' id='word_1_676' title='bbox 3043 3622 3156 3691; x_wconf 88' lang='lat' dir='ltr'><strong>ipsa</strong></span> <span class='ocrx_word' id='word_1_677' title='bbox 3177 3621 3356 3690; x_wconf 86' lang='lat' dir='ltr'><strong>lingua</strong></span> <span class='ocrx_word' id='word_1_678' title='bbox 3379 3622 3692 3677; x_wconf 84' lang='lat' dir='ltr'><strong>divinarum</strong></span> 
     </span>
    </p>
   </div>
   <div class='ocr_carea' id='block_1_98' title="bbox 2099 3704 3693 3782">
    <p class='ocr_par' dir='ltr' id='par_1_98' title="bbox 2099 3704 3693 3782">
     <span class='ocr_line' id='line_1_98' title="bbox 2099 3704 3693 3782; baseline 0.003 -21"><span class='ocrx_word' id='word_1_679' title='bbox 2099 3704 2527 3776; x_wconf 85' lang='lat' dir='ltr'><strong>Scripturarum,</strong></span> <span class='ocrx_word' id='word_1_680' title='bbox 2575 3710 2627 3764; x_wconf 89' lang='lat' dir='ltr'><strong>in</strong></span> <span class='ocrx_word' id='word_1_681' title='bbox 2672 3726 2736 3765; x_wconf 91' lang='lat' dir='ltr'><strong>ea</strong></span> <span class='ocrx_word' id='word_1_682' title='bbox 2780 3726 2901 3781; x_wconf 66' lang='lat' dir='ltr'><strong>qua:</strong></span> <span class='ocrx_word' id='word_1_683' title='bbox 2945 3711 3174 3766; x_wconf 85' lang='lat' dir='ltr'><strong>obscura</strong></span> <span class='ocrx_word' id='word_1_684' title='bbox 3211 3721 3338 3766; x_wconf 90' lang='lat' dir='ltr'><strong>sunt</strong></span> <span class='ocrx_word' id='word_1_685' title='bbox 3393 3711 3693 3782; x_wconf 85' lang='lat' dir='ltr'><strong>aperienda</strong></span> 
     </span>
    </p>
   </div>
   <div class='ocr_carea' id='block_1_99' title="bbox 2096 3797 3693 3871">
    <p class='ocr_par' dir='ltr' id='par_1_99' title="bbox 2096 3797 3693 3871">
     <span class='ocr_line' id='line_1_99' title="bbox 2096 3797 3693 3871; baseline 0.004 -20"><span class='ocrx_word' id='word_1_686' title='bbox 2096 3806 2153 3852; x_wconf 91' lang='lat' dir='ltr'><strong>et</strong></span> <span class='ocrx_word' id='word_1_687' title='bbox 2196 3797 2527 3854; x_wconf 91' lang='lat' dir='ltr'><strong>discutienda</strong></span> <span class='ocrx_word' id='word_1_688' title='bbox 2552 3842 2567 3866; x_wconf 95' lang='lat'><strong>,</strong></span> <span class='ocrx_word' id='word_1_689' title='bbox 2616 3802 2945 3871; x_wconf 86' lang='lat' dir='ltr'><strong>pergendum</strong></span> <span class='ocrx_word' id='word_1_690' title='bbox 2980 3813 3077 3857; x_wconf 79' lang='lat' dir='ltr'><strong>est</strong></span> <span class='ocrx_word' id='word_1_691' title='bbox 3119 3811 3178 3855; x_wconf 88' lang='lat' dir='ltr'><strong>ut</strong></span> <span class='ocrx_word' id='word_1_692' title='bbox 3224 3806 3291 3857; x_wconf 84' lang='lat' dir='ltr'><strong>ad</strong></span> <span class='ocrx_word' id='word_1_693' title='bbox 3338 3802 3693 3858; x_wconf 87' lang='lat' dir='ltr'><strong>obscuriores</strong></span> 
     </span>
    </p>
   </div>
   <div class='ocr_carea' id='block_1_100' title="bbox 2097 3887 3693 3957">
    <p class='ocr_par' dir='ltr' id='par_1_100' title="bbox 2097 3887 3693 3957">
     <span class='ocr_line' id='line_1_100' title="bbox 2097 3887 3693 3957; baseline 0.002 -15"><span class='ocrx_word' id='word_1_694' title='bbox 2097 3887 2396 3946; x_wconf 90' lang='lat' dir='ltr'><strong>locutiones</strong></span> <span class='ocrx_word' id='word_1_695' title='bbox 2441 3891 2810 3957; x_wconf 88' lang='lat' dir='ltr'><strong>illustrandas,</strong></span> <span class='ocrx_word' id='word_1_696' title='bbox 2853 3892 2919 3948; x_wconf 91' lang='lat' dir='ltr'><strong>de</strong></span> <span class='ocrx_word' id='word_1_697' title='bbox 2966 3893 3430 3948; x_wconf 83' lang='lat' dir='ltr'><strong>manifestioribus</strong></span> <span class='ocrx_word' id='word_1_698' title='bbox 3465 3907 3693 3947; x_wconf 88' lang='lat' dir='ltr'><strong>suman-</strong></span> 
     </span>
    </p>
   </div>
   <div class='ocr_carea' id='block_1_101' title="bbox 2096 3982 3692 4054">
    <p class='ocr_par' dir='ltr' id='par_1_101' title="bbox 2096 3982 3692 4054">
     <span class='ocr_line' id='line_1_101' title="bbox 2096 3982 3692 4054; baseline 0.003 -19"><span class='ocrx_word' id='word_1_699' title='bbox 2096 3992 2186 4037; x_wconf 90' lang='lat' dir='ltr'><strong>tur</strong></span> <span class='ocrx_word' id='word_1_700' title='bbox 2223 3982 2468 4053; x_wconf 79' lang='lat' dir='ltr'><strong>exempla</strong></span> <span class='ocrx_word' id='word_1_701' title='bbox 2495 4025 2509 4048; x_wconf 92' lang='lat'><strong>,</strong></span> <span class='ocrx_word' id='word_1_702' title='bbox 2572 3992 2627 4038; x_wconf 90' lang='lat' dir='ltr'><strong>et</strong></span> <span class='ocrx_word' id='word_1_703' title='bbox 2680 3985 2925 4054; x_wconf 79' lang='lat' dir='ltr'><strong>quaedam</strong></span> <span class='ocrx_word' id='word_1_704' title='bbox 2970 3996 3245 4041; x_wconf 89' lang='lat' dir='ltr'><strong>certarum</strong></span> <span class='ocrx_word' id='word_1_705' title='bbox 3290 3984 3692 4041; x_wconf 75' lang='lat' dir='ltr'><strong>sententiarum</strong></span> 
     </span>
    </p>
   </div>
   <div class='ocr_carea' id='block_1_102' title="bbox 2097 4073 3693 4146">
    <p class='ocr_par' dir='ltr' id='par_1_102' title="bbox 2097 4073 3693 4146">
     <span class='ocr_line' id='line_1_102' title="bbox 2097 4073 3693 4146; baseline 0.004 -20"><span class='ocrx_word' id='word_1_706' title='bbox 2097 4073 2423 4139; x_wconf 90' lang='lat' dir='ltr'><strong>testimonia,</strong></span> <span class='ocrx_word' id='word_1_707' title='bbox 2453 4074 2844 4130; x_wconf 87' lang='lat' dir='ltr'><strong>dubitationem</strong></span> <span class='ocrx_word' id='word_1_708' title='bbox 2879 4077 3046 4132; x_wconf 87' lang='lat' dir='ltr'><strong>certis</strong></span> <span class='ocrx_word' id='word_1_709' title='bbox 3082 4077 3356 4141; x_wconf 80' lang='lat' dir='ltr'><strong>auferant,</strong></span> <span class='ocrx_word' id='word_1_710' title='bbox 3406 4076 3458 4131; x_wconf 92' lang='lat' dir='ltr'><strong>in</strong></span> <span class='ocrx_word' id='word_1_711' title='bbox 3489 4092 3593 4146; x_wconf 92' lang='lat' dir='ltr'><strong>qua</strong></span> <span class='ocrx_word' id='word_1_712' title='bbox 3624 4092 3693 4132; x_wconf 86' lang='lat' dir='ltr'><strong>re</strong></span> 
     </span>
    </p>
   </div>
   <div class='ocr_carea' id='block_1_103' title="bbox 2096 4162 3692 4236">
    <p class='ocr_par' dir='ltr' id='par_1_103' title="bbox 2096 4162 3692 4236">
     <span class='ocr_line' id='line_1_103' title="bbox 2096 4162 3692 4236; baseline 0.004 -21"><span class='ocrx_word' id='word_1_713' title='bbox 2096 4162 2357 4217; x_wconf 89' lang='lat' dir='ltr'><strong>memoria</strong></span> <span class='ocrx_word' id='word_1_714' title='bbox 2378 4163 2522 4217; x_wconf 86' lang='lat' dir='ltr'><strong>valet</strong></span> <span class='ocrx_word' id='word_1_715' title='bbox 2544 4163 2855 4233; x_wconf 91' lang='lat' dir='ltr'><strong>plurimum,</strong></span> <span class='ocrx_word' id='word_1_716' title='bbox 2876 4180 2997 4233; x_wconf 71' lang='lat' dir='ltr'><strong>qua:</strong></span> <span class='ocrx_word' id='word_1_717' title='bbox 3022 4165 3065 4221; x_wconf 92' lang='lat' dir='ltr'><strong>si</strong></span> <span class='ocrx_word' id='word_1_718' title='bbox 3092 4164 3343 4231; x_wconf 84' lang='lat' dir='ltr'><strong>defuerit,</strong></span> <span class='ocrx_word' id='word_1_719' title='bbox 3373 4181 3480 4220; x_wconf 89' lang='lat' dir='ltr'><strong>non</strong></span> <span class='ocrx_word' id='word_1_720' title='bbox 3505 4174 3692 4236; x_wconf 86' lang='lat' dir='ltr'><strong>potest</strong></span> 
     </span>
    </p>
   </div>
   <div class='ocr_carea' id='block_1_104' title="bbox 2095 4251 2653 4324">
    <p class='ocr_par' dir='ltr' id='par_1_104' title="bbox 2095 4251 2653 4324">
     <span class='ocr_line' id='line_1_104' title="bbox 2095 4251 2653 4324; baseline 0.004 -19"><span class='ocrx_word' id='word_1_721' title='bbox 2095 4251 2181 4307; x_wconf 90' lang='lat' dir='ltr'><strong>his</strong></span> <span class='ocrx_word' id='word_1_722' title='bbox 2206 4252 2489 4324; x_wconf 64' lang='lat' dir='ltr'><strong>praeceptis</strong></span> <span class='ocrx_word' id='word_1_723' title='bbox 2515 4252 2653 4307; x_wconf 89' lang='lat' dir='ltr'><strong>dari.</strong></span> 
     </span>
    </p>
   </div>
   <div class='ocr_carea' id='block_1_105' title="bbox 2691 4345 3088 4402">
    <p class='ocr_par' dir='ltr' id='par_1_105' title="bbox 2691 4345 3088 4402">
     <span class='ocr_line' id='line_1_105' title="bbox 2691 4345 3088 4402; baseline -0.003 0"><span class='ocrx_word' id='word_1_724' title='bbox 2691 4345 2917 4402; x_wconf 80' lang='lat' dir='ltr'><strong>CAPUT</strong></span> <span class='ocrx_word' id='word_1_725' title='bbox 2957 4346 3088 4402; x_wconf 87' lang='lat' dir='ltr'><strong>Vlll.</strong></span> 
     </span>
    </p>
   </div>
   <div class='ocr_carea' id='block_1_106' title="bbox 2155 4434 3619 4509">
    <p class='ocr_par' dir='ltr' id='par_1_106' title="bbox 2155 4434 3619 4509">
     <span class='ocr_line' id='line_1_106' title="bbox 2155 4434 3619 4509; baseline 0.002 -20"><span class='ocrx_word' id='word_1_726' title='bbox 2155 4434 2306 4489; x_wconf 84' lang='lat' dir='ltr'><strong>Unde</strong></span> <span class='ocrx_word' id='word_1_727' title='bbox 2334 4436 2392 4505; x_wconf 78' lang='lat' dir='ltr'><strong>ﬁt</strong></span> <span class='ocrx_word' id='word_1_728' title='bbox 2428 4436 2568 4507; x_wconf 83' lang='lat' dir='ltr'><strong>quod</strong></span> <span class='ocrx_word' id='word_1_729' title='bbox 2598 4453 2699 4491; x_wconf 87' lang='lat' dir='ltr'><strong>non</strong></span> <span class='ocrx_word' id='word_1_730' title='bbox 2728 4436 3093 4508; x_wconf 82' lang='lat' dir='ltr'><strong>intelliguntur</strong></span> <span class='ocrx_word' id='word_1_731' title='bbox 3115 4455 3233 4509; x_wconf 77' lang='lat' dir='ltr'><strong>qua:</strong></span> <span class='ocrx_word' id='word_1_732' title='bbox 3258 4439 3453 4509; x_wconf 77' lang='lat' dir='ltr'><strong>scripta</strong></span> <span class='ocrx_word' id='word_1_733' title='bbox 3478 4448 3619 4492; x_wconf 81' lang='lat' dir='ltr'><strong>sunt.</strong></span> 
     </span>
    </p>
   </div>
   <div class='ocr_carea' id='block_1_107' title="bbox 2167 4525 3687 4600">
    <p class='ocr_par' dir='ltr' id='par_1_107' title="bbox 2167 4525 3687 4600">
     <span class='ocr_line' id='line_1_107' title="bbox 2167 4525 3687 4600; baseline 0.004 -21"><span class='ocrx_word' id='word_1_734' title='bbox 2167 4525 2384 4581; x_wconf 91' lang='lat' dir='ltr'><strong>Duabus</strong></span> <span class='ocrx_word' id='word_1_735' title='bbox 2410 4536 2592 4581; x_wconf 90' lang='lat' dir='ltr'><strong>autem</strong></span> <span class='ocrx_word' id='word_1_736' title='bbox 2614 4528 2793 4583; x_wconf 89' lang='lat' dir='ltr'><strong>causis</strong></span> <span class='ocrx_word' id='word_1_737' title='bbox 2816 4543 2922 4582; x_wconf 91' lang='lat' dir='ltr'><strong>non</strong></span> <span class='ocrx_word' id='word_1_738' title='bbox 2946 4529 3321 4600; x_wconf 86' lang='lat' dir='ltr'><strong>intelliguntur</strong></span> <span class='ocrx_word' id='word_1_739' title='bbox 3339 4544 3460 4598; x_wconf 65' lang='lat' dir='ltr'><strong>quae</strong></span> <span class='ocrx_word' id='word_1_740' title='bbox 3480 4530 3687 4599; x_wconf 89' lang='lat' dir='ltr'><strong>scripta</strong></span> 
     </span>
    </p>
   </div>
   <div class='ocr_carea' id='block_1_108' title="bbox 2096 4618 3683 4692">
    <p class='ocr_par' dir='ltr' id='par_1_108' title="bbox 2096 4618 3683 4692">
     <span class='ocr_line' id='line_1_108' title="bbox 2096 4618 3683 4692; baseline 0.002 -21"><span class='ocrx_word' id='word_1_741' title='bbox 2096 4626 2244 4681; x_wconf 92' lang='lat' dir='ltr'><strong>sunt,</strong></span> <span class='ocrx_word' id='word_1_742' title='bbox 2277 4618 2320 4672; x_wconf 92' lang='lat' dir='ltr'><strong>si</strong></span> <span class='ocrx_word' id='word_1_743' title='bbox 2350 4627 2443 4673; x_wconf 90' lang='lat' dir='ltr'><strong>aut</strong></span> <span class='ocrx_word' id='word_1_744' title='bbox 2472 4619 2689 4690; x_wconf 86' lang='lat' dir='ltr'><strong>ignotis,</strong></span> <span class='ocrx_word' id='word_1_745' title='bbox 2720 4629 2813 4674; x_wconf 91' lang='lat' dir='ltr'><strong>aut</strong></span> <span class='ocrx_word' id='word_1_746' title='bbox 2840 4620 3107 4691; x_wconf 91' lang='lat' dir='ltr'><strong>ambiguis</strong></span> <span class='ocrx_word' id='word_1_747' title='bbox 3134 4620 3303 4692; x_wconf 91' lang='lat' dir='ltr'><strong>signis</strong></span> <span class='ocrx_word' id='word_1_748' title='bbox 3329 4622 3683 4691; x_wconf 85' lang='lat' dir='ltr'><strong>obteguntur.</strong></span> 
     </span>
    </p>
   </div>
   <div class='ocr_carea' id='block_1_109' title="bbox 2097 4704 3689 4780">
    <p class='ocr_par' dir='ltr' id='par_1_109' title="bbox 2097 4704 3689 4780">
     <span class='ocr_line' id='line_1_109' title="bbox 2097 4704 3689 4780; baseline 0.003 -21"><span class='ocrx_word' id='word_1_749' title='bbox 2097 4704 2235 4761; x_wconf 92' lang='lat' dir='ltr'><strong>Sunt</strong></span> <span class='ocrx_word' id='word_1_750' title='bbox 2262 4716 2441 4763; x_wconf 90' lang='lat' dir='ltr'><strong>autem</strong></span> <span class='ocrx_word' id='word_1_751' title='bbox 2474 4708 2626 4779; x_wconf 90' lang='lat' dir='ltr'><strong>signa</strong></span> <span class='ocrx_word' id='word_1_752' title='bbox 2659 4710 2875 4778; x_wconf 91' lang='lat' dir='ltr'><strong>propria</strong></span> <span class='ocrx_word' id='word_1_753' title='bbox 2907 4709 2992 4765; x_wconf 88' lang='lat' dir='ltr'><strong>vel</strong></span> <span class='ocrx_word' id='word_1_754' title='bbox 3021 4709 3305 4765; x_wconf 85' lang='lat' dir='ltr'><strong>translata.</strong></span> <span class='ocrx_word' id='word_1_755' title='bbox 3345 4709 3572 4780; x_wconf 82' lang='lat' dir='ltr'><strong>Pmpria</strong></span> <span class='ocrx_word' id='word_1_756' title='bbox 3602 4711 3689 4765; x_wconf 82' lang='lat' dir='ltr'><strong>di-</strong></span> 
     </span>
    </p>
   </div>
   <div class='ocr_carea' id='block_1_110' title="bbox 2095 4799 3687 4871">
    <p class='ocr_par' dir='ltr' id='par_1_110' title="bbox 2095 4799 3687 4871">
     <span class='ocr_line' id='line_1_110' title="bbox 2095 4799 3687 4871; baseline 0.003 -21"><span class='ocrx_word' id='word_1_757' title='bbox 2095 4805 2309 4861; x_wconf 91' lang='lat' dir='ltr'><strong>cuntur,</strong></span> <span class='ocrx_word' id='word_1_758' title='bbox 2339 4813 2461 4852; x_wconf 82' lang='lat' dir='ltr'><strong>cum</strong></span> <span class='ocrx_word' id='word_1_759' title='bbox 2489 4799 2573 4853; x_wconf 91' lang='lat' dir='ltr'><strong>his</strong></span> <span class='ocrx_word' id='word_1_760' title='bbox 2598 4800 2759 4853; x_wconf 85' lang='lat' dir='ltr'><strong>rebus</strong></span> <span class='ocrx_word' id='word_1_761' title='bbox 2786 4799 3154 4869; x_wconf 78' lang='lat' dir='ltr'><strong>signiﬁcandis</strong></span> <span class='ocrx_word' id='word_1_762' title='bbox 3180 4800 3528 4865; x_wconf 87' lang='lat' dir='ltr'><strong>adhibentur,</strong></span> <span class='ocrx_word' id='word_1_763' title='bbox 3554 4816 3687 4871; x_wconf 88' lang='lat' dir='ltr'><strong>pro-</strong></span> 
     </span>
    </p>
   </div>
   <div class='ocr_carea' id='block_1_111' title="bbox 2094 4889 3685 4957">
    <p class='ocr_par' dir='ltr' id='par_1_111' title="bbox 2094 4889 3685 4957">
     <span class='ocr_line' id='line_1_111' title="bbox 2094 4889 3685 4957; baseline 0.003 -16"><span class='ocrx_word' id='word_1_764' title='bbox 2094 4895 2216 4956; x_wconf 89' lang='lat' dir='ltr'><strong>pter</strong></span> <span class='ocrx_word' id='word_1_765' title='bbox 2241 4903 2377 4957; x_wconf 92' lang='lat' dir='ltr'><strong>quas</strong></span> <span class='ocrx_word' id='word_1_766' title='bbox 2405 4896 2531 4943; x_wconf 91' lang='lat' dir='ltr'><strong>sunt</strong></span> <span class='ocrx_word' id='word_1_767' title='bbox 2569 4889 2814 4945; x_wconf 89' lang='lat' dir='ltr'><strong>instituta</strong></span> <span class='ocrx_word' id='word_1_768' title='bbox 2834 4932 2849 4955; x_wconf 90' lang='lat'><strong>,</strong></span> <span class='ocrx_word' id='word_1_769' title='bbox 2891 4892 3037 4947; x_wconf 90' lang='lat' dir='ltr'><strong>sicut</strong></span> <span class='ocrx_word' id='word_1_770' title='bbox 3063 4892 3292 4947; x_wconf 88' lang='lat' dir='ltr'><strong>dicimus</strong></span> <span class='ocrx_word' id='word_1_771' title='bbox 3320 4892 3514 4946; x_wconf 87' lang='lat' dir='ltr'><strong>bovem</strong></span> <span class='ocrx_word' id='word_1_772' title='bbox 3554 4907 3685 4947; x_wconf 91' lang='lat' dir='ltr'><strong>cum</strong></span> 
     </span>
    </p>
   </div>
   <div class='ocr_carea' id='block_1_112' title="bbox 2092 4977 3685 5052">
    <p class='ocr_par' dir='ltr' id='par_1_112' title="bbox 2092 4977 3685 5052">
     <span class='ocr_line' id='line_1_112' title="bbox 2092 4977 3685 5052; baseline 0.004 -19"><span class='ocrx_word' id='word_1_773' title='bbox 2092 4977 2440 5048; x_wconf 82' lang='lat' dir='ltr'><strong>intelligimus</strong></span> <span class='ocrx_word' id='word_1_774' title='bbox 2479 4995 2681 5049; x_wconf 89' lang='lat' dir='ltr'><strong>pecus,</strong></span> <span class='ocrx_word' id='word_1_775' title='bbox 2737 4983 2882 5052; x_wconf 93' lang='lat' dir='ltr'><strong>quod</strong></span> <span class='ocrx_word' id='word_1_776' title='bbox 2927 4998 3116 5038; x_wconf 87' lang='lat' dir='ltr'><strong>omnes</strong></span> <span class='ocrx_word' id='word_1_777' title='bbox 3157 4981 3439 5037; x_wconf 89' lang='lat' dir='ltr'><strong>nobiscum</strong></span> <span class='ocrx_word' id='word_1_778' title='bbox 3470 4981 3685 5039; x_wconf 63' lang='lat' dir='ltr'><strong>Latiam</strong></span> 
     </span>
    </p>
   </div>
   <div class='ocr_carea' id='block_1_113' title="bbox 2089 5067 3683 5141">
    <p class='ocr_par' dir='ltr' id='par_1_113' title="bbox 2089 5067 3683 5141">
     <span class='ocr_line' id='line_1_113' title="bbox 2089 5067 3683 5141; baseline 0.006 -20"><span class='ocrx_word' id='word_1_779' title='bbox 2089 5067 2285 5140; x_wconf 75' lang='lat' dir='ltr'><strong>lingua:</strong></span> <span class='ocrx_word' id='word_1_780' title='bbox 2313 5068 2557 5125; x_wconf 90' lang='lat' dir='ltr'><strong>homines</strong></span> <span class='ocrx_word' id='word_1_781' title='bbox 2590 5072 2692 5127; x_wconf 85' lang='lat' dir='ltr'><strong>hoc</strong></span> <span class='ocrx_word' id='word_1_782' title='bbox 2719 5073 2937 5129; x_wconf 90' lang='lat' dir='ltr'><strong>nomine</strong></span> <span class='ocrx_word' id='word_1_783' title='bbox 2966 5082 3178 5129; x_wconf 91' lang='lat' dir='ltr'><strong>vocant.</strong></span> <span class='ocrx_word' id='word_1_784' title='bbox 3214 5073 3497 5129; x_wconf 89' lang='lat' dir='ltr'><strong>Translata</strong></span> <span class='ocrx_word' id='word_1_785' title='bbox 3526 5084 3683 5141; x_wconf 87' lang='lat' dir='ltr'><strong>sunt,</strong></span> 
     </span>
    </p>
   </div>
   <div class='ocr_carea' id='block_1_114' title="bbox 2091 5158 3680 5235">
    <p class='ocr_par' dir='ltr' id='par_1_114' title="bbox 2091 5158 3680 5235">
     <span class='ocr_line' id='line_1_114' title="bbox 2091 5158 3680 5235; baseline 0.008 -25"><span class='ocrx_word' id='word_1_786' title='bbox 2091 5171 2212 5212; x_wconf 91' lang='lat' dir='ltr'><strong>eum</strong></span> <span class='ocrx_word' id='word_1_787' title='bbox 2251 5164 2307 5212; x_wconf 90' lang='lat' dir='ltr'><strong>et</strong></span> <span class='ocrx_word' id='word_1_788' title='bbox 2342 5158 2469 5227; x_wconf 65' lang='lat' dir='ltr'><strong>ipsae</strong></span> <span class='ocrx_word' id='word_1_789' title='bbox 2508 5174 2597 5214; x_wconf 91' lang='lat' dir='ltr'><strong>res</strong></span> <span class='ocrx_word' id='word_1_790' title='bbox 2638 5176 2775 5229; x_wconf 91' lang='lat' dir='ltr'><strong>quas</strong></span> <span class='ocrx_word' id='word_1_791' title='bbox 2804 5163 3038 5233; x_wconf 87' lang='lat' dir='ltr'><strong>propriis</strong></span> <span class='ocrx_word' id='word_1_792' title='bbox 3067 5162 3250 5219; x_wconf 89' lang='lat' dir='ltr'><strong>verbis</strong></span> <span class='ocrx_word' id='word_1_793' title='bbox 3278 5163 3680 5235; x_wconf 81' lang='lat' dir='ltr'><strong>signiﬁcamus,</strong></span> 
     </span>
    </p>
   </div>
   <div class='ocr_carea' id='block_1_115' title="bbox 2091 5251 3687 5326">
    <p class='ocr_par' dir='ltr' id='par_1_115' title="bbox 2091 5251 3687 5326">
     <span class='ocr_line' id='line_1_115' title="bbox 2091 5251 3687 5326; baseline 0.006 -22"><span class='ocrx_word' id='word_1_794' title='bbox 2091 5251 2159 5304; x_wconf 92' lang='lat' dir='ltr'><strong>ad</strong></span> <span class='ocrx_word' id='word_1_795' title='bbox 2210 5251 2410 5321; x_wconf 87' lang='lat' dir='ltr'><strong>aliquid</strong></span> <span class='ocrx_word' id='word_1_796' title='bbox 2457 5251 2601 5308; x_wconf 90' lang='lat' dir='ltr'><strong>aliud</strong></span> <span class='ocrx_word' id='word_1_797' title='bbox 2651 5254 3063 5326; x_wconf 84' lang='lat' dir='ltr'><strong>signiﬁcandum</strong></span> <span class='ocrx_word' id='word_1_798' title='bbox 3114 5264 3479 5326; x_wconf 86' lang='lat' dir='ltr'><strong>usurpantur,</strong></span> <span class='ocrx_word' id='word_1_799' title='bbox 3533 5258 3687 5313; x_wconf 85' lang='lat' dir='ltr'><strong>sicut</strong></span> 
     </span>
    </p>
   </div>
   <div class='ocr_carea' id='block_1_116' title="bbox 2088 5340 3686 5419">
    <p class='ocr_par' dir='ltr' id='par_1_116' title="bbox 2088 5340 3686 5419">
     <span class='ocr_line' id='line_1_116' title="bbox 2088 5340 3686 5419; baseline 0.005 -25"><span class='ocrx_word' id='word_1_800' title='bbox 2088 5340 2318 5397; x_wconf 91' lang='lat' dir='ltr'><strong>dicimus</strong></span> <span class='ocrx_word' id='word_1_801' title='bbox 2369 5342 2561 5399; x_wconf 88' lang='lat' dir='ltr'><strong>bovem</strong></span> <span class='ocrx_word' id='word_1_802' title='bbox 2590 5385 2605 5410; x_wconf 95' lang='lat'><strong>,</strong></span> <span class='ocrx_word' id='word_1_803' title='bbox 2662 5353 2717 5398; x_wconf 91' lang='lat' dir='ltr'><strong>et</strong></span> <span class='ocrx_word' id='word_1_804' title='bbox 2768 5362 2866 5415; x_wconf 88' lang='lat' dir='ltr'><strong>per</strong></span> <span class='ocrx_word' id='word_1_805' title='bbox 2911 5345 3009 5400; x_wconf 89' lang='lat' dir='ltr'><strong>bas</strong></span> <span class='ocrx_word' id='word_1_806' title='bbox 3057 5346 3192 5401; x_wconf 89' lang='lat' dir='ltr'><strong>duas</strong></span> <span class='ocrx_word' id='word_1_807' title='bbox 3236 5346 3470 5419; x_wconf 84' lang='lat' dir='ltr'><strong>syllabas</strong></span> <span class='ocrx_word' id='word_1_808' title='bbox 3518 5347 3686 5402; x_wconf 82' lang='lat' dir='ltr'><strong>intel-</strong></span> 
     </span>
    </p>
   </div>
   <div class='ocr_carea' id='block_1_117' title="bbox 2084 5437 3663 5511">
    <p class='ocr_par' dir='ltr' id='par_1_117' title="bbox 2084 5437 3663 5511">
     <span class='ocr_line' id='line_1_117' title="bbox 2084 5437 3663 5511; baseline 0.006 -20"><span class='ocrx_word' id='word_1_809' title='bbox 2084 5437 2299 5509; x_wconf 89' lang='lat' dir='ltr'><strong>ligimus</strong></span> <span class='ocrx_word' id='word_1_810' title='bbox 2338 5454 2531 5508; x_wconf 87' lang='lat' dir='ltr'><strong>pecus,</strong></span> <span class='ocrx_word' id='word_1_811' title='bbox 2581 5438 2723 5509; x_wconf 84' lang='lat' dir='ltr'><strong>quod</strong></span> <span class='ocrx_word' id='word_1_812' title='bbox 2771 5440 2875 5495; x_wconf 90' lang='lat' dir='ltr'><strong>isto</strong></span> <span class='ocrx_word' id='word_1_813' title='bbox 2920 5442 3139 5496; x_wconf 89' lang='lat' dir='ltr'><strong>nomine</strong></span> <span class='ocrx_word' id='word_1_814' title='bbox 3186 5440 3443 5511; x_wconf 87' lang='lat' dir='ltr'><strong>appellari</strong></span> <span class='ocrx_word' id='word_1_815' title='bbox 3496 5441 3663 5501; x_wconf 85' lang='lat' dir='ltr'><strong>solet;</strong></span> 
     </span>
    </p>
   </div>
   <div class='ocr_carea' id='block_1_118' title="bbox 2086 5530 3685 5603">
    <p class='ocr_par' dir='ltr' id='par_1_118' title="bbox 2086 5530 3685 5603">
     <span class='ocr_line' id='line_1_118' title="bbox 2086 5530 3685 5603; baseline 0.001 -18"><span class='ocrx_word' id='word_1_816' title='bbox 2086 5530 2180 5586; x_wconf 91' lang='lat' dir='ltr'><strong>sed</strong></span> <span class='ocrx_word' id='word_1_817' title='bbox 2227 5547 2416 5586; x_wconf 90' lang='lat' dir='ltr'><strong>rursus</strong></span> <span class='ocrx_word' id='word_1_818' title='bbox 2466 5546 2564 5602; x_wconf 90' lang='lat' dir='ltr'><strong>per</strong></span> <span class='ocrx_word' id='word_1_819' title='bbox 2610 5530 2737 5585; x_wconf 92' lang='lat' dir='ltr'><strong>illud</strong></span> <span class='ocrx_word' id='word_1_820' title='bbox 2789 5547 2956 5601; x_wconf 91' lang='lat' dir='ltr'><strong>pecus</strong></span> <span class='ocrx_word' id='word_1_821' title='bbox 3002 5533 3349 5603; x_wconf 86' lang='lat' dir='ltr'><strong>intelligimus</strong></span> <span class='ocrx_word' id='word_1_822' title='bbox 3397 5532 3685 5602; x_wconf 75' lang='lat' dir='ltr'><strong>evangeli~</strong></span> 
     </span>
    </p>
   </div>
   <div class='ocr_carea' id='block_1_119' title="bbox 2086 5623 3690 5696">
    <p class='ocr_par' dir='ltr' id='par_1_119' title="bbox 2086 5623 3690 5696">
     <span class='ocr_line' id='line_1_119' title="bbox 2086 5623 3690 5696; baseline 0.002 -19"><span class='ocrx_word' id='word_1_823' title='bbox 2086 5634 2224 5678; x_wconf 87' lang='lat' dir='ltr'><strong>stam</strong></span> <span class='ocrx_word' id='word_1_824' title='bbox 2250 5640 2408 5694; x_wconf 90' lang='lat' dir='ltr'><strong>quem</strong></span> <span class='ocrx_word' id='word_1_825' title='bbox 2435 5623 2758 5695; x_wconf 82' lang='lat' dir='ltr'><strong>signiﬁcavit</strong></span> <span class='ocrx_word' id='word_1_826' title='bbox 2787 5626 3089 5696; x_wconf 88' lang='lat' dir='ltr'><strong>Scriptura,</strong></span> <span class='ocrx_word' id='word_1_827' title='bbox 3119 5626 3509 5695; x_wconf 87' lang='lat' dir='ltr'><strong>interpretante</strong></span> <span class='ocrx_word' id='word_1_828' title='bbox 3532 5624 3690 5696; x_wconf 73' lang='lat' dir='ltr'><strong>Apo-</strong></span> 
     </span>
    </p>
   </div>
   <div class='ocr_carea' id='block_1_120' title="bbox 2086 5704 3685 5781">
    <p class='ocr_par' dir='ltr' id='par_1_120' title="bbox 2086 5704 3685 5781">
     <span class='ocr_line' id='line_1_120' title="bbox 2086 5704 3685 5781; baseline -0.001 -12"><span class='ocrx_word' id='word_1_829' title='bbox 2086 5713 2225 5769; x_wconf 88' lang='lat' dir='ltr'><strong>stolo</strong></span> <span class='ocrx_word' id='word_1_830' title='bbox 2261 5722 2315 5769; x_wconf 89' lang='lat' dir='ltr'><strong>ct</strong></span> <span class='ocrx_word' id='word_1_831' title='bbox 2347 5704 2596 5775; x_wconf 69' lang='lat' dir='ltr'><strong>(licente:</strong></span> <span class='ocrx_word' id='word_1_832' title='bbox 2636 5714 2825 5771; x_wconf 77' lang='lat' dir='ltr'><strong>Bovem</strong></span> <span class='ocrx_word' id='word_1_833' title='bbox 2866 5718 3201 5772; x_wconf 80' lang='lat' dir='ltr'><strong>trilurantcm</strong></span> <span class='ocrx_word' id='word_1_834' title='bbox 3244 5730 3345 5771; x_wconf 88' lang='lat' dir='ltr'><strong>non</strong></span> <span class='ocrx_word' id='word_1_835' title='bbox 3385 5713 3685 5781; x_wconf 69' lang='lat' dir='ltr'><strong>infreuabis</strong></span> 
     </span>
    </p>
   </div>
  </div>
