3974 6200
226 307 315 362 385

884 314 915 357 .’
986 298 1078 355 DE
1111 294 1561 354 CLERlCORUM
1596 293 2079 352 lNSTlTUTlONE
2140 297 2293 353 ETC.
2336 328 2405 340 -—
2440 298 2569 354 LIB.
2611 300 2701 356 Ill.

3378 301 3484 360 386

226 420 267 492 (Ι
289 416 412 472 Cor.
435 423 539 490 ιι).
575 416 654 475 Ad
681 418 902 485 propria
932 418 1114 465 autem
1145 409 1294 478 signa
1324 406 1595 479 pertinent
1622 405 1807 469 verba,
1839 405 1887 465 A
1913 422 2077 476 quam
2114 409 2222 463 vim
2258 409 2485 476 habeat,
2528 410 2765 481 quidque
2794 411 3064 483 significet
3090 416 3232 483 quod
3268 419 3486 485 ignora-

223 524 329 581 quze
360 520 589 577 prorsus
618 506 761 558 inter
786 501 1036 556 homines
1064 500 1416 555 obtinuerunt
1442 498 1803 568 principatum

224 594 583 669 significandi,
628 606 954 663 quocunque
985 592 1166 646 animo
1200 590 1601 660 concipiuntur,
1647 590 1692 645 si
1739 603 1804 643 ea

224 688 442 758 quisque
468 684 702 754 prodere
726 682 878 738 velit.
917 681 1026 737 Sed
1053 682 1181 751 quia
1209 681 1495 736 verberato
1528 694 1655 735 aere
1686 689 1801 734 sta-

225 780 308 834 tim
340 782 647 842 transeunt,
679 790 780 829 nec
808 774 1012 829 diutius
1038 779 1259 828 manent
1287 788 1450 842 quam
1477 780 1691 836 sonant,
1722 771 1806 825 in-

226 872 399 926 stituta
429 876 558 923 sunt
585 881 681 938 per
704 866 918 921 litteras
946 865 1098 935 signa
1125 865 1418 918 verborum
1457 871 1512 918 et
1547 864 1617 917 ita
1646 877 1804 917 vocrs

226 965 384 1021 oculis
420 962 801 1026 ostenduntur,
845 974 952 1013 non
990 973 1087 1028 per
1124 958 1357 1027 seipsas,
1397 955 1491 1011 sed
1528 970 1625 1025 per
1651 956 1804 1025 signa

228 1058 460 1127 quaedam
500 1069 619 1109 sua.
669 1052 776 1107 Ista
806 1052 958 1123 signa
987 1064 1118 1121 ergo
1167 1064 1276 1104 non
1324 1055 1620 1119 potuerunt
1657 1062 1805 1102 com-

226 1145 398 1201 munia
438 1158 561 1198 esse
597 1141 850 1196 omnibus
878 1138 1145 1209 gentibus,
1177 1148 1402 1207 peccato
1432 1136 1663 1207 quodam
1697 1137 1806 1191 dis-

228 1235 488 1293 sensionis
517 1234 767 1288 humanae
787 1272 802 1297 ,
851 1247 974 1285 cum
1006 1231 1074 1285 ad
1103 1245 1162 1285 se
1189 1230 1415 1301 quisque
1442 1230 1802 1301 principatum

228 1327 374 1396 rapit,
399 1323 557 1394 cujus
584 1322 851 1392 superbiae
878 1322 1092 1392 signum
1121 1330 1205 1376 est
1227 1331 1412 1377 erecta
1440 1321 1526 1375 illa
1555 1322 1720 1376 turris
1749 1322 1802 1375 in

229 1417 412 1472 coelum
433 1456 449 1481 ,
493 1414 585 1469 ubi
619 1413 866 1467 homines
893 1412 1045 1481 impii
1074 1427 1182 1467 non
1212 1412 1387 1467 solum
1418 1413 1629 1468 animos
1649 1454 1663 1477 ,
1710 1415 1804 1469 sed

229 1512 378 1566 etiam
408 1524 574 1564 voces
602 1507 850 1562 dissonas
878 1505 1081 1560 habere
1109 1514 1441 1560 meruerunt.
1487 1504 1591 1560 Sed
1633 1506 1804 1577 gratia

229 1601 311 1655 Dei
328 1599 771 1655 misericorditer
799 1597 1074 1667 provisum
1102 1605 1204 1662 est,
1237 1605 1294 1650 ut
1319 1597 1599 1666 Scriptura
1625 1597 1805 1652 divina

230 1706 337 1762 qua:
367 1692 424 1745 in
453 1691 627 1760 prima
656 1689 745 1744 illa
777 1689 957 1758 lingua
980 1728 994 1753 ,
1032 1702 1135 1757 qua
1174 1687 1420 1742 homines
1448 1688 1608 1757 primi
1638 1687 1801 1742 locuti

1903 514 2026 554 mus
2046 540 2061 564 ,
2104 498 2265 555 facile
2294 500 2582 570 adjuvante
2610 502 2873 556 memoria
2907 504 3177 572 possimus
3207 505 3490 562 advertere

1901 599 1958 645 et
1983 591 2209 646 discere.
2246 590 2415 645 Debet
2440 600 2618 647 autem
2657 593 2895 655 studere,
2926 594 2971 648 is
3016 594 3106 664 qui
3143 596 3490 664 propriorum

1904 680 2179 751 signorum
2209 682 2416 751 peritus
2444 696 2566 736 esse
2595 682 2732 747 vult,
2766 683 2820 736 id
2851 692 2957 748 est,
2990 692 3248 752 quantum
3278 685 3344 739 ad
3375 699 3493 741 ser-

1903 789 2093 830 mones
2118 775 2390 845 pertinet,
2427 784 2488 830 ut
2515 783 2569 830 et
2597 784 2807 830 certam
2835 784 3125 846 cognoscat
3152 778 3262 832 vim
3294 778 3491 833 verbo-

1903 882 2045 932 rum,
2077 878 2132 920 et
2159 867 2437 938 proprium
2467 866 2606 921 sciat
2634 867 2854 921 modum
2885 866 3248 931 locutionum,
3285 868 3428 937 quod
3458 883 3492 922 a

1902 960 2274 1028 grammaticis
2314 967 2369 1014 et
2408 960 2720 1016 rhetoribus
2758 976 2865 1015 non
2909 962 3253 1017 mediocriter
3282 962 3491 1018 discere

1905 1049 2020 1121 (qui
2047 1050 2182 1123 vult)
2210 1052 2372 1107 valet.

2520 1142 2748 1200 CAPUT
2788 1142 2855 1198 X.

2377 1233 2454 1287 De
2488 1234 2762 1289 translatis
2801 1234 3013 1304 ignotis.

1974 1324 2032 1378 In
2074 1324 2354 1379 translatis
2382 1340 2513 1380 vero
2540 1326 2741 1395 signis,
2784 1326 2827 1379 si
2872 1340 2976 1394 qua
3008 1323 3146 1379 forte
3178 1325 3361 1395 ignota
3396 1341 3490 1381 co-

1904 1426 2035 1486 gunt
2082 1418 2290 1471 haerere
2339 1417 2629 1483 lectorem,
2680 1419 2880 1488 partim
2922 1418 3227 1488 linguarum
3262 1420 3489 1485 notitia,

1903 1506 2102 1576 partim
2144 1522 2345 1572 rerum,
2392 1506 2763 1579 investiganda
2799 1516 2944 1562 sunt.
2986 1507 3203 1577 Aliquid
3240 1511 3383 1564 enim
3426 1511 3494 1565 ad

1905 1595 2314 1650 similitudinem
2340 1596 2514 1660 valet,
2544 1606 2599 1651 et
2627 1597 2813 1665 procul
2844 1597 3008 1652 dubio
3037 1606 3306 1652 secretum
3336 1600 3493 1669 quid-

1905 1687 2028 1741 dam
2056 1687 2295 1742 insinuat
2326 1687 2473 1742 Siloa
2500 1688 2732 1757 piscina,
2762 1689 2852 1743 ubi
2879 1688 3072 1743 faciem
3104 1688 3286 1743 lavare
3308 1689 3496 1757 jussus

230 1756 346 1836 sunt
382 1756 638 1851 primitus
678 1756 984 1848 conscripta
1014 1756 1126 1844 est,
1169 1779 1237 1832 ab
1268 1778 1381 1849 ipsa
1410 1756 1507 1848 per
1537 1778 1683 1833 varia
1714 1779 1800 1832 in-
1830 1756 1878 1815 Β
1903 1785 1985 1833 cst
2012 1779 2098 1833 cui
2123 1778 2309 1834 oculos
2334 1756 2592 1835 Dominus
2619 1780 2731 1834 luto
2761 1780 2826 1835 de
2851 1790 3007 1850 sputo
3038 1779 3180 1835 facto
3200 1756 3491 1851 junitcrat;

231 1881 519 1944 terpretum
547 1871 720 1927 ofﬁcia
764 1870 833 1924 ad
876 1869 1127 1925 notitiam
1163 1868 1441 1922 hominum
1480 1867 1802 1934 deferretur,

231 1981 293 2020 ne
331 1966 565 2019 humana
608 1962 826 2018 miseria
859 1961 1002 2016 fame
1031 1960 1181 2016 verbi
1220 1960 1315 2014 Dei
1354 1960 1638 2027 deficiens,
1691 1961 1807 2016 sine

234 2058 458 2112 remedio
488 2056 545 2109 in
580 2063 844 2109 aeternum
875 2053 1107 2123 periret,
1140 2060 1356 2107 servato
1386 2060 1563 2105 tamen
1593 2051 1804 2116 ordine,

232 2168 379 2222 quem
423 2151 659 2205 maxime
696 2164 869 2204 canon
915 2147 1123 2202 invenit
1166 2147 1360 2201 barum
1405 2144 1804 2212 Scripturarum

234 2243 330 2297 illis
356 2243 528 2296 tribus
556 2240 777 2312 linguis,
806 2255 927 2308 quae
952 2240 1006 2293 in
1035 2253 1198 2294 cruce
1226 2235 1585 2305 redemptoris
1611 2244 1667 2289 et
1693 2233 1808 2289 Sal-

233 2335 424 2390 vatoris
444 2334 619 2390 nostri
640 2333 899 2389 dedicata:
920 2340 1064 2397 sunt,
1087 2331 1313 2385 Hebr-am
1334 2329 1603 2391 videlicet,
1618 2327 1806 2382 Grzcca

235 2436 283 2482 et
307 2426 527 2490 Latina,
559 2425 627 2479 ad
659 2424 1041 2479 insinuandam
1069 2428 1272 2476 sancta:
1303 2418 1587 2474 Trinitatis
1614 2417 1801 2483 fidem,

238 2517 286 2570 in
320 2516 489 2570 tribus
526 2514 715 2568 mundi
754 2511 1001 2583 partibus
1039 2510 1314 2580 tripartito
1350 2510 1587 2562 humano
1619 2504 1806 2577 generi

236 2605 591 2677 principaliter
611 2603 1004 2668 commendari,
1028 2610 1089 2656 ut
1112 2617 1175 2656 ex
1204 2601 1292 2656 his
1316 2614 1650 2669 unaquaeque
1674 2613 1806 2667 gens

236 2703 285 2749 et
308 2695 446 2749 natio
472 2694 707 2765 propria:
744 2692 942 2762 linguae
983 2689 1312 2745 adminiculo
1337 2687 1670 2743 intellectum
1702 2686 1806 2741 sibi

238 2787 488 2843 salubrem
521 2789 848 2852 attraheret,
896 2783 1307 2855 interpretando
1350 2798 1414 2838 ac
1454 2782 1806 2851 colloquendo

237 2894 435 2935 sensum
489 2880 740 2935 eumdem
789 2878 1109 2934 canonicum
1160 2876 1396 2947 propriis
1440 2875 1642 2930 verbis.
1698 2872 1806 2929 Sed

239 2972 346 3038 quia
376 2970 746 3040 przediximus,
773 2969 915 3039 quod
961 2973 1056 3021 aut
1084 2966 1138 3021 in
1166 2965 1364 3037 ignotis
1391 2963 1589 3033 signis,
1617 2970 1712 3016 aut
1749 2962 1805 3016 in

239 3061 487 3132 ambiguis
514 3063 748 3116 haereret
777 3059 1103 3125 intellectus,
1131 3065 1194 3112 ut
1218 3073 1324 3112 non
1352 3055 1511 3111 facile
1540 3055 1805 3125 intellige-
1828 3100 1876 3165 ο

238 3161 408 3205 rentur
432 3168 552 3222 quae
580 3151 782 3221 scripta
811 3159 957 3214 sunt,
989 3150 1056 3204 de
1083 3148 1349 3219 ambiguis
1375 3147 1543 3217 signis
1570 3153 1693 3216 post
1721 3146 1799 3202 lo-

240 3256 465 3311 quemur,
513 3257 658 3296 nunc
699 3242 765 3295 de
808 3239 1095 3310 incognitis
1145 3238 1376 3308 agimus.
1428 3236 1604 3307 Agere
1650 3235 1798 3291 enim

240 3331 583 3395 decrevimus,
633 3340 693 3385 ut
740 3331 788 3386 si
832 3330 1091 3385 Dominus
1118 3329 1317 3396 vellet,
1365 3342 1701 3398 quzeeunque
1742 3329 1799 3382 in

238 3422 485 3489 prndictis
513 3421 723 3476 duobus
748 3421 917 3492 signis
946 3421 1251 3477 necessaria
1279 3431 1462 3476 essent
1487 3421 1555 3474 ad
1582 3421 1796 3475 discen-

239 3513 347 3568 dum
392 3515 568 3580 nobis,
620 3513 910 3569 distributo
957 3513 1146 3568 ordine
1194 3512 1463 3582 modoque
1510 3511 1794 3581 disposito,

240 3614 475 3672 quantum
505 3620 789 3673 possemus
818 3605 1306 3667 conscriberemus,
1328 3604 1469 3658 unde
1491 3602 1795 3672 oportebat,

241 3701 289 3747 ut
310 3695 371 3750 de
397 3695 595 3765 ignotis
627 3694 858 3763 propriis
888 3694 1056 3765 signis
1083 3700 1205 3764 post
1233 3707 1548 3763 ageremus,
1587 3691 1642 3745 in
1674 3691 1795 3761 qui-

240 3785 322 3839 bus
349 3788 496 3841 radix
544 3796 605 3840 et
647 3787 863 3841 initium
896 3784 1137 3840 discendi
1173 3783 1442 3839 consistit.
1493 3781 1698 3837 Deinde
1732 3782 1798 3836 de

241 3874 407 3950 ignotis
441 3877 751 3939 translatis,
796 3876 849 3930 in
880 3876 1074 3945 quibus
1102 3874 1374 3929 subtilitas
1404 3882 1458 3927 et
1485 3873 1689 3927 utilitas
1715 3871 1794 3927 le-

183 4005 193 4013 ς
238 3951 409 4025 cltonis‘
432 3973 682 4035 habetur,
712 3974 895 4040 postea
921 3979 1051 4019 vero
1076 3964 1141 4019 de
1166 3963 1432 4033 ambiguis
1456 3962 1645 4032 signis,
1673 3976 1798 4031 pro-

238 4062 350 4128 priis
376 4071 538 4132 atque
568 4048 891 4125 translatis,
914 4055 1110 4130 quibus
1140 4055 1205 4108 ad
1236 4068 1430 4124 purum
1463 4050 1694 4115 elicitis,
1741 4056 1798 4104 et

239 4154 506 4208 secundum
534 4154 821 4208 veritatem
864 4152 1127 4216 inventis,
1164 4146 1396 4205 firmitas
1427 4153 1482 4199 et
1513 4142 1796 4213 integritas

237 4239 456 4300 lectionis
484 4253 802 4316 generatur.

824 4335 1052 4393 CAPUT
1089 4334 1182 4390 IX.

672 4425 682 4432 ’
739 4431 813 4486 De
847 4432 1040 4503 ignotis
1078 4431 1261 4502 signis.
1385 4517 1393 4519 ᾗ
1813 4457 1870 4519 D

290 4519 591 4591 lgnotorum
645 4529 824 4575 autem
876 4522 1152 4591 signorum
1203 4520 1322 4575 duae
1374 4517 1561 4575 formae
1614 4526 1786 4584 sunt,

231 4619 469 4677 quantum
517 4611 586 4667 ad
628 4611 792 4665 verba
822 4611 1091 4680 pertinet;
1144 4623 1378 4679 namque
1417 4617 1511 4663 aut
1545 4609 1788 4678 ignotum

230 4699 434 4754 verbum
469 4699 603 4755 facit
634 4700 844 4755 haerere
873 4699 1129 4754 lectorem
1152 4738 1168 4764 ,
1214 4704 1307 4752 aut
1351 4697 1531 4767 ignota
1564 4697 1784 4753 locutio.

230 4785 345 4852 Quae
378 4789 422 4843 si
457 4805 521 4844 ex
552 4788 674 4845 aliis
699 4788 896 4860 linguis
921 4788 1172 4852 veniunt,
1213 4795 1306 4841 aut
1336 4786 1624 4857 quaerenda
1663 4795 1789 4842 sunt

231 4879 289 4932 ab
313 4894 491 4934 earnm
529 4880 833 4951 linguarum
871 4879 1201 4944 hominibus,
1231 4887 1326 4933 aut
1352 4878 1532 4946 lingua
1562 4878 1783 4944 eadem,

231 4968 272 5020 si
297 4980 346 5023 et
368 4970 533 5025 otium
560 4978 643 5025 est
668 4979 723 5025 et
751 4970 1022 5041 ingenium
1049 4969 1358 5033 ediscenda,
1381 4976 1473 5023 aut
1496 4968 1788 5038 plurimum

235 5057 571 5130 interpretum
616 5060 941 5116 consulenda
990 5060 1223 5115 collatio.
1281 5058 1341 5114 Si
1392 5069 1571 5114 autem
1620 5058 1791 5129 ipsius

233 5145 410 5219 linguae
438 5160 637 5206 nostra:
655 5192 670 5217 ,
699 5151 752 5206 id
777 5160 863 5206 est
892 5150 1097 5205 Latina:
1116 5190 1132 5217 ,
1164 5150 1343 5220 aliqua
1374 5150 1537 5206 verba
1567 5149 1790 5205 locutio-

233 5253 416 5309 nesque
445 5242 754 5313 ignoramus
777 5281 795 5309 ,
839 5240 1049 5313 legendi
1088 5242 1478 5298 consuetudine
1507 5240 1789 5297 audiendi~

234 5343 327 5396 quc
355 5331 710 5389 innotescunt.
760 5332 914 5388 Nulla
952 5349 1085 5389 sane
1117 5341 1244 5389 sunt
1280 5333 1452 5403 magis
1480 5332 1788 5386 mandanda

234 5422 504 5488 memorizr,
521 5440 689 5494 quam
715 5423 802 5479 illa
823 5425 1108 5479 verborum
1134 5423 1568 5492 locutionumque
1589 5437 1787 5493 genera

235 5518 342 5572 qua:
370 5511 700 5579 ignoramus,
744 5520 801 5566 ut
830 5527 951 5566 cum
981 5511 1208 5581 peritior
1233 5511 1568 5577 occurrerit,
1617 5512 1685 5566 de
1722 5524 1788 5566 eo

236 5600 385 5661 quaeri
411 5603 591 5669 possit,
614 5604 699 5658 vel
724 5603 845 5657 talis
876 5602 1053 5667 lectio,
1086 5617 1204 5671 quae
1229 5601 1310 5657 vel
1338 5601 1784 5670 prmcedentibus,

235 5686 308 5738 ιρι
339 5695 796 5765 consequentibus,
827 5694 1062 5749 velocius
1088 5692 1193 5764 [vel
1222 5692 1485 5764 utrisque]
1513 5694 1783 5762 ostendat,

1905 1870 2047 1939 quod
2085 1877 2266 1925 tamen
2302 1886 2499 1926 nomen
2547 1871 2743 1941 linguae
2790 1872 3080 1942 incognitxe
3122 1872 3225 1927 nisi
3265 1889 3496 1943 evange-

1904 1960 2029 2015 lista
2060 1961 2444 2031 interpretatus
2473 1971 2617 2017 esset
2641 2004 2654 2025 ,
2707 1970 2885 2017 tamen
2924 1978 3149 2033 magnus
3187 1964 3495 2020 intellectus

1904 2053 2118 2108 lateret.
2168 2052 2258 2108 Sic
2286 2055 2446 2108 etiam
2476 2054 2645 2109 multa
2676 2071 2796 2124 quae
2835 2056 2905 2110 ab
2940 2055 3253 2111 auctoribus
3277 2072 3495 2112 eorum-

1905 2144 2029 2199 dem
2052 2143 2316 2199 librorum
2341 2145 2695 2215 interpretata
2718 2162 2825 2200 non
2849 2154 2975 2200 sunt
2996 2147 3217 2200 nomina
3246 2146 3490 2213 llebrzea,

1905 2248 2012 2287 non
2045 2242 2131 2288 est
2168 2233 2523 2301 dubitandum
2556 2235 2758 2289 habere
2793 2250 2900 2289 non
2930 2251 3155 2305 parvam
3185 2239 3293 2292 vim
3329 2251 3494 2309 atque

1906 2321 2230 2390 adjutorium
2261 2323 2328 2377 ad
2359 2324 2617 2378 solvenda
2649 2325 2937 2394 {enigmata
2965 2326 3372 2397 Scripturarum
3391 2371 3407 2397 ,
3447 2331 3495 2387 si

1906 2413 2028 2481 quis
2055 2429 2118 2468 ca
2150 2415 2321 2483 possit
2361 2415 2727 2484 interpretari.
2780 2416 2933 2497 Ωιιοὰ
2972 2419 3217 2473 nonnulli
3252 2421 3494 2491 ejusdem

1906 2504 2103 2575 linguae
2130 2506 2286 2575 periti
2318 2506 2454 2572 viri,
2495 2522 2600 2561 non
2633 2522 2765 2563 sane
2790 2524 3018 2578 parvum
3049 2511 3367 2566 beneficium
3393 2528 3492 2584 po-

1906 2594 2067 2649 steris
2092 2595 2458 2662 contulerunt,
2484 2596 2575 2665 qui
2604 2606 2851 2666 separata
2874 2599 2947 2653 de
2975 2598 3272 2669 Scripturis
3300 2603 3493 2658 eadem

1905 2686 2083 2741 omnia
2132 2688 2298 2742 verba
2347 2688 2689 2758 interpretati
2740 2698 2900 2755 sunt;
2940 2699 2995 2745 et
3023 2692 3152 2761 quid
3184 2694 3256 2746 sit
3280 2693 3490 2762 Adam,

1906 2778 2033 2847 quid
2064 2778 2173 2833 Eva
2195 2819 2210 2845 ,
2237 2780 2368 2848 quid
2392 2779 2666 2836 Abraham
2686 2823 2700 2846 ,
2738 2782 2865 2851 quid
2899 2781 3140 2853 Moyses;
3184 2785 3297 2840 sive
3326 2786 3492 2841 etiam

1905 2867 2147 2924 locorum
2176 2871 2429 2937 nomina;
2468 2872 2595 2941 quid
2625 2873 2697 2926 sit
2723 2872 3081 2939 Hierusalem,
3112 2875 3196 2930 vel
3231 2874 3384 2941 Sion,
3408 2877 3495 2931 vel

1904 2956 2140 3025 Iericho,
2173 2959 2258 3014 vel
2287 2958 2545 3025 Libanus,
2585 2961 2672 3021 vel
2711 2960 3000 3027 Jordanis,
3052 2973 3109 3019 et
3159 2980 3494 3036 qumcunque

1906 3049 2011 3104 alia
2042 3050 2094 3104 in
2126 3050 2215 3105 illa
2243 3051 2424 3122 lingua
2454 3053 2611 3108 nobis
2640 3063 2764 3109 sunt
2794 3054 3066 3125 incognita
3094 3056 3340 3122 nomina;
3373 3059 3495 3127 qui-

1904 3138 2005 3192 bus
2048 3140 2251 3207 apertis
2297 3148 2353 3194 et
2401 3140 2813 3211 interpretatis,
2863 3144 3045 3199 multa:
3091 3145 3144 3199 in
3193 3144 3492 3216 Scripturis

1905 3229 2146 3299 figuratae
2199 3229 2500 3286 locutiones
2547 3232 2985 3289 manifestantur.
3054 3235 3256 3291 Rerum
3308 3245 3489 3293 autem

1902 3319 2205 3391 ignorantia
2255 3320 2384 3376 facit
2433 3322 2692 3379 obscuras
2730 3325 2988 3396 figuratas
3027 3326 3328 3384 locutiones
3365 3346 3490 3385 cum

1900 3408 2213 3480 ignoramus
2241 3411 2327 3466 vel
2354 3412 2702 3480 animalium,
2742 3416 2827 3470 vel
2865 3415 3132 3486 lapidum.
3178 3418 3260 3474 vel
3288 3419 3487 3475 herba-

1900 3515 2022 3555 rum
2050 3509 2304 3569 naturas,
2346 3503 2644 3560 aliarumve
2671 3522 2850 3561 rerum
2873 3547 2888 3573 ,
2928 3524 3048 3578 qua:
3080 3510 3400 3582 plerumque
3431 3513 3486 3568 in

1901 3590 2198 3662 Scripturis
2254 3595 2620 3652 similitudinis
2676 3598 2905 3667 alicujus
2958 3603 3131 3672 gratia
3184 3614 3482 3673 ponuntur.

1899 3682 2032 3738 Nam
2063 3696 2119 3740 et
2147 3688 2213 3740 de
2242 3697 2513 3757 serpente,
2548 3688 2690 3759 quod
2719 3699 2903 3746 notum
2936 3701 3052 3759 est,
3085 3702 3255 3749 totum
3286 3712 3486 3766 corpus

1898 3790 2020 3832 eum
2053 3793 2152 3848 pro
2180 3780 2357 3848 capite
2385 3781 2622 3851 objicere
2661 3781 3014 3849 ferientibus,
3060 3795 3323 3854 quantum
3364 3788 3487 3842 illu-

1898 3873 2036 3921 strat
2071 3882 2289 3923 sensum
2322 3868 2470 3924 illum
2489 3909 2504 3934 ,
2548 3885 2655 3939 quo
2683 3870 2942 3927 Dominus
2965 3872 3120 3943 jubet
3150 3882 3358 3930 astutos
3386 3892 3486 3931 nos

1895 3972 2016 4012 esse
2045 3957 2184 4013 sicut
2212 3967 2493 4028 serpentes
2516 3999 2529 4023 ,
2583 3967 2644 4013 ut
2677 3959 2885 4015 scilicet
2920 3976 3019 4031 pro
3050 3963 3231 4032 capite
3272 3972 3481 4029 nostro,

1897 4047 2041 4116 quod
2085 4054 2171 4102 est
2211 4047 2497 4114 Christus,
2547 4064 2745 4119 corpus
2793 4051 2973 4121 potius
3024 4055 3481 4122 persequentibus

1896 4135 2209 4203 offeramus,
2254 4153 2323 4192 ne
2366 4137 2501 4192 ﬁdes
2527 4137 2839 4193 Christiana
2876 4140 3137 4208 tanquam
3167 4148 3392 4195 necetur
3427 4142 3482 4195 in

1896 4225 2077 4289 nobis,
2105 4225 2150 4280 si
2180 4234 2466 4295 parcentes
2495 4228 2743 4295 corpori,
2779 4243 3039 4297 negemus
3067 4230 3257 4284 Deum.
3293 4230 3388 4286 Vel
3420 4231 3483 4285 il-

1896 4317 1986 4371 lud
2012 4319 2151 4387 quod
2176 4333 2274 4388 per
2296 4332 2545 4373 caverna:
2573 4319 2850 4389 angustias
2876 4329 3209 4387 coarctatus,
3237 4321 3484 4392 deposita

1898 4409 2066 4462 veteri
2092 4409 2291 4470 tunica,
2316 4417 2495 4464 vestes
2518 4423 2686 4464 novas
2710 4409 2954 4480 accipere
2978 4411 3197 4478 dicitur,
3219 4423 3483 4481 quantum

1895 4498 2135 4556 concinit
2180 4498 2249 4555 ad
2296 4498 2614 4555 imitandam
2664 4500 2835 4570 ipsam
2869 4504 3139 4573 serpentis
3181 4507 3437 4562 astutiam
3463 4548 3479 4574 ,

1895 4591 2309 4661 exuendumque
2341 4596 2576 4646 veterem
2607 4591 2881 4647 hominem
2913 4593 3055 4649 sicut
3081 4593 3373 4665 Apostolus
3402 4598 3484 4653 di-

1894 4682 2005 4745 cit,
2058 4692 2117 4736 ut
2160 4683 2450 4737 induantur
2484 4700 2614 4739 novo
2644 4678 2780 4755 (Col.
2811 4682 2928 4750 ml,
2952 4692 3007 4739 et
3039 4685 3347 4757 exeundum
3384 4702 3480 4757 per

1893 4775 2169 4846 angustias
2221 4775 2434 4831 dicente
2481 4775 2751 4842 Domino,
2805 4776 3012 4832 Intrate
3064 4755 3158 4848 per
3205 4755 3483 4849 angustam

1892 4876 2098 4936 portam
2126 4864 2340 4935 (Matth.
2361 4862 2479 4935 vn).
2514 4864 2585 4920 Ut
2606 4879 2735 4935 ergo
2760 4865 2951 4920 notitia
2979 4874 3189 4921 naturae
3215 4867 3482 4936 serpentis

1896 4957 2131 5012 illustrat
2158 4955 2355 5010 multas
2381 4953 2777 5022 similitudines,
2809 4971 2945 5026 quas
2975 4956 3042 5011 de
3071 4956 3175 5011 hoc
3199 4955 3477 5010 animante

1898 5048 2179 5119 Scriptura
2218 5047 2347 5103 dare
2384 5046 2698 5113 consuevit,
2737 5046 2817 5102 sic
2854 5047 3158 5116 ignorantia
3186 5045 3475 5101 nonnullo-

1895 5159 2016 5200 rum
2048 5141 2391 5206 animalium,
2436 5156 2558 5210 quae
2598 5155 2706 5195 non
2750 5140 2932 5195 minus
2968 5155 3068 5209 per
3101 5136 3480 5193 similitudines

1895 5240 2318 5297 commemorat,
2349 5231 2576 5301 impedit
2601 5230 2892 5300 plurimum
2923 5230 3335 5285 intellectorem.
3384 5226 3477 5282 Sic

1892 5325 2156 5397 lapidum,
2184 5324 2262 5379 sic
2288 5323 2600 5389 herbarum,
2629 5322 2712 5378 vel
2740 5333 2966 5393 qumque
2996 5326 3248 5374 tenentur
3274 5317 3476 5373 radici-

1889 5417 2013 5472 bus.
2058 5414 2195 5469 Nam
2233 5423 2291 5470 et
2325 5414 2638 5470 carbunculi
2672 5412 2862 5467 notitia
2890 5412 3034 5478 quod
3064 5408 3209 5464 lueet
3237 5409 3291 5463 in
3324 5415 3472 5464 tene.

1889 5510 2025 5575 bris,
2051 5508 2223 5564 multa
2255 5508 2523 5563 illuminat
2552 5506 2716 5561 etiam
2745 5504 2972 5560 obseura
3012 5501 3276 5558 librorum
3296 5542 3313 5568 ,
3351 5502 3474 5557 ubi—

1890 5616 2104 5670 cunque
2131 5607 2352 5669 propter
2377 5590 2778 5652 similitudinem
2811 5593 3061 5663 ponitur;
3092 5601 3148 5648 et
3173 5592 3477 5663 ignorantia

1889 5694 2077 5766 berylli
2102 5692 2185 5749 vel
2213 5689 2513 5749 adamantis
2541 5687 2738 5743 claudit
2765 5686 3080 5757 plerumque
3109 5686 3476 5760 intelligentiae
