3974 6200
464 294 570 351 587

1103 288 1164 342 Β.
1204 287 1456 345 RABANI
1496 287 1715 344 MAURI
1752 283 2068 344 ARCHIEP.
2113 283 2420 343 MOGUNT.
2464 285 2749 343 OPERUM
2784 285 2965 343 PARS
3002 286 3043 343 Ι.

3620 291 3730 351 388

462 404 628 459 fores.
689 400 799 456 Nec
826 399 985 455 aliam
1027 400 1097 455 ob
1139 415 1358 454 causam
1406 397 1563 454 facile
1609 405 1693 454 est
1741 397 2037 470 intelligere
2067 398 2113 457 Α
2144 397 2434 454 videretur.
2463 396 2555 452 Sic
2577 412 2707 468 ergo
2728 398 3166 468 distinguendum
3188 409 3295 467 est,
3316 411 3365 456 et
3390 404 3518 473 quid
3541 404 3734 475 eligam

462 506 651 565 pacem
690 496 1006 560 perpetuam
1044 489 1340 559 signiﬁcari
1384 488 1538 543 oliva:
1584 488 1826 552 ramulo,
1878 504 2039 557 quem

461 585 680 640 rediens
708 583 777 637 ad
805 597 989 638 arcam
1014 581 1264 636 columba
1299 579 1554 650 pertulit,
1602 580 1706 635 nisi
1732 581 1860 649 quia
1888 580 2040 635 novi-

461 692 584 733 mus
604 685 657 730 et
673 674 777 731 olei
792 674 968 728 lenem
989 680 1295 727 contactum
1313 687 1421 726 non
1442 671 1598 726 facile
1617 670 1795 727 alieno
1814 672 2040 727 humore

459 768 775 838 corrumpi,
820 776 875 823 ct
923 766 1172 821 arborem
1220 764 1393 834 ipsam
1423 764 1675 819 frondere
1704 762 2036 833 perenniter.

462 860 614 916 Multi
650 868 831 914 autem
865 873 963 928 per
999 846 1361 927 ignorantiam
1388 855 1607 927 hyssopi
1637 855 1764 910 dum
1793 855 2044 909 nesciunt

450 967 626 1023 quam
656 951 762 1005 vim
809 950 1039 1013 habeat,
1084 948 1169 1003 vel
1211 948 1278 1002 ad
1319 946 1654 1016 purgandum
1694 945 2040 1015 pulmonem,

463 1045 547 1098 vel
582 1043 649 1097 ad
685 1057 814 1096 saxa
859 1041 1131 1095 radicibus
1178 1038 1511 1109 penetranda
1536 1078 1550 1103 ,
1605 1053 1728 1093 cum
1766 1036 1837 1092 sit
1873 1036 2042 1091 herba

460 1136 643 1190 brevis
669 1143 831 1203 atque
860 1131 1078 1186 humilis
1096 1171 1111 1197 ,
1159 1130 1380 1185 omnino
1410 1129 1652 1183 invenire
1680 1143 1789 1189 non
1816 1132 2043 1197 possunt

396 1274 399 1275 ν
462 1241 630 1295 quare
660 1225 731 1280 sit
756 1225 995 1279 dictum:
1027 1222 1278 1293 Asperges
1305 1238 1388 1276 me
1423 1222 1646 1292 hyssopo
1675 1228 1725 1274 et
1750 1218 2044 1274 mundabor

450 1316 638 1390 (Psal.
669 1316 743 1387 ι).
798 1305 1155 1370 Numerorum
1180 1315 1343 1369 etiam
1374 1312 1643 1383 imperitia
1665 1353 1679 1377 ,
1722 1319 1777 1367 et
1804 1311 2042 1366 musica-

461 1424 582 1464 rum
617 1424 799 1462 rerum
839 1407 1176 1479 ignorantia,
1226 1405 1394 1461 multa
1440 1404 1648 1460 faciunt
1676 1419 1783 1458 non
1818 1401 2045 1474 intelligi

462 1500 718 1554 translate
746 1515 811 1552 ac
840 1499 1043 1552 musice
1078 1499 1254 1568 posita
1293 1498 1348 1551 in
1388 1496 1717 1566 Scripturis;
1751 1495 1818 1550 de
1847 1495 2045 1564 quibus

460 1593 676 1661 quando
708 1592 771 1645 de
797 1590 1022 1660 singulis
1047 1589 1342 1659 disciplinis
1369 1588 1780 1659 disputabimus,
1808 1586 2044 1656 apertius

445 1684 843 1747 edissereznus,
873 1681 940 1736 de
969 1681 1235 1751 ambiguis
1262 1695 1406 1734 nunc
1431 1679 1647 1733 dicturi.

472 1787 474 1789 i
1068 1792 1295 1848 CAPUT
1335 1791 1423 1845 XI.

682 1865 760 1919 De
786 1864 1045 1934 ambiguis
1072 1864 1235 1934 signis
1262 1862 1522 1933 quomodo
1549 1871 1811 1915 constant.

528 1958 871 2029 Ambiguitas
907 1965 1087 2013 autem
1118 1956 1447 2025 Scripturac,
1488 1962 1581 2009 aut
1621 1956 1673 2009 in
1704 1957 1886 2011 verbis
1914 1971 2040 2027 pro-

444 2050 592 2121 .priis
621 2058 736 2114 est,
776 2058 869 2103 aut
899 2049 954 2103 in
984 2047 1285 2109 translatis.
1334 2046 1442 2102 Sed
1469 2062 1593 2101 cum
1624 2048 1789 2103 verba
1823 2050 2043 2118 propria

457 2140 661 2195 faciunt
690 2140 998 2209 ambiguam
1027 2137 1382 2207 Scripturam,
1414 2137 1591 2208 primo
1617 2138 1909 2193 videndum
1938 2147 2042 2203 est,

460 2246 529 2286 ne
561 2229 699 2284 male
726 2229 1136 2284 distinxerimus
1174 2236 1269 2282 aut
1302 2228 1854 2297 pronuntiaverimus.
1908 2229 2041 2284 Cum

456 2338 587 2394 ergo
615 2323 855 2379 adhibita
884 2324 1112 2380 intentio
1129 2324 1404 2380 incertum
1432 2339 1554 2380 esse
1576 2325 1885 2394 praeviderit
1913 2340 2045 2394 quo-

458 2415 621 2473 modo
658 2417 1097 2488 distinguendum
1142 2426 1238 2473 aut
1276 2419 1546 2488 quomodo
1586 2414 2045 2488 pronuntiandum

460 2508 558 2572 sit,
603 2507 850 2562 consulat
879 2508 1122 2577 regulam
1146 2508 1310 2572 ﬁdei,
1353 2523 1518 2578 quam
1545 2508 1612 2562 de
1642 2507 2042 2578 Scriptor-arum

458 2596 794 2664 planioribus
838 2597 973 2652 locis
1021 2606 1075 2651 et
1110 2597 1367 2653 Ecclesiae
1411 2599 1735 2653 auctoritate
1778 2599 2040 2669 percepit.

464 2685 616 2752 Quod
644 2686 691 2741 si
720 2688 925 2749 ambae,
957 2686 1039 2740 vel
1084 2687 1249 2742 etiam
1278 2702 1499 2752 omnes,
1536 2688 1582 2743 si
1615 2688 1797 2758 plures
1844 2688 2046 2745 fuerint

456 2780 1057 2851 partesambiguitatis,
1084 2781 1380 2836 secundum
1416 2782 1573 2837 ﬁdem
1600 2783 1905 2849 sonuerint,
1933 2792 2047 2839 tex-

452 2880 549 2927 tus
574 2872 689 2941 ipse
712 2873 976 2928 sermonis
1003 2888 1033 2927 a
1056 2873 1486 2943 praecedentibus
1510 2883 1565 2930 et
1589 2877 2046 2946 consequentibus

458 2962 740 3030 partibus,
776 2977 896 3030 quae
925 2962 1333 3032 ambiguitatem
1366 2962 1512 3018 illam
1551 2965 1607 3018 in
1642 2964 1820 3020 medio
1847 2979 2043 3035 posue-

460 3059 609 3115 runt,
627 3060 797 3105 restat
821 3051 1200 3118 consulendus,
1215 3062 1275 3107 ut
1295 3053 1573 3111 videamus
1593 3056 1808 3111 cuinam
1828 3066 2045 3113 senten-

460 3143 571 3208 tiae,
600 3143 664 3197 dc
691 3140 936 3213 pluribus
964 3158 1084 3213 qua:
1111 3158 1169 3199 se
1198 3144 1508 3210 ostendunt,
1542 3145 1682 3200 ferat
1708 3145 2041 3219 suﬂragium,

456 3247 689 3302 eamque
736 3234 837 3288 sibi
887 3234 1105 3288 contexi
1152 3235 1408 3304 patiatur.
1467 3234 1587 3290 Jam
1623 3252 1767 3292 nunc
1800 3239 2044 3310 exempla

459 3325 763 3381 considera.
801 3325 891 3379 llla
921 3326 1172 3381 haeretica
1199 3326 1479 3382 distinctio
1510 3324 1529 3380 ξ
1552 3326 1619 3381 In
1647 3329 1907 3400 principio
1933 3338 2046 3384 erat

471 3417 693 3472 Verbum
716 3458 731 3483 ,
766 3427 819 3493 et
849 3415 1074 3471 Verbum
1113 3427 1226 3471 erat
1267 3417 1408 3487 apud
1438 3417 1607 3471 [leum
1627 3460 1642 3485 ,
1688 3428 1736 3472 et
1765 3419 1906 3473 Deus
1934 3429 2046 3474 erat

470 3508 695 3564 Verbum
729 3507 912 3580 (Joan.
943 3508 1015 3579 ι),
1048 3516 1109 3561 ιιι
1147 3508 1284 3563 alius
1313 3508 1385 3563 sit
1411 3524 1604 3564 sensus
1634 3508 1909 3563 :Verbum
1933 3518 2046 3573 erat

460 3599 558 3653 hoc
584 3599 640 3652 in
663 3598 919 3668 principio
947 3597 1087 3667 apud
1114 3596 1305 3664 Deum,
1339 3614 1443 3654 non
1472 3599 1588 3654 vult
1616 3600 1851 3656 Verbum
1877 3601 2045 3657 Deum

462 3688 729 3744 conﬁteri.
769 3687 875 3743 Sed
902 3688 1006 3744 hoc
1036 3687 1218 3759 regula
1248 3687 1371 3745 ﬁdei
1409 3689 1759 3745 refellendum
1789 3700 1902 3758 est,
1942 3707 2047 3761 qua

464 3782 620 3837 nobis
652 3782 717 3836 de
745 3780 1030 3837 Trinitatis
1057 3781 1367 3850 aequalitate
1391 3783 1782 3852 praascrihitur,
1815 3792 1874 3838 ut
1902 3784 2047 3839 dica-

462 3889 585 3931 mus
608 3893 627 3929 :
659 3874 727 3928 Et
757 3874 896 3928 Deus
937 3883 1049 3928 erat
1081 3873 1328 3928 Verbum.
1379 3875 1583 3930 Deinde
1620 3874 2004 3947 subjungamus
2030 3894 2044 3930 :

467 3965 582 4019 Hoc
611 3975 724 4023 erat
767 3966 822 4019 in
865 3964 1120 4036 principio
1162 3965 1302 4035 apud
1333 3964 1521 4021 Deum.
1574 3965 1667 4021 Illa
1695 3983 1825 4022 vero
1853 3968 2044 4023 distin-

465 4059 660 4113 ctionis
687 4057 1028 4127 ambiguitas,
1059 4066 1253 4111 neutra
1279 4063 1431 4127 parte
1455 4057 1658 4112 resistit
1679 4056 1824 4122 ﬁdei,
1848 4066 1902 4114 et
1924 4057 2048 4113 ideo

466 4155 616 4202 textu
646 4148 761 4217 ipso
790 4147 1058 4202 sermonis
1087 4145 1432 4216 dijudicanda
1465 4155 1568 4214 est,
1593 4146 1685 4202 ubi
1715 4147 1791 4201 ait
1816 4147 2047 4218 Aposto-

465 4239 548 4293 lus
576 4256 587 4291 :
625 4236 692 4291 Et
717 4237 842 4309 quid
870 4237 1060 4307 eligam
1083 4237 1287 4307 ignoro.
1319 4235 1612 4307 Compellor
1633 4245 1807 4291 autem
1830 4253 1895 4289 ea:
1918 4236 2048 4290 duo-

465 4331 560 4383 bus
584 4342 600 4380 :
637 4327 1109 4397 concupiscentiam
1142 4326 1336 4381 habens
1365 4325 1597 4390 dissolvi,
1626 4335 1672 4379 et
1700 4342 1817 4379 cum
1843 4323 2048 4380 Christo

2143 489 2328 558 ignoro
2350 502 2368 539 :
2399 488 2680 559 compellor
2706 499 2879 545 autem
2905 506 2970 543 ea:
2995 490 3217 554 duobus,
3245 506 3409 561 quam
3438 494 3733 551 dictionem

2144 579 2406 648 sequitur,
2443 581 2912 650 concupiscentiam
2940 581 3135 637 habens
3159 583 3371 638 dissolvi
3399 594 3449 639 et
3477 602 3590 641 esse
3616 604 3735 640 cum

2144 666 2371 723 Christo.
2412 669 2478 723 Et
2503 677 2759 740 tanquam
2786 679 3126 739 quarreretur
3154 688 3322 743 quare
3347 675 3509 744 hujus
3536 679 3613 732 rei
3641 694 3736 749 po-

2144 759 2252 815 tius
2276 760 2473 815 habeat
2496 760 3015 831 concupiscentiam,
3036 764 3203 819 multo
3232 766 3370 819 enim
3401 771 3570 840 magis
3600 771 3738 840 apti-

2142 867 2322 919 mum,
2375 850 2567 920 inquit.
2622 850 2732 906 Cur
2774 861 2954 908 autem
3004 867 3037 907 e
3084 853 3293 911 duobus
3342 859 3738 926 compellitur?

2144 938 2281 1007 Quia
2312 943 2563 998 manendi
2607 951 2690 999 est
2733 947 3058 1012 necessitas,
3096 963 3276 1017 .quam
3330 949 3403 1005 ita
3453 951 3731 1020 subjecit:

2146 1033 2360 1088 Manere
2387 1033 2441 1089 in
2465 1050 2626 1089 carne
2655 1039 3003 1091 necessarium
3031 1049 3241 1111 propter
3268 1058 3374 1097 vos.
3418 1043 3517 1099 Ubi
3559 1060 3738 1116 neque

2143 1128 2459 1197 praescripto
2488 1125 2641 1191 ﬁdei,
2673 1142 2849 1198 neque
2878 1129 3046 1199 ipsius
3076 1134 3342 1189 sermonis
3373 1142 3524 1191 textu
3553 1138 3735 1193 ambi-

2145 1221 2323 1288 guitas
2347 1221 2611 1291 explicari
2634 1230 2830 1292 potest,
2880 1224 3014 1278 nihil
3038 1227 3194 1282 obest
3218 1230 3513 1285 secundum
3541 1247 3737 1302 quam-

2144 1310 2278 1365 libet
2297 1323 2484 1365 earum
2506 1326 2627 1380 quas
2647 1311 3029 1380 ostenduntur,
3050 1317 3375 1372 sententiam
3396 1319 3737 1392 distinguere

2146 1409 2321 1457 curet.
2372 1399 2553 1457 Veluti
2597 1410 2681 1457 est
2726 1402 2813 1457 illa
2845 1405 2914 1458 ad
2941 1403 3292 1462 Corinthios:
3330 1407 3445 1464 Has
3476 1427 3601 1481 ergo
3636 1414 3736 1466 ha-

2148 1494 2319 1548 bentes
2363 1494 2750 1564 promissiones,
2798 1495 3121 1562 charissimi,
3173 1500 3483 1556 mandemus
3527 1518 3623 1556 nos
3666 1505 3735 1557 ab

2147 1584 2290 1638 omni
2331 1584 2752 1657 coinquinatione
2798 1588 2973 1640 carnis
3017 1598 3067 1641 et
3114 1590 3364 1660 spiritus,
3407 1592 3736 1662 p’erﬁcientes

2148 1675 2619 1754 sanctiﬁcationem
2650 1678 2705 1731 in
2734 1678 2919 1733 timore
2948 1679 3045 1734 Dei
3075 1681 3158 1751 (ΙΙ
3187 1679 3311 1737 Cor.
3334 1684 3454 1756 vn).
3496 1687 3734 1743 Dubium

2150 1779 2234 1825 est
2272 1770 2498 1841 quippe,
2542 1778 2726 1825 utrum
2758 1771 3073 1827 Mundemus
3104 1790 3199 1829 nos
3227 1776 3291 1828 ab
3319 1779 3461 1832 omni
3496 1778 3736 1849 coinqui-

2149 1866 2359 1919 natione
2397 1865 2572 1919 carnis
2614 1874 2661 1918 et
2693 1865 2938 1935 spiritus,
2984 1867 3279 1921 secundum
3323 1868 3471 1923 illam
3512 1879 3735 1925 senten-

2148 1956 2308 2019 tiam,
2342 1953 2408 2008 Ut
2443 1956 2510 2008 sit
2539 1964 2723 2011 sancta
2751 1972 2966 2027 corpore
2993 1966 3041 2012 et
3070 1959 3279 2027 spiritu,
3313 1974 3381 2014 an
3414 1961 3734 2016 Mundemus

2149 2063 2242 2119 nos
2265 2045 2329 2099 ab
2351 2045 2495 2100 omni
2513 2046 2937 2116 coinquinatione
2963 2048 3158 2113 carnis,
3182 2058 3240 2102 ut
3255 2048 3394 2105 alius
3415 2051 3487 2105 sit
3515 2066 3731 2116 sensus,

2147 2135 2215 2191 Et
2243 2136 2459 2207 spiritus
2483 2136 2805 2206 perﬁcientes
2833 2137 3300 2206 sanctiﬁcationem
3327 2140 3380 2194 in
3418 2141 3606 2197 timore
3635 2143 3736 2197 Dei

2146 2229 2315 2298 capite
2346 2245 2439 2283 nos
2458 2227 2604 2302 (sic).
2624 2228 2782 2284 Tales
2810 2244 2941 2300 ergo
2966 2226 3374 2286 distinctionum
3405 2234 3736 2304 ambiguita-
3815 2272 3823 2279 ι

2146 2326 2231 2373 tes
2261 2320 2313 2374 in
2341 2328 2610 2390 potestate
2638 2321 2866 2391 legentis
2896 2330 3040 2377 sunt.
3086 2322 3429 2394 Quaecunque
3453 2334 3635 2382 autem
3664 2326 3736 2382 de

2146 2412 2413 2482 ambiguis
2437 2413 2874 2490 distinctiOnibus
2900 2415 3149 2479 diximus,
3177 2417 3366 2472 eadem
3390 2420 3735 2476 observanda

2145 2512 2273 2558 sunt
2324 2510 2377 2558 et
2426 2504 2480 2557 in
2527 2505 2796 2575 ambiguis
2838 2506 3405 2576 prouuntiationibus;
3461 2524 3582 2579 qua:
3625 2512 3736 2565 nisi

2146 2592 2366 2648 lectoris
2392 2592 2558 2648 nimia
2585 2594 2975 2664 perturbantur
3000 2595 3230 2662 incuria,
3257 2606 3347 2653 aut
3376 2600 3576 2671 regulis
3604 2600 3735 2656 ﬁdei

2145 2684 2516 2755 corriguntur,
2549 2692 2642 2740 aut
2670 2687 3027 2757 prmeedentis
3065 2689 3150 2744 vel
3187 2692 3574 2760 consequentis
3603 2707 3735 2747 eon-

2146 2781 2365 2836 texione
2388 2782 2673 2837 sermonis.
2701 2780 2853 2848 Quod
2876 2783 2920 2838 si
2945 2790 3195 2839 neutrum
3223 2784 3418 2840 borum
3440 2785 3738 2841 adhibetur

2147 2873 2214 2926 ad
2258 2872 2686 2937 correctionem,
2736 2873 3086 2930 nihilominus
3113 2872 3290 2930 dubita
3332 2876 3733 2943 remanebunt,

2145 2974 2205 3019 ut
2229 2965 2471 3034 quolibet
2496 2968 2656 3025 modo
2695 2966 2867 3022 lector
2893 2969 3355 3039 pronuntiaverit,
3405 2987 3511 3027 non
3557 2974 3630 3028 sit
3678 2975 3735 3027 in

2128 3054 2323 3125 culpa.
2376 3054 2532 3123 Quali
2573 3065 2754 3112 autem
2796 3073 2927 3112 voce
2978 3061 3360 3122 pronuntietur
3404 3061 3534 3118 illud
3585 3060 3735 3134 quod

2147 3146 2449 3203 Nathanael
2475 3147 2642 3213 dixit,
2674 3150 2715 3202 Α
2748 3148 3016 3204 Nazareth
3055 3161 3218 3221 potest
3248 3151 3450 3224 aliquid
3476 3154 3599 3208 boni
3620 3171 3736 3210 esse

2148 3237 2328 3309 (Joan.
2356 3237 2418 3310 ι),
2454 3238 2568 3294 sive
2597 3238 2944 3305 aﬁirmantis,
2993 3250 3051 3296 ut
3080 3238 3207 3298 illud
3237 3244 3410 3299 solum
3448 3246 3517 3300 ad
3557 3246 3735 3301 inter-

2145 3329 2481 3399 rogationem
2536 3332 2804 3398 pertineat
2848 3333 2991 3402 quod
3038 3334 3117 3388 ait
3161 3334 3203 3386 A
3248 3334 3566 3391 Nazareni?
3615 3338 3737 3393 sive

2147 3427 2318 3475 totum
2344 3434 2469 3475 cum
2495 3421 2828 3477 dubitatione
2857 3424 3259 3495 interrogantis,
3286 3441 3391 3481 non
3413 3426 3572 3483 video
3595 3444 3737 3498 quo—

2146 3510 2306 3565 modo
2332 3510 2715 3566 discernatur:
2749 3521 2977 3583 uterque
3005 3523 3186 3570 autem
3216 3531 3408 3571 sensus
3434 3515 3593 3572 ﬁdem
3620 3534 3734 3573 non

2146 3597 2388 3667 impedit.

2743 3691 2970 3749 CAPUT
3009 3693 3118 3748 XII.

2618 3781 2696 3837 De
2723 3783 2978 3853 ambiguis
3006 3786 3250 3856 propriis.

2217 3869 2518 3927 Rarissime
2549 3886 2679 3944 ergo
2708 3882 2762 3929 et
2789 3872 3098 3931 difﬁcillime
3139 3877 3367 3933 inveniri
3394 3887 3578 3949 potest
3606 3897 3733 3936 am-

2146 3959 2382 4031 biguitas
2434 3961 2492 4016 in
2544 3963 2780 4032 propriis
2829 3964 3052 4029 verbis,
3123 3975 3385 4036 quantum
3437 3968 3506 4024 ad
3560 3953 3743 4026 libros.

2147 4054 2449 4110 divinarum
2501 4055 2904 4125 Scripturarum
2959 4068 3208 4126 spectat,
3261 4072 3421 4127 quam
3476 4075 3581 4115 non
3635 4070 3736 4116 aut

2147 4146 2553 4202 circumstantia
2589 4147 2704 4217 ipsa
2734 4148 3003 4203 sermonis
3049 4163 3154 4218 qua
3200 4152 3546 4221 cognoscitur
3587 4154 3733 4209 scri-

2146 4243 2360 4305 ptorum
2392 4237 2640 4300 intentio,
2677 4244 2773 4291 aut
2806 4237 3163 4307 interpretum
3193 4240 3430 4308 collatio,
3461 4251 3557 4297 aut
3582 4258 3731 4313 prm-

2149 4325 2389 4381 cedentis
2411 4326 2604 4399 linguae
2623 4327 2798 4384 solvat
2825 4328 3104 4399 inspectio.
3134 4329 3269 4385 Nam
3296 4333 3436 4401 quod
3462 4335 3733 4405 scriptum

464 4438 609 4485 esse;
645 4419 980 4472 multo'enim
1020 4419 1186 4487 magis
1223 4420 1476 4489 optimum
1496 4437 1516 4472 :
1556 4435 1765 4471 manere
1798 4418 1852 4471 in
1891 4435 2048 4473 carne
2073 4441 2125 4499 Β
2150 4428 2256 4483 est,
2274 4416 2398 4472 Non
2427 4430 2501 4474 est
2529 4420 2993 4475 absconditumate
3016 4437 3073 4475 os
3101 4425 3452 4494 meum,quod
3474 4423 3647 4493 fecisti
3673 4426 3735 4480 in

467 4510 815 4564 necessarium
864 4516 1072 4577 prapter
1116 4524 1202 4560 vos
1250 4505 1420 4578 (Phil.
1466 4507 1526 4577 ι).
1583 4505 1852 4561 Incertum
1900 4508 2044 4561 enim

468 4610 649 4656 utrum
689 4615 755 4655 ex
791 4597 995 4650 duobus
1032 4598 1503 4666 concupiscentiam
1531 4597 1756 4663 habens,
1802 4612 1869 4651 an
1907 4615 2044 4652 com-

465 4690 634 4762 pellor
668 4698 841 4742 autem
875 4704 939 4741 ea:
971 4686 1197 4752 duobus,
1228 4696 1290 4742 ut
1319 4688 1448 4743 illud
1478 4686 1823 4760 adiungatur,
1855 4707 2045 4745 concu-

464 4785 769 4858 piscentiam
799 4784 995 4839 habens
1036 4783 1251 4839 dissolui
1292 4793 1340 4839 et
1374 4801 1484 4839 esse
1513 4800 1631 4837 cum
1657 4783 1884 4838 Christo.
1937 4784 2044 4841 Sed

464 4876 723 4947 quoniam
752 4876 824 4928 ita
858 4874 1121 4943 sequitur,
1152 4873 1316 4928 multo
1347 4875 1484 4928 enim
1513 4873 1787 4945 optimum,
1822 4883 2043 4944 apparet

466 4984 590 5026 cum
619 4967 735 5038 ejus
758 4966 948 5037 optimi
981 4960 1161 5020 dicere
1196 4981 1259 5021 se
1296 4966 1496 5020 habere
1524 4964 2040 5034 concupiscentiam,

467 5068 529 5113 ut
556 5073 678 5112 cum
714 5071 777 5111 ex
812 5056 1018 5110 duobus
1053 5055 1425 5125 compellatur,
1467 5054 1690 5110 alterius
1728 5062 1907 5110 tamen
1947 5056 2043 5110 ha-

468 5150 592 5204 beat
619 5147 1128 5216 concupiscentiam,
1160 5146 1382 5202 alterius
1408 5147 1814 5213 necessitatem;
1844 5162 2041 5203 concu-

468 5239 787 5311 piscentiam
829 5237 1035 5293 scilicet
1063 5252 1181 5293 esse
1213 5254 1336 5293 cum
1363 5238 1615 5304 Christo,
1656 5239 2039 5294 necessitatem

468 5344 693 5385 manere
724 5329 777 5383 in
807 5343 992 5384 carne.
1039 5329 1172 5397 Quae
1204 5329 1528 5398 ambiguitas
1555 5342 1663 5382 uno
1692 5328 2043 5398 consequenti

467 5419 637 5474 verbo
673 5417 1018 5487 dijudicatur,
1057 5420 1201 5489 quod
1240 5420 1474 5489 positum
1502 5427 1617 5484 est,
1660 5420 1820 5473 enim.
1871 5418 2072 5484 Quam'

468 5509 791 5577 particulam
819 5510 944 5577 quia
984 5510 1323 5564 abstulerunt
1364 5510 1707 5579 interpretes,
1748 5511 1837 5565 illa
1867 5511 2046 5581 potius

470 5596 739 5649 sententia
770 5596 916 5650 ducti
947 5605 1089 5660 sunt,
1116 5607 1177 5652 ut
1205 5614 1310 5652 non
1341 5598 1514 5652 solum
1543 5599 1790 5667 compelli
1818 5614 1883 5655 ex
1915 5600 2046 5655 duo-

474 5684 611 5751 bus,
665 5687 758 5741 sed
808 5688 967 5741 etiam
1022 5690 1247 5745 duorum
1301 5690 1501 5745 habere
1551 5693 2041 5764 concupiscentiam

2151 4510 2476 4577 abscondito,
2518 4526 2624 4566 non
2659 4511 2836 4566 elucet
2872 4511 3103 4584 legenti,
3137 4521 3319 4567 utrum
3348 4524 3599 4585 correpta
3632 4516 3732 4571 iit-

2150 4612 2265 4657 tera
2295 4618 2352 4656 os
2378 4603 2713 4673 pronuntiet,
2745 4618 2814 4658 an
2839 4604 3118 4673 producta.
3174 4605 3231 4658 Si
3261 4606 3406 4660 enim
3433 4608 3730 4677 corripiat,

2149 4691 2312 4746 abeo
2354 4691 2497 4760 quod
2530 4700 2657 4747 sunt
2690 4708 2845 4757 ossa;
2893 4692 2939 4748 si
2980 4702 3160 4749 autem
3204 4693 3504 4764 producat,
3549 4696 3616 4751 ab
3661 4712 3733 4753 eo

2149 4783 2293 4851 quod
2318 4790 2444 4837 sunt
2468 4796 2563 4836 ora
2581 4822 2594 4846 ,
2628 4782 2944 4853 intelligitur
2972 4798 3227 4838 numerus
3255 4784 3563 4854 singularis.
3615 4785 3733 4843 Sed

2152 4874 2280 4928 talia
2311 4873 2506 4944 linguae
2530 4874 2884 4943 praecedentis
2931 4874 3263 4943 inspectione
3290 4874 3343 4928 id
3372 4873 3727 4943 iudicantur:

2150 4982 2274 5021 nam
2299 4968 2350 5021 in
2373 4967 2560 5022 Graeco
2575 4982 2680 5023 non
2702 4968 2894 5039 στόμα,
2909 4967 3003 5023 sed
3031 4968 3201 5023 ὀστέον
3224 4968 3457 5038 positum
3473 4978 3575 5024 est.
3591 4968 3733 5028 ltem

2148 5057 2279 5113 illud
2319 5057 2599 5127 Apostoli:
2650 5056 2780 5124 Quae
2822 5058 3050 5129 pra'dico
3094 5058 3240 5113 vobis
3285 5059 3423 5114 sicut
3463 5060 3729 5130 prmdixi,

2143 5150 2394 5220 quoniam
2419 5149 2508 5220 qui
2534 5148 2663 5203 talia
2689 5158 2873 5220 agunt,
2896 5165 3111 5220 regnum
3135 5149 3233 5204 Dei
3259 5167 3362 5205 non
3387 5150 3735 5221 possidebunt

2146 5237 2231 5310 (Il
2263 5235 2386 5293 Cor.
2416 5237 2557 5309 xm).
2590 5236 2647 5293 Si
2680 5238 3050 5295 tantummodo
3073 5239 3322 5305 dixisset,
3350 5256 3468 5311 qua
3494 5239 3732 5311 pra-dico

2142 5328 2286 5382 vobis
2306 5367 2322 5393 ,
2373 5344 2553 5398 neque
2595 5329 2962 5400 subjunxissct
3006 5330 3259 5400 prtcdixi,
3313 5330 3532 5386 dubium
3581 5341 3735 5386 esset

2142 5427 2322 5473 utrum
2369 5419 2423 5474 in
2469 5435 2535 5475 eo
2577 5421 2721 5489 quod
2767 5420 2927 5485 dixit,
2973 5422 3223 5491 ρτωάὶεο,
3271 5420 3615 5492 producenda
3655 5437 3732 5477 an

2143 5511 2481 5582 corripienda
2511 5522 2656 5567 esset
2684 5500 2887 5583 syllaba
2915 5513 3124 5581 media;
3168 5530 3310 5570 nunc
3336 5524 3515 5570 autem
3552 5516 3733 5569 manic-

2145 5601 2339 5657 festum
2376 5613 2457 5657 est
2494 5602 2897 5673 producendam
2935 5618 3088 5670 esse;
3138 5620 3244 5659 non
3286 5605 3428 5659 enim
3473 5605 3552 5658 ait
3591 5604 3731 5657 sicut

2144 5695 2454 5765 pradicari,
2490 5695 2583 5750 sed
2613 5696 2748 5748 sicut
2776 5694 3019 5766 pra'dixi.
3061 5695 3166 5750 Sed
3194 5697 3315 5765 quia
3342 5696 3455 5751 hinc
3486 5709 3634 5763 raro,
3670 5702 3731 5747 ut
