3958 6204
358 315 463 372 539

1151 311 1239 386 DE
1276 311 1721 370 CLERICORUM
1758 312 2238 374 lNS'l‘lTUTlONE
2303 321 2454 379 ETC.
2496 356 2565 366 ——
2604 327 2726 381 Lll}.
2771 322 2852 383 Ill.

3529 343 3627 397 59)

350 428 732 500 pnediximus,
776 428 938 480 verba
990 425 1358 491 inveniuntur,
1409 441 1530 496 quae
1577 440 1683 479 non
1736 425 1947 481 facilem
1980 429 2023 486 Α
2053 429 2177 496 quia
2213 446 2369 487 nemo
2394 442 2568 503 potest
2597 452 2658 489 ex
2686 451 2750 490 eo
2777 441 2920 509 quod
2948 456 3051 496 non
3080 443 3241 498 habet
3270 454 3523 515 prodesse
3552 456 3619 507 al-

352 521 593 576 babeant
620 519 969 583 solutionem,
998 518 1066 573 ad
1093 519 1379 572 verborum
1415 519 1796 574 translatorum
1828 534 1945 575 am-

352 611 653 682 biguitates
704 610 903 681 stylum
951 617 1245 674 vertamus,
1297 623 1417 679 quas
1464 625 1573 665 non
1619 603 1945 667 mediocrem

2053 518 2173 574 teri.
2204 521 2413 588 Quanto
2434 534 2614 581 autem
2635 528 2804 598 magis
2828 546 3050 599 regnum
3072 536 3379 604 cupiditatis
3401 541 3630 598 destrui-

2049 613 2157 674 tur,
2202 618 2350 665 tanto
2394 615 2678 670 charitatis
2716 628 2962 689 augetur.
3007 621 3276 693 Quidquid
3310 642 3439 699 ergo
3466 646 3623 702 aspea

347 718 540 757 curam
573 694 1009 769 industriamque
1035 700 1366 756 desiderant.
1412 699 1545 754 Nam
1588 702 1643 756 in
1679 704 1945 775 principio
2047 713 2165 754 rum
2197 709 2252 755 el
2278 704 2428 771 quasi
2462 720 2665 760 scevum
2693 708 2835 764 factu
2864 710 3119 783 dictuque
3162 716 3213 769 in
3245 721 3444 775 sanctis
3482 722 3622 777 Scri-

348 791 654 849 cavendum
685 800 796 856 est,
830 807 899 845 ne
930 791 1218 861 ﬁguratam
1250 791 1576 848 locutionem
1609 794 1941 851 adlitteram
2042 792 2219 862 pturis
2264 793 2477 864 legitur,
2507 813 2573 851 ex
2615 812 2845 868 persona
2896 801 2990 857 Dei
3023 806 3104 858 vel
3135 817 3444 864 sanctorum
3483 811 3620 881 ejus,

345 885 612 955 accipias.
648 885 733 940 Ad
758 885 866 940 hoc
893 886 1039 940 enim
1066 885 1303 954 pertinet
1331 886 1475 955 quod
1503 887 1579 941 ait
1607 888 1896 958 Apostolus
1923 908 1936 944 :

346 973 549 1029 Littera
579 976 805 1040 occidit,
847 975 1065 1045 spiritus
1102 985 1278 1030 autem
1314 976 1536 1046 viviﬁcat
1564 977 1649 1049 (ἸΙ
1678 977 1801 1034 Cor.
1830 979 1937 1069 in).

2040 885 2111 939 ad
2139 887 2449 956 cupiditatis
2487 906 2711 962 regnum
2759 896 3140 954 destruendum
3181 902 3339 957 valet.
3385 905 3537 972 Quod
3576 910 3619 963 si

2037 980 2323 1048 perspicue
2347 991 2525 1048 sonat,
2557 999 2663 1039 non
2686 994 2769 1040 est
2796 988 2862 1042 ad
2892 988 3035 1044 aliud
3071 991 3430 1061 referendum,
3464 1000 3618 1066 quasi

342 1065 501 1121 Nulla
541 1082 691 1124 mors
718 1068 931 1124 'animze
975 1069 1361 1137 congruentius
1405 1070 1726 1140 appellatur,
1772 1065 1938 1144 quam
2025 1068 2267 1140 ﬁgurate
2314 1073 2517 1129 dictum
2555 1077 2646 1142 sit,
2681 1077 2840 1133 sicuti
2884 1090 2968 1138 est
3005 1082 3132 1137 illud
3170 1085 3449 1155 Apostoli:
3486 1065 3620 1145 Thes

342 1174 472 1213 cum
500 1158 556 1213 id
585 1158 748 1214 etiam
780 1160 924 1230 quod
956 1160 1015 1213 in
1040 1175 1103 1215 ea
1136 1161 1338 1216 bestias
1372 1162 1679 1229 antecellit,
1717 1165 1822 1219 hoc
1855 1174 1937 1226 est
2036 1164 2321 1217 saurizasti
2347 1164 2454 1229 tibi,
2492 1166 2682 1236 inquit,
2721 1170 2855 1222 iram
2886 1172 2938 1224 in
2964 1173 3048 1225 die
3078 1175 3173 1227 irre
3210 1185 3258 1228 et
3290 1172 3617 1234 reuelationis

343 1250 721 1320 intelligentia,
745 1250 896 1304 carni
919 1249 1203 1320 subjicitur
1227 1252 1502 1321 sequendo
1531 1254 1933 1311 scilicetosolam

340 1339 605 1395 litteram.
643 1340 916 1407 Quienim
944 1342 1192 1411 sequitur
1214 1342 1454 1397 litteram
1483 1345 1742 1399 translata
1768 1342 1932 1401 verba

339 1431 487 1485 sicut
518 1432 740 1501 propria
767 1440 942 1499 tenet,
980 1448 1156 1503 neque
1187 1434 1317 1488 illud
1345 1436 1487 1503 quod
1517 1437 1738 1507 proprio
1763 1439 1931 1492 verbo

339 1522 886 1594 signiﬁcatur,refert
909 1525 976 1579 ad
999 1525 1159 1580 aliam
1182 1526 1652 1597 signiﬁcationem.
1677 1529 1743 1583 Et
1763 1545 1827 1584 ea
1847 1539 1931 1586 est

338 1612 672 1668 miserabilis
691 1614 885 1668 animae
904 1615 1159 1681 servitus,
1182 1616 1332 1685 signa
1354 1632 1455 1686 pro
1476 1617 1638 1673 rebus
1660 1618 1925 1689 accipere,

336 1710 395 1757 et
430 1719 593 1774 supra
634 1712 941 1759 creaturam
975 1721 1328 1775 corpoream,
1369 1708 1583 1762 oculum
1621 1710 1821 1765 mentis
1858 1711 1925 1765 ad

2026 1253 2163 1322 justi
2202 1254 2395 1324 judicii
2444 1255 2573 1321 Dei,
2623 1260 2713 1328 qui
2766 1262 2942 1315 reddet
2993 1263 3271 1335 unicuique
3330 1270 3613 1324 secundum

2034 1361 2190 1414 opera
2216 1362 2312 1398 sua
2331 1382 2345 1409 ,
2385 1354 2440 1401 et
2478 1348 2705 1418 reliqua.
2742 1350 2916 1421 (Rom.
2946 1352 3039 1419 ιι.)
3067 1353 3209 1424 Ergo
3236 1355 3286 1409 in
3331 1356 3609 1413 locutiOni-

2031 1436 2134 1490 bus
2158 1435 2403 1506 ﬁguratis
2433 1439 2611 1508 regula
2640 1441 2711 1494 sit
2731 1442 3054 1512 hujusmodi,
3088 1455 3147 1499 ut
3181 1455 3288 1501 tam
3312 1449 3399 1503 diu
3426 1466 3611 1506 verse-

2031 1533 2120 1580 tur
2149 1527 2390 1597 diligenti
2437 1531 2868 1587 consideratione
2894 1536 3037 1604 quod
3080 1537 3294 1607 legitur,
3324 1540 3495 1595 donec
3543 1542 3609 1596 ad

2032 1633 2256 1688 regnum
2289 1620 2574 1675 charitatis
2615 1622 2990 1692 interpretatio
3036 1627 3384 1695 perducatur.
3428 1629 3485 1684 Si
3516 1646 3606 1685 au-

2030 1717 2136 1762 tem
2163 1709 2266 1763 hoc
2303 1708 2413 1777 jam
2452 1713 2668 1781 proprie
2705 1722 2878 1779 sonat,
2925 1716 3067 1769 nulla
3117 1726 3335 1786 putetur
3379 1721 3608 1791 ﬁgurata

336 1795 703 1850 hauriendum
731 1804 994 1851 aeternum
1028 1797 1209 1853 lumen
1237 1799 1420 1855 levare
1448 1816 1555 1854 non
1588 1815 1766 1871 posse.
1797 1801 1927 1869 Quae
1954 1806 2002 1865 Β
2028 1796 2248 1852 locutio.
2281 1796 2339 1852 Si
2367 1800 2689 1869 praeceptiva
2720 1802 2921 1857 locutio
2951 1814 3054 1869 est,
3089 1816 3182 1860 aut
3205 1807 3487 1876 ﬂagitium,
3516 1820 3610 1865 aut

336 1894 522 1941 tamen
555 1886 791 1943 servitus
822 1888 874 1942 in
903 1887 1086 1945 Iudaeo
1120 1891 1318 1961 populo
1353 1891 1511 1961 longe
1542 1907 1572 1946 a
1604 1901 1923 1948 caeterarum

334 1981 585 2050 gentium
626 1995 780 2036 more
809 1981 1073 2047 distabat,
1115 1983 1552 2053 quandoquidem
1592 1985 1755 2040 rebus
1785 1993 1921 2041 tem-

331 2070 613 2139 poralibus
637 2071 714 2125 ita
740 2070 1010 2143 subjugati
1036 2082 1213 2140 erant,
1237 2081 1296 2128 ut
1320 2090 1461 2130 unus
1486 2076 1567 2131 eis
1595 2076 1649 2130 in
1675 2078 1924 2133 omnibus

332 2161 815 2216 commendaretur
840 2161 1004 2217 Deus.
1045 2162 1250 2219 Gentes
1278 2173 1459 2219 autem
1490 2166 1781 2221 simulacra
1809 2183 1925 2222 ma-

331 2250 556 2305 nufacta
600 2250 732 2306 deos
769 2252 1061 2321 habebant,
1107 2262 1162 2309 et
1199 2255 1246 2310 si
1283 2257 1499 2325 quando
1534 2259 1702 2328 aliqui
1733 2274 1923 2315 eorum

329 2342 424 2396 illa
459 2343 717 2414 tanquam
746 2345 897 2417 signa
928 2347 1277 2417 interpretari
1300 2349 1659 2416 conabantur,
1681 2352 1748 2406 ad
1769 2368 1924 2408 crea-

331 2445 511 2487 turam
562 2434 845 2503 colendam
890 2440 1366 2507 venerandamque
1412 2440 1739 2497 referebant.
1813 2443 1951 2501 Sed.

328 2524 402 2577 ab
431 2523 533 2579 hac
570 2534 802 2595 utraque
836 2528 1116 2592 servitute,
1149 2529 1372 2584 veniens
1400 2529 1648 2586 Christus
1679 2533 1922 2591 veritatis

326 2629 442 2668 sua:
470 2610 592 2670 luce
619 2615 954 2685 illuminans,
976 2634 1167 2676 omnes
1191 2620 1245 2675 in
1268 2635 1328 2676 se
1349 2620 1635 2678 credentes
1653 2625 1920 2681 veraciter

328 2705 600 2761 liberavit.
1224 2724 1227 2725 '

908 2798 1137 2858 CAPUT
1191 2801 1327 2859 Xlll.

324 2901 523 2959 Modus
549 2904 847 2962 inveniendi
876 2910 1284 3034 utrumllqcutio
1311 2917 1526 2985 propria
1555 2919 1623 2971 sit
1646 2936 1716 2975 an
1739 2929 1916 2978 trans-

1083 2996 1114 3034 a
1139 2998 1192 3034 a.

1083 2996 1192 3034 ata.

398 3063 536 3120 Huic
573 3069 756 3132 autem
796 3068 1159 3125 observationi
1197 3085 1302 3140 qua
1339 3086 1591 3132 cavemus
1631 3078 1911 3151 ﬁguratam

2024 1886 2235 1943 facinus
2260 1898 2475 1953 vetans,
2516 1902 2609 1944 aut
2651 1893 2936 1948 utilitatem
2972 1905 3065 1950 aut
3089 1896 3497 1954 beneﬁcentiam
3522 1899 3583 1969 ju

2022 1979 2175 2043 hens,
2213 1994 2318 2033 non
2364 1988 2447 2034 est
2479 1981 2725 2051 ﬁgurata.
2758 1982 2814 2038 Si
2843 1995 3022 2040 autem
3052 1986 3311 2057 ﬂagitium
3340 2003 3432 2047 aut
3478 1991 3612 2048 faci-

2023 2083 2126 2123 nus
2155 2069 2367 2124 videtur
2388 2071 2596 2139 jubere,
2646 2084 2739 2128 aut
2786 2077 3074 2132 utilitatem
3105 2089 3157 2134 et
3196 2081 3611 2139 beneﬁcentiam

2023 2169 2237 2226 vetare,
2294 2161 2522 2233 ﬁgurata
2572 2174 2678 2219 est.
2730 2166 2852 2220 Nisi
2894 2171 3364 2240 manducaveritis,
3410 2176 3603 2245 inquit,

2023 2267 2233 2306 carnem
2261 2254 2361 2322 ﬁlii
2385 2255 2631 2323 hominis,
2656 2265 2706 2310 et
2731 2262 3036 2330 sanguinem
3065 2263 3179 2333 ejus
3208 2265 3458 2332 biberitis,
3502 2286 3604 2324 non

2023 2340 2277 2397 habebitis
2308 2345 2467 2399 vitam
2500 2346 2555 2401 in
2583 2347 2720 2401 vobis
2750 2348 2928 2419 (Joan.
2963 2351 3058 2422 vi).
3092 2353 3325 2411 Facinus
3346 2358 3426 2412 vel
3455 2358 3606 2429 ﬂagi-

2024 2429 2158 2484 tium
2184 2432 2395 2488 videtur
2436 2434 2642 2504 jubere.
2690 2438 2942 2510 Figurata
2972 2458 3101 2515 ergo
3134 2453 3239 2512 est,
3287 2449 3606 2518 prmcipiens

2020 2520 2260 2587 passioni
2310 2523 2520 2579 Domini
2553 2542 2674 2582 esse
2712 2532 3239 2601 communicandum,
3270 2547 3325 2591 et
3365 2540 3604 2596 suaviter

2020 2616 2182 2679 atque
2210 2612 2415 2669 utiliter
2440 2617 2784 2674 recolendum
2809 2621 2865 2676 in
2894 2626 3173 2692 memoria,
3201 2630 3343 2697 quod
3370 2646 3469 2701 pro
3506 2649 3604 2688 no-

2017 2699 2103 2754 bis
2143 2716 2268 2757 earo
2315 2703 2432 2773 ejus
2472 2708 2732 2764 crueiﬁxa
2776 2720 2830 2766 et
2868 2714 3145 2772 vulnerata
3190 2719 3278 2774 sit.
3327 2699 3419 2776 Ait
3456 2721 3604 2778 Scri-

2016 2798 2174 2861 ptura
2207 2811 2219 2847 :
2252 2793 2314 2849 Si
2339 2798 2579 2852 esurierit
2601 2800 2843 2858 inimicus
2871 2813 3012 2873 tuus,
3043 2809 3156 2864 ciba
3181 2812 3364 2879 illum;
3404 2816 3450 2868 si
3468 2817 3598 2882 sitit,

2014 2892 2193 2947 potum
2217 2886 2287 2940 da
2310 2886 2390 2940 illi
2419 2887 2598 2959 (Rom.
2631 2892 2752 2964 xu).
2790 2895 2888 2952 Hic
2916 2899 3062 2953 nullo
3096 2901 3372 2959 dubitante
3396 2906 3601 2962 beneﬁ-

2017 2977 2249 3031 centiam
2280 2983 2558 3051 praecipit;
2589 2986 2682 3039 sed
2717 2989 2859 3055 quod
2888 2992 3171 3060 sequitur:
3196 2994 3310 3049 Hoc
3355 2999 3491 3052 enim
3519 2999 3601 3067 fa-

2015 3068 2177 3134 ciens,
2207 3071 2455 3127 carbones
2482 3075 2617 3143 ignis
2641 3085 2882 3146 congeres
2918 3097 3072 3150 super
3092 3097 3246 3154 caput
3268 3087 3401 3156 ejus,
3437 3091 3602 3145 male-

319 3157 677 3225 locmionem'
728 3161 783 3216 id
833 3169 917 3216 εει
953 3162 1290 3229 translatam,
1325 3167 1481 3235 quas;
1527 3173 1801 3241 propriam
1828 3190 1913 3231 se,
1939 3175 1984 3237 ρ
2014 3158 2261 3247 volentia:
2298 3160 2509 3217 facinus
2553 3174 2709 3233 putes
2748 3165 2949 3234 iuberi.
2998 3170 3075 3226 Ne
3123 3173 3284 3244 igitur
3325 3181 3601 3247 putaveris

319 3249 445 3319 qui,
482 3250 823 3321 adiungenda
869 3252 1033 3307 etiam
1073 3253 1164 3309 illa
1190 3264 1292 3319 est,
1334 3271 1404 3311 ne
1440 3261 1717 3330 propriam
1759 3267 1915 3334 quasi

320 3338 611 3408 ﬁguratam
641 3340 870 3396 velimus
901 3342 1170 3412 accipere.
1215 3346 1679 3408 Demonstrandus
1706 3364 1789 3411 est
1816 3356 1915 3427 igi-

323 3437 414 3481 tur
432 3429 686 3499 proprius
709 3431 902 3486 modus
936 3433 1271 3491 invenienda:
1295 3436 1600 3507 locutionis,
1623 3446 1913 3515 propriane

319 3533 396 3571 an
426 3517 656 3588 ﬁgurata
702 3521 796 3587 sit,
838 3530 892 3577 et
920 3522 1025 3578 iste
1052 3526 1275 3583 omnino
1318 3530 1512 3585 modus
1546 3542 1646 3599 est,
1676 3545 1734 3589 ut
1758 3538 1916 3606 quid.

330 3609 466 3678 quid
501 3611 556 3664 in
594 3627 845 3669 sermone
880 3614 1063 3670 divino
1095 3631 1270 3687 neque
1307 3620 1374 3675 ad
1408 3637 1619 3679 morum
1661 3626 1915 3683 honesta-

319 3705 453 3762 tem,
488 3713 665 3768 neque
688 3701 757 3755 ad
795 3701 920 3757 ﬁdei
946 3705 1230 3761 veritatem
1254 3712 1470 3781 proprie
1495 3713 1685 3770 referri
1712 3726 1909 3787 potest,

317 3786 614 3857 ﬁguratum
637 3804 760 3845 esse
796 3806 1110 3863 cognoscas.
1135 3796 1344 3854 Merum
1391 3802 1646 3861 honestas
1680 3786 1748 3863 ad
1786 3809 1912 3864 dili-

315 3878 553 3947 gendum
585 3878 755 3935 Deum
793 3890 849 3936 et
871 3885 1199 3953 proximum,
1224 3888 1349 3945 ﬁdei
1387 3894 1589 3950 veritas
1618 3896 1684 3951 ad
1714 3914 1912 3971 cogno-

313 3966 582 4022 scendum
621 3969 790 4025 Deum
833 3979 889 4026 et
911 3974 1216 4041 proximum
1257 3980 1509 4047 pertinet.
1547 3983 1684 4055 Spes
1727 3966 1909 4044 autem

315 4073 417 4112 sua
443 4059 643 4129 cuique
677 4070 762 4117 est
805 4062 860 4118 in
901 4067 1234 4122 conscientia
1274 4073 1491 4140 propria
1511 4114 1526 4139 ,
1559 4079 1909 4144 quemadmo-

317 4147 447 4202 dum
475 4164 536 4203 se
558 4152 730 4206 sensit
753 4153 822 4206 ad
857 4154 1197 4213 dilectionem
1234 4159 1330 4215 Dei
1375 4171 1433 4217 et
1469 4164 1697 4233 proximi
1728 4171 1912 4242 cogni-

319 4238 637 4311 tionemque
675 4244 959 4312 proﬁcere.
1010 4247 1128 4304 Non
1163 4252 1307 4306 enim
1341 4257 1585 4326 praecipit
1629 4238 1908 4330 Scriptura

315 4327 424 4382 nisi
446 4329 794 4399 charitatem,
814 4350 930 4391 «nec
957 4338 1139 4408 culpat
1178 4341 1285 4398 nisi
1326 4346 1710 4416 cupiditatem;
1751 4327 1811 4406 et
1844 4368 1909 4408 eo

316 4423 484 4478 modo
534 4425 794 4483 informat
840 4445 1022 4487 mores
1061 4434 1359 4491 hominum.
1403 4438 1733 4498 Charitatem
1774 4460 1906 4502 voco

2019 3244 2246 3316 ﬁgurate
2292 3248 2515 3315 dictum,
2563 3261 2765 3309 etcum
2803 3258 2975 3326 possit
3009 3260 3292 3332 dupliciter
3325 3244 3601 3339 interpre-

2018 3338 2143 3404 tari,
2172 3355 2279 3396 uno
2301 3342 2461 3397 modo
2480 3344 2548 3400 ad
2573 3347 2895 3413 nocendum,
2929 3350 3100 3407 altero
3123 3355 3191 3409 ad
3212 3338 3598 3427 praestandum,

2015 3431 2084 3485 ad
2110 3433 2523 3491 beneﬁcentiam
2558 3446 2611 3493 te
2648 3440 2829 3509 potius
2866 3444 3102 3502 charitas
3148 3460 3382 3516 revocet,
3426 3461 3485 3507 ut
3512 3453 3597 3507 in-

2016 3520 2225 3592 telligas
2247 3525 2512 3582 carbones
2542 3527 2682 3598 ignis
2708 3545 2828 3586 esse
2872 3542 3090 3591 urentes
3120 3538 3452 3607 pmnitentiae
3503 3558 3597 3614 ge-

2014 3614 2197 3679 mitus,
2225 3618 2421 3686 quibus
2448 3622 2702 3690 superbia
2728 3633 2954 3679 sanatur
2976 3625 3092 3695 ejus
3119 3630 3208 3699 qui
3235 3631 3381 3686 dolet
3409 3647 3470 3689 se
3496 3634 3601 3689 ini.

2013 3703 2212 3774 micam
2249 3704 2418 3762 fuisse
2455 3709 2709 3773 hominis,
2737 3727 2765 3764 a
2790 3728 2896 3782 quo
2931 3714 3047 3784 ejus
3082 3717 3314 3773 miseriae
3353 3723 3603 3778 subveni-

2013 3797 2121 3846 tur.
2149 3793 2282 3849 ltem
2306 3811 2430 3851 cum
2454 3798 2529 3851 ait
2552 3799 2845 3856 Dominus:
2867 3802 2969 3868 Qui
2996 3814 3138 3857 amat
3165 3807 3395 3861 animam
3420 3827 3594 3879 suam,

2011 3883 2195 3953 perdat
2219 3902 2335 3940 eam
2375 3886 2586 3959 (Matth.
2619 3890 2701 3960 ι),
2741 3906 2849 3947 non
2871 3894 3159 3951 utilitatem
3186 3907 3371 3955 vetare
3399 3909 3595 3970 putan-

2013 3973 2113 4028 dus
2159 3981 2283 4041 est,
2333 3991 2438 4045 qua
2492 3978 2652 4034 debet
2703 3982 2932 4052 quisque
2984 4000 3306 4043 conservare
3361 3992 3598 4047 animam

2012 4078 2185 4129 suam,
2238 4066 2333 4120 sed
2377 4066 2604 4137 ﬁgurate
2653 4072 2879 4139 dictum,
2910 4076 3094 4143 perdat
3123 4078 3377 4145 animam,
3410 4081 3462 4136 id
3491 4072 3595 4150 est,

2011 4154 2244 4223 perimat
2285 4165 2446 4227 atque
2489 4161 2703 4216 amittat
2731 4179 2886 4217 usum
2913 4164 3030 4234 ejus
3053 4180 3212 4235 quem
3244 4184 3386 4226 nunc
3410 4171 3593 4241 habet,

2009 4258 2324 4312 perversum
2355 4247 2561 4303 scilicet
2598 4260 2761 4320 atque
2787 4263 3197 4324 praeposterum,
3237 4274 3344 4329 quo
3372 4260 3597 4318 inclina-

2012 4344 2101 4390 tur
2127 4340 2511 4409 temporalibus
2533 4383 2547 4407 ,
2587 4351 2647 4396 ut
2677 4352 2879 4400 aeterna
2908 4363 3012 4403 non
3060 4360 3285 4419 quaerat.
3320 4353 3592 4425 Scriptum

2012 4438 2136 4486 est:
2170 4431 2254 4485 Da
2314 4433 2671 4501 misericordi,
2716 4445 2765 4489 et
2823 4453 2885 4491 ne
2931 4440 3188 4509 suscipias
3246 4455 3591 4514 peccatorem.

316 4521 526 4567 ωοιιιω
555 4514 722 4569 anim
748 4518 816 4574 ad
841 4517 1128 4576 fruendum
1152 4524 1263 4579 Deo
1291 4536 1511 4597 propter
1540 4530 1737 4599 ipsum,
1765 4542 1819 4589 et
1848 4551 1907 4591 se
1931 4535 1985 4595 D
2009 4521 2286 4579 Posterior
2316 4540 2443 4595 pars
2470 4524 2628 4594 hujus
2663 4529 2942 4584 sententiae
2982 4529 3197 4586 videtur
3216 4542 3402 4591 vetare
3432 4537 3596 4594 bene-

318 4611 487 4673 atque
532 4604 785 4671 proximo
810 4617 1031 4679 propter
1081 4611 1272 4668 Deum.
1324 4614 1684 4686 Cupiditatem
1724 4632 1907 4679 autem

315 4703 529 4748 motum
558 4695 730 4751 animi
760 4697 828 4752 ad
866 4697 1152 4757 fruendum
1181 4719 1239 4759 se
1275 4713 1332 4760 et
1361 4709 1631 4777 proximo,
1656 4719 1711 4766 et
1737 4714 1910 4782 quoli-

312 4782 408 4837 bet
434 4798 668 4874 corpore
688 4802 795 4842 non
824 4798 1043 4859 propter
1066 4794 1256 4849 Deum.
1284 4795 1437 4863 Quod
1463 4811 1644 4856 autem
1672 4805 1784 4874 agit
1812 4806 1896 4859 in-

315 4872 526 4928 domita
556 4875 826 4945 cupiditas
852 4880 920 4935 ad
955 4886 1408 4954 corrumpendum
1438 4890 1680 4946 animum
1712 4872 1769 4949 et
1792 4909 1909 4950 cor-

314 4978 418 5032 pus
465 4980 648 5032 suum,
702 4966 964 5039 ﬂagitium
993 4980 1256 5043 vocatur;
1286 4978 1433 5048 quod
1460 4988 1640 5036 autem
1688 4982 1798 5054 'agit
1843 4993 1905 5039 ut

319 5057 478 5114 alteri
504 5069 722 5126 noceat,
769 5061 982 5121 facinus
1008 5066 1224 5123 dicitur.
1272 5070 1340 5125 Et
1370 5072 1487 5127 haec
1521 5082 1648 5129 sunt
1683 5077 1788 5131 duo
1807 5091 1898 5148 ge-

319 5163 453 5203 nera
480 5151 726 5207 omnium
752 5162 1102 5222 peccatorum
1123 5198 1138 5223 ,
1170 5159 1266 5215 sed
1308 5158 1507 5231 ﬂagitia
1545 5164 1727 5232 priora
1757 5174 1902 5220 sunt.

323 5236 451 5304 Quae
495 5255 620 5315 cum
668 5242 1069 5301 exinaniverint
1110 5248 1379 5314 animum,
1416 5257 1472 5305 et
1506 5252 1573 5306 ad
1616 5252 1904 5321 quamdam

319 5337 618 5399 egestatem
640 5334 1011 5403 perduxerint,
1047 5337 1100 5392 in
1123 5337 1362 5396 facinora
1383 5343 1684 5410 prosilitur,
1709 5344 1906 5413 quibus

321 5432 704 5479 removeantur
752 5426 1133 5497 impedimenta
1184 5429 1515 5501 ﬂagitiorum
1539 5473 1554 5499 ,
1610 5442 1705 5489 aut
1758 5433 1906 5503 adju-

322 5518 503 5565 menta
531 5521 864 5581 quaerantur.
906 5514 1038 5571 Item
1065 5518 1209 5588 quod
1236 5519 1347 5589 agit
1375 5521 1611 5577 charitas
1635 5523 1778 5591 quod
1800 5523 1905 5579 sibi

323 5601 513 5669 prosit,
531 5602 739 5659 utilitas
756 5613 870 5671 est;
890 5609 1033 5677 quod
1047 5617 1226 5665 autem
1243 5611 1353 5682 agit
1374 5620 1431 5667 ut
1451 5614 1621 5682 prosit
1633 5614 1903 5685 proximo,

329 5688 683 5748 beneﬁcentia
732 5697 1056 5754 nominatur.
1107 5700 1173 5756 Et
1226 5702 1312 5758 hic
1346 5705 1600 5774 praecedit
1652 5705 1900 5767 utilitas:

2010 4611 2302 4670 ﬁcentiam.
2344 4615 2616 4686 lntelligas
2636 4633 2763 4688 ergo
2790 4618 3016 4689 ﬁgurate
3039 4623 3300 4692 positum,
3340 4640 3439 4695 pro
3466 4641 3594 4697 pec-

2010 4712 2132 4759 cato
2158 4716 2505 4774 peccatorem,
2536 4715 2592 4761 ut
2626 4719 2905 4777 peccatum
2927 4710 3044 4779 ejus
3064 4729 3171 4769 non
3201 4717 3483 4786 suscipias.

2595 4816 2822 4874 CAPUT
2862 4818 2997 4875 XIV.

2006 4900 2086 4956 De
2118 4905 2266 4958 varia
2286 4905 2666 4983 signiﬁcatione
2687 4908 2976 4983 verborum,
3020 4929 3137 4983 qua:
3165 4925 3366 4970 constat
3388 4918 3442 4973 in
3469 4937 3593 4976 con-

2452 4977 2722 5031 trarietate
2739 4988 2788 5032 et
2814 4977 3132 5036 diversitate.

2079 5060 2185 5118 Sed
2218 5065 2472 5132 quoniam
2503 5066 2683 5123 multis
2718 5070 2890 5125 modis
2934 5086 3022 5127 res
3054 5073 3257 5128 similes
3305 5088 3587 5146 apparent,

2007 5167 2115 5207 non
2157 5163 2406 5224 putemus
2453 5156 2526 5210 ita
2554 5172 2675 5213 esse
2721 5160 3004 5229 scriptum,
3047 5172 3106 5217 ut
3132 5166 3275 5235 quod
3310 5166 3364 5220 in
3408 5167 3589 5238 aliquo

2008 5242 2127 5298 loco
2157 5258 2246 5298 res
2272 5245 2452 5315 aliqua
2482 5261 2579 5316 per
2602 5249 3007 5306 similitudinem
3047 5253 3450 5325 signiﬁcaverit,
3484 5258 3589 5314 hoc

2009 5349 2130 5390 eam
2155 5350 2370 5405 semper
2409 5337 2714 5409 signiﬁcare
2754 5342 3060 5399 credamus.
3090 5344 3227 5400 Nam
3265 5353 3320 5401 et
3366 5347 3424 5401 in
3453 5346 3591 5402 vitu-

2004 5428 2285 5498 peratione
2322 5431 2496 5499 posuit
2534 5431 2859 5488 fermentum
2901 5436 3162 5494 Dominus
3186 5454 3308 5494 cum
3338 5440 3542 5497 diceret
3572 5457 3585 5494 :

2008 5520 2191 5575 Cavete
2213 5537 2244 5574 a
2268 5522 2521 5591 fermento
2546 5522 2938 5579 Pharisreorum
2963 5525 3115 5596 (Luc.
3135 5529 3257 5601 xu);
3278 5538 3334 5584 et
3353 5530 3407 5584 in
3431 5530 3588 5583 laude

2007 5626 2130 5667 cum
2176 5612 2426 5667 diceret:
2456 5610 2637 5668 Simile
2680 5624 2754 5669 est
2808 5630 3021 5685 regnum
3078 5617 3326 5673 calorum
3378 5621 3588 5676 mulieri

2008 5720 2126 5772 qua:
2148 5704 2414 5758 abscondit
2457 5704 2765 5773 fermentum
2796 5707 2848 5759 in
2883 5706 3048 5759 tribus
3074 5710 3328 5764 mensuris
3368 5710 3582 5783 (arium,
