3974 6200
386 240 488 296 591

1026 233 1089 290 Β.
1131 231 1385 290 RABANl
1426 231 1644 288 MAURl
1682 229 2002 287 ARCHIEP.
2042 229 2357 288 MOGUNT.
2399 230 2686 288 OPERUM
2730 233 2906 290 PARS
2940 235 2978 289 l.

3555 243 3683 300 592

389 354 553 408 donec
575 360 738 406 totum
768 355 1102 420 fermentaret
1132 348 1285 420 (Luc.
1325 346 1467 420 xui).
1494 345 1664 416 Hujus
1687 346 1850 418 igitur
1877 361 1972 400 va—
1999 359 2054 418 Α
2076 344 2193 400 sine
2217 344 2551 400 dubitatione
2581 348 2850 415 praevidit,
2884 349 2995 403 imo
3026 357 3085 404 ιιι
3105 356 3570 424 occurreret,quia
3598 373 3677 412 ex

390 447 605 502 rietatis
653 445 960 500 observatio
1019 444 1153 499 duas
1212 444 1375 499 habet
1421 442 1658 508 formas;
1717 443 1797 497 sic
1832 442 1979 496 enim

390 539 534 594 aliud
561 548 721 608 atque
748 538 890 592 aliud
918 553 1005 592 res
1033 552 1257 606 quaeque
1285 535 1609 606 signiﬁcant,
1648 542 1709 589 ut
1732 542 1828 589 aut
1852 548 1981 588 con-

393 632 582 698 traria,
631 640 726 684 aut
774 630 985 683 diversa
1036 627 1359 699 signiﬁcent.
1412 625 1696 681 Contraria
1749 624 1977 690 scilicet,

393 738 517 777 cum
543 721 678 777 alias
699 722 752 774 in
781 720 941 785 bono,
970 718 1106 772 alias
1129 719 1183 772 in
1214 717 1356 771 malo
1379 732 1467 771 res
1496 716 1684 770 eadem
1706 729 1803 785 per
1830 713 1981 769 simi-

393 814 674 868 litudinem
706 812 946 880 ponitur,
984 810 1125 864 sicut
1164 810 1267 863 hoc
1300 816 1383 863 est
1423 807 1566 877 quod
1609 807 1676 861 de
1712 805 1979 861 fermento

396 918 557 972 supra
588 902 840 955 diximus.
874 899 1002 954 Tale
1053 906 1137 953 est
1178 898 1341 952 etiam
1389 896 1532 966 quod
1576 895 1661 953 leo
1714 895 1980 973 signiﬁcat

394 994 691 1056 Christum,
725 991 816 1044 ubi
842 990 1075 1044 dicitur:
1112 987 1243 1041 Vicit
1279 988 1358 1041 leo
1382 987 1446 1040 de
1466 987 1604 1040 tribu
1623 985 1768 1039 Juda
1792 985 1978 1055 (Apoc.

394 1095 471 1157 ν).
501 1083 785 1155 Signiﬁcat
809 1092 861 1137 et
891 1082 1163 1137 diabolum
1184 1124 1197 1147 ,
1230 1082 1320 1137 ubi
1349 1081 1608 1149 scriptum
1633 1086 1746 1135 est:
1779 1079 1980 1132 Adver-

393 1178 567 1231 sarius
614 1187 775 1229 vester
809 1174 1050 1229 diabolus
1089 1183 1339 1245 tanquam
1387 1171 1465 1226 leo
1508 1171 1721 1242 rugiens
1768 1170 1977 1235 circuit,

393 1285 632 1339 qua’rens
652 1284 803 1337 quem
834 1268 1042 1320 devoret
1067 1264 1085 1336 (
1106 1265 1132 1317 Ι
1166 1263 1312 1318 Petr.
1342 1263 1407 1335 v)
1462 1263 1697 1332 Serpens
1720 1262 1773 1319 in
1792 1261 1934 1315 bono
1963 1277 1975 1313 :

395 1358 577 1411 Estote
598 1358 759 1412 astuti
782 1366 839 1410 ut
867 1366 1127 1426 serpentes
1151 1354 1365 1426 (Matth.
1394 1355 1469 1426 χ).
1501 1354 1558 1407 ln
1585 1353 1728 1408 malo
1757 1361 1936 1407 autem
1962 1369 1976 1405 :

397 1448 622 1518 Serpens
649 1448 813 1502 Evam
861 1448 1066 1500 seduxit
1095 1447 1289 1500 astutia
1333 1462 1429 1500 sua
1453 1445 1553 1516 (11
1585 1443 1708 1500 Cor.
1754 1461 1806 1498 χι
1834 1444 1875 1516 ).
1923 1444 1981 1498 1η

394 1539 557 1603 bono,
582 1538 777 1607 panis:
805 1537 918 1607 Ego
947 1554 1063 1591 sum
1097 1538 1249 1607 panis
1293 1537 1456 1603 vivus,
1492 1537 1580 1608 qui
1623 1536 1687 1591 de
1729 1536 1854 1590 caelo
1891 1536 1982 1589 de-

393 1630 571 1683 scendi
599 1627 655 1701 (1
663 1646 785 1682 oan.
815 1628 910 1700 vi).
947 1628 1002 1681 In
1032 1628 1196 1689 malo,
1225 1627 1381 1696 panis
1409 1642 1422 1680 :
1452 1625 1617 1681 Panis
1661 1625 1891 1680 occultus
1917 1625 1982 1679 li-

2082 435 2197 505 ipsa
2226 435 2455 499 veritate
2483 437 2712 491 subnixa
2763 439 3021 508 providit.
3069 440 3204 495 Nam
3232 443 3364 513 quid
3395 445 3448 498 in
3476 447 3689 504 divinis

2080 526 2310 595 eloquiis
2338 526 2543 597 largius
2570 535 2624 581 et
2649 529 3068 599 uberiuspotuit
3098 532 3358 588 divinitus
3381 537 3688 605 provideri,

2079 631 2243 686 quam
2268 626 2328 671 ut
2355 618 2545 673 eadem
2584 618 2744 673 verba
2788 619 3034 689 pluribus
3074 623 3444 699 intelligantur
3479 631 3689 693 modis,

2080 724 2215 780 quos
2241 709 2349 763 alia
2380 725 2486 765 non
2518 710 2699 766 minus
2727 711 2911 766 divina
2954 716 3319 770 contestantia
3352 716 3559 773 faciant
3585 736 3693 790 ap-

2078 798 2333 868 probari?
2386 798 2490 855 Ubi
2517 809 2701 854 autcm
2733 802 2856 856 talis
2887 817 3079 859 sensus
3115 805 3349 872 eruitur,
3398 806 3554 876 cujus
3596 810 3694 864 in-

2080 896 2291 944 certum
2334 890 2503 945 certis
2537 899 2850 945 sanctarum
2891 890 3294 963 Scripturarum
3348 900 3693 957 testimoniis

2080 996 2187 1034 non
2219 980 2392 1050 possit
2429 980 2652 1050 aperiri,
2706 989 2875 1037 restat
2902 991 2964 1036 ut
2996 985 3208 1040 ratione
3251 989 3460 1044 reddita
3504 992 3693 1046 mani-

2081 1069 2254 1126 festus
2282 1079 2566 1142 appareat,
2609 1073 2770 1127 etiam
2801 1073 2846 1128 si
2877 1074 2964 1130 ille
2990 1077 3144 1147 cujus
3178 1079 3340 1135 verba
3378 1081 3691 1153 intelligere

2083 1163 2403 1234 quaerimus,
2455 1178 2578 1218 eum
2605 1162 2743 1221 forte
2767 1180 2875 1220 non
2905 1168 3093 1221 sensit.
3151 1167 3257 1225 Sed
3294 1171 3409 1226 haec
3443 1187 3691 1229 consue-

2084 1255 2211 1310 tudo
2253 1253 2556 1327 periculosa
2611 1262 2713 1308 est.
2762 1254 2868 1309 Per
2914 1254 3224 1325 scripturas
3272 1260 3418 1314 enim
3466 1262 3691 1318 divinas

2083 1345 2159 1400 ita
2192 1345 2362 1399 multo
2412 1345 2579 1399 tutius
2625 1344 2955 1411 ambulatur,
2987 1347 3035 1401 si
3083 1348 3186 1404 hoc
3236 1350 3575 1419 exhibemus,
3620 1361 3690 1407 ut

2083 1453 2205 1505 cum
2232 1437 2409 1507 aliqua
2433 1437 2612 1493 verbis
2636 1437 2913 1493 translatis
2945 1455 3113 1509 opaca
3144 1444 3377 1513 scrutari
3403 1444 3684 1509 volumus,

2084 1537 2178 1583 aut
2198 1529 2302 1584 hoc
2330 1528 2454 1583 inde
2486 1536 2645 1582 exeat
2670 1529 2815 1598 quod
2849 1544 2959 1588 non
2988 1530 3187 1587 habeat
3217 1535 3682 1601 controversiain,

2083 1627 2195 1683 aut,
2236 1617 2281 1673 si
2325 1618 2546 1683 habeat,
2587 1634 2653 1673 ex
2688 1619 2876 1673 eadem
2927 1618 3210 1690 Scriptura
3255 1622 3563 1694 ubicunque
3597 1625 3690 1681 eis

396 1719 573 1773 benter
595 1719 770 1772 editur
797 1716 995 1790 (Prov.
1027 1718 1137 1788 ix).
1170 1716 1262 1772 Sic
1282 1726 1336 1771 et
1361 1717 1463 1770 alia
1495 1716 1745 1786 plurima.
1778 1716 1847 1770 Et
1866 1716 1984 1770 haec
2011 1715 2058 1774 B
2086 1708 2321 1764 inventis
2366 1716 2527 1778 atque
2573 1708 2830 1764 adhibitis
2874 1710 3122 1777 testibus,
3176 1712 3519 1769 terminatur.
3570 1713 3687 1770 Sed

395 1811 612 1880 quidem
642 1808 761 1881 quae
792 1809 1235 1874 commemoravi,
1284 1809 1504 1865 minime
1534 1808 1752 1863 dubiam
1780 1808 1984 1878 signiﬁ-

398 1904 666 1958 cationem
696 1908 909 1973 gerunt,
957 1900 1081 1971 quia
1128 1900 1357 1970 exempli
1386 1900 1561 1971 gratia
1592 1916 1698 1956 non
1733 1900 1839 1955 nisi
1869 1915 1983 1954 ma-

396 1992 593 2047 nifesta
635 1991 1054 2046 commemorari
1099 1991 1420 2046 debuerunt.
1468 1989 1610 2047 Sunt
1648 1999 1829 2046 autem
1864 2006 1984 2060 qua:

395 2084 663 2137 incertum
688 2090 774 2136 est
797 2082 850 2135 in
877 2096 1037 2150 quam
1070 2092 1281 2151 partem
1318 2081 1491 2151 accipi
1522 2081 1775 2147 debeant,
1818 2082 1979 2146 sicut,

396 2173 551 2227 Catia;
602 2174 656 2226 in
699 2189 859 2226 manu
896 2172 1105 2224 Domini
1153 2173 1256 2225 vini
1297 2172 1427 2225 meri
1476 2171 1661 2242 plenus
1696 2182 1781 2226 ‘est
1828 2174 1981 2227 mislo

397 2262 569 2334 (l’sal.
607 2263 812 2335 Lxxw).
861 2262 1130 2317 Incertum
1171 2270 1257 2316 est
1299 2263 1442 2317 enim
1474 2271 1656 2317 utrum
1706 2263 1843 2317 iram
1879 2264 1984 2317 Do-

396 2354 528 2410 mini
558 2354 825 2424 signiticet
872 2367 978 2406 non
1018 2366 1188 2421 usque
1236 2352 1301 2405 ad
1347 2352 1696 2407 novissimam
1741 2366 1978 2422 poenam,

396 2446 450 2500 id
485 2454 569 2499 est
599 2458 767 2513 usque
797 2443 866 2497 ad
897 2440 1114 2505 fmcem;
1143 2456 1210 2495 an
1238 2441 1418 2511 potius
1453 2441 1684 2511 gratiam
1733 2439 1979 2511 Scriptu-

397 2554 581 2591 rarum
606 2553 636 2590 a
664 2536 866 2591 Judwis
900 2534 966 2589 ad
1003 2541 1216 2606 gentem
1260 2541 1649 2599 transeuntem,
1678 2534 1805 2603 quia
1829 2532 1982 2587 ineli-

397 2629 540 2682 navit
571 2643 636 2681 ea:
673 2627 770 2680 hoc
801 2626 854 2679 in
882 2626 998 2689 hoc,
1032 2626 1437 2681 remanentibus
1471 2625 1612 2696 apud
1634 2624 1847 2686 Iudaeos
1881 2624 1978 2679 ob-

397 2724 794 2780 servationibus
828 2738 961 2792 quas
989 2720 1277 2777 carnaliter
1311 2720 1547 2790 sapiunt,
1573 2719 1699 2789 quia
1739 2718 1845 2788 fa'a:
1865 2718 1979 2788 ejus

398 2831 501 2869 non
536 2824 608 2868 est
637 2814 929 2868 exinanita.
963 2811 1096 2868 Cum
1121 2826 1250 2866 vero
1290 2826 1379 2865 res
1402 2808 1594 2863 eadem
1621 2824 1729 2861 non
1763 2809 1817 2861 in
1850 2822 1980 2862 con-

400 2907 590 2971 traria,
638 2905 731 2960 sed
775 2914 952 2958 tamen
988 2904 1043 2957 in
1070 2900 1460 2972 signiﬁcatione
1495 2898 1717 2970 ponitur
1742 2898 1974 2964 diversa,

398 2998 530 3054 illud
562 3007 647 3053 est
671 2998 724 3051 in
751 2997 1028 3066 exemplo,
1058 2997 1201 3065 quod
1230 3009 1369 3064 aqua
1398 3004 1454 3048 et
1479 2994 1737 3064 p0pulum
1767 2990 1978 3063 signiﬁ-

396 3098 503 3154 cat,
538 3090 678 3144 sicut
707 3088 762 3142 in
799 3086 1119 3158 Apocalypsi
1146 3086 1404 3157 legimus;
1443 3094 1497 3138 et
1532 3083 1793 3153 Spiritum
1845 3098 1976 3138 san-

396 3188 566 3246 ctum,
592 3180 735 3233 unde
764 3189 848 3233 est
879 3178 1009 3232 illud
1034 3195 1046 3231 :
1083 3176 1335 3231 Flumina
1365 3176 1429 3229 de
1461 3185 1635 3229 ventre
1665 3174 1778 3244 ejus
1813 3174 1979 3244 ﬂuent

398 3286 551 3341 aqum
587 3270 711 3323 vivae
758 3267 939 3341 (Joan.
971 3267 1090 3336 vn),
1123 3277 1178 3323 et
1206 3268 1251 3323 si
1278 3268 1408 3337 quid
1450 3267 1595 3323 aliud
1619 3274 1782 3338 atque
1811 3266 1978 3334 aliud,

398 3381 500 3437 pro
526 3365 660 3420 locis
690 3365 742 3418 in
766 3363 965 3433 quibus
989 3363 1228 3433 ponitur,
1256 3378 1395 3432 aqua
1427 3360 1734 3433 signiﬁcare
1775 3360 1980 3416 intelli-

398 3459 560 3529 gitur.
604 3455 705 3511 Ubi
733 3463 909 3509 autem
938 3454 1177 3524 apertius
1205 3462 1495 3523 ponuntur,
1541 3453 1616 3508 ibi
1662 3451 1979 3508 discendum

399 3554 486 3602 est
539 3543 807 3616 quomodo
848 3545 901 3598 iu
932 3543 1065 3599 locis
1104 3542 1433 3614 intelligatur
1477 3542 1742 3598 obscuris.
1796 3542 1981 3612 Neque

399 3639 545 3694 enim
584 3638 776 3692 melius
807 3644 985 3708 potest
1024 3635 1245 3708 intelligi
1292 3636 1434 3706 quod
1479 3636 1681 3690 dictum
1717 3642 1803 3690 est
1850 3635 1978 3701 Deo,

397 3730 737 3801 Apprehende
766 3747 914 3783 arma
944 3738 990 3783 et
1013 3740 1238 3796 scutum,
1263 3739 1309 3784 et
1337 3745 1556 3799 exsurge
1579 3729 1635 3783 in
1658 3728 1982 3798 adjutorium

396 3820 523 3873 milii
559 3817 728 3890 (Psal.
763 3818 970 3890 χχχιιι),
1017 3835 1181 3888 quam
1210 3834 1277 3873 ex
1313 3821 1416 3875 hoc
1444 3820 1563 3875 loco
1602 3819 1694 3874 ubi
1737 3819 1935 3890 legitur
1964 3837 1977 3872 :

396 3910 643 3976 Domine,
672 3919 728 3963 ut
756 3919 903 3964 scuto
940 3910 1087 3964 bona:
1127 3909 1406 3965 voluntatis
1449 3920 1555 3965 tua:
1590 3911 1851 3964 coronasti
1888 3926 1981 3964 nos

396 4002 568 4074 (Psal.
596 4006 672 4073 v.)
1588 3990 1589 3999 ‘

998 4094 1225 4151 CAPUT
1258 4095 1373 4151 XV.

399 4183 552 4257 Quod
596 4203 698 4240 non
726 4186 793 4240 sit
824 4185 1114 4257 periculum
1155 4188 1333 4241 varius
1373 4185 1663 4240 intellectus
1700 4187 1756 4240 in
1784 4186 1979 4242 eisdem

457 4254 748 4326 Scriptura:
775 4254 958 4318 verbis,
988 4258 1031 4310 si
1061 4272 1243 4310 sensus
1274 4257 1383 4327 ipse
1410 4266 1662 4327 congruat
1694 4257 1915 4311 veritati.

2084 1796 2201 1854 haec
2229 1799 2282 1853 in
2312 1798 2568 1867 praesenti
2601 1798 2667 1853 de
2695 1798 2867 1869 signis
2892 1800 3036 1855 dicta
3066 1799 3351 1856 suﬁiciant.
3401 1801 3685 1860 Caeterum

2084 1889 2176 1961 qui
2217 1888 2429 1959 plenius
2456 1888 2525 1945 de
2557 1889 2642 1944 bis
2671 1890 2811 1946 scire
2853 1891 3164 1960 desiderat,
3209 1894 3266 1948 in
3299 1894 3454 1950 libris
3499 1897 3688 1952 sancti

2081 1979 2367 2052 Augustini
2397 1979 2462 2034 de
2488 1979 2743 2036 Doctrina
2774 1980 3103 2051 Christiana,
3141 1984 3286 2039 unde
3316 1984 3437 2039 inec
3483 2000 3687 2041 excer-

2081 2072 2308 2141 psimus,
2340 2078 2547 2139 quazrat
2571 2080 2627 2125 et
2652 2071 2911 2126 inveniet.
2931 2080 2934 2083 '
2952 2072 3091 2128 Hinc
3122 2074 3188 2128 de
3207 2074 3294 2129 his
3320 2090 3441 2144 quae
3470 2076 3525 2130 in
3552 2092 3692 2146 gen-

2085 2160 2267 2214 tilibus
2296 2159 2558 2213 doctrinis
2587 2169 2932 2226 exercentur,
2964 2169 3018 2215 et
3047 2177 3168 2231 qua:
3197 2162 3450 2219 liberales
3486 2165 3687 2221 dicun-

2084 2259 2172 2317 tur
2198 2260 2362 2317 artes,
2387 2250 2513 2321 quid
2542 2250 2824 2321 conferant
2852 2252 3102 2309 utilitatis
3125 2294 3140 2320 ,
3185 2256 3231 2310 si
3264 2264 3688 2326 perscrutentur

2083 2338 2170 2392 his
2194 2338 2286 2408 qui
2313 2339 2607 2396 canonicas
2635 2340 2949 2412 Scripturas
2971 2341 3173 2414 legunt,
3204 2353 3469 2414 quantum
3497 2345 3686 2414 valeo,

2082 2428 2382 2501 explicabo.

2676 2520 2905 2578 CAPUT
2944 2523 3079 2579 XVI.

2083 2631 2162 2688 De
2191 2632 2689 2713 duobus_gene_ribus
2731 2632 3093 2713 doctrinarum
3126 2637 3419 2713 gentilium,
3465 2650 3514 2694 et
3557 2657 3685 2713 qua:

2366 2702 2470 2757 sint
2493 2702 2598 2758 illa:
2626 2720 2743 2775 qua:
2765 2705 3104 2760 instituerunt
3130 2702 3387 2763 homines.

2155 2814 2271 2870 Duo
2313 2823 2440 2871 sunt
2467 2830 2666 2886 genera
2708 2816 3079 2873 doctrinarum
3099 2859 3114 2884 ,
3149 2834 3270 2889 quae
3297 2819 3350 2874 in
3381 2821 3682 2891 gentilibus

2081 2905 2246 2960 etiam
2295 2907 2540 2962 moribus
2597 2917 2921 2964 exercentur
2971 2927 3185 2965 :unum
3242 2927 3428 2966 earum
3486 2929 3680 2969 rerum

2083 3011 2219 3067 quas
2266 2999 2617 3055 insﬁtuerunt
2670 3000 2956 3067 homines;
3007 3002 3235 3058 alterum
3288 3020 3471 3060 carum
3532 3021 3680 3077 quas

2086 3089 2586 3146 animadverterunt
2609 3090 2722 3160 jam
2751 3102 3016 3161 peractas,
3039 3105 3133 3150 aut
3164 3096 3423 3152 divinitus
3450 3100 3681 3155 institu-

2085 3188 2186 3237 tas.
2211 3180 2344 3236 lllud
2381 3182 2525 3250 quod
2549 3190 2633 3237 est
2654 3183 2951 3238 secundum
2975 3186 3341 3243 institutiones
3367 3189 3677 3258 hominum,

2082 3272 2283 3341 partim
2327 3275 2761 3343 superstitiosum
2794 3286 2899 3345 est,
2942 3282 3142 3349 partim
3180 3297 3286 3337 non
3321 3292 3424 3339 est.
3467 3284 3680 3354 Super-

2084 3362 2353 3417 stitiosum
2386 3372 2469 3420 est
2493 3365 2753 3437 quidquid
2796 3369 3103 3425 institutum
3130 3380 3214 3428 est
3255 3374 3322 3428 ab
3357 3375 3675 3432 hominibus

2086 3453 2155 3507 ad
2198 3451 2446 3510 facienda
2486 3466 2543 3511 et
2580 3458 2803 3514 colenda
2845 3460 2986 3516 idola
3026 3463 3323 3533 pertinens,
3354 3466 3438 3520 vcl
3475 3466 3542 3521 ad
3581 3483 3681 3522 co-

2083 3541 2301 3598 lendum
2335 3544 2475 3600 sicut
2510 3546 2679 3602 Deum
2725 3558 3065 3618 creaturam,
3115 3553 3199 3609 vel
3243 3562 3452 3625 partem
3500 3555 3675 3612 ullam

2083 3643 2364 3700 creaturae,
2388 3636 2473 3692 vel
2499 3638 2569 3693 ad
2598 3640 3020 3698 consultationes
3044 3652 3100 3699 et
3126 3654 3285 3714 pacta
3315 3647 3558 3715 quaedam
3591 3649 3668 3702 si-

2084 3721 2489 3793 gniﬁcationum
2518 3741 2642 3782 cum
2672 3728 3011 3787 dazmonibus
3045 3732 3245 3803 placita
3291 3744 3453 3805 atque
3500 3737 3677 3793 reade—

2085 3822 2224 3881 rata,
2261 3816 2441 3885 qualia
2481 3826 2611 3873 sunt
2637 3819 2910 3875 molimina
2945 3826 3274 3895 magicarum
3301 3826 3518 3893 artium,
3549 3844 3679 3898 qua

2084 3904 2303 3973 quidem
2331 3922 2760 3965 commemorare
2782 3911 2972 3980 potius
3000 3928 3164 3982 quam
3202 3915 3396 3970 docere
3432 3917 3678 3971 assolent

2082 4006 2275 4064 poetae.
2300 3997 2375 4051 Ex
2400 4013 2507 4067 quo
2529 4014 2728 4071 genere
2751 4010 2898 4067 sunt,
2924 4004 3017 4059 sed
3040 4005 3193 4074 quasi
3210 4005 3490 4061 licentiore
3511 4008 3674 4061 vani-

2085 4091 2218 4150 tate,
2242 4085 2584 4155 haruspicum
2626 4096 2682 4143 et
2731 4105 2996 4160 augurum
3036 4092 3177 4148 libri.
3222 4094 3307 4149 Ad
3352 4096 3453 4151 hoc
3498 4110 3674 4167 genus

2082 4174 2356 4244 pertinent
2377 4193 2566 4234 omnes
2592 4180 2755 4235 etiam
2798 4181 3042 4251 ligatum
3071 4193 3231 4254 atque
3257 4187 3511 4249 remedia,
3545 4203 3673 4258 quae

2085 4267 2414 4323 medicorum
2468 4285 2681 4340 quoque
2731 4271 3013 4341 disciplina
3065 4276 3402 4344 contemnit,
3455 4278 3568 4334 sive
3610 4281 3672 4334 in
3760 4287 3773 4302 '

470 4366 696 4432 Quando
740 4375 920 4421 autem
964 4381 1033 4421 εχ
1073 4365 1276 4421 eisdem
1327 4366 1622 4436 scriptum
1644 4368 1827 4423 verbis
1872 4383 1979 4423 ηοη
2006 4409 2058 4468 D
2084 4361 2636 4430 praecautationibus,
2695 4363 2808 4418 sive
2861 4365 2915 4418 in
2960 4365 3282 4435 quibusdam
3336 4369 3478 4423 notis
3526 4385 3672 4438 quas

401 4470 568 4509 unum
598 4455 818 4524 aliquid,
862 4456 956 4509 sed
985 4456 1092 4510 duo
1127 4455 1210 4509 vel
1244 4455 1397 4524 plura
1426 4456 1754 4521 sentiuntur,
1808 4458 1975 4511 etiam

397 4543 445 4598 si
468 4543 601 4598 latet
628 4544 757 4612 quid
789 4544 1023 4598 senserit
1062 4543 1150 4597 ille
1172 4544 1263 4613 qui
1289 4544 1535 4614 scripsit,
1584 4544 1718 4598 nihil
1748 4546 1975 4615 periculi

396 4642 502 4698 est,
535 4634 579 4687 si
615 4634 889 4701 quodlibet
927 4649 1111 4687 eorum
1142 4648 1441 4703 congruere
1483 4635 1723 4700 veritati,
1762 4652 1829 4691 ex
1857 4636 1976 4692 aliis

394 4724 531 4778 locis
578 4730 885 4777 sanctarum
918 4722 1322 4792 Scripturarum
1354 4724 1534 4779 doceri
1568 4735 1781 4796 potest;
1818 4729 1871 4783 id
1895 4738 1997 4803 ta-p

396 4830 519 4870 men
541 4829 606 4868 eo
628 4821 874 4879 conante,
906 4813 997 4883 qui
1022 4814 1201 4868 divina
1229 4822 1502 4870 scrutatur
1542 4817 1776 4886 eloquia,
1818 4829 1878 4874 ut
1905 4821 1974 4875 ad

392 4904 721 4958 voluntatem
756 4904 1098 4972 perveniatur
1134 4905 1389 4970 auctoris,
1421 4921 1518 4976 per
1541 4922 1699 4977 quem
1731 4910 1977 4979 Scriptu-

393 5009 508 5047 ram
539 4992 683 5046 illam
708 5003 927 5047 sanctus
970 5001 1224 5062 Operatus
1271 5003 1354 5049 est
1396 4994 1665 5064 Spiritus;
1718 4996 1830 5052 sive
1871 4998 1973 5053 hoc

395 5092 737 5152 assequatur,
789 5083 900 5137 sive
949 5083 1106 5137 aliam
1157 5086 1483 5140 sententiam
1527 5087 1594 5142 de
1643 5088 1749 5144 illis
1790 5089 1971 5145 verbis

392 5191 514 5245 qua:
545 5174 666 5229 ﬁdei
693 5183 855 5229 rectae
880 5190 986 5229 non
1034 5174 1368 5246 refragatur,
1403 5179 1692 5249 exculpat,
1734 5182 1973 5236 testimo-

392 5265 539 5318 nium
570 5264 776 5319 habens
804 5280 835 5317 a
864 5279 1183 5334 quocunque
1215 5265 1319 5321 alio
1358 5266 1476 5323 loco
1524 5270 1824 5325 divinorum
1860 5271 1972 5327 elo-

392 5353 662 5420 quiorum.
717 5352 809 5407 ille
856 5354 1051 5424 quippe
1073 5364 1262 5410 auctor
1303 5355 1357 5409 in
1397 5356 1599 5411 eisdem
1639 5359 1819 5415 verbis
1855 5375 1974 5431 quae

391 5439 691 5510 intelligere
736 5440 1001 5506 volumus,
1052 5450 1105 5497 et
1156 5443 1328 5514 ipsam
1372 5447 1698 5500 sententiam
1747 5448 1973 5506 forsitan

390 5528 552 5593 vidit;
584 5538 639 5584 et
679 5540 828 5585 certe
857 5529 954 5584 Dei
981 5532 1215 5603 Spiritus
1238 5534 1330 5603 qui
1356 5549 1453 5603 per
1480 5551 1603 5589 cum
1632 5537 1748 5593 hate
1775 5554 1972 5609 opera-

391 5628 479 5674 tus
504 5630 609 5691 est.
635 5622 799 5676 etiam
825 5623 994 5692 ipsam
1016 5640 1363 5681 occursuram
1394 5626 1580 5684 lectori
1619 5629 1703 5685 vel
1740 5632 1972 5688 auditori

2082 4451 2423 4505 characteres
2451 4460 2665 4518 vocant,
2695 4453 2810 4509 sive
2838 4456 2890 4509 in
2913 4456 3234 4524 quibusdam
3258 4459 3420 4515 rebus
3442 4475 3673 4531 suspen-

2082 4541 2269 4596 dendis
2308 4550 2471 4611 atque
2519 4543 2819 4612 illigandis,
2865 4562 2972 4602 non
3028 4557 3248 4618 propter
3297 4551 3407 4605 vim
3458 4560 3671 4607 natura

2081 4632 2476 4700 quodammodo
2517 4636 2585 4690 ad
2617 4638 3063 4705 temperationetn
3101 4654 3412 4712 corporum,
3458 4645 3553 4698 sed
3592 4645 3666 4699 ad

2080 4724 2337 4791 quasdam
2402 4724 2826 4795 signiﬁcationes
2877 4730 3118 4786 occultas
3169 4742 3265 4788 aut
3323 4734 3663 4789 manifestas.

2080 4811 2265 4881 Neque
2294 4812 2373 4866 illi
2412 4814 2482 4868 ab
2523 4814 2625 4869 hoc
2661 4829 2858 4885 genere
2901 4821 3221 4889 perniciose
3264 4828 3668 4896 superstitionis

2083 4903 2397 4972 segregandi
2446 4914 2591 4970 sunt,
2631 4906 2724 4975 qui
2770 4910 3091 4978 genethliaci
3143 4925 3362 4983 propter
3401 4917 3665 4974 natalium

2081 4991 2288 5046 dierum
2327 4994 2813 5064 considerationes,
2860 5016 3004 5056 nunc
3032 5013 3215 5059 autem
3248 5007 3406 5078 vulgo
3448 5012 3662 5064 mathe«

2079 5082 2260 5137 matici
2288 5093 2569 5139 vocantur.
2598 5086 2730 5142 Nam
2757 5099 2810 5145 et
2835 5091 2957 5160 ipsi,
2984 5098 3231 5162 quamvis
3273 5113 3454 5154 veram
3482 5102 3667 5156 stella-

2079 5187 2199 5226 rum
2230 5175 2571 5242 positionem,
2617 5192 2739 5232 cum
2769 5182 2993 5251 quisque
3037 5189 3297 5253 nascitur,
3342 5202 3667 5249 consecteu-
3751 5243 3761 5253 .

2077 5274 2184 5331 tur,
2236 5278 2290 5324 et
2325 5270 2616 5340 aliquando
2661 5276 2824 5330 etiam
2864 5282 3250 5351 pervestigent.
3298 5294 3473 5343 tamen
3515 5292 3664 5360 quod

2075 5357 2201 5413 inde
2262 5370 2529 5416 comatur
2564 5365 2648 5418 vel
2697 5368 2939 5424 actiones
2992 5382 3207 5428 nostras
3254 5377 3336 5431 vel
3383 5357 3662 5435 actionum

2073 5461 2265 5506 eventa
2294 5455 2605 5523 praedicere,
2646 5458 2809 5514 nimis
2839 5472 3044 5528 errant,
3084 5475 3138 5519 et
3172 5469 3408 5524 vendunt
3442 5469 3662 5540 imperi-

2074 5541 2144 5596 tis
2194 5542 2502 5600 bominibus
2557 5547 2918 5605 miserabilem
2969 5556 3302 5611 servitutem.
3362 5559 3658 5615 Commoda

2074 5647 2204 5690 vero
2224 5641 2280 5689 et
2307 5638 2611 5692 necessaria
2656 5638 2933 5696 hominum
2974 5660 3095 5699 cum
3152 5647 3455 5703 hominibus
3503 5652 3672 5705 insti-
