3958 6204
195 300 292 358 305

989 295 1078 352 nn
1117 295 1566 356 CLERICORUM
1604 296 2110 367 iNSTlTUTlONE,
2151 252 2414 357 ετοξ-
2453 302 2581 360 un.
2623 301 2707 361 ut.

3365 309 3471 367 394

196 425 303 475 tuta
327 428 480 480 sunt,
510 426 847 484 quaecunque
872 410 923 466 in
946 411 1033 465 bal
1062 412 1141 466 tiu
1173 421 1230 467 et
1262 412 1410 468 cuitu
1441 415 1687 484 corporis
1716 414 1784 468 ad
1812 419 1859 478 Α
1888 428 2007 482 quae
2034 414 2099 468 de
2141 414 2378 469 locorum
2426 416 2554 479 situ,
2588 415 2905 485 naturisque
2943 416 3278 486 animalium,
3310 421 3482 493 ligno-

195 522 352 565 sexus
376 504 460 560 vel
502 504 739 559 honores
768 501 1161 557 discerncudos
1204 499 1507 557 dill'erentia
1545 503 1783 572 placuit;

195 610 246 658 et
280 595 700 655 innumerabilia
747 608 947 665 genera
996 591 1457 664 signiﬁcationum
1511 594 1630 649 sine
1661 594 1785 664 qui—

195 693 292 748 bus
326 690 567 745 humana
610 685 867 748 societas,
913 692 1007 737 aut
1040 697 1151 736 non
1173 683 1429 750 omnino,
1475 695 1569 739 aut
1612 686 1790 740 minus

196 779 477 835 commode
541 774 788 844 geritur;
841 786 1075 841 quaeque
1127 772 1183 825 in
1238 771 1569 841 ponderibus
1626 784 1789 844 atque

198 867 483 930 mensuris,
508 875 563 919 et
595 877 941 918 nummorum
969 861 1428 932 impressionibus
1466 872 1523 918 et
1554 864 1786 917 :cstima-

197 958 451 1022 tionibus,
483 970 580 1011 sua
619 953 817 1024 cuique
855 951 1065 1007 civitati
1091 959 1146 1005 et
1166 950 1367 1022 populo
1393 962 1520 1008 sunt
1543 954 1784 1023 propria,

197 1060 244 1106 et
278 1056 478 1103 czetera
521 1044 851 1117 huiusmodi,
893 1058 1015 1113 qua:
1063 1042 1168 1096 nisi
1214 1042 1493 1098 hominum
1542 1044 1786 1098 instituta

196 1146 393 1203 essent,
442 1153 549 1191 non
576 1151 674 1206 per
708 1136 952 1190 diversos
980 1133 1209 1204 populos
1248 1134 1413 1189 variae
1455 1145 1656 1199 essent,
1689 1153 1788 1191 nec

196 1234 245 1290 in
274 1231 409 1300 ipsis
432 1227 645 1300 populis
680 1226 905 1298 singulis
932 1240 1033 1295 pro
1071 1224 1301 1281 arbitrio
1333 1241 1555 1282 suorum
1589 1229 1788 1298 princi-

196 1338 321 1393 pum
360 1327 727 1375 mutarentur.
773 1316 881 1373 Sed
921 1317 1041 1372 haee
1101 1323 1215 1372 tota
1254 1332 1381 1388 pars
1425 1318 1786 1374 humanorum

199 1415 600 1477 institutorum,
634 1425 756 1481 quae
783 1410 851 1464 ad
875 1425 1030 1466 usum
1059 1411 1187 1464 vita:
1226 1411 1593 1466 necessarium
1621 1414 1786 1481 proii-

198 1505 378 1569 ciunt,
427 1515 770 1572 nequaquam
815 1506 901 1555 est
954 1500 1204 1570 fugienda
1265 1498 1615 1567 Christiano;
1677 1501 1787 1557 imo

198 1596 385 1658 etiam,
413 1600 677 1663 quantum
704 1591 840 1645 satis
867 1599 971 1655 est,
998 1590 1277 1653 intuenda,
1302 1590 1673 1661 memoriaque
1704 1606 1788 1646 re-

200 1684 434 1741 tinenda.
464 1683 547 1738 Ad
580 1683 720 1738 hanc
741 1689 951 1752 partem
977 1681 1144 1736 etiam
1185 1681 1460 1751 pertinent
1482 1681 1784 1738 litterarum

1890 519 2031 569 rum,
2061 504 2373 570 herbarum,
2397 505 2656 575 lapidum,
2698 506 2998 562 aliorumve
3027 522 3312 578 corporum
3342 512 3478 567 scri-

1887 605 1979 666 pta
2008 604 2151 652 sunt.
2200 597 2277 652 De
2319 613 2427 667 quo
2461 613 2661 669 genere
2701 600 2949 669 superius
2988 599 3216 670 egimus,
3249 616 3480 673 eamque

1886 690 2251 761 cognitionem
2279 690 2461 745 valere
2506 691 2573 746 ad
2602 691 2892 761 (enigmata
2938 692 3343 763 Seriptummm
3373 695 3481 751 sol-

1888 781 2079 845 Venda,
2130 781 2432 845 docuimus,
2465 796 2571 836 non
2607 790 2665 835 ut
2690 797 2791 852 pro
2819 783 3140 852 quihusdam
3174 784 3344 856 signis
3379 786 3480 840 ad-

1887 870 2176 925 hibeantur
2207 879 2461 939 tanquam
2504 872 2571 927 ad
2616 873 2879 939 remedia,
2923 872 3006 928 vel
3047 874 3478 931 machinamenta

1886 963 2285 1031 superstitionis
2331 963 2578 1033 alicujus.
2629 965 2876 1022 Si‘derum
2920 976 3103 1024 autem
3150 985 3482 1042 cognoscen-

1884 1053 2077 1109 dorum
2107 1070 2213 1109 non
2242 1055 2506 1116 narratio.
2538 1057 2631 1111 sed
2660 1057 3049 1114 demonstratio
3087 1068 3173 1116 est
3201 1079 3214 1114 :
3247 1076 3479 1133 quorum

1886 1161 2154 1216 perpauca
2179 1146 2461 1217 Scriptura
2493 1158 2901 1205 commemorat.
2934 1150 3109 1208 Habet
3136 1163 3320 1211 autem
3343 1171 3482 1226 prae-

1889 1246 1972 1291 ter
2025 1237 2542 1293 demonstrationem
2569 1240 2990 1310 ‘prmsentium,
3047 1244 3213 1316 etiam
3257 1256 3481 1316 praeter-

1888 1328 2088 1382 itorum
2137 1328 2439 1383 narrationi
2484 1329 2660 1386 simile
2688 1332 2909 1401 aliquid,
2951 1336 3097 1403 quod
3141 1351 3175 1391 a
3226 1339 3478 1408 praesenti

1886 1419 2173 1486 positione,
2192 1428 2448 1490 motuque
2465 1420 2726 1487 siderum,
2743 1424 2808 1477 ad
2828 1426 3100 1494 praeterita
3119 1442 3306 1483 eorum
3321 1430 3482 1485 vesti-

1886 1510 1972 1580 gia
2004 1510 2327 1582 regulariter
2357 1510 2483 1566 licet
2524 1526 2826 1568 recurrere.
2861 1512 3032 1571 Habet
3061 1518 3226 1574 etiam
3270 1518 3482 1575 futuro-

1889 1618 2007 1657 rum
2047 1604 2323 1673 regulares
2368 1603 2710 1673 conjecturas
2752 1622 2859 1661 non
2904 1610 3231 1679 suspiciosas
3259 1621 3314 1668 et
3341 1614 3481 1669 otio-

1886 1708 1999 1757 sas,
2037 1694 2131 1748 sed
2166 1709 2320 1748 raras
2345 1702 2401 1748 et
2419 1705 2636 1761 certas;
2671 1711 2776 1751 non
2815 1705 2872 1752 ut
2899 1715 2963 1753 ex
3002 1701 3082 1757 eis
3130 1702 3333 1773 aliquid
3372 1714 3482 1766 tra-

198 1777 400 1849 ligurae,
449 1790 571 1845 quae
613 1789 713 1845 pro
758 1773 913 1829 libitu
958 1773 1238 1828 hominum
1285 1774 1593 1829 constitutae
1637 1785 1782 1841 sunt,

1890 1785 2019 1839 here
2044 1785 2096 1839 in
2126 1796 2312 1842 nostra
2352 1786 2462 1841 fata
2493 1796 2549 1842 et
2568 1798 2761 1844 eventa
2796 1798 3084 1860 tentemus,
3117 1797 3296 1867 qualia
3323 1814 3482 1870 gene-

199 1888 292 1926 nec
334 1880 517 1924 tamen
555 1867 808 1924 omnibus
841 1868 1093 1938 gentibus
1126 1882 1463 1933 communes,
1507 1869 1602 1924 sed
1651 1870 1785 1925 alias

199 1960 444 2020 llebrma.
490 1958 627 2014 alias
653 1956 875 2023 Graeca,
925 1957 1062 2013 alias
1091 1957 1282 2012 Latina
1319 1973 1451 2029 gens
1498 1959 1682 2023 habet,
1732 1969 1787 2014 et

201 2060 407 2107 ceterae
430 2049 676 2120 quaedam
690 2058 899 2119 gentes,
913 2048 1165 2103 similiter
1186 2049 1255 2103 ad
1277 2050 1663 2119 pr0prietatem
1688 2052 1786 2105 lin-

201 2157 309 2212 gua:
320 2156 454 2203 suae,
467 2139 679 2194 litteras
692 2138 792 2192 sibi
814 2137 1108 2194 secundum
1123 2139 1381 2210 placitum
1398 2141 1782 2198 formaverunt.

781 2250 1011 2307 CAPUT
1035 2251 1196 2307 XVII.

397 2321 531 2388 Quir
559 2322 809 2377 divinitus
838 2322 1080 2377 instituta
1120 2324 1578 2395 investigaverunt.

262 2415 382 2470 .Iam
404 2430 539 2472 vero
570 2414 659 2470 illa
684 2429 806 2485 qua:
833 2430 940 2470 non
970 2414 1321 2483 instituendo,
1367 2419 1462 2473 sed
1488 2428 1583 2473 aut
1611 2428 1787 2475 trans-

203 2518 313 2562 acta
360 2506 728 2577 temporibus,
784 2514 881 2560 aut
930 2505 1189 2560 divinitus
1247 2508 1497 2562 instituta
1559 2509 1785 2575 investi-

202 2600 369 2670 gando
417 2599 665 2653 homines
702 2597 1085 2667 prodiderunt,
1128 2597 1436 2670 ubicunque
1482 2599 1781 2667 discantur,

205 2707 302 2745 non
354 2701 480 2746 sunt
517 2690 797 2745 hominum
836 2689 1083 2744 instituta
1126 2691 1506 2747 existimanda.
1545 2692 1783 2760 Quorum

202 2790 323 2834 sunt
355 2780 461 2835 alia
488 2780 554 2835 ad
589 2794 781 2834 sensus
807 2781 1080 2850 corporis,
1125 2781 1228 2837 alia
1259 2797 1387 2837 vero
1424 2783 1493 2837 ad
1520 2784 1782 2852 rationem

201 2870 361 2925 animi
392 2870 740 2939 pertinentia.
781 2867 888 2925 Sed
926 2869 1015 2923 illa
1061 2885 1181 2939 quae
1212 2871 1279 2926 ad
1310 2885 1503 2928 sensus
1542 2874 1785 2944 corporis

200 2962 486 3031 attingunt,
542 2960 629 3014 vel
677 2968 895 3014 narrata
946 2960 1240 3027 credimus,
1281 2961 1365 3016 vel
1409 2962 1782 3018 demonstrata

200 3052 484 3117 sentimus,
514 3050 598 3105 vel
627 3060 850 3120 experta
873 3048 1213 3119 conjicimus.
1256 3052 1525 3123 Quidquid
1559 3070 1688 3127 ergo
1716 3055 1784 3111 de

201 3143 386 3198 ordine
415 3152 716 3212 temporum
759 3150 1153 3197 transactorum
1194 3143 1397 3199 indicat
1436 3160 1500 3199 ca
1529 3160 1650 3216 qua:
1688 3162 1782 3219 ap-
1810 3138 1856 3200 C

200 3234 427 3303 pellatur
471 3234 718 3298 historia,
766 3233 1057 3303 plurimum
1098 3249 1198 3290 nos
1239 3235 1457 3305 adjuvat
1502 3240 1569 3294 ad
1614 3238 1784 3294 libros

201 3337 412 3381 sanctos
460 3324 835 3395 intelligendos
863 3365 879 3390 ,
937 3326 1100 3380 etiam
1140 3326 1188 3380 si
1240 3336 1437 3396 przeter
1486 3328 1783 3384 Eeclesiam

198 3420 389 3490 puerili
431 3420 735 3476 eruditione
751 3420 1016 3491 discatur.
1058 3421 1190 3477 Nam
1214 3430 1266 3477 et
1289 3436 1387 3491 per
1412 3423 1783 3494 Olympiadas,

199 3521 367 3582 et‘per
412 3513 690 3568 consulum
728 3514 966 3579 nomina,
1017 3514 1186 3570 multa
1231 3530 1375 3586 saepe
1407 3528 1724 3587 quaeruntur
1754 3536 1782 3574 a

199 3605 387 3671 nobis;
415 3614 469 3659 et
498 3605 805 3674 ignorantia
832 3605 1146 3663 consulatus
1178 3620 1285 3677 quo
1308 3618 1466 3665 natus
1500 3620 1583 3666 est
1607 3612 1786 3667 Domi-

201 3715 322 3765 nus,
356 3708 414 3755 et
444 3699 666 3770 quando
706 3716 899 3770 passus
924 3708 1028 3766 est,
1057 3702 1341 3758 nonnullos
1367 3704 1545 3776 coegit
1578 3704 1783 3769 errare,

198 3802 257 3847 ut
283 3801 540 3863 putarent
556 3793 970 3864 quadragesima
1003 3802 1157 3849 sexta
1185 3809 1451 3851 annorum
1476 3804 1636 3852 aetate
1665 3813 1787 3867 pas-

198 3897 319 3938 snm
362 3899 483 3939 esse
526 3883 836 3948 Dominum,
874 3884 1005 3955 quia
1027 3899 1123 3956 per
1154 3894 1233 3941 tot
1263 3901 1433 3942 annos
1464 3888 1786 3943 aediﬁcatum

198 3976 455 4047 templum
495 3991 619 4032 esse
645 3976 850 4031 dictum
878 3985 963 4032 est
989 3992 1020 4031 a
1055 3976 1289 4042 ludatis,
1309 3978 1451 4047 quod
1497 3978 1785 4047 imaginem

198 4065 464 4121 Dominici
502 4066 749 4135 corporis
785 4066 1035 4122 habebat.
1085 4065 1193 4122 Sed
1232 4082 1498 4122 annorum
1543 4066 1659 4122 fere
1691 4067 1788 4121 tri-

193 4158 357 4228 ginta
389 4159 712 4228 baptizatum
754 4173 878 4214 esse
918 4158 1214 4214 retinemus
1259 4156 1586 4214 auetdritate
1627 4173 1789 4213 evan-

193 4248 409 4318 geliea;
461 4250 787 4319 sed-postea
835 4256 966 4317 quot
1012 4264 1184 4305 annos
1213 4250 1268 4304 in
1309 4249 1410 4304 hac
1455 4248 1565 4303 vita
1616 4249 1789 4319 egerit

191 4353 509 4408 quanquam
557 4347 707 4394 textu
736 4338 856 4409 ipso
896 4339 1170 4394 actionum
1197 4338 1313 4408 ejus
1356 4339 1788 4394 animadvertere

190 4433 401 4500 possis,
432 4441 606 4487 tamen
636 4447 704 4486 ne
732 4431 950 4487 aliunde
984 4431 1156 4502 caligo
1184 4432 1534 4487 dubitationis
1558 4431 1783 4495 oriatur,

1891 1877 2214 1933 thliacorum
2241 1878 2598 1935 deliramenta
2627 1891 2785 1947 sunt,
2837 1884 2931 1939 sed
2970 1896 3233 1955 quantum
3263 1890 3331 1944 ad
3362 1892 3480 1961 ipsa

1889 1972 2129 2040 pertinet
2175 1971 2376 2027 sidera.
2415 1970 2549 2027 Nam
2595 1974 2735 2029 sicut
2782 1976 2826 2030 is
2852 1976 2943 2046 qui
2986 1988 3261 2049 computat
3294 1979 3477 2037 lunam

1887 2078 2011 2117 cum
2058 2063 2217 2119 hodie
2252 2065 2550 2134 inspexerit
2600 2075 2761 2136 quola
2814 2069 2902 2132 sit.
2949 2079 3004 2124 et
3038 2077 3163 2126 ante
3208 2072 3479 2142 quoslibet

1889 2168 2060 2208 annos
2110 2164 2276 2223 quota
2328 2154 2511 2219 fuerit,
2559 2165 2614 2210 et
2648 2164 2770 2225 post
2789 2157 3057 2226 quoslibet
3101 2173 3274 2216 annos
3313 2171 3475 2232 quota

1890 2242 2067 2298 futura
2123 2254 2195 2300 snt
2247 2256 2427 2316 potest
2483 2248 2697 2309 dicere;
2771 2249 2850 2302 sic
2903 2249 2969 2303 de
3025 2264 3350 2321 unoquoque
3405 2254 3477 2308 si—

1889 2334 2107 2399 derum,
2164 2335 2255 2404 qui
2287 2351 2348 2390 ea
2391 2337 2561 2407 perite
2602 2343 2937 2408 computant,
2984 2339 3314 2409 respondere
3346 2355 3476 2395 con-

1886 2435 2198 2481 sueverunt.
2246 2427 2460 2483 Artium
2500 2428 2645 2482 enim
2689 2436 3008 2483 exterarum
3047 2429 3245 2499 quibus
3271 2430 3474 2502 aliquid

1888 2514 2217 2582 fabricatur,
2278 2519 2364 2573 vel
2413 2519 2541 2587 quid
2599 2526 2877 2574 remaneat
2926 2526 3051 2587 post
3102 2521 3475 2591 operationem

1886 2608 2113 2665 artificis
2166 2612 2236 2666 ab
2287 2610 2378 2665 illo
2429 2611 2710 2676 effectum,
2773 2612 2913 2667 sicut
2964 2614 3157 2670 domus
3200 2624 3258 2669 et
3300 2630 3477 2671 scam-

1888 2713 2047 2764 num;
2074 2698 2156 2754 vel
2193 2716 2313 2770 quze
2349 2701 2707 2757 ministerium
2749 2702 3020 2771 quoddam
3052 2703 3309 2759 exhibent
3345 2719 3477 2774 ope-

1887 2789 2028 2844 ranti
2068 2790 2211 2856 Deo,
2250 2792 2393 2847 sicut
2429 2794 2695 2848 medicina
2736 2802 2792 2849 et
2820 2793 3151 2864 agricultura
3192 2801 3248 2851 et
3284 2796 3477 2867 guber-

1886 2881 2036 2936 natio
2073 2900 2085 2931 :
2125 2881 2318 2936 harum
2352 2879 2480 2954 ergo
2521 2892 2842 2939 cunctarum
2871 2883 3068 2939 artium
3094 2885 3164 2940 de
3184 2886 3477 2955 praeteritis

1884 2970 2092 3027 faciunt
2118 2972 2514 3043 experimenta,
2552 2973 2716 3027 etiam
2743 2972 2934 3028 futura.
2953 2972 3312 3042 conjicienda.
3344 2974 3475 3029 Nul-

1886 3062 1970 3118 lus
1990 3078 2177 3118 earum
2199 3063 2397 3117 artium
2419 3063 2613 3119 artifex
2637 3064 2877 3119 membra
2899 3072 3077 3119 movet
3104 3064 3157 3118 in
3177 3065 3476 3135 operando,

1887 3154 1992 3210 nisi
2013 3154 2407 3225 praeteritorum
2440 3155 2758 3210 memoriam
2787 3166 2911 3210 cum
2936 3153 3242 3211 futurorum
3284 3171 3478 3229 exspe-

1886 3247 2123 3303 ctatione
2151 3253 2422 3301 contexat.
2462 3244 2568 3300 Sed
2600 3247 2715 3301 haec
2740 3258 2844 3300 non
2870 3246 2940 3302 ob
2965 3245 3111 3302 aliud
3149 3260 3477 3302 commemo-

1888 3335 2160 3400 ravimus;
2190 3335 2292 3391 nisi
2325 3343 2385 3389 ut
2417 3351 2523 3389 non
2557 3334 2778 3390 omnino
2805 3335 3111 3391 nesciamus
3151 3336 3283 3406 quid
3323 3335 3480 3393 Seri-

1886 3435 2044 3496 ptura
2093 3426 2225 3480 velit
2262 3425 2559 3490 insinuare,
2606 3441 2728 3481 eum
2766 3425 2834 3482 de
2885 3427 2971 3481 his
3014 3426 3223 3483 artibus
3268 3426 3479 3500 aliquas

1888 3515 2146 3586 ﬁguratas
2187 3515 2485 3571 locutiones
2528 3515 2737 3573 inserit.
2767 3514 2997 3571 Restant
3020 3530 3083 3570 ea
3124 3530 3244 3585 qua:
3271 3531 3377 3571 non
3409 3516 3479 3571 ad

1888 3606 2133 3676 corporis
2175 3621 2390 3669 sensus,
2442 3605 2535 3661 sed
2566 3607 2634 3661 ad
2667 3606 2932 3661 rationem
2975 3606 3137 3663 animi
3184 3606 3476 3676 pertinent,

1889 3700 1976 3752 ubi
2008 3698 2292 3769 disciplina
2341 3707 2531 3770 regnat
2571 3699 2954 3769 disputationis
2990 3707 3045 3754 et
3087 3699 3319 3755 numeri.
3371 3698 3479 3755 Sed

1888 3788 2268 3857 disputationis
2318 3788 2599 3858 disciplina
2651 3788 2719 3842 ad
2770 3789 2950 3843 omnia
2990 3803 3186 3859 genera
3224 3789 3478 3859 quastio-

1890 3896 2016 3933 num
2060 3893 2181 3949 qua:
2208 3880 2259 3932 in
2292 3878 2486 3933 litteris
2517 3878 2721 3934 sanctis
2750 3885 2878 3933 sunt
2914 3878 3249 3947 penetrantia
3284 3886 3341 3932 et
3363 3878 3477 3933 dis-

1889 3968 2144 4025 solvenda
2185 3968 2477 4037 plurimum
2520 3967 2691 4032 valet;
2738 3976 2948 4023 tantum
2996 3968 3067 4023 ibi
3120 3967 3359 4024 cavenda
3390 3977 3477 4023 est

1889 4058 2055 4115 libido
2105 4058 2336 4119 rixandi,
2398 4066 2451 4112 et
2491 4059 2713 4128 puerilis
2750 4059 2997 4128 quaedam
3045 4058 3284 4114 ostensio
3330 4058 3477 4113 deci-

1888 4151 2069 4220 piendi
2123 4149 2511 4204 adversarium.
2558 4148 2665 4205 Sed
2709 4151 2777 4204 de
2822 4150 2927 4204 hoc
2969 4147 3180 4217 plenius
3234 4147 3478 4204 dicemus

1890 4260 2011 4298 cum
2065 4243 2132 4297 de
2186 4241 2470 4297 dialectica
2529 4251 2691 4312 atque
2738 4241 3011 4296 rhetorica
3059 4240 3474 4311 disputabimus.

1890 4334 2006 4389 .lam
2034 4347 2163 4388 vero
2191 4332 2401 4387 numeri
2440 4331 2724 4400 disciplina
2752 4330 2976 4388 cuilibet
3017 4331 3327 4390 tardissimo
3364 4331 3475 4387 cla-

1894 4441 2010 4479 rum
2031 4433 2136 4489 est,
2185 4421 2330 4493 quod
2360 4438 2468 4479 non
2499 4423 2572 4481 sit
2615 4422 2685 4476 ab
2724 4422 3033 4495 hominibus
3068 4422 3334 4488 instituta,
3381 4425 3479 4479 sed

188 4524 260 4578 de
284 4524 512 4578 historia
537 4521 777 4593 gentium
809 4521 1000 4578 collata
1031 4537 1155 4577 cum
1182 4521 1492 4592 Evangelio,
1531 4520 1787 4591 liquidius
1814 4503 1864 4561 Ῑ)
1892 4516 2070 4584 potius
2112 4516 2364 4584 indagata
2389 4526 2445 4568 et
2474 4514 2711 4575 inventa.
2740 4511 2854 4567 Non
2881 4513 3026 4569 enim
3066 4514 3208 4571 sicut
3244 4514 3478 4584 primam

193 4615 511 4686 certiusque
538 4614 826 4684 colligitur.
866 4613 1017 4668 Tunc
1043 4612 1188 4668 enim
1230 4611 1503 4668 videbitur
1531 4626 1638 4665 non
1668 4610 1783 4663 fru-

196 4716 316 4760 stra
350 4721 469 4762 esse
503 4707 729 4772 dictum,
768 4704 913 4774 quod
938 4704 1291 4775 quadraginta
1335 4704 1493 4758 annis
1528 4701 1786 4773 templum

195 4795 529 4851 aedificatum
553 4796 644 4859 sit,
679 4803 739 4849 ut
765 4809 892 4849 eum
922 4793 1110 4848 referri
1142 4794 1244 4848 iste
1276 4808 1535 4848 numerus
1566 4792 1632 4845 ad
1655 4800 1786 4845 aeta-

197 4896 311 4942 tem
340 4887 550 4942 Domini
589 4902 695 4940 non
721 4884 978 4955 potuerit,
1001 4884 1071 4939 ad
1106 4884 1456 4940 secretiorem
1479 4881 1787 4936 instructio-

191 4992 329 5031 nem
366 4976 584 5031 humani
612 4973 858 5045 corporis
884 4972 1173 5040 referatur,
1216 4971 1359 5041 quod
1386 4971 1530 5026 indui
1567 4979 1787 5042 propter

189 5082 297 5121 nos
323 5082 433 5120 non
469 5066 790 5137 dedignatus
811 5073 895 5119 est
919 5066 1109 5121 unicus
1137 5065 1231 5119 Dei
1272 5063 1462 5129 Filius,
1501 5078 1599 5132 per
1625 5077 1786 5131 quem

189 5157 349 5212 facta
371 5165 492 5211 sunt
511 5156 712 5212 omnia.
744 5155 905 5210 Aliud
927 5164 1013 5211 est
1039 5156 1183 5210 enim
1205 5154 1346 5209 facta
1372 5169 1616 5219 narrare,
1641 5153 1785 5206 aliud

189 5251 403 5305 dooere
433 5248 697 5306 facienda.
747 5247 985 5303 Historia
1036 5247 1179 5303 facta
1213 5255 1402 5301 narrat
1429 5246 1661 5300 ﬁdeliter
1704 5253 1784 5297 at-

185 5355 304 5410 que
332 5339 569 5407 utiliter;
603 5339 726 5395 libri
754 5346 935 5394 autem
964 5338 1272 5416 aruspicum
1299 5346 1354 5391 et
1380 5351 1606 5407 quaeque
1635 5336 1784 5389 simi-

183 5429 273 5485 les
328 5429 542 5491 littema,
582 5429 833 5485 facienda
882 5428 966 5484 vel
1000 5415 1336 5484 ob§ervanda
1376 5427 1660 5482 intendunt
1695 5427 1787 5481 do—

181 5535 351 5582 cere,
380 5520 657 5575 monitoris
682 5519 928 5583 audacia,
962 5534 1068 5574 non
1109 5518 1301 5573 indicis
1339 5517 1461 5571 fide.
1496 5517 1592 5571 Est
1620 5517 1784 5571 etiam

183 5609 445 5663 narratio
472 5610 662 5664 similis
706 5609 1174 5674 demonstrationi,
1221 5624 1325 5676 qua
1358 5622 1462 5662 non
1489 5608 1781 5676 praeterita,

180 5698 288 5755 sed
318 5700 607 5768 prmsentia
640 5699 947 5754 indicantur
975 5700 1177 5770 ignaris
1227 5699 1278 5752 in
1309 5713 1414 5767 quo
1442 5713 1637 5768 genere
1657 5710 1785 5755 sunt

607 5792 884 5851 PATRUL.
926 5791 1111 5851 Cl'il.

1887 4608 2147 4678 syllabam
2177 4606 2343 4662 Italia:
2373 4621 2535 4675 quam
2560 4607 2777 4661 brevem
2813 4606 3299 4675 pronuntiaverunt
3323 4614 3476 4662 vete-

1888 4717 1997 4766 res,
2027 4700 2197 4754 voluit
2225 4698 2480 4771 Virgilius
2510 4708 2563 4754 et
2592 4700 2751 4770 longa
2778 4697 2920 4755 facta
2949 4708 3051 4763 est,
3082 4699 3161 4755 ita
3186 4700 3476 4770 quisquam

1888 4800 2064 4862 potest
2104 4790 2317 4845 ellicere
2355 4808 2478 4846 cum
2523 4791 2770 4858 voluerit,
2816 4800 2873 4846 ut
2904 4800 2985 4846 ter
3033 4800 3187 4848 terna
3228 4801 3322 4847 aut
3365 4809 3474 4847 non

1889 4885 1997 4937 sint
2032 4898 2246 4948 novem,
2279 4894 2372 4937 aut
2403 4900 2508 4938 non
2530 4884 2738 4953 possint
2763 4885 2975 4943 eiliccre
2996 4886 3314 4954 quadratam
3342 4886 3477 4955 ligu-

1894 4989 2033 5039 ram,
2057 4983 2151 5028 aut
2179 4989 2283 5028 non
2330 4972 2396 5027 ad
2422 4974 2719 5028 ternarium
2752 4989 3034 5030 numerum
3068 4975 3225 5045 tripla
3245 4975 3375 5040 sint,
3407 4976 3476 5029 ad

1893 5067 2162 5119 senarium
2193 5066 2459 5135 sescupla,
2505 5066 2571 5119 ad
2596 5065 2800 5120 nullum
2830 5065 3016 5135 dupla,
3056 5067 3183 5134 quia
3224 5063 3474 5135 intelligi-

1894 5156 2027 5211 biles
2081 5155 2292 5209 numeri
2330 5156 2610 5209 semissem
2664 5171 2771 5210 non
2810 5156 3028 5211 habent.
3071 5153 3197 5209 Sive
3243 5166 3372 5224 ergo
3416 5154 3471 5207 in

1893 5246 2084 5313 seipsis
2105 5246 2537 5309 eonsiderentur,
2586 5244 2699 5299 sive
2739 5245 2805 5299 ad
2836 5244 3148 5314 figurarum,
3181 5250 3273 5307 aut
3297 5244 3364 5298 ad
3393 5258 3475 5297 so-

1893 5351 2084 5411 norum
2114 5336 2340 5389 aliorum
2388 5335 2473 5389 vel
2522 5339 2819 5392 motionum
2865 5338 3010 5407 leges
3059 5333 3275 5391 numeri
3320 5335 3476 5391 adhi-

1888 5427 2140 5491 beantur,
2171 5428 2640 5483 incommutabiles
2671 5430 2884 5500 regulas
2910 5428 3131 5492 habent,
3158 5442 3333 5497 neque
3362 5427 3473 5482 ullo

1889 5519 2049 5571 modo
2094 5516 2163 5569 ab
2213 5517 2522 5573 hominibus
2575 5518 2881 5581 institutas,
2928 5516 3020 5571 sed
3069 5515 3472 5591 ingeniosorum

1888 5607 2181 5679 sagacitate
2226 5616 2549 5678 compertas.
2596 5608 2724 5674 Qum
2771 5617 2947 5661 tamen
2991 5607 3170 5662 omnia
3225 5608 3474 5679 quisquis

1891 5700 1961 5754 ita
2011 5698 2289 5763 dilexerit,
2334 5708 2392 5753 ut
2421 5699 2627 5768 jactare
2657 5714 2713 5752 se
2744 5689 2884 5753 inter
2915 5698 3193 5769 imperitos
3234 5699 3382 5767 velut,
3416 5710 3473 5755 et

2993 5791 3065 5849 13
