3958 6204
437 323 545 382 ⁸595

1091 318 1153 374 Β.
1193 315 1447 375 RABANI
1488 315 1707 374 MAURI
1744 314 2064 372 AIICIIIEP.
2108 316 2414 375 MOGUNT.
2452 313 2738 373 OPERIJM
2768 313 2950 371 PARS
2987 314 3027 371 I.

3593 316 3702 373 596

433 454 539 495 non
590 435 769 508 potius
804 446 1047 505 quaerere
1092 433 1236 489 unde
1285 433 1395 488 sint
1424 447 1568 497 vera,
1619 446 1738 502 qua:
1780 440 2013 487 tantum-
2038 436 2087 496 Α
2116 431 2374 502 sapphico
2418 438 2610 495 tumet,
2657 442 2799 483 nunc
2826 428 3100 498 semipede
3138 427 3458 500 ingreditur.
3512 428 3712 486 Dente-

433 528 593 582 modo
621 541 751 581 vera
791 538 912 579 esse
959 523 1326 595 persenserit;
1366 530 1421 579 et
1444 523 1586 578 unde
1623 521 1869 593 quaedam
1910 536 2021 577 non

430 618 606 675 solum
634 630 785 681 vera,
813 614 909 671 sed
934 616 1097 669 etiam
1137 612 1621 679 incommutabilia,
1669 628 1788 683 quae
1818 613 2023 668 incom-

435 707 717 764 mutabilia
756 719 875 762 esse
930 704 1431 775 comprehenderit;
1492 719 1558 760 ac
1598 703 1679 759 sic
1720 704 1789 759 ab
1841 701 2021 773 specie

429 813 721 870 corporum
753 811 924 867 usque
969 796 1037 851 ad
1072 796 1362 850 humanam
1397 801 1632 850 mentem
1675 793 2021 864 perveniens,

432 906 556 946 cum
587 898 642 945 et
668 891 841 958 ipsam
865 887 1179 943 mutabilem
1206 886 1494 949 invenerit,
1518 885 1662 956 quod
1695 900 1840 939 nunc
1864 884 2023 939 docta

433 996 581 1057 nunc
604 979 821 1035 indocta
858 978 950 1045 sit,
999 978 1292 1034 constituta
1341 985 1523 1031 tamen
1553 976 1695 1030 inter
1726 982 2024 1030 commuta-

435 1072 597 1127 bilem
623 1086 784 1140 supra
814 1085 874 1125 se
895 1069 1216 1134 veritatem,
1248 1076 1303 1123 et
1331 1067 1609 1121 mutabilia
1641 1064 1784 1121 infra
1831 1080 1890 1121 se
1918 1081 2025 1121 ca:-

438 1173 572 1228 tera,
598 1162 666 1217 ad
689 1161 848 1215 unius
872 1160 965 1215 Dei
1014 1159 1229 1213 laudem
1257 1168 1418 1227 atque
1444 1157 1788 1212 dilectionem
1829 1167 2023 1213 cuncta

435 1261 771 1316 convertere,
825 1266 854 1305 a
906 1265 1014 1321 quo
1062 1256 1255 1304 cuncta
1306 1252 1427 1305 esse
1479 1248 1775 1318 cognoscit,
1832 1248 2023 1303 doctus

437 1342 605 1397 videri
636 1349 832 1410 potest,
876 1355 996 1395 esse
1028 1348 1209 1394 autem
1249 1339 1466 1410 sapiens
1507 1337 1653 1393 nullo
1677 1337 1857 1392 modo.
1883 1336 2025 1391 Iluc-

434 1445 607 1501 usque
652 1429 978 1501 generaliter
1004 1437 1168 1499 atque
1192 1428 1502 1499 permixtim
1531 1426 1641 1481 dixi
1682 1427 1748 1481 de
1788 1425 2026 1497 discipli-

435 1522 525 1577 nis
542 1520 823 1594 gentilium
844 1536 861 1589 ;
883 1520 1139 1590 deinceps
1159 1533 1405 1575 seorsum
1422 1518 1488 1573 de
1507 1516 1736 1588 singulis
1756 1516 2019 1573 dicturus.

1012 1629 1240 1687 CAPUT
1278 1628 1460 1685 XVIII.

624 1718 702 1774 De
745 1727 859 1774 arte
903 1719 1272 1790 grammatica,
1318 1728 1367 1772 et
1408 1718 1669 1789 speciebus
1716 1718 1851 1789 ejus.

2122 520 2426 577 ronomium
2467 534 2616 585 vero,
2663 528 2719 574 et
2755 518 2906 575 Isaia:
2937 520 3230 585 canticum,
3281 533 3494 575 necnon
3531 531 3589 576 et
3617 521 3713 576 Sa-

2121 612 2300 669 lomon
2343 622 2398 667 et
2429 611 2551 679 Job,
2583 613 2915 669 hexametris
2954 620 3012 668 et
3056 612 3409 683 pentametris
3462 614 3712 671 versibus

2123 711 2207 780 (ut
2231 707 2498 774 Joscphus
2540 715 2596 763 et
2623 705 2885 773 Origenes
2913 704 3182 778 scribunt)
3215 705 3358 776 apud
3394 704 3521 761 suos
3562 720 3711 761 coms

2122 800 2295 873 posita
2340 799 2651 855 decurrunt.
2718 797 3080 867 Quamobrem
3124 812 3232 852 non
3281 805 3368 853 est
3406 798 3712 868 spernenda

2122 891 2261 957 haec,
2285 890 2533 961 quamvis
2571 888 2862 961 gentilibus
2893 888 3194 944 communis
3225 890 3386 955 ratio,
3427 889 3523 944 sed
3545 904 3712 959 quan-

2124 987 2238 1034 tum
2265 980 2399 1036 satis
2420 987 2507 1036 est
2531 977 2905 1050 perdiscenda,
2954 978 3082 1050 quia
3123 979 3311 1051 utique
3352 979 3511 1035 multi
3539 995 3712 1037 evan-

2124 1070 2282 1141 gelici
2310 1070 2434 1136 viri,
2474 1071 2712 1141 insignes
2737 1069 2904 1125 libros
2951 1060 3057 1125 bac
3080 1077 3198 1125 arte
3226 1070 3608 1137 condiderunt,
3657 1076 3717 1129 et

2128 1161 2242 1218 Deo
2277 1162 2493 1232 placere
2513 1175 2611 1230 per
2640 1161 2695 1215 id
2721 1168 3059 1231 satagerunt,
3095 1169 3156 1217 ut
3176 1159 3276 1215 fuit
3297 1159 3587 1228 Iuvencus,
3611 1162 3715 1218 Se-

2126 1252 2327 1319 dulius,
2358 1252 2578 1318 Arator,
2613 1250 2877 1315 Alcimus,
2904 1251 3176 1317 Clemens,
3204 1251 3463 1307 Paulinus
3503 1262 3562 1309 et
3584 1253 3718 1309 For-

2124 1354 2366 1411 tunatus,
2404 1352 2459 1399 et
2500 1343 2681 1399 caeteri
2715 1343 2888 1397 multi.
2938 1342 3193 1399 Poemata
3227 1355 3409 1399 autem
3443 1354 3499 1399 et
3546 1345 3718 1401 libros

2127 1436 2406 1508 gentilium
2455 1435 2500 1489 si
2529 1434 2755 1490 velimus
2805 1445 3028 1505 propter
3066 1433 3252 1490 ﬂorem
3286 1436 3609 1507 eloquentiae
3640 1436 3719 1492 le-

2126 1542 2272 1597 gere,
2332 1537 2487 1599 typus
2530 1526 2773 1581 mulieris
2820 1526 3051 1597 captiva:
3098 1528 3362 1583 tenendus
3403 1538 3508 1593 est,
3548 1543 3717 1599 quam

2128 1619 2605 1674 Deutcronomium
2644 1616 2934 1683 describit;
2965 1627 3020 1673 et
3054 1617 3339 1673 Dominum
3388 1618 3463 1673 ita
3506 1633 3715 1689 prame-

2127 1712 2273 1781 pisse
2296 1717 2705 1775 commemorat,
2737 1717 2796 1763 ut
2819 1709 2863 1764 si
2893 1708 3161 1764 Israelites
3188 1726 3307 1765 eam
3334 1710 3535 1766 habere
3554 1709 3718 1767 vellet

508 1809 690 1865 prima
736 1823 869 1881 ergo
919 1806 1226 1864 liberalium
1274 1808 1473 1863 auium
1516 1817 1600 1864 εει
1648 1809 2029 1880 grammatica,
2060 1792 2103 1852 Β
2133 1815 2380 1863 uxorem,
2422 1798 2701 1854 calvitium
2723 1799 2771 1853 ei
2800 1797 2982 1865 faciat,
3015 1815 3224 1871 ungues
3248 1798 3545 1871 praesecet,’
3577 1801 3719 1872 pilos

448 1899 684 1955 secunda
723 1898 1017 1964 rhetorica,
1087 1897 1248 1952 tertia
1288 1896 1589 1964 dialectica,
1631 1906 1824 1968 quarta
1865 1898 2032 1953 arith-

443 1989 704 2054 methica,
737 1988 926 2058 quinta
966 1988 1283 2057 geometria,
1336 1996 1491 2042 sexta
1527 1989 1755 2055 musica,
1802 1990 2028 2059 septima

440 2080 799 2144 astronomia;
830 2079 1183 2149 grammatica
1220 2078 1366 2133 enim
1404 2077 1663 2135 alitteris
1700 2094 1906 2135 nomen
1933 2095 2028 2135 ac-

437 2171 602 2242 cepit,
652 2170 793 2226 sicut
811 2169 1058 2225 vocabuli
1098 2169 1239 2224 illius
1273 2168 1550 2225 derivatus
1573 2184 1740 2225 sonus
1771 2170 2027 2226 ostendit.

438 2260 696 2318 Dillinitio
744 2269 924 2317 autem
976 2256 1095 2328 ejus
1153 2259 1280 2316 talis
1328 2267 1413 2315 est
1458 2278 1471 2314 :
1516 2258 1884 2316 Grammatice
1946 2270 2032 2317 est

437 2354 663 2410 scientia
711 2350 1104 2424 interpretandi
1161 2358 1349 2423 poetas
1386 2360 1550 2423 atque
1601 2352 1912 2418 historicos,
1974 2361 2032 2409 et

436 2452 588 2500 recte
617 2444 887 2500 scribendi
939 2443 1298 2514 loquendique
1332 2444 1493 2500 ratio.
1547 2443 1675 2500 Haec
1701 2454 1756 2501 et
1782 2446 1935 2516 origo
1975 2454 2033 2502 et

436 2531 849 2591 fundamentum
890 2542 976 2591 est
1012 2536 1211 2590 artium
1254 2534 1578 2590 liberalium.
1634 2534 1783 2591 Hanc
1848 2537 2030 2608 itaque

437 2626 679 2681 scholam
724 2625 1058 2681 Dominicam
1090 2625 1273 2698 legere
1311 2625 1584 2691 convenit,
1630 2626 1757 2695 quia
1801 2626 2028 2683 scientia

438 2725 586 2775 recte
614 2716 866 2788 loquendi
905 2723 963 2771 et
1008 2715 1281 2772 scribendi
1322 2714 1463 2775 ratio
1521 2714 1575 2770 in
1609 2716 1723 2785 ipsa
1759 2716 2025 2772 consistit.

438 2804 718 2872 Quomodo
752 2806 875 2876 quis
910 2806 1021 2860 vim
1049 2805 1201 2861 vocis
1232 2804 1533 2860 articulatm
1578 2821 1674 2861 seu
1723 2805 2028 2862 litterarum

436 2905 494 2950 ct
510 2895 837 2967 syllabarum
864 2903 1187 2967 potestatem
1223 2895 1525 2967 cognoscit,
1549 2897 1594 2953 si
1621 2912 1727 2952 non
1753 2898 1904 2968 prius
1931 2913 2029 2969 per

437 3002 557 3042 eam
588 2987 640 3041 id
667 2987 895 3043 didicit?
918 2988 1028 3041 Aut
1056 2988 1326 3058 quomodo
1364 2989 1583 3061 pedum,
1608 3000 1933 3045 accentuum
1974 2998 2031 3046 et

2129 1892 2359 1959 auferat,
2407 1899 2463 1946 et
2490 1905 2613 1946 cum
2635 1890 2833 1944 munda
2867 1890 2957 1945 fue
2989 1890 3029 1944 it
3061 1889 3275 1956 effecta,
3319 1901 3446 1946 tunc
3471 1900 3716 1949 transeat

2129 1985 2187 2042 in
2236 1984 2421 2040 uxoris
2451 1982 2747 2053 amplexus.
2791 1983 2916 2037 Haec
2955 1983 3001 2037 si
3030 1983 3325 2038 secundum
3354 1983 3591 2039 litteram
3632 1984 3719 2039 in-

2133 2077 2443 2149 telligimus,
2469 2090 2648 2131 nonne
2687 2075 2911 2131 ridicula
2950 2076 3121 2131 sunt?
3156 2075 3341 2147 Itaque
3377 2084 3433 2132 et
3480 2092 3579 2132 nos
3610 2078 3718 2135 hoc

2129 2170 2312 2228 facere
2344 2170 2597 2235 solemus,
2667 2169 2876 2238 hocque
2925 2167 3105 2224 facere
3151 2169 3431 2234 debemus,
3493 2170 3717 2240 quando

2126 2270 2313 2334 poetas
2354 2260 2581 2332 gentiles
2624 2259 2872 2332 legimus,
2918 2260 3135 2329 quando
3185 2261 3239 2315 in
3268 2276 3463 2317 manus
3495 2270 3717 2318 nostras

2127 2352 2251 2407 libri
2277 2352 2500 2407 veniunt
2540 2348 2819 2421 sapientiae
2845 2349 3140 2417 saecularis,
3173 2351 3215 2404 si
3236 2350 3365 2421 quid
3392 2351 3449 2405 in
3473 2352 3555 2407 eis
3582 2352 3719 2408 utile

2129 2442 2450 2512 reperimus,
2487 2440 2556 2495 ad
2580 2447 2823 2495 nostrum
2853 2439 3047 2510 dogma
3078 2442 3480 2507 convertimus;
3513 2441 3561 2496 si
3584 2441 3719 2511 Quid

2128 2549 2259 2591 vero
2299 2531 2627 2604 superfluum
2653 2532 2721 2588 de
2742 2532 2922 2597 idolis,
2952 2532 3018 2587 de
3043 2545 3246 2597 amore,
3280 2533 3348 2588 de
3383 2548 3514 2588 cura
3544 2549 3720 2589 saecu-

2126 2627 2331 2683 larium
2381 2639 2586 2690 rerum,
2633 2622 2752 2679 bzec
2791 2622 3070 2689 radamus,
3110 2622 3194 2678 his
3226 2622 3499 2679 calvitium
3541 2624 3707 2680 indu-

2125 2732 2334 2786 camus,
2390 2717 2507 2773 btec
2534 2715 2589 2770 in
2622 2714 2882 2786 unguium
2913 2727 3066 2769 more
3099 2712 3246 2769 ferro
3271 2714 3584 2770 acutissimo
3620 2716 3718 2772 de-

2127 2826 2393 2869 sceemus.
2424 2807 2538 2864 Hoc
2569 2818 2749 2863 tamen
2787 2822 2902 2877 pra:
2928 2806 3180 2861 omnibus
3211 2820 3401 2861 cavere
3429 2806 3719 2872 debemus,

2130 2916 2197 2957 ne
2227 2901 2343 2958 haec
2372 2897 2590 2954 licentia
2613 2905 2797 2952 nostra
2825 2893 3207 2951 olfendiculum
3231 2894 3325 2949 liat
3343 2892 3573 2950 inﬁmis
3597 2912 3612 2948 :
3647 2911 3724 2951 ne

2126 2975 2315 3067 pereat
2352 2992 2446 3064 qui
2500 2990 2757 3045 inﬁrmus
2797 2999 2880 3044 est
2920 2989 2974 3043 in
3017 2986 3246 3042 scicntia
3284 2994 3469 3041 nostra
3519 2986 3722 3051 frater,

438 3080 806 3150 positurarum
850 3079 1237 3135 discretionem
1284 3081 1405 3148 scit,
1476 3082 1522 3135 si
1567 3096 1673 3136 non
1725 3096 1824 3151 per
1888 3082 2027 3136 hanc
2053 3134 2098 3196 Ο
2129 3092 2350 3155 propter
2384 3097 2544 3152 quem
2592 3080 2844 3137 Christus
2896 3086 3142 3135 mortuus
3177 3084 3283 3145 est,
3338 3078 3381 3132 si
3420 3076 3617 3132 viderit
3660 3078 3724 3134 in

442 3170 776 3196 ΑζηηέηΙζ-υινκ
808 3170 920 3196 n2..-
954 3170 1233 3196 --:.._s2.....
1262 3180 1385 3196 ...ι-Α
1423 3172 1657 3196 ..ιι-...ιηξι
1684 3173 1707 3196 ι)
1758 3174 1847 3196 Δ--.
1896 3188 1994 3196 ---Α
2133 3175 2291 3196 :J-I:_
2345 3188 2443 3196 ..-ρ
2494 3172 2870 3196 ..-Αημιιιιιηιιυ-

439 3170 778 3241 disciplinam
806 3170 923 3242 ejus
953 3170 1236 3227 scientiam
1260 3180 1387 3227 ante
1423 3172 1707 3243 percepit?
1746 3174 1854 3227 Aut
1891 3188 2022 3244 quo-

439 3264 598 3318 modo
638 3264 872 3333 partium
895 3265 1156 3320 orationis
1192 3264 1341 3335 jura,
1383 3267 1717 3323 schematum
1749 3268 2023 3336 decorem,
2113 3328 2116 3331 ,

442 3364 721 3425 troporum
745 3355 1023 3423 virtutem,
1063 3357 1508 3429 etymologiarum
1531 3358 1818 3424 rationem,
1844 3368 1901 3413 et
1934 3373 2026 3414 or-

438 3447 775 3519 thograth
807 3448 1183 3505 rectitudinem
1209 3450 1380 3516 novit,
1410 3449 1455 3505 si
1482 3465 1587 3506 non
1612 3451 2024 3522 grammaticam

365 3526 371 3532 ’
438 3548 612 3595 artem
666 3547 793 3596 ante
839 3539 939 3595 sibi
983 3548 1167 3595 notam
1207 3540 1373 3596 fecit?
1407 3540 1807 3612 Inculpabiliter
1855 3543 2024 3612 enim,

439 3631 550 3686 imo
587 3630 927 3687 laudabiliter
974 3632 1114 3687 hanc
1140 3638 1314 3686 artem
1352 3630 1532 3696 discit,
1570 3633 1818 3701 quisquis
1864 3633 1919 3687 in
1958 3650 2023 3690 ea

438 3735 547 3776 non
584 3720 799 3775 inanem
842 3736 1078 3792 pugnam
1122 3720 1411 3776 verborum
1461 3719 1642 3777 facere
1684 3722 1874 3794 diligit,
1926 3725 2022 3780 sed

436 3818 602 3866 rectae
661 3808 950 3865 locutionis
988 3809 1273 3865 scientiam
1350 3818 1407 3864 et
1447 3808 1721 3866 scribendi
1774 3812 2022 3882 peritiam

436 3902 638 3957 habere
666 3901 889 3972 appetit.
931 3900 1049 3971 Ipsa
1089 3908 1174 3956 est
1196 3900 1341 3955 enim
1377 3900 1617 3956 omnium
1645 3900 1812 3971 judex
1861 3902 2024 3959 libra-

438 3994 662 4059 riorum,
704 3993 831 4063 quia
874 3992 1185 4062 ubicunque
1228 4007 1472 4048 errorem
1521 3995 1876 4065 perspexerit,
1938 4011 2025 4051 re-

441 4085 747 4156 prehendit,
794 4091 853 4140 et
897 4084 990 4140 ubi
1022 4084 1160 4139 bene
1184 4083 1327 4140 dicta
1351 4096 1498 4152 sunt,
1531 4100 1629 4141 suo
1646 4085 1851 4155 judicio
1874 4103 2022 4144 eom-

434 4175 703 4247 probabit.
743 4173 1030 4232 Schemate
1054 4184 1234 4232 autem
1255 4176 1436 4231 omnia
1461 4184 1724 4247 quotquot
1748 4179 2020 4235 saecularis

436 4267 721 4339 disciplina
742 4267 1083 4339 conscripsit,
1146 4268 1199 4322 in
1225 4268 1429 4325 sanctis
1453 4268 1605 4324 libris
1629 4269 1825 4339 saepius
1845 4271 2019 4339 posita

436 4357 803 4427 reperiuntur.
858 4355 1081 4411 Necnon
1115 4357 1289 4428 tropis
1326 4367 1576 4413 auctores
1623 4368 1839 4413 nostros
1891 4374 2019 4416 usos

2133 3175 2295 3231 idolio
2345 3188 2447 3229 nos
2494 3172 2893 3227 recumbentes.

2713 3263 2939 3320 CAPUT
2980 3261 3117 3318 XIX.

2702 3354 2781 3409 De
2826 3355 3103 3408 rhetorica.

2201 3447 2489 3502 Rhetorica
2518 3452 2600 3501 est
2630 3444 2794 3517 (sicut
2825 3442 3069 3514 magistri
3094 3441 3335 3513 tradunt)
3373 3441 3720 3499 saecularium

2130 3540 2432 3594 litterarum
2480 3536 2617 3592 bene
2644 3533 2855 3590 dicendi
2895 3532 3141 3597 scientia,
3195 3532 3249 3587 in
3278 3532 3524 3588 civilibus
3564 3546 3723 3603 qua:-

2128 3633 2410 3690 stionibus.
2456 3630 2563 3686 Sed
2586 3630 2701 3685 haec
2722 3627 2967 3685 dillinitio
2990 3627 3119 3683 licet
3159 3628 3227 3682 ad
3256 3625 3582 3681 mundanam
3620 3642 3718 3682 sa-

2128 3723 2385 3795 pientiam
2406 3722 2651 3777 videatur
2677 3721 2969 3789 pertinere,
3013 3726 3191 3772 tamen
3214 3732 3322 3772 non
3345 3724 3431 3772 est
3451 3725 3720 3772 extranea

2128 3820 2197 3876 ab
2217 3818 2582 3875 ecclesiastica
2610 3814 2911 3887 disciplina.
2961 3813 3231 3883 Quidquid
3271 3813 3417 3868 enim
3443 3819 3633 3867 orator
3660 3820 3721 3866 et

2127 3912 2450 3984 praedicator
2480 3909 2675 3965 divina:
2714 3907 2846 3979 legis
2873 3906 3077 3962 diserte
3120 3912 3177 3958 et
3199 3904 3455 3959 decenter
3505 3901 3721 3972 profert

2129 4005 2182 4058 in
2215 4002 2481 4068 docendo,
2512 4000 2597 4055 vel
2627 3997 2888 4070 quidquid
2917 4006 3041 4069 apte
3066 4005 3122 4052 et
3141 3996 3418 4068 eleganter
3441 3995 3721 4064 depromit

2129 4095 2181 4149 in
2222 4094 2495 4157 dictando,
2540 4091 2609 4145 ad
2648 4091 2807 4161 bujus
2841 4090 2977 4144 artis
3015 4088 3267 4159 congruit
3297 4086 3576 4157 peritiam;
3611 4099 3720 4141 nec

2126 4184 2311 4254 utique
2356 4197 2580 4252 peccare
2617 4179 2777 4234 debet
2818 4176 3086 4240 arbitrari,
3135 4176 3228 4245 qui
3256 4176 3395 4230 hanc
3423 4182 3599 4228 artem
3657 4174 3717 4227 in

2126 4291 2361 4346 congrua
2399 4281 2556 4327 aetate
2588 4271 2736 4342 legit,
2807 4269 3006 4339 quique
3045 4266 3162 4337 ejus
3207 4274 3476 4337 praecepta
3528 4271 3721 4319 servat

2126 4366 2180 4419 in
2213 4362 2482 4418 dictando.
2514 4376 2577 4415 ac
2603 4360 2970 4431 proloquendo
3001 4372 3338 4423 sermonem;
3368 4355 3478 4410 imo
3507 4355 3720 4410 bonum

435 4448 619 4543 fuisse,
660 4456 725 4543 et.
754 4448 1318 4543 multiplicius'atque
1343 4449 1614 4543 copiosius
1646 4466 1809 4520 quam
1846 4454 2019 4522 possit
2046 4484 2099 4543 D
2125 4471 2259 4525 opus
2294 4454 2441 4518 facit,
2489 4454 2580 4525 qui
2621 4467 2741 4508 eam
2785 4451 2851 4507 ad
2891 4452 2995 4506 hoc
3034 4450 3268 4520 pleniter
3290 4448 3497 4543 disc-it,
3535 4457 3598 4502 ut
3643 4448 3722 4505 ad

432 4536 732 4592 existimari
763 4538 846 4591 vel
880 4538 1050 4603 credi,
1078 4534 1324 4607 quisquis
1350 4538 1518 4593 libros
1555 4539 1766 4593 divinos
1800 4541 2023 4612 diligen-
2046 4534 2091 4543 ’
2122 4544 2522 4616 praedicandum
2570 4541 2795 4597 verbum
2846 4540 2942 4595 Dei
2989 4540 3214 4595 idoneus
3258 4538 3349 4593 sit.
3404 4536 3540 4591 Nam
3582 4553 3721 4594 cum

437 4639 519 4684 ter
560 4630 709 4701 legit,
757 4629 1012 4684 inveniet.
1061 4628 1292 4683 Istorum
1347 4637 1529 4684 autem
1587 4638 1861 4700 troporum
1914 4650 2021 4689 non
2122 4647 2220 4703 per
2258 4640 2431 4686 artem
2474 4632 2801 4686 rhetoricam
2835 4638 2891 4685 et
2922 4645 3053 4685 vera
3097 4628 3430 4684 suadeantnr
3464 4636 3518 4681 et
3549 4626 3719 4694 falsa,
3752 4623 3770 4634 ’

433 4721 605 4776 solum
633 4719 879 4792 exempla
908 4720 1048 4779 sicut
1068 4720 1332 4787 omnium,
1362 4722 1456 4776 sed
1475 4724 1832 4791 quorumdam
1854 4726 2018 4781 etiam
2121 4724 2243 4795 quis
2265 4722 2461 4778 audeat
2480 4722 2662 4777 dicere
2696 4721 2953 4776 adversus
2986 4719 3325 4774 mendacium
3375 4717 3430 4772 in
3460 4716 3724 4774 defenso-

434 4815 654 4869 nomina
694 4814 749 4869 in
782 4814 979 4869 divinis
1026 4813 1179 4869 libris
1234 4813 1505 4885 leguntur,
1558 4816 1699 4870 sicut
1741 4816 2012 4890 allegoria,

431 4907 684 4979 aenigma,
733 4906 1007 4978 parabola.
1053 4906 1295 4973 Quorum
1331 4907 1569 4962 omnium
1616 4909 1853 4979 cognitio
1891 4925 2015 4981 pro-

431 5007 616 5069 pterea
643 4997 1045 5068 Scripturarum
1083 4997 1523 5069 ambiguitatibus
1546 5000 1904 5057 dissolvendis
1933 5011 2018 5059 est

430 5089 761 5154 necessaria,
803 5089 931 5158 quia
965 5102 1158 5144 sensus
1200 5087 1270 5143 ad
1303 5090 1689 5160 proprietatem
1728 5093 2015 5149 verborum

429 5180 478 5237 si
500 5181 815 5253 accipiatur,
864 5178 1132 5235 absurdus
1150 5186 1253 5235 est.
1293 5177 1650 5247 Quaerendum
1686 5190 1771 5237 est
1807 5184 2013 5253 utique,

430 5292 501 5333 ne
522 5275 662 5332 forte
689 5273 781 5331 illo
802 5274 887 5331 vel
914 5273 1007 5331 illo
1033 5281 1188 5347 tropo
1225 5274 1429 5331 dictum
1456 5276 1526 5331 sit
1550 5277 1692 5346 quod
1727 5292 1834 5332 non
1862 5278 2017 5332 intel-

369 5441 372 5443 Δ
427 5366 664 5439 ligimus,
715 5375 772 5424 et
803 5368 883 5424 sic
918 5366 1177 5439 pleraque
1199 5366 1419 5424 inventa
1453 5376 1579 5422 sunt
1609 5382 1728 5436 quae
1750 5370 2011 5424 latebant.

424 5463 708 5524 Metricam
734 5473 916 5521 autem
951 5464 1218 5518 rationem
1256 5479 1376 5533 qua:
1419 5476 1516 5531 per
1544 5470 1718 5516 artem
1747 5476 2015 5534 gramma-

428 5559 592 5614 ticam
618 5557 861 5622 discitur,
896 5570 1001 5611 non
1030 5553 1264 5627 ignobile
1288 5563 1371 5608 est
1394 5553 1554 5618 scire,
1603 5553 1728 5623 quia
1753 5553 1890 5623 apud
1918 5553 2016 5608 lle-

429 5652 602 5707 hrteos
637 5649 958 5706 Psalterium
1006 5649 1092 5720 (ut
1134 5648 1323 5702 beatus
1360 5643 1717 5716 Hieronymus
1760 5647 2010 5715 testatur)

430 5755 574 5794 nunc
620 5740 798 5794 iambo
839 5737 1029 5803 currit,
1082 5752 1227 5791 nunc
1272 5735 1514 5792 alchaico
1541 5742 1820 5805 personat,
1864 5747 2011 5792 nunc

2006 5938 2033 5964 κ

2122 4818 2271 4873 ribus
2299 4818 2412 4873 suis
2451 4817 2715 4871 inermem
2743 4815 2939 4870 debere
2969 4814 3269 4869 consistere
3305 4812 3616 4876 veritatem,
3654 4823 3729 4868 ut

2118 4910 2369 4965 videlicet
2415 4908 2489 4963 illi
2514 4908 2605 4978 qui
2641 4922 2731 4961 res
2757 4906 2921 4962 falsas
2948 4908 3175 4961 suadere
3209 4914 3500 4969 conantur,
3552 4920 3731 4959 nove-

2119 5001 2228 5057 rint
2258 5001 2558 5055 auditorem
2591 4998 2673 5053 vcl
2706 4997 3036 5064 benivolum,
3080 4997 3169 5053 vel
3196 4998 3484 5060 intentum,
3513 4995 3606 5049 vel
3630 4994 3730 5051 fa-

2118 5109 2244 5150 cere
2270 5092 2499 5148 docilem
2532 5091 2819 5162 prommio,
2850 5090 2938 5145 isti
2967 5100 3148 5145 autem
3173 5105 3281 5144 non
3309 5087 3607 5144 noverint?
3633 5087 3729 5143 illi

2118 5184 2252 5239 falsa
2286 5184 2546 5247 breviter,
2587 5190 2794 5252 aperte,
2836 5180 3223 5247 verisimiliter,
3274 5190 3330 5234 et
3355 5178 3443 5233 isti
3464 5192 3597 5232 vera
3628 5178 3732 5235 sic

2118 5285 2344 5331 narrent
2391 5284 2449 5330 ut
2502 5275 2691 5330 audire
2732 5275 2946 5339 tmdeat,
3004 5271 3306 5343 intelligere
3346 5283 3452 5323 non
3503 5277 3726 5338 pateat,

2117 5368 2342 5424 credere
2392 5376 2666 5437 postremo
2702 5382 2807 5421 non
2851 5365 3063 5421 libeat?
3101 5363 3175 5419 illi
3222 5361 3504 5418 fallacibus
3547 5374 3732 5429 argu-

2117 5462 2315 5518 mentis
2374 5463 2662 5517 veritatem
2697 5467 3030 5531 oppugnent,
3097 5464 3346 5513 asserant
3386 5453 3728 5518 falsitatem,

2117 5554 2204 5608 isti
2238 5569 2338 5608 nec
2362 5568 2490 5607 vera
2515 5550 2824 5616 defendere,
2880 5564 2982 5605 nec
3006 5546 3141 5603 falsa
3179 5546 3393 5600 valeant
3420 5544 3672 5599 refutare
3698 5543 3733 5597 ’ξ

2116 5640 2188 5695 illi
2229 5642 2439 5697 animos
2465 5640 2796 5696 audientium
2825 5639 2879 5693 in
2909 5651 3150 5694 errorem
3189 5642 3469 5690 moventes
3508 5630 3731 5699 impel-

2114 5736 2390 5804 lcntcsque
2419 5734 2645 5791 dicendo
2676 5740 2935 5800 terreant,
2984 5730 3327 5795 contristent,
3370 5725 3735 5794 exhilarent,
