3958 6204
250 304 339 363 507

1027 295 1116 352 os
1152 292 1601 367 cnumconuu
1641 292 2146 363 INSTITUTIONE,
2187 294 2338 354 ETC.
2386 325 2447 336 —
2490 293 2616 350 LIB.
2657 292 2743 348 IIl.

3398 298 3505 356 398

246 419 602 478 exhorrentur
629 415 908 482 ardenter,
953 414 1045 470 isti
1069 429 1170 485 pro
1198 414 1428 469 veritate
1450 413 1604 479 latr,
1649 413 1825 484 frigidi
1855 413 2365 485 Asyllogismorum
2387 414 2823 469 conclusionibus
2847 414 3145 469 confutare.
3196 411 3334 471 Sunt
3354 420 3501 475 enim

245 508 583 568 domitent?
620 507 754 575 Quis
785 507 860 561 ita
887 506 1141 577 desipiat,
1201 514 1259 562 ut
1301 507 1405 562 hoc
1438 510 1657 563 saout?
1688 505 1820 562 Cum

244 615 363 673 ergo
421 598 496 653 sit
530 597 585 652 in
624 596 805 653 medio
844 596 1017 668 posita
1047 595 1279 651 facultas
1317 595 1543 665 eloquii.
1589 611 1709 666 qua:
1753 596 1822 650 ad

243 690 611 766 persuadenda
647 705 743 746 seu
771 704 938 759 prava
984 703 1081 744 seu
1117 696 1264 743 recta
1304 688 1481 743 valeat
1504 689 1820 756 plurimum,

244 802 331 841 cur
356 799 467 839 non
497 784 765 838 bonorum
792 781 974 837 studio
996 788 1362 850 comparatur,
1411 788 1471 835 ut
1498 779 1693 834 militet
1731 796 1816 835 ve-

244 875 404 940 ritati,
430 874 475 929 si
505 887 626 949 eam
655 872 780 926 mali
801 872 868 926 ad
890 871 1213 927 obtinendas
1233 886 1517 942 perversas
1548 886 1823 941 vanasqne

244 982 430 1023 causas
473 966 529 1020 in
553 980 684 1021 usus
707 963 1010 1034 iniquitatis
1038 972 1095 1018 et
1120 963 1325 1018 erroris
1361 962 1669 1032 usurpant?
1712 962 1819 1016 Sed

243 1071 571 1129 quaecunque
600 1064 727 1110 sunt
749 1056 816 1110 de
841 1055 943 1110 hac
964 1069 1023 1108 re
1052 1053 1460 1108 observationes
1496 1062 1661 1122 atque
1685 1067 1823 1121 prre-

243 1155 412 1218 cepta,
464 1146 663 1216 quibus
688 1158 812 1201 cmn
842 1144 1053 1200 accedit
1085 1145 1136 1198 in
1173 1144 1418 1214 pluribus
1440 1143 1620 1199 verbis
1660 1159 1822 1198 orna-

243 1239 541 1309 mentisque
575 1237 884 1302 verborum,
928 1237 1327 1292 exercitatioris
1354 1237 1547 1307 lingua:
1581 1236 1823 1292 solertis.

243 1331 367 1386 sima
389 1329 749 1393 consuetudo,
787 1329 849 1383 tit
872 1328 959 1383 illa
979 1344 1099 1398 qum
1123 1328 1375 1383 facundia
1400 1327 1483 1383 vel
1512 1328 1819 1398 eloquentia

242 1421 567 1486 nominatur,
621 1419 736 1474 haec
783 1418 1018 1488 seposito
1047 1417 1115 1471 ad
1146 1418 1249 1472 hoc
1284 1433 1525 1489 congruo
1565 1418 1822 1488 temporis

243 1511 436 1582 spatio,
484 1518 611 1580 apta
650 1518 705 1563 et
725 1508 1082 1563 conveniente
1107 1514 1267 1563 astate
1296 1507 1552 1563 discenda
1582 1517 1710 1562 sunt
1741 1507 1824 1562 eis

243 1601 325 1671 qui
367 1601 475 1655 hoc
514 1598 765 1654 celeriter
798 1605 1044 1668 possunt.
1090 1596 1227 1653 Nam
1273 1605 1330 1652 et
1381 1597 1527 1668 ipsos
1567 1598 1823 1654 Romanae

244 1690 512 1760 principes
544 1687 865 1757 eloquentia:
906 1703 1010 1741 non
1042 1686 1214 1757 piguit
1242 1686 1445 1753 dicere,
1490 1688 1635 1757 quod
1682 1689 1823 1743 hanc

1928 504 2095 558 multa
2136 520 2256 574 qua:
2286 504 2621 574 appellantur
2651 505 3003 575 sepltismata,
3036 502 3185 561 falsa:
3206 505 3500 568 conclusio-

1926 610 2022 650 nes
2051 596 2339 661 rationum,
2391 603 2448 650 et
2479 595 2794 665 plerumque
2821 596 2896 651 ita
2927 609 3087 652 veras
3127 597 3422 667 imitantes,
3450 609 3511 656 ut

1928 701 2031 742 non
2080 686 2253 741 solum
2295 687 2501 751 tardos,
2545 687 2639 741 sed
2666 685 2974 757 ingeniosos
2999 686 3163 741 etiam
3191 687 3368 743 minus
3422 689 3505 744 dt-

1926 776 2152 846 ligcuter
2179 784 2416 830 attentos
2446 776 2735 846 decipiant.
2790 775 3078 847 Proposuit
3104 778 3248 833 enim
3284 778 3503 848 quidam

1923 870 2109 924 dicens
2141 870 2191 923 ci
2221 885 2343 924 eum
2384 884 2491 940 quo
2538 870 2901 949 loquebatur:
2937 870 3089 936 Quod
3127 887 3220 941 ego
3259 889 3398 940 sum,
3451 883 3507 929 tu

1926 976 2027 1015 non
2053 977 2125 1014 es.
2150 959 2329 1015 Atille
2352 961 2645 1014 consensit.
2698 959 2892 1014 Verum
2923 960 3068 1015 enim
3098 968 3218 1016 erat
3242 977 3305 1016 ex
3334 970 3508 1034 parte,

1922 1049 2007 1104 vel
2041 1065 2106 1106 eo
2135 1052 2251 1120 ipso
2280 1052 2424 1120 quod
2468 1051 2569 1106 iste
2595 1051 2923 1118 insidiosius,
2980 1050 3070 1107 ille
3112 1053 3338 1124 simplex
3366 1062 3507 1110 erat.

1925 1141 2060 1195 Tum
2112 1142 2213 1196 iste
2239 1141 2445 1197 addidit
2470 1160 2487 1199 ηε
2517 1141 2632 1212 Ego
2661 1152 2834 1196 autent
2863 1143 3016 1198 homo
3044 1160 3181 1198 sum.
3237 1144 3351 1201 Hoc
3377 1162 3514 1216 quo-

1922 1250 2028 1304 que
2049 1250 2173 1290 cum
2186 1235 2255 1289 ab
2283 1249 2349 1290 eo
2371 1235 2689 1304 accepisset,
2715 1235 2976 1290 conclusit
2999 1236 3184 1292 dicens
3206 1252 3220 1290 :
3247 1236 3324 1290 Tu
3348 1238 3515 1309 igitur

1925 1342 2029 1379 non
2058 1343 2111 1380 es
2132 1328 2308 1380 homo.
2339 1327 2490 1393 Quod
2511 1341 2680 1395 genus
2692 1329 3056 1397 captiosarnm
3077 1329 3509 1396 conclusionum,

1925 1413 2208 1485 Scriptura
2227 1424 2488 1484 quantum
2518 1415 2772 1471 existimo
2794 1418 3114 1486 detestatur,
3153 1419 3244 1474 illo
3270 1420 3389 1476 loco
3414 1421 3508 1478 ubi

1924 1507 2127 1563 dictum
2146 1516 2251 1572 est,
2269 1507 2373 1573 Qui
2397 1507 2675 1577 sophistica
2708 1508 2942 1580 loquitur
2966 1510 3176 1566 odibilis
3203 1521 3275 1566 est
3307 1512 3502 1585 (Eccli.

1925 1595 2154 1668 xxxv").
2184 1596 2506 1666 Quanquam
2531 1597 2696 1652 etiam
2724 1594 2905 1653 sermo
2933 1615 3040 1654 non
3069 1601 3357 1671 captiosus,
3410 1602 3508 1657 sed

1925 1696 2106 1744 tamen
2132 1689 2500 1744 abundantius
2544 1703 2709 1760 quam
2734 1690 3057 1761 gravitatem
3100 1692 3291 1758 decet,
3314 1693 3507 1751 verbo—

243 1792 406 1838 artem
438 1782 545 1837 nisi
566 1782 657 1851 qui
682 1781 792 1836 cito
819 1781 989 1850 poSsit
1017 1780 1347 1851 perdiscere,
1396 1795 1672 1850 nunquam
1706 1796 1824 1836 om-
1854 1790 1899 1850 Β
1927 1796 2045 1835 rum
2074 1790 2394 1836 ornamenta
2406 1790 2748 1847 consectans,
2776 1783 3099 1852 sophisticus
3113 1783 3341 1837 dicatur.
3369 1782 3511 1839 Sunt

243 1875 361 1929 nino
389 1874 584 1945 possit.
627 1873 734 1929 Sed
765 1888 865 1928 nos
900 1888 1008 1927 non
1035 1887 1101 1927 ea
1139 1872 1271 1927 tanti
1303 1872 1608 1942 pendimus,
1657 1880 1716 1926 ut
1744 1873 1825 1928 eis

246 1967 515 2023 discendis
552 1964 670 2035 jam
714 1974 976 2031 maturas,
1028 1964 1113 2019 vel
1135 1965 1298 2019 etiam
1331 1979 1524 2036 graves
1546 1964 1826 2019 hominum

245 2067 421 2115 states
446 2057 677 2113 velimus
705 2057 965 2128 impendi.
1010 2055 1157 2113 Satis
1195 2065 1279 2112 est
1316 2064 1375 2111 ut
1403 2056 1829 2113 adolescentulo-

247 2164 357 2203 rum
400 2148 507 2203 ista
538 2148 609 2202 sit
643 2162 806 2213 cura;
844 2161 947 2202 nec
975 2146 1214 2217 ipsorum
1266 2147 1508 2202 omnium
1550 2162 1689 2217 quos
1716 2147 1824 2203 uti-

246 2240 373 2296 litati
394 2241 785 2317 ccclcsiasticzr.
807 2240 1056 2311 cupimus
1080 2238 1306 2303 erudiri,
1344 2240 1439 2295 sed
1472 2253 1661 2294 eorum
1691 2253 1840 2319 quos:

246 2334 475 2388 nondum
515 2332 687 2403 magis
716 2346 938 2402 urgens,
974 2338 1030 2385 et
1062 2329 1192 2385 huic
1219 2329 1299 2385 rei
1328 2329 1447 2384 sine
1485 2328 1653 2384 dubio
1696 2344 1831 2399 pra:-

247 2424 486 2491 ponenda
520 2421 814 2477 necessitas
840 2418 1145 2490 occupavit.
1174 2418 1437 2485 Quoniam
1462 2418 1506 2472 si
1530 2425 1747 2472 acutum
1775 2423 1831 2473 et

251 2511 473 2567 fervens"
492 2510 638 2566 absit
675 2510 972 2582 ingenium,
1009 2507 1219 2564 facilius
1257 2508 1498 2562 adhazret
1522 2505 1830 2576 eloquentia

251 2604 563 2675 legentibus,
593 2611 648 2657 et
666 2600 1010 2656 audientibus
1031 2599 1369 2670 eloquentes,
1385 2612 1545 2669 quam
1575 2596 1832 2668 eloquen-

251 2696 331 2749 tiae
378 2703 651 2765 prmepta
703 2691 1058 2746 sectantibus.
1104 2689 1217 2745 Nec
1248 2689 1427 2744 desint
1453 2688 1833 2745 ecclesiastica

252 2785 439 2842 littera!
487 2786 654 2840 etiam
704 2792 898 2853 praeter
927 2796 1192 2837 canonem
1243 2781 1297 2835 in
1331 2780 1672 2836 auctoritatis
1705 2794 1834 2836 arce

249 2879 538 2952 salubriter
565 2877 866 2941 collocatae,
889 2891 1025 2945 quas
1052 2874 1276 2944 legendo
1299 2874 1462 2929 homo
1488 2874 1685 2946 capiat,
1710 2884 1765 2930 et
1787 2875 1833 2930 si

251 2968 299 3023 id
324 2985 431 3023 non
457 2977 600 3038 agat,
644 2969 738 3023 sed
775 2967 1147 3021 tantummodo
1178 2968 1341 3022 rebus
1379 2980 1500 3036 qua:
1544 2966 1616 3022 ibi
1645 2968 1834 3022 dicun-

251 3068 332 3113 tur
368 3062 611 3114 intentus
640 3060 732 3123 sit,
772 3059 937 3112 etiam
978 3056 1191 3125 eloquio
1240 3071 1348 3126 quo
1380 3056 1654 3135 dicuntur,
1704 3054 1832 3111 dum

1925 1871 2090 1927 etiam
2133 1887 2276 1927 vera:
2308 1872 2675 1929 connexiones
2715 1873 3147 1929 ratiocinationis
3194 1872 3361 1929 falsas
3407 1874 3507 1929 ha-

1923 1966 2114 2021 bentes
2141 1965 2456 2032 sententias,
2497 1980 2619 2036 qua;
2643 1974 3050 2037 consequuntur
3074 1981 3317 2022 errorem
3364 1964 3512 2022 illius

1927 2071 2049 2110 cum
2075 2070 2183 2125 quo
2228 2056 2422 2128 agitur.
2477 2055 2608 2123 Qua:
2651 2062 2831 2112 tamen
2872 2055 2940 2111 ad
2981 2057 3085 2113 hoc
3133 2056 3445 2114 inferuntur
3478 2076 3508 2114 ιι

1927 2148 2071 2203 bono
2101 2156 2158 2203 ct
2180 2147 2339 2203 docto
2365 2147 2604 2212 homine,
2638 2156 2697 2202 ut
2737 2149 2824 2204 his
2845 2150 3174 2205 erubescens
3222 2149 3311 2205 ille
3351 2150 3506 2220 cujus

1927 2252 2169 2294 errorem
2210 2239 2475 2308 sequitur,
2526 2238 2776 2294 eumdem
2808 2238 3078 2309 relinquat
3105 2254 3369 2306 errorem,
3416 2242 3510 2312 qui

1928 2334 1976 2389 si
2004 2334 2060 2392 in
2085 2334 2276 2390 eodem
2328 2348 2547 2390 manere
2577 2332 2824 2397 voluerit,
2858 2346 3080 2387 necesse
3118 2341 3197 2386 est
3238 2340 3297 2384 ut
3344 2332 3510 2386 etiam

1931 2424 2019 2479 illa
2077 2440 2198 2490 quat
2232 2424 2454 2479 damnat
2507 2433 2692 2479 tenere
2738 2431 2983 2493 cogatur.
3042 2420 3156 2476 Non
3201 2422 3343 2476 enim
3380 2436 3510 2477 vera

1932 2515 2198 2572 inferebat
2220 2515 2509 2586 Apostolus
2535 2530 2660 2570 cum
2687 2515 2892 2571 diceret
2918 2532 2931 2568 :
2963 2512 3145 2585 Neque
3165 2511 3404 2569 Christus
3434 2530 3516 2570 re-

1932 2606 2181 2662 surrexit.
2211 2606 2279 2661 Et
2301 2607 2391 2661 illa
2422 2607 2531 2661 alia
2562 2625 2575 2661 :
2604 2605 2792 2661 Inanis
2829 2615 2904 2660 est
2923 2605 3057 2675 ﬁdes
3096 2615 3297 2672 nostra,
3335 2606 3510 2662 inanis

1933 2709 2085 2755 estet
2130 2699 2436 2771 prtrdicatio
2486 2708 2666 2753 nostra
2721 2697 2774 2772 (Ι
2799 2695 2923 2753 Cor.
2959 2697 3071 2771 xv).
3124 2698 3254 2766 Qua:
3295 2698 3517 2754 omnino

1934 2789 2070 2844 falsa
2099 2798 2245 2854 sunt,
2291 2789 2415 2858 quia
2453 2797 2511 2845 et
2543 2788 2790 2845 Christus
2823 2789 3139 2856 resurrexit,
3169 2797 3357 2845 etnon
3398 2800 3518 2846 erat

1936 2882 2115 2937 inanis
2144 2882 2454 2953 praedicatio
2478 2896 2666 2936 eorum
2702 2881 2795 2952 qui
2827 2882 2929 2939 hoc
2955 2882 3373 2949 annuntiabant,
3411 2899 3515 2938 nec

1937 2974 2070 3029 lldes
2097 2987 2283 3028 eorum
2309 2975 2401 3043 qui
2432 2974 2534 3029 hoc
2558 2974 2917 3029 crediderant.
2954 2974 3022 3027 At
3057 2974 3183 3045 quia
3208 2973 3402 3029 falsum
3433 2982 3518 3031 est

1937 3064 2081 3134 quod
2103 3066 2367 3136 sequitur,
2396 3080 2619 3122 necesse
2645 3074 2729 3120 est
2754 3074 2814 3120 nt
2840 3064 3035 3120 falsum
3059 3066 3131 3121 sit
3149 3066 3293 3136 quod
3320 3079 3524 3136 prame-

252 3150 302 3206 in
357 3153 445 3207 his
492 3159 762 3214 versatur,
808 3149 1103 3213 imbuitur;
1143 3149 1438 3204 accedente
1482 3148 1566 3202 vel
1598 3148 1831 3203 maxime
1858 3151 1903 3213 C
1936 3156 2033 3211 dit.
2087 3156 2348 3211 Prmcedit
2379 3156 2525 3211 enim
2578 3169 2684 3211 non
2710 3170 2828 3210 esse
2876 3156 3330 3210 resurrectionem
3373 3170 3521 3211 mor-

251 3243 637 3297 cxcrcitatione
663 3241 778 3296 sive
807 3240 1104 3305 scribendi,
1135 3240 1248 3293 sive
1268 3239 1526 3304 dictandi,
1560 3247 1833 3309 postremo

254 3337 412 3389 etiam
457 3335 691 3397 dicendi,
742 3348 863 3405 «tute
902 3334 1197 3388 secundum
1226 3333 1441 3403 pietatis
1484 3348 1547 3387 ac
1574 3332 1694 3386 ﬁdei
1743 3346 1833 3384 rc-

253 3427 428 3492 gulam
462 3427 648 3480 sentit.
680 3425 786 3479 Sed
814 3425 930 3479 hate
952 3424 1017 3478 de
1050 3425 1318 3479 rhetorica
1350 3438 1493 3478 nunc
1518 3423 1661 3478 dicta
1689 3421 1838 3479 suﬂi-

258 3517 424 3579 ciant,
459 3531 580 3569 cum
608 3531 949 3570 reservamus
985 3514 1146 3585 paulo
1174 3521 1293 3584 post
1338 3513 1461 3583 jura
1483 3513 1727 3586 ejusdem
1781 3513 1834 3566 in

254 3603 464 3657 dicendi
503 3617 703 3673 genere
741 3602 953 3673 planius
993 3602 1433 3657 demonstranda.

864 3711 1089 3768 CAPUT
1129 3711 1247 3767 XX.

845 3802 924 3857 De
957 3801 1255 3857 dialectica.

324 3898 613 3955 maledica
658 3906 746 3953 est
772 3895 1054 3967 disciplina
1090 3896 1371 3951 rationalis
1397 3895 1692 3965 quaerendi,
1741 3893 1843 3949 dif-

258 3990 477 4045 finiendi
506 4000 562 4045 et
589 3988 913 4053 disserendi,
955 3987 1121 4042 etiam
1151 4002 1280 4041 vera
1327 3995 1385 4041 et
1407 4003 1437 4040 a
1461 3986 1611 4041 falsis
1643 3987 1846 4041 discer-

258 4081 422 4135 nendi
481 4090 690 4152 potens.
755 4079 881 4135 Haec
932 4092 1064 4148 ergo
1109 4077 1391 4150 disciplina
1438 4077 1844 4147 disciplinarum

255 4182 379 4236 est;
408 4172 519 4228 haec
551 4172 712 4227 docet
736 4172 955 4236 docere,
986 4170 1103 4224 haec
1130 4169 1291 4225 docet
1314 4169 1546 4234 discere,
1578 4168 1630 4222 in
1657 4168 1759 4223 hac
1787 4183 1848 4223 se

256 4264 375 4335 ipsa
418 4266 555 4320 ratio
598 4266 938 4319 demonstrat
981 4272 1144 4333 atque
1195 4263 1370 4332 aperit
1418 4276 1540 4331 qua:
1575 4261 1669 4326 sit,
1719 4260 1848 4329 quid

257 4355 407 4419 velit,
438 4355 565 4424 quid
593 4355 793 4409 videat.
849 4354 966 4410 Scit
993 4355 1135 4410 scire
1169 4354 1303 4419 sola,
1328 4362 1385 4421 et
1412 4353 1649 4409 scientes
1669 4352 1850 4410 facere

257 4460 368 4498 non
392 4444 561 4498 solum
586 4444 722 4510 vult,
748 4442 841 4499 sed
872 4443 1037 4499 etiam
1065 4451 1263 4514 potest.
1313 4441 1369 4497 in
1398 4442 1502 4499 hac
1528 4443 1851 4499 ratiocinan-

1933 3252 2170 3311 tuorum,
2218 3246 2360 3316 quod
2396 3246 2650 3301 dicebant
2702 3244 2798 3310 illi,
2845 3260 3076 3315 quarunt
3133 3260 3376 3301 errorem
3428 3246 3521 3302 de-

1933 3346 2145 3392 struere
2199 3336 2367 3391 voluit
2413 3334 2726 3407 Apostolus.
2779 3334 2948 3390 Porro
2997 3336 3138 3390 illam
3187 3336 3518 3391 sententiam

1933 3428 2345 3500 prarcedentem,
2383 3443 2488 3498 qua
2516 3428 2769 3483 dicebant
2789 3443 2894 3483 non
2919 3443 3039 3483 esse
3074 3428 3524 3483 resurrectionem

1938 3533 2293 3587 mortuorum,
2312 3521 2622 3576 necessario
2639 3520 2902 3590 sequitur,
2916 3520 3092 3590 Neque
3105 3520 3343 3574 Christus
3358 3536 3471 3574 resu
3481 3534 3531 3572 r-

1938 3614 2091 3668 τίκτει.
2118 3613 2230 3683 lloe
2249 3622 2428 3667 autem
2464 3612 2605 3682 quod
2628 3611 2894 3681 sequitur,
2926 3611 3118 3667 falsum
3136 3621 3249 3678 est;
3278 3612 3526 3668 Christus

1939 3707 2081 3760 enim
2133 3705 2431 3760 resurrexit
2470 3723 2483 3758 :
2530 3704 2725 3759 falsum
2754 3713 2837 3759 est
2880 3718 3014 3774 ergo
3053 3705 3194 3774 quod
3240 3704 3517 3775 pratcedit.

1943 3795 2206 3849 Pnecedit
2236 3802 2421 3849 autem
2475 3809 2581 3849 non
2625 3808 2746 3850 esse
2782 3796 3236 3851 resurrectionem
3285 3803 3527 3850 mortuo-

1942 3904 2100 3942 rum:
2139 3895 2223 3942 est
2250 3888 2414 3958 igitur
2441 3886 2766 3942 resurrectio
2788 3894 3145 3941 mortuorum.
3176 3884 3331 3953 Quod
3356 3893 3529 3940 totum

1942 3979 2184 4035 breviter
2204 3979 2277 4035 ita
2308 3978 2506 4033 dicitur
2552 3995 2565 4030 :
2607 3976 2665 4034 Si
2695 3993 2803 4033 non
2824 3985 2909 4033 est
2935 3978 3261 4033 resurrectio
3294 3986 3534 4033 mortem

1945 4086 2086 4137 rum,
2145 4085 2321 4140 neque
2375 4070 2624 4126 Christus
2676 4070 3016 4126 resurrexit:
3055 4069 3303 4125 Christus
3345 4077 3527 4124 autem

1949 4161 2284 4227 resurrexit;
2327 4170 2413 4217 est
2448 4161 2610 4233 igitur
2637 4161 2962 4217 resurrectio
2988 4167 3343 4215 mortuorum.
3397 4157 3535 4216 Cum

1949 4269 2079 4326 ergo
2098 4255 2209 4310 sint
2229 4268 2369 4309 verte
2397 4253 2785 4319 connexiones,
2814 4268 2921 4308 non
2946 4252 3120 4309 solum
3146 4265 3420 4318 verarum,
3442 4254 3536 4309 sed

1950 4347 2115 4403 etiam
2163 4345 2421 4401 falsarum
2463 4344 2876 4411 sententiarum,
2918 4344 3076 4401 facile
3115 4353 3201 4401 est
3250 4344 3539 4400 veritatem

1953 4441 2352 4497 connexionum
2408 4437 2573 4494 etiam
2618 4437 2675 4492 in
2722 4435 2926 4492 scholis
2968 4436 3073 4492 illis
3125 4437 3357 4503 discere,
3417 4450 3541 4508 quae

260 4540 345 4587 tes
390 4533 768 4603 cegnoseimus
799 4532 930 4601 quid
971 4547 1157 4587 sumus
1204 4540 1265 4603 et
1295 4531 1440 4587 unde
1474 4547 1660 4587 sumus
1690 4548 1705 4596 ;
1746 4546 1845 4600 per
1874 4529 1923 4587 Ι)
1949 4539 2146 4601 praeter
2164 4530 2459 4586 Ecclesiam
2485 4536 2630 4595 sunt,
2654 4527 3046 4585 sententiarum
3067 4537 3252 4585 autem
3278 4529 3543 4586 veritates

257 4623 403 4679 hanc
457 4625 805 4695 intelligimus
831 4625 960 4695 quid
1005 4626 1078 4695 sit
1117 4624 1322 4680 faciens
1346 4624 1573 4691 bonum,
1619 4634 1670 4679 et
1718 4624 1848 4694 quid

264 4716 470 4773 factum
500 4718 734 4783 bonum;
764 4718 894 4788 quid
928 4725 1159 4781 creator,
1215 4725 1269 4770 et
1292 4717 1419 4786 quid
1445 4725 1728 4782 creatura;
1756 4731 1852 4786 per

261 4806 412 4863 hanc
469 4808 861 4879 investigamus
913 4808 1237 4872 veritatem,
1294 4816 1350 4862 et
1400 4806 1854 4877 deprehendimus

261 4897 594 4965 falsitatem;
638 4914 737 4969 per
779 4898 921 4953 hanc
964 4906 1427 4969 argumentantur,
1452 4908 1509 4952 et
1554 4898 1855 4953 invenimus

260 4988 397 5056 quid
424 4988 492 5041 sit
522 5002 889 5057 consequens,
932 4988 1061 5059 quid
1099 5004 1205 5045 non
1231 5003 1593 5058 consequens,
1642 4998 1698 5044 et
1724 4990 1855 5060 quid

262 5092 571 5148 repugnans
609 5080 666 5135 in
706 5096 888 5135 rerum
924 5089 1139 5147 natura,
1195 5080 1322 5151 quid
1348 5095 1561 5145 verum,
1607 5081 1735 5151 quid
1762 5096 1854 5135 ve-

271 5167 522 5233 risitnile,
581 5178 637 5226 et
664 5171 795 5240 quid
825 5171 1044 5242 penitus
1072 5170 1266 5227 falsum
1292 5172 1345 5227 in
1376 5170 1849 5242 disputationibus.

260 5258 322 5311 in
355 5258 457 5315 hac
487 5261 637 5317 enim
657 5263 940 5334 disciplina
962 5279 1398 5335 unamquamque
1420 5279 1535 5319 rem
1564 5265 1858 5334 quaerimus

258 5354 558 5423 sagaciter,
639 5365 698 5410 et
745 5353 1042 5411 dillinimus
1096 5354 1389 5419 veraciter,
1449 5364 1505 5410 et
1542 5356 1860 5413 disserimus

256 5443 579 5513 prudenter.
631 5444 974 5516 Quapropter
1017 5455 1233 5516 oportet
1250 5445 1476 5502 clericos
1514 5446 1653 5501 hanc
1686 5455 1858 5502 artem

261 5532 666 5591 nobilissimam
704 5536 866 5601 scire,
894 5535 1117 5605 ejusque
1140 5537 1264 5606 jura
1300 5537 1353 5590 in
1374 5536 1606 5591 assiduis
1638 5538 1860 5593 medita-

260 5625 507 5681 tionibus
529 5627 755 5691 habere,
786 5634 845 5681 ut
872 5625 1141 5682 subtiliter
1162 5628 1539 5683 haereticorum
1561 5629 1855 5684 versutiam

258 5715 373 5770 hac
419 5717 623 5787 [tussiat
648 5716 989 5788 dignoscere,
1037 5733 1330 5788 eorumque
1369 5719 1511 5774 dicta
1547 5719 1858 5775 veneficalis

1957 4623 2012 4676 in
2066 4622 2269 4677 sanctis
2317 4621 2469 4677 libris
2515 4619 2898 4677 ecclesiasticis
2953 4618 3343 4693 investiganda:
3394 4630 3540 4677 sunt.

1957 4712 2074 4783 Ipsa
2102 4723 2280 4768 tamen
2308 4714 2514 4769 veritas
2545 4713 2943 4769 connexionum
2994 4728 3101 4768 non
3132 4713 3397 4781 instituta,
3448 4715 3543 4771 sed

1961 4804 2338 4859 animadversa
2374 4812 2460 4860 est
2508 4804 2577 4859 ab
2615 4803 2923 4860 hominibus
2969 4812 3022 4860 et
3068 4811 3277 4871 notata,
3308 4813 3371 4859 ut
3418 4819 3541 4859 eam

1962 4896 2173 4966 possint
2194 4895 2279 4950 vel
2301 4896 2511 4952 discere
2533 4895 2615 4949 vel
2638 4897 2852 4951 docere.
2883 4894 3017 4952 Nam
3048 4904 3133 4953 est
3160 4896 3215 4951 in
3244 4911 3423 4950 rerum
3452 4912 3542 4950 ra-

1960 4990 2107 5045 tione
2128 4994 2384 5060 perpetua
2418 4996 2472 5043 et
2497 4988 2754 5045 divinitus
2783 4989 3053 5057 instituta,
3080 5005 3202 5061 qua:
3227 5004 3259 5043 a
3282 4988 3392 5042 Deo
3420 5004 3540 5042 auc-

1963 5091 2077 5137 tore
2119 5091 2244 5136 sunt
2280 5080 2437 5135 facta.
2485 5079 2590 5137 Sed
2616 5081 2743 5153 quia
2776 5082 2842 5138 de
2873 5082 3045 5154 logica
3063 5080 3180 5151 jam
3201 5079 3455 5145 diximus,
3481 5081 3544 5136 de

1961 5170 2344 5228 mathematica
2390 5182 2786 5241 consequenter
2841 5174 3102 5232 dicemus.

2552 5283 2781 5343 CAPUT
2818 5286 2960 5342 XXI.

2500 5354 2580 5411 De
2619 5357 3004 5414 mathematica.

2036 5444 2416 5503 Mathematica
2460 5458 2545 5503 est
2586 5465 2747 5520 quam
2792 5452 2984 5509 Latine
3030 5468 3320 5524 possumus
3360 5457 3544 5515 dicere

1964 5535 2323 5595 doctriualcm
2355 5537 2660 5608 scientiam,
2696 5557 2815 5612 qua:
2857 5545 3184 5600 abstractam
3233 5548 3547 5604 considerat

1963 5630 2338 5700 quantitatem.
2362 5630 2653 5690 Abstracta
2679 5634 2820 5689 enim
2842 5636 3116 5703 quantitas
3138 5636 3354 5703 dicitur,
3382 5656 3546 5709 quant

1964 5724 2233 5789 intellectu
2269 5747 2298 5787 a
2338 5729 2565 5790 materia
2590 5742 2921 5798 separamus,
2954 5728 3035 5783 vel
3060 5727 3128 5784 ab
3149 5728 3270 5788 aliis
3292 5730 3547 5788 acciden-
