3958 6204
358 328 480 395 599

1008 334 1071 387 s.
1104 330 1362 388 RABANI
1403 330 1619 386 MAURI
1661 328 1978 385 aaczuap.
2024 301 2332 389 uocum.
2371 331 2659 389 openun
2694 333 2874 389 rans
2912 334 2951 388 1.

3516 335 3625 390 £00

361 449 525 513 tibus,
577 454 637 501 ut
658 453 742 500 est
777 459 896 515 par,
945 444 1141 513 impar,
1196 442 1276 495 vel
1315 442 1384 495 ah
1416 440 1533 494 aliis
1570 438 1937 508 hujuscemodi
1970 445 2011 502 Α
2040 441 2173 497 facit
2224 459 2329 497 non
2362 444 2606 517 intelligi,
2660 446 2920 501 translate
2973 460 3035 500 ac
3074 448 3301 517 mystice
3336 450 3515 516 posita
3573 418 3661 504 in-

360 554 479 610 qnte
500 537 553 590 in
584 535 695 589 sola
731 532 1142 588 ratiocinatione
1165 540 1476 584 tractamus.
1530 530 1652 584 [hec
1682 530 1937 589 dividitur

362 632 415 685 in
469 625 888 689 arithmeticam,
938 622 1222 684 musicam,
1261 621 1631 690 geometriam,
1689 630 1934 675 astrono-

364 720 526 773 miam
557 734 570 770 :
607 715 675 769 de
710 713 905 785 quibus
936 711 1161 785 singulis
1206 713 1500 768 secundum
1540 712 1781 767 ordinem
1826 712 1938 767 dis-

362 822 624 865 seremus.

929 896 1157 951 CAPUT
1196 894 1355 949 XXII.

937 988 1014 1042 De
1040 987 1384 1040 arithmetica.

436 1084 791 1140 Arithmetica
819 1090 904 1138 est
929 1080 1214 1149 disciplina
1247 1068 1567 1149 quantitatis
1597 1078 1945 1133 numerabilis

364 1176 660 1231 secundum
689 1175 940 1243 seipsam.
987 1170 1082 1224 Est
1105 1170 1248 1223 enim
1274 1168 1552 1239 disciplina
1576 1184 1941 1223 numerorum.

369 1267 549 1323 ϐιωθί
616 1267 763 1319 enim
824 1278 1108 1318 numerum
1179 1259 1411 1333 ἅριθμον,
1489 1261 1785 1326 arithmon,
1851 1277 1947 1314 vo-

367 1369 513 1425 cant,
552 1373 711 1429 quem
750 1357 1042 1425 scriptorcs
1072 1354 1374 1408 litterarum
1403 1353 1763 1417 saacularium,
1810 1354 1951 1407 inter

369 1449 680 1520 disciplinas
711 1445 1119 1501 mathematicas
1164 1444 1286 1498 ideo
1327 1443 1559 1512 primam
1602 1457 1723 1497 esse
1768 1443 1952 1497 volue-

377 1551 520 1605 runt,
576 1541 831 1611 quoniam
859 1539 973 1608 ipsa
1015 1544 1074 1590 ut
1099 1537 1188 1600 sit,
1248 1534 1390 1590 nulla
1432 1534 1536 1589 alia
1564 1535 1765 1589 indicat
1794 1535 1953 1589 disci-

368 1635 532 1706 plina.
590 1631 789 1686 Musica
843 1638 1020 1683 autem
1069 1634 1124 1681 et
1175 1625 1468 1695 geometria
1519 1635 1574 1679 et
1620 1624 1950 1679 astronomia

369 1740 490 1798 qua:
520 1733 836 1795 sequuntur,
862 1729 920 1774 ut
940 1721 1047 1775 sint
1077 1728 1239 1788 atque
1265 1717 1585 1781 subsistant,
1614 1717 1768 1772 istius
1794 1723 1952 1786 egent

2047 532 2362 601 Scripturis.
2427 534 2701 611 Ingenium
2743 536 2962 606 quippe,
2994 543 3052 590 ut
3078 536 3147 590 ita
3182 536 3432 601 dixerim,
3480 538 3637 609 inge-

2047 624 2203 679 nium
2242 641 2349 680 non
2385 635 2561 697 potest
2598 643 2706 683 non
2743 629 2948 684 moveri
2993 628 3120 698 quid
3147 628 3247 681 sibi
3291 628 3438 695 velit,
3486 630 3638 700 quod

2046 726 2100 771 et
2152 715 2363 789 Moyses
2409 726 2465 771 et
2516 718 2661 773 Elias
2705 728 2761 774 et
2802 719 2917 790 ipse
2959 719 3219 774 Dominus
3274 720 3639 790 quadraginta

2045 809 2235 865 diebus
2255 809 2651 881 jejunaverunt.
2683 811 2846 880 Cujus
2868 812 3096 869 actionis
3129 812 3385 883 ﬁguratus
3412 815 3639 884 quidam

2049 902 2221 958 nodus
2267 903 2387 958 sine
2429 903 2587 973 hujus
2629 904 2839 959 numeri
2885 904 3190 975 cognitione
3231 912 3285 959 et
3326 906 3636 960 considera-

2051 992 2194 1047 tione
2236 1008 2343 1047 non
2392 992 2636 1047 solvitur.
2689 993 2862 1048 liabet
2906 995 3052 1048 enim
3103 994 3386 1049 denarium
3419 1005 3639 1065 quater,

2052 1092 2304 1153 tanquam
2332 1084 2692 1154 cognitionem
2714 1085 2957 1139 omnium
2990 1100 3168 1139 rerum
3216 1085 3474 1139 intextam
3502 1095 3645 1140 tem-

2051 1174 2289 1240 poribus.
2329 1174 2689 1242 Qnaternario
2718 1190 2949 1245 namque
2984 1190 3229 1242 numero,
3258 1186 3312 1231 et
3342 1176 3533 1231 diurna
3581 1186 3649 1231 et

2052 1280 2229 1318 annua
2258 1265 2525 1319 curricula
2557 1274 2925 1337 peraguntur:
2959 1266 3149 1319 diurna
3193 1266 3489 1333 matutinis,
3522 1282 3646 1320 me-

2053 1355 2297 1421 ridianis,
2324 1356 2662 1427 vespertinis,
2691 1357 3076 1425 nocturnisque
3116 1356 3370 1410 horarum
3412 1356 3643 1425 spatiis;

2052 1462 2231 1500 annua
2260 1446 2462 1510 vernis,
2496 1446 2721 1511 mstivis,
2753 1446 3171 1513 autumnalibus,
3204 1448 3647 1519 hiemalibusque

2054 1537 2348 1593 mensibus.
2389 1538 2433 1591 A
2465 1547 2766 1608 temporum
2809 1546 2991 1593 autem
3026 1537 3380 1595 delectatione
3408 1539 3535 1594 dum
3583 1541 3648 1595 in

2057 1626 2388 1695 temporibus
2428 1626 2691 1691 vivimus,
2735 1636 2958 1695 propter
3015 1626 3372 1684 aiternitatem
3420 1629 3474 1683 in
3528 1645 3647 1699 qua

2055 1717 2237 1773 vivere
2280 1715 2553 1778 volumus,
2599 1716 2974 1771 abstinendum
3016 1724 3072 1771 et
3110 1715 3473 1788 jejunandum'
3519 1730 3649 1782 est,

371 1818 589 1873 auxilio.
620 1815 772 1870 Scire
795 1821 973 1867 autem
1002 1811 1259 1867 debemus
1284 1807 1577 1879 .losephum
1605 1807 1950 1863 Hebraeorum
1981 1799 2028 1858 Β
2054 1810 2302 1883 quamvis
2353 1821 2655 1879 temporum
2699 1810 2951 1867 cursibus
2984 1810 3098 1880 ipsa
3140 1802 3440 1866 insinuetur
3481 1813 3656 1867 nobis

372 1908 741 1965 doctissimum
801 1906 853 1958 in
905 1902 1081 1974 primo
1121 1900 1261 1955 libro
1316 1899 1731 1968 Antiquitatum,
1799 1896 1953 1952 titulo

373 2014 536 2064 nono,
566 1998 745 2052 dicere
766 1993 1167 2049 arithmeticam
1190 2000 1247 2046 et
1267 1990 1652 2046 astronomiam
1678 1989 1952 2045 Abraham

369 2091 602 2161 primum
655 2086 923 2158 .Egyptiis
977 2083 1302 2147 tradidisse;
1340 2081 1484 2137 unde
1534 2080 1738 2135 semina
1790 2080 1955 2135 susei-

368 2181 602 2250 pientes,
665 2186 725 2231 ut
762 2184 890 2230 sunt
926 2175 1175 2229 homines
1224 2171 1476 2227 acerrimi
1514 2170 1735 2241 ingenii,
1793 2185 1955 2225 exeo-

372 2271 536 2325 luisse
583 2268 685 2324 sibi
725 2267 961 2337 reliquas
1008 2264 1169 2318 latius
1212 2260 1543 2330 disciplinas.
1587 2259 1730 2326 Quas
1762 2259 1955 2314 merito

374 2362 545 2417 sancti
580 2369 764 2431 patres
796 2356 967 2412 nostri
996 2354 1248 2426 legendas
1295 2351 1702 2407 studiosissimis
1736 2365 1957 2423 persua-

373 2452 526 2516 dent,
556 2449 811 2518 quoniam
840 2462 905 2501 ex
939 2460 1130 2516 magna
1153 2451 1311 2514 parte
1340 2456 1436 2512 per
1463 2456 1561 2496 eas
1588 2457 1620 2494 a
1650 2440 1956 2496 carnalibus

374 2540 538 2596 rebus
576 2537 843 2608 appetitus
884 2534 1239 2597 abstrahitur,
1297 2541 1353 2587 et
1396 2531 1601 2587 faciunt
1649 2531 1956 2586 desiderare

372 2646 511 2700 quae,
569 2636 859 2700 pmstante
886 2626 1134 2689 Domino,
1192 2622 1309 2678 solo
1355 2623 1622 2693 possimus
1668 2621 1831 2676 corde
1872 2636 1956 2675 re-

372 2724 601 2792 spicere.
647 2718 798 2776 Unde
842 2716 980 2772 ratio
1026 2715 1235 2770 numeri
1267 2713 1658 2769 contemnenda
1696 2727 1802 2768 non
1851 2722 1955 2778 est,

372 2832 491 2885 qua:
542 2815 595 2869 in
624 2812 807 2867 multis
837 2820 1144 2866 sanctarum
1175 2807 1579 2878 Seriptnrarum
1623 2805 1757 2860 locis
1794 2821 1957 2875 quam

373 2904 550 2974 magni
579 2901 937 2957 existimanda
968 2899 1059 2961 sit,
1109 2897 1253 2951 lueet
1272 2895 1558 2966 diligenter
1599 2895 1951 2949 intuentibus.

372 2994 483 3050 Nec
532 2993 733 3047 frustra
782 2990 834 3043 in
874 2987 1121 3042 laudibus
1145 2986 1239 3041 Dei
1287 2985 1490 3040 dictum
1523 2993 1644 3038 est:
1677 2983 1870 3051 Omnia
1901 2984 1955 3038 in

370 3099 619 3137 mensura
668 3091 714 3134 et
740 3093 955 3132 numero
1002 3086 1050 3130 et
1079 3076 1305 3146 pondere
1330 3073 1631 3144 disposuisti
1676 3073 1826 3145 (Sap.
1852 3075 1952 3145 ιιι).

2058 1903 2301 1958 doctrina
2347 1902 2858 1957 contemnendorum
2898 1910 3223 1974 temporum,
3275 1912 3331 1959 et
3374 1914 3646 1975 appeten-

2056 1994 2247 2050 darum
2289 2003 2632 2050 aeternorum.
2664 1995 2833 2065 Porro
2862 2003 3042 2052 autem
3086 1996 3341 2052 denarius
3379 2014 3654 2053 numerus

2056 2086 2317 2141 creatoris
2356 2094 2517 2156 atque
2542 2093 2804 2141 creaturae
2846 2086 3114 2158 significat
3157 2087 3475 2153 scientiam;
3509 2104 3648 2143 nam

2058 2179 2271 2233 trinitas
2318 2178 2584 2234 creatoris
2633 2186 2736 2244 est,
2771 2179 3110 2248 septenarius
3152 2187 3331 2234 autem
3381 2196 3656 2236 numerus

2058 2279 2360 2325 creaturam
2402 2271 2626 2335 indicat,
2652 2278 2876 2339 propter
2900 2270 3067 2324 vitam
3091 2278 3147 2325 et
3170 2284 3386 2340 corpus.
3410 2269 3548 2325 Nam
3584 2272 3653 2325 in

2058 2360 2146 2415 illa
2171 2362 2273 2414 tria
2298 2368 2421 2415 sunt
2445 2380 2456 2413 :
2491 2360 2633 2415 unde
2661 2361 2824 2415 etiam
2846 2368 2963 2415 toto
2981 2360 3164 2426 corde,
3184 2369 3295 2416 tota
3314 2362 3656 2426 anima,tota

2059 2459 2239 2504 mente
2284 2449 2584 2520 diligendus
2610 2457 2693 2505 est
2730 2449 2903 2515 Deus;
2934 2450 2987 2504 in
3016 2464 3241 2520 corpore
3268 2458 3445 2505 autem
3472 2452 3657 2506 mani-

2059 2541 2346 2597 festissima
2392 2549 2623 2611 quatuor
2669 2548 2964 2611 apparent,
3010 2540 3206 2611 quibus
3247 2548 3489 2604 constat,
3530 2539 3653 2595 ele-

2060 2644 2258 2689 menta.
2293 2634 2403 2689 lloc
2446 2649 2576 2704 ergo
2625 2634 2846 2688 denario
2894 2634 3019 2688 dum
3072 2633 3442 2704 temporaliter
3488 2632 3659 2688 nobis

2059 2724 2381 2789 insinuatur,
2423 2723 2477 2778 id
2523 2731 2625 2786 est,
2672 2732 2866 2794 quater
2912 2722 3160 2788 ducatur,
3193 2733 3341 2778 caste
3368 2728 3423 2778 et
3461 2725 3658 2779 conti-

2059 2821 2251 2867 nenter
2273 2827 2302 2866 a
2328 2820 2630 2882 temporum
2655 2812 3009 2869 delectatione
3036 2812 3238 2879 vivere,
3269 2813 3374 2869 hoc
3394 2822 3485 2868 est
3513 2829 3662 2883 qua-

2059 2904 2307 2974 draginta
2337 2904 2523 2959 diebus
2544 2902 2806 2974 jejunare.
2837 2902 2951 2959 Hoc
2986 2912 3069 2959 est
3096 2903 3181 2959 lex
3219 2904 3373 2975 cujus
3412 2920 3679 2975 persona-

2057 3003 2143 3049 est
2184 2994 2238 3048 in
2282 2993 2489 3064 Moyse;
2536 2993 2638 3048 hoc
2682 3002 2767 3048 est
2798 2993 3113 3065 prophetia.
3159 2993 3312 3064 cujus
3356 3010 3659 3065 personam

2061 3085 2197 3156 gerit
2225 3085 2393 3149 Elias;
2439 3084 2543 3139 hoc
2587 3084 2700 3153 ipse
2742 3083 3001 3139 Dominus
3027 3092 3227 3150 monet,
3255 3085 3345 3154 qui
3383 3094 3658 3155 tanquam

370 3175 448 3226 Ita
476 3186 605 3225 vero
632 3170 744 3224 suis
768 3167 999 3236 quisque
1031 3177 1287 3219 numerus
1313 3162 1733 3234 proprietatibus
1780 3163 1954 3217 termi-

2065 3154 2430 3229 testimonium
2456 3174 2665 3230 habens
2686 3189 2716 3228 a
2737 3173 2854 3244 lege
2875 3182 2930 3228 et
2951 3174 3250 3245 prophetis,
3274 3175 3480 3229 medius
3500 3154 3661 3231 inter

373 3278 553 3326 natur,
614 3270 671 3316 ut
721 3261 899 3315 nullus
949 3273 1135 3313 eorum
1183 3272 1280 3328 par
1321 3272 1445 3313 esse
1500 3257 1752 3326 cuiquam
1798 3256 1958 3312 alteri

371 3359 560 3427 possit.
614 3356 753 3425 Ergo
781 3364 837 3409 et
863 3353 1104 3423 dispares
1126 3350 1268 3406 inter
1292 3365 1350 3406 se
1398 3359 1561 3421 atque
1590 3351 1787 3406 diversi
1810 3360 1954 3417 sunt,

371 3461 426 3505 et
450 3449 644 3521 singuli
675 3448 873 3517 quique
903 3443 1099 3500 diversi
1138 3453 1283 3509 sunt,
1322 3452 1378 3498 et
1405 3442 1599 3513 singuli
1633 3443 1836 3513 quique
1894 3443 1956 3496 li-

370 3543 468 3597 niti
497 3549 640 3603 sunt,
683 3548 737 3594 ct
759 3552 948 3592 omnes
983 3536 1179 3591 inﬁniti
1209 3544 1353 3591 sunt.
1388 3535 1499 3590 Nec
1539 3536 1812 3591 audebunt
1870 3536 1956 3591 isti

370 3642 719 3689 contemnere
763 3642 1041 3692 nurneros,
1094 3634 1149 3681 et
1181 3640 1277 3681 eos
1312 3625 1379 3680 ad
1407 3626 1691 3681 scientiam
1718 3626 1811 3697 Dei
1849 3641 1955 3679 non

370 3724 663 3796 pertinere,
700 3718 840 3789 apud
868 3732 1005 3788 quos
1032 3716 1186 3771 Plato
1209 3717 1376 3771 Deum
1414 3731 1607 3786 magna
1635 3715 1957 3770 auctoritate

370 3810 715 3885 commendat
747 3809 1003 3863 mumlum
1028 3805 1268 3861 numeris
1306 3804 1678 3861 fabricantem.
1722 3805 1790 3860 Et
1818 3804 1960 3875 apud

371 3921 472 3962 nos
515 3902 783 3971 PrOpbeta
835 3900 902 3953 de
950 3897 1058 3952 Deo
1097 3895 1270 3952 dicit:
1304 3895 1407 3962 Qui
1452 3895 1649 3967 profert
1689 3911 1960 3950 numerose

367 3994 641 4049 arculum.
694 3992 759 4045 Et
788 3988 1037 4044 Salvator
1069 3987 1123 4040 in
1147 3986 1440 4057 Evangelio
1466 4004 1478 4040 :
1503 3985 1716 4056 Capilli,
1759 3985 1955 4055 inquit,

369 4086 713 4140 reslriomnes
740 4077 997 4134 numerati
1033 4087 1152 4131 sunt
1185 4074 1401 4149 (Matth.
1432 4075 1509 4147 ιι).
1539 4074 1794 4143 Quamvis
1816 4074 1958 4130 enim

375 4196 434 4237 se
470 4178 744 4245 objectent
766 4174 1030 4245 aspectui,
1059 4172 1214 4242 quasi
1241 4171 1683 4241 corpusculorum
1714 4172 1959 4241 quaedam

370 4278 679 4340 simulacra,
710 4287 831 4327 cum
860 4270 1061 4327 senarii
1096 4269 1305 4325 numeri
1327 4268 1665 4339 compositio,
1691 4269 1778 4325 vel
1803 4268 1958 4335 ordo,

370 4369 453 4424 vel
480 4366 699 4439 partitio
724 4364 1016 4434 cogitatur,
1048 4372 1228 4417 tamen
1257 4362 1483 4417 validior
1500 4369 1556 4416 et
1573 4361 1961 4430 praepotentior

2062 3268 2181 3323 illos
2228 3269 2280 3322 in
2328 3277 2531 3332 monte,
2582 3267 2758 3322 tribus
2803 3266 3082 3336 discipulis
3127 3266 3432 3322 videntibus
3479 3277 3659 3337 atque

2057 3358 2417 3427 stupentibus,
2447 3357 2660 3411 claruit.
2712 3356 2913 3413 Deinde
2959 3358 3034 3411 ita
3080 3358 3341 3428 quzeritur
3369 3360 3654 3428 quomodo

2057 3452 2546 3523 quinquagenarius
2577 3450 2642 3505 de
2684 3450 3112 3521 quadragenario
3152 3465 3377 3506 numero
3416 3451 3651 3517 existat,

2058 3547 2148 3618 qui
2177 3562 2284 3601 non
2319 3546 2663 3600 mediocriter
2688 3545 2744 3599 in
2783 3552 2964 3599 nostra
2997 3544 3253 3615 religione
3280 3552 3524 3599 sacratus
3558 3556 3655 3600 est

2057 3645 2277 3709 prepter
2307 3635 2695 3702 Pentecosten;
2741 3642 2795 3690 et
2839 3635 3108 3705 quomodo
3156 3643 3241 3690 ter
3280 3634 3472 3689 ductus
3514 3650 3655 3704 pro-

2057 3738 2176 3800 pter
2216 3728 2320 3783 tria
2360 3737 2598 3797 tempora
2624 3734 2749 3781 ante
2778 3726 2970 3798 legem,
2998 3726 3098 3781 sub
3131 3726 3269 3796 lege,
3296 3726 3396 3780 sub
3432 3726 3607 3797 gratia
3634 3744 3650 3790 ;

2058 3820 2143 3875 vel
2188 3828 2409 3891 propter
2447 3833 2641 3874 nomen
2672 3817 2871 3882 Patris,
2897 3825 2954 3872 et
2984 3816 3133 3882 Filii,
3165 3825 3222 3872 et
3258 3815 3493 3887 Spiritus
3521 3832 3655 3870 san-

2060 3910 2163 3976 cti,
2202 3909 2453 3981 adjuncta
2481 3907 2809 3964 eminentius
2849 3909 2964 3979 ipsa
3009 3908 3297 3973 Trinitate,
3341 3909 3409 3961 ad
3450 3923 3655 3978 purga-

2060 4001 2284 4057 tissimaa
2308 4000 2561 4055 Ecclesia:
2588 3999 2901 4070 mysterium
2948 3998 3232 4063 referatur,
3257 3998 3658 4068 perveniatque

2062 4094 2127 4147 ad
2157 4101 2372 4146 centum
2410 4090 2492 4144 vel
2523 4099 2636 4145 tres
2661 4090 2859 4160 pisces,
2885 4104 3022 4159 quos
3062 4089 3200 4146 retia
3241 4096 3364 4159 post
3408 4097 3689 4145 resurre-'

2061 4182 2294 4235 etionem
2341 4179 2550 4234 Domini
2599 4179 2653 4232 in
2699 4178 2978 4234 dexteram
3023 4186 3230 4247 partem
3276 4177 3439 4232 missa
3479 4192 3649 4247 cepe-

2064 4280 2204 4325 runt.
2244 4271 2319 4325 lta
2353 4270 2536 4325 multis
2563 4269 2683 4324 aliis
2717 4278 2878 4338 atque
2917 4268 3037 4324 aliis
3066 4284 3414 4324 numerorum
3454 4266 3655 4324 formis

2061 4363 2305 4432 quaedam
2333 4359 3007 4432 proptersimilitudinem
3055 4360 3109 4414 in
3153 4362 3356 4416 sanctis
3380 4360 3656 4415 librisse-

368 4456 599 4528 desuper
645 4457 783 4511 ratio
812 4471 918 4510 non
958 4455 1038 4510 eis
1067 4454 1257 4509 annuit
1282 4454 1526 4518 interius,
1571 4468 1691 4522 qua:
1714 4453 1819 4507 vim
1862 4469 1961 4506 nu-
1990 4496 2038 4561 υ
2062 4462 2207 4508 creta
2234 4462 2525 4524 ponuntur,
2555 4468 2675 4521 qua:
2704 4462 2925 4522 propter
2948 4466 3293 4527 numerorum
3316 4450 3655 4522 imperitiam

491 4549 501 4559 .
654 4546 684 4561 ..
765 4553 777 4561 .
853 4558 912 4561 _-
1490 4541 1715 4561 AL...”
2619 4550 2737 4561 λη,
2803 4542 3138 4561 n_______.-_
3182 4556 3395 4561 “um
3448 4550 3522 4561 -_.
3570 4542 3653 4561 _,_

370 4549 506 4603 meri
546 4546 804 4610 continet,
852 4558 950 4613 per
979 4557 1139 4611 quem
1164 4543 1449 4599 circuitum
1490 4541 1718 4597 ﬁdeliter
1742 4541 1873 4596 dicit
1905 4542 1958 4597 id

369 4638 511 4707 quod
540 4636 736 4691 dicitur
758 4649 923 4689 unum
954 4649 1006 4687 ιιι
1032 4632 1293 4697 numeris,
1319 4633 1372 4686 in
1395 4631 1568 4686 nullas
1590 4639 1772 4700 partes
1793 4631 1955 4686 dividi

369 4744 549 4800 posse,
596 4725 739 4780 nulla
782 4732 962 4779 autem
992 4736 1219 4793 corpora
1274 4721 1377 4776 nisi
1414 4721 1468 4774 in
1499 4729 1680 4791 partes
1710 4721 1957 4776 innume-

372 4822 569 4877 rabiles
607 4817 796 4881 dividi,
830 4824 885 4869 et
911 4814 1124 4870 facilius
1151 4813 1347 4869 ctelum
1378 4822 1433 4868 et
1470 4822 1669 4869 terram
1696 4814 1952 4878 transire,

368 4928 487 4984 qua:
530 4908 824 4966 secundum
854 4904 1128 4961 senarium
1172 4918 1457 4959 numerum
1514 4902 1775 4959 fabricata
1806 4912 1953 4968 sunt,

368 5019 530 5074 quam
552 4999 693 5055 efﬁci
727 5012 885 5067 posse
921 5005 983 5050 ut
1003 4995 1249 5051 senarius
1278 5008 1534 5048 numerus
1559 5010 1666 5049 non
1694 4994 1807 5049 suis
1837 5008 1961 5063 par-

371 5097 517 5151 tibus
542 5090 894 5162 complcatur.
952 5087 1315 5155 Quamobrem
1340 5100 1446 5140 non
1469 5101 1759 5155 possumus
1782 5086 1963 5140 dicere

368 5193 653 5256 propterea
693 5178 968 5236 senarium
1007 5191 1296 5231 numerum
1328 5191 1449 5231 esse
1473 5175 1772 5245 perfectum
1817 5178 1960 5244 quod

368 5293 460 5330 sex
493 5274 684 5330 diebus
717 5269 945 5343 perfecit
970 5268 1112 5323 Deus
1141 5266 1324 5322 omnia
1349 5281 1513 5336 opera
1542 5283 1660 5329 sua,
1718 5267 1809 5321 sed
1836 5282 1958 5335 pro-

365 5376 553 5439 pterea
589 5364 756 5419 Deum
799 5377 892 5416 sex
925 5359 1114 5414 diebus
1141 5356 1433 5427 perfecisse
1474 5370 1638 5426 opera
1662 5372 1778 5418 sua,
1833 5357 1957 5424 quia

367 5456 613 5511 senarius
662 5466 922 5507 numerus
975 5447 1248 5518 perfectus
1288 5454 1391 5501 est.
1460 5445 1647 5515 itaque
1692 5446 1854 5499 etiam
1914 5446 1957 5498 si

368 5551 472 5604 ista
498 5533 606 5603 non
658 5552 862 5609 essent,
932 5540 1210 5610 perfectus
1259 5538 1349 5591 ille
1397 5536 1584 5602 esset;
1626 5536 1725 5589 nisi
1777 5543 1957 5589 autem

369 5638 458 5691 ille
508 5633 781 5708 perfectus
823 5639 991 5695 esset,
1046 5629 1150 5683 ista
1199 5626 1494 5684 secundum
1536 5640 1659 5699 eum
1718 5624 1956 5694 perfecta

369 5744 476 5781 non
530 5732 746 5779 essent.
812 5719 1167 5777 Numerorum
1217 5719 1382 5776 etiam
1431 5718 1701 5788 imperitia
1788 5718 1955 5774 multa

2062 4542 2359 4613 legentibus
2385 4542 2568 4597 clausa
2616 4550 2759 4595 sunt.
2801 4542 3139 4612 Quapropter
3181 4556 3400 4597 necesse
3441 4550 3527 4597 est
3563 4542 3660 4598 eis

2060 4635 2150 4703 qui
2181 4632 2367 4687 volunt
2392 4632 2459 4687 ad
2499 4646 2669 4686 sacrae
2712 4631 3006 4701 Scripturte
3041 4631 3289 4685 notitiam
3332 4631 3650 4701 pervenire,

2060 4735 2117 4778 ut
2155 4724 2294 4778 hanc
2321 4731 2494 4778 artem
2540 4722 2745 4777 intente
2786 4721 3028 4787 discant;
3076 4730 3130 4775 et
3171 4736 3294 4775 cum
3333 4719 3649 4785 didicerint,

2060 4814 2313 4885 mystin
2344 4828 2598 4868 numeros
2639 4813 2693 4867 in
2730 4811 2925 4867 divinis
2962 4811 3116 4864 libris
3156 4810 3365 4866 facilius
3404 4811 3531 4865 hinc
3560 4809 3655 4864 in-

2060 4904 2312 4973 tclligant.

2631 4993 2856 5049 CAPUT
2897 4993 3080 5047 XXIII.

2646 5084 2723 5137 De
2749 5085 3055 5154 geometria.

2131 5176 2285 5231 Nunc
2308 5174 2374 5228 ad
2402 5175 2752 5245 geometriam
2782 5176 3080 5238 veniamus,
3107 5190 3227 5244 qua:
3248 5182 3330 5228 est
3353 5172 3658 5242 descriptio

2061 5264 2474 5334 contemplativa
2501 5263 2818 5329 formarum,
2853 5264 3235 5319 documentum
3265 5252 3432 5315 etiam
3464 5262 3657 5316 usuale

2063 5355 2208 5427 ML,
2238 5352 2464 5425 visuale]
2507 5354 2984 5425 pliilosOphorum;
3035 5351 3211 5422 quod,
3256 5359 3313 5405 ut
3359 5352 3656 5421 praeconiis

2060 5445 2429 5501 celeberrimis
2457 5443 2709 5507 referant,
2736 5443 2923 5499 Jovem
2957 5459 3112 5498 suum
3140 5443 3195 5495 in
3222 5442 3479 5510 operibus
3514 5456 3650 5509 pro-

2060 5538 2191 5605 priis
2246 5534 2601 5606 geometriare
2661 5543 2946 5588 testantur.
3006 5533 3187 5600 Quod,
3226 5533 3414 5588 nescio
3466 5539 3653 5586 utrum

2061 5626 2305 5679 laudibus
2331 5640 2397 5677 an
2421 5623 2896 5694 vituperationihus
2918 5622 3232 5692 applicetur,
3260 5620 3479 5689 quando
3504 5620 3652 5689 quod

2058 5716 2132 5771 illi
2178 5717 2403 5787 pingunt
2451 5713 2501 5767 in
2523 5713 2749 5782 pulvere
2774 5713 3006 5779 ροισι-ρο,
3041 5710 3226 5767 Jovem
3260 5709 3443 5765 facere
3483 5727 3645 5764 men-
