3974 6200
255 341 352 409 601

1043 338 1132 394 DE
1170 335 1617 395 CLERICORUM
1659 335 2169 404 INS'NTUTIONE,
2203 335 2355 393 ETC.
2399 370 2469 381 —
2504 339 2629 396 LIB.
2675 342 2759 399 lii.

3434 352 3559 416 402‘

254 458 463 512 tiuntur
487 455 545 509 in
567 452 724 509 coelo.
749 453 902 521 Quod
930 455 975 509 si
1002 470 1132 510 vero
1155 457 1387 511 creatori
1410 464 1463 509 et
1487 446 1847 525 omnipotenti
1878 458 1923 515 A
1954 456 2151 513 bamur
2171 472 2387 528 semper
2413 475 2535 517 esse
2573 462 2794 531 sociati;
2827 468 3043 536 quando
3070 484 3198 526 vero
3225 471 3540 545 iniquitates

253 550 363 603 Deo
402 546 698 602 salubriter
735 546 1053 617 applicetur,
1100 547 1289 617 potest‘
1325 562 1391 603 ex
1422 548 1691 603 sententia
1735 545 1846 601 for-

253 629 393 692 sitan
434 637 730 691 convenire
764 632 1014 691 veritate.
1044 635 1335 692 Geometra
1369 637 1536 705 enim,
1566 639 1614 691 si
1648 636 1734 693 fas
1761 643 1847 692 est

252 726 458 791 dicere,
503 737 698 783 sancta
756 727 1030 793 divinitas,
1073 729 1327 797 quoniam
1383 738 1647 786 creatura:
1708 746 1840 796 sure,

252 832 413 886 quam
453 833 627 887 usque
665 816 827 873 hodie
875 816 1005 872 facit
1050 819 1308 886 existere,
1343 820 1588 876 diversas
1632 811 1843 891 species

252 906 622 977 formulasque
655 908 932 974 concedit;
974 909 1191 979 quando
1220 925 1411 966 cursus
1443 911 1716 967 stellarum
1747 928 1843 982 po-

252 999 419 1053 tentia
450 1001 760 1056 veneranda
794 1002 1103 1067 distribuit,
1143 1010 1199 1057 et
1242 1004 1466 1058 statutis
1508 1003 1665 1058 lineis
1714 1004 1842 1059 fecit

250 1103 470 1145 currere
499 1107 621 1162 qua:
651 1101 960 1159 moventur,
985 1104 1245 1164 certaque
1269 1094 1399 1149 sede
1424 1103 1545 1164 quas
1577 1102 1702 1151 sunt
1732 1094 1839 1151 ﬁxa

249 1181 554 1236 constituit.
604 1182 876 1253 Quidquid
932 1185 1077 1239 enim
1131 1187 1270 1243 bene
1330 1186 1635 1256 disponitur
1678 1195 1842 1257 atque

247 1272 611 1340 componitur,
642 1281 821 1343 potest
851 1273 1149 1343 disciplima
1178 1274 1336 1343 hujus
1364 1277 1716 1346 qualitatibus
1744 1292 1840 1347 ap-

246 1361 456 1432 plicari.
498 1362 808 1419 Geometria
850 1362 1045 1420 Latine
1088 1364 1290 1421 dicitur
1335 1375 1493 1423 terrai
1547 1368 1831 1434 dimensio,

245 1456 431 1525 sicque
474 1454 737 1525 diﬁinitur
774 1474 787 1510 :
826 1456 1136 1512 Geometria
1180 1467 1265 1514 est
1298 1457 1610 1543 disciplina‘
1626 1462 1837 1533 magni-

243 1546 448 1602 tudinis
497 1546 792 1603 immobilis
821 1555 879 1603 et
910 1546 1227 1604 formarum.
1266 1549 1423 1617 Quod
1457 1566 1553 1620 per
1595 1552 1838 1608 diversas

242 1637 446 1693 formas
471 1638 642 1708 ipsius
668 1638 984 1709 disciplinac,
1012 1648 1070 1693 ut
1098 1640 1338 1695 nonnulli
1365 1641 1572 1711 dicunt,
1599 1642 1834 1711 primum

242 1727 514 1800 Egyptus
543 1730 776 1785 dominis
808 1731 1041 1801 propriis
1069 1730 1242 1786 fertur
1286 1746 1407 1787 esse
1443 1733 1698 1802 partitus,
1739 1749 1832 1788 cu—

1950 550 2209 619 gerimus,
2247 553 2509 608 musicam
2537 570 2645 609 non
2687 556 2967 613 habemus.
3001 558 3213 616 Ctelum‘
3244 578 3456 635 quoque
3480 583 3541 629 et

1894 642 1923 651 “
1949 649 2114 707 terra,
2153 643 2234 699 vel
2262 645 2443 701 omnia
2493 661 2615 716 quae
2659 648 2712 703 in
2749 649 2830 724 eis
2870 664 3102 722 superna
3135 655 3537 725 dispensatione

1946 742 2301 804 peraguntur,
2335 753 2440 792 non
2487 745 2612 799 sunt
2650 740 2754 795 nisi
2803 742 3009 798 musica
3054 744 3363 816 disciplina,
3409 765 3532 813 cum

1945 824 2281 896 Pythagoras
2309 828 2454 883 hunc
2492 830 2750 885 mundum
2778 846 2876 902 per
2920 834 3181 890 musicam
3227 840 3530 907 conditum,

1945 924 2001 970 et
2027 932 2126 986 per
2146 932 2267 973 eam
2302 917 2590 989 gubernari
2622 936 2780 990 posse
2808 930 3054 978 testatur.
3092 924 3219 981 [huc
3249 937 3301 982 et
3331 929 3382 983 in
3413 931 3532 1000 ipsa

1944 1019 2157 1076 quoque
2201 1007 2462 1077 religione
2504 1008 2808 1067 Christiana
2837 1013 2990 1070 valde
3028 1018 3287 1085 permista
3326 1030 3438 1088 est;
3469 1040 3535 1080 ac

1943 1092 2068 1148 inde
2115 1094 2172 1149 ﬁt
2216 1104 2274 1149 ut
2303 1112 2407 1151 non
2447 1113 2617 1168 pauca
2658 1100 2823 1155 etiam
2867 1102 3082 1158 claudat
3118 1114 3280 1177 atque
3307 1110 3528 1183 obtegat

1942 1184 2323 1240 nonnullarum
2365 1203 2543 1243 rerum
2581 1190 2909 1246 musicarum
2955 1194 3278 1265 ignorantia.
3309 1199 3445 1255 Nam
3476 1214 3534 1259 et

1941 1272 2008 1328 de
2034 1276 2274 1344 psalterii
2321 1288 2376 1332 et
2408 1278 2631 1335 citharae
2676 1279 2999 1350 dilfercntia,
3029 1287 3246 1354 quidam
3292 1306 3400 1344 non
3444 1294 3529 1346 in-

1941 1370 2204 1427 concinne
2252 1371 2463 1443 aliquas
2504 1389 2686 1429 rerum
2729 1376 2930 1448 ﬁguras
2968 1381 3210 1450 aperuit;
3257 1394 3313 1439 et
3341 1386 3526 1441 decem

1938 1461 2221 1516 cordarum
2274 1463 2590 1533 psalterium
2640 1481 2744 1520 non
2790 1466 3100 1536 importune
3149 1471 3292 1527 inter
3336 1473 3526 1532 doctos

1937 1554 2213 1624 quaeritur,
2242 1563 2420 1611 utrum
2451 1558 2647 1614 habeat
2668 1560 2904 1631 aliquam
2932 1563 3151 1620 musica:
3175 1564 3368 1636 legem,
3400 1584 3521 1638 quae

1936 1645 2003 1699 ad
2043 1652 2248 1699 tantum
2293 1662 2582 1703 nervorum
2630 1666 2916 1709 numerum
2947 1664 3135 1726 cogat;
3167 1674 3235 1712 an
3284 1674 3428 1727 vero,
3476 1662 3522 1717 si

1937 1749 2041 1788 non
2093 1735 2286 1802 habet,
2316 1751 2381 1792 eo
2427 1739 2543 1809 ipso
2584 1742 2759 1811 magis
2802 1754 3015 1806 sacrate
3058 1748 3407 1818 accipiendus
3450 1753 3524 1806 sit

239 1818 322 1883 jns
354 1820 656 1891 disciplinae
696 1821 968 1890 magistri,
1013 1837 1292 1877 mensores
1333 1830 1460 1877 ante
1490 1822 1824 1879 dicebantur.
1862 1810 1906 1875 Β
1936 1825 2048 1896 ipse
2082 1841 2356 1893 numerus,
2388 1829 2471 1883 vel
2514 1810 2735 1900 propter
2772 1834 3086 1908 decalogum
3118 1810 3273 1910 legis,
3301 1842 3370 1897 de
3413 1859 3520 1913 quo

240 1909 345 1965 Sed
381 1909 580 1977 Varro,
603 1912 965 1982 peritissimus
1015 1912 1352 1980 Latinorum,
1382 1912 1544 1983 hujus
1592 1915 1828 1971 nominis

1931 1914 2059 1971 item
2100 1932 2324 1973 numero
2370 1920 2414 1974 si
2452 1932 2750 1991 quaeratur,
2797 1942 2905 1982 non
2952 1929 3055 1985 nisi
3099 1932 3167 1986 ad
3210 1942 3519 1992 creatorem

238 2016 459 2057 causam
512 2004 593 2059 sic
638 2006 915 2062 exstitisse
964 2015 1386 2074 commemorat,
1436 2008 1645 2073 dicens,
1680 2009 1839 2078 prius
1928 2018 2343 2080 creaturamque
2370 2013 2686 2073 referendus
2715 2029 2821 2087 est,
2850 2022 2935 2077 vel
2962 2033 3185 2094 propter
3212 2029 3516 2097 expositum

239 2093 454 2161 quidem
484 2094 733 2152 homines
757 2112 856 2167 per
880 2098 1244 2154 dimensiones
1273 2107 1539 2153 terrarum
1580 2100 1828 2155 terminis

242 2185 451 2254 positis,
500 2189 822 2257 vagantibus
853 2189 1064 2258 populis
1094 2190 1245 2259 pacis
1279 2190 1429 2245 utilia
1471 2191 1820 2261 praastitisse;

241 2275 430 2331 deinde
454 2278 623 2332 totius
644 2278 769 2332 anni
792 2280 1049 2335 circulum
1073 2282 1389 2337 menstruali
1412 2298 1638 2338 numero
1659 2283 1824 2340 fuisse

239 2371 493 2439 partitos;
522 2371 662 2426 unde
676 2382 734 2427 et
754 2373 854 2444 ipsi
878 2388 1090 2430 menses
1110 2376 1253 2444 quod
1279 2391 1479 2430 annum
1508 2378 1817 2442 metiantur,

235 2462 395 2517 edicti
427 2472 577 2517 sunt.
608 2464 808 2520 Verum
844 2474 1127 2537 postquam
1154 2468 1256 2523 ista
1285 2479 1500 2538 reperta
1525 2478 1669 2535 sunt,
1698 2486 1820 2539 pro-

237 2555 412 2609 vocati
443 2556 671 2611 studiosi
694 2558 761 2612 ad
790 2558 881 2613 illa
916 2559 1200 2615 invisibilia
1222 2550 1614 2631 cognoscenda,
1642 2577 1822 2632 crepe-

238 2654 363 2698 runt
389 2661 638 2715 quaerere
665 2657 867 2717 quanto
900 2649 1075 2719 spatio
1104 2666 1134 2704 a
1171 2660 1314 2705 terra
1345 2651 1493 2717 luna,
1523 2668 1551 2706 a
1580 2652 1707 2706 luna
1739 2652 1820 2707 sol

235 2733 347 2805 ipse
390 2735 652 2799 distaret,
684 2746 741 2792 et
773 2753 943 2809 usque
972 2741 1039 2795 ad
1075 2741 1330 2796 verticem
1364 2742 1488 2798 cmli
1520 2753 1718 2812 quanta
1759 2760 1819 2800 se

234 2838 489 2879 mensura
534 2826 895 2893 distenderet;
943 2829 1086 2898 quod
1123 2831 1480 2900 peritissimos
1514 2843 1818 2903 geometras

232 2921 514 2969 amcutos
555 2928 964 2973 commemorat.
993 2918 1145 2974 Tunc
1171 2929 1227 2975 et
1271 2921 1663 2981 dimensionem
1693 2926 1814 2979 uni-

235 3017 402 3057 versae
469 3015 630 3059 terra:
679 3006 940 3075 probabili
1001 3008 1169 3064 refert
1226 3011 1436 3067 ratione
1496 3012 1812 3080 collectam;

232 3094 462 3165 ideoque
487 3099 691 3155 factum
716 3109 774 3155 ut
814 3103 1097 3174 disciplina
1126 3096 1240 3177 ipsa
1275 3110 1584 3179 geometriae
1614 3127 1811 3167 nomen

1927 2100 2102 2171 ipsum
2181 2104 2483 2159 denarium.
2544 2107 2611 2163 Et
2665 2109 2754 2165 ille
2809 2127 3068 2169 numerus
3141 2116 3517 2176 :ediﬁcationis

1925 2195 2109 2263 templi
2133 2194 2224 2265 qui
2250 2208 2706 2254 commemoratur
2730 2202 2785 2254 in
2814 2202 3126 2275 Evangelia,
3154 2209 3510 2281 quadraginta

1924 2283 2128 2339 scilicet
2154 2293 2323 2341 etsex
2345 2303 2630 2363 annorum,
2656 2293 2838 2348 nescio
2868 2295 2995 2364 quid
3027 2298 3290 2353 musicum
3317 2310 3506 2367 sonat;

1923 2385 1978 2431 et
2025 2377 2227 2433 relatus
2267 2378 2336 2433 ad
2376 2378 2638 2437 fabricam
2678 2384 2946 2459 Dominici
2989 2389 3250 2458 corporis,
3292 2401 3513 2462 propter

1921 2483 2084 2538 quam
2125 2470 2306 2540 templi
2336 2473 2541 2528 mentio
2567 2473 2711 2529 facta
2754 2484 2858 2542 est,
2900 2478 3046 2549 cogit
3082 2480 3367 2537 nonnullos
3398 2483 3505 2538 ha:-

1923 2558 2123 2613 reticos
2152 2560 2397 2616 conﬁteri
2429 2561 2626 2618 Filium
2676 2566 2770 2620 Dei
2812 2582 2919 2621 non
2965 2567 3104 2625 falso
3141 2571 3237 2626 sed
3289 2588 3416 2628 vero
3452 2585 3510 2630 et

1921 2647 2158 2704 humano
2200 2666 2427 2723 corpore
2478 2655 2748 2711 indutum.
2796 2658 2983 2729 itaque
3027 2670 3084 2717 et
3124 2679 3411 2720 numerum
3452 2679 3509 2723 et

1920 2738 2182 2794 musicam
2217 2742 2488 2814 plerisque
2523 2745 2740 2803 locisin
2767 2752 2969 2808 sanctis
3008 2753 3305 2825 Scripturis
3335 2760 3505 2815 hono-

1918 2829 2161 2885 rabiliter
2197 2834 2365 2902 posita
2394 2836 2717 2894 invenimus;
2752 2839 3061 2899 .Nonenim
3090 2848 3342 2904 audiendi
3374 2863 3506 2907 sunt

1916 2936 2131 2977 errores
2156 2925 2435 2995 gentilium
2460 2932 2940 3001 superstitidnum,
2955 2938 3047 3006 qui
3062 2942 3501 3007 novemMusas,

1915 3018 1971 3066 et
1997 3010 2147 3068 lovis
2190 3024 2246 3070 et
2290 3015 2562 3073 Memoriae
2606 3020 2745 3077 ﬁlias
2785 3038 2917 3079 esse
2943 3025 3234 3083 ﬁnxerunt.
3284 3031 3520 3088 Refellit:

1917 3117 2012 3158 eos
2055 3105 2225 3161 Varro
2253 3124 2265 3160 :
2296 3123 2404 3177 quo
2452 3110 2633 3167 nescio
2677 3121 2856 3168 utrum
2896 3117 3175 3186 apudcos
3212 3123 3535 3194 quisquam.

231 3186 537 3256 acciperet,
588 3192 733 3259 quod
784 3209 880 3264 per
926 3173 1123 3251 siecula
1144 3173 1333 3268 donga
1381 3202 1632 3255 custodit.
1687 3200 1814 3257 Haec
1844 3173 1889 3235 C
1921 3191 2105 3246 talium
2133 3173 2551 3255 rerum-doctior
2578 3201 2661 3255 vel
2688 3173 2959 3260 curiosior
2983 3222 3107 3263 esse
3132 3173 3324 3279 possit.
3355 3173 3516 3271 IDicit»

231 3274 394 3344 igitur
446 3278 731 3350 disciplina
782 3283 836 3338 in
881 3286 1209 3342 tabernaculi
1249 3290 1535 3359 templique
1572 3293 1809 3349 aediﬁca-

236 3365 376 3420 tione
423 3379 640 3424 servata
686 3366 801 3439 est“,
845 3375 936 3429 ubi
986 3376 1199 3433 linealis
1234 3395 1501 3435 mensurae
1551 3382 1711 3437 unius
1758 3390 1812 3437 et

234 3458 418 3513 circuli
465 3476 531 3517 ac
581 3465 790 3534 sphera:
838 3479 1002 3538 atque
1051 3471 1486 3541 hemispherion,
1535 3476 1810 3545 quadran-

232 3548 366 3614 gnlae
392 3567 611 3622 quoque
658 3554 875 3623 formae,
912 3568 968 3614 et
998 3569 1317 3618 caeterarum
1355 3564 1648 3634 ﬁgurarum
1689 3567 1810 3623 dis-

234 3639 427 3704 positio
485 3641 668 3698 habita
722 3656 854 3702 est:
901 3665 1130 3719 quorum
1181 3654 1421 3707 omnium
1496 3656 1685 3711 notitia
1741 3657 1808 3712 ad

234 3730 528 3796 spiritalem
578 3736 904 3793 intellectum
954 3757 1058 3796 non
1103 3760 1294 3814 parum
1343 3744 1563 3815 adjuvat
1607 3754 1807 3803 tracta-

235 3828 423 3877 torem.

788 3918 1015 3976 CAPUT
1054 3921 1238 3995 xxw.

850 4013 927 4073 De
964 4017 1184 4071 musica.

298 4096 499 4154 Musica
527 4108 610 4155 est
641 4101 919 4174 disciplina
946 4123 1066 4176 qute
1089 4109 1156 4163 de
1179 4112 1420 4167 numeris
1452 4112 1687 4181 loquitur
1713 4117 1804 4184 qui

230 4187 294 4241 ad
327 4188 529 4258 aliquid
576 4200 729 4256 sunt,
778 4194 831 4249 id
873 4204 976 4262 est,
1006 4198 1091 4253 bis
1117 4200 1207 4269 qui
1249 4201 1601 4256 inveniuntur
1634 4204 1691 4257 in
1719 4220 1805 4259 so-

228 4279 311 4334 nis
337 4299 349 4333 :
378 4290 437 4334 ut
470 4282 709 4353 duplum,
740 4285 977 4356 triplum,
1010 4292 1390 4361 quadruplum.
1416 4304 1471 4348 et
1500 4295 1584 4350 bis
1608 4296 1802 4353 similia

228 4384 345 4436 qua:
389 4370 640 4427 dicuntur
664 4374 732 4429 ad
776 4376 996 4446 aliquid.
1031 4379 1154 4435 Hmc
1195 4396 1325 4453 ergo
1369 4384 1651 4454 disciplina
1694 4395 1804 4442 tam

226 4460 422 4514 nobilis
449 4470 555 4527 est,
588 4471 805 4535 tamque
846 4469 1016 4534 utilis,
1047 4479 1107 4525 ut
1132 4473 1223 4543 qui
1254 4488 1323 4528 ea
1352 4476 1610 4540 caruerit,
1637 4479 1803 4533 cccle-

225 4551 499 4608 siasticum
555 4556 795 4612 ofﬁcium
856 4576 1093 4633 congrue
1161 4565 1383 4635 implere
1450 4584 1556 4621 non
1610 4571 1797 4639 possit.

222 4641 491 4713 Quidquid
516 4646 659 4701 ertim
687 4649 743 4703 in
774 4650 1093 4707 lectionibus
1120 4655 1373 4710 decenter
1396 4660 1797 4727 pronuntiatur,

220 4750 283 4788 ac
310 4735 576 4806 quidquid
600 4740 665 4794 de
698 4741 918 4811 psalmis
946 4745 1183 4799 suaviter
1210 4745 1262 4799 in
1303 4746 1528 4803 ecclesia
1560 4751 1798 4805 modula-

222 4832 325 4889 tur,
358 4825 517 4895 hujus
545 4828 838 4898 disciplinae
867 4832 1093 4888 scientia
1123 4834 1197 4889 ita
1228 4844 1580 4906 temperatur,
1608 4848 1661 4894 ct
1691 4854 1795 4896 non

219 4916 393 4970 solum
441 4932 538 4987 per
580 4919 719 4976 hanc
764 4922 988 4993 legimus
1034 4932 1088 4979 et
1134 4926 1411 4997 psallimus
1455 4928 1506 4982 in
1545 4930 1794 4996 ecclesia,

219 5008 327 5063 imo
351 5024 513 5065 omne
537 5012 818 5067 servitium
845 5015 940 5069 Dei
973 5015 1073 5069 rite
1103 5015 1407 5085 implemus.
1440 5018 1642 5075 Musica
1670 5035 1798 5091 ergo

216 5099 500 5171 disciplina
534 5118 631 5172 per
663 5120 853 5180 omnes
880 5118 1034 5163 actus
1062 5108 1185 5162 vitzc
1229 5119 1426 5165 nostra
1454 5112 1557 5166 hac
1587 5113 1798 5169 ratione

216 5188 570 5256 Munditur:
607 5194 841 5264 primum
871 5198 916 5252 si
951 5200 1212 5255 creatoris
1244 5202 1495 5256 mandata
1533 5201 1798 5260 faciamus

214 5290 271 5337 et
292 5286 446 5353 puris
474 5288 769 5354 mentibus,
795 5291 1013 5347 statutis
1038 5293 1108 5347 ab
1130 5306 1194 5347 eo
1219 5294 1438 5364 regulis,
1468 5296 1791 5351 serviamus.

212 5370 484 5445 Quidquid
521 5378 665 5433 enim
712 5379 1003 5449 loquimur,
1034 5383 1117 5437 vel
1161 5384 1489 5441 intrinsecus
1533 5400 1790 5441 venarum

212 5465 457 5535 pulsibus
484 5483 909 5533 commovemur,
957 5488 1054 5542 per
1084 5475 1319 5530 musicos
1348 5475 1629 5545 rhythmos
1667 5476 1790 5529 har-

212 5556 409 5611 moniae
459 5558 745 5616 virtutibus
793 5563 1053 5630 probatur
1097 5581 1217 5620 esse
1264 5566 1543 5621 sociatum.
1589 5566 1789 5623 Mnsica

213 5650 410 5719 quippe
454 5652 677 5706 scientia
724 5665 808 5709 cst
850 5656 986 5710 bene
1033 5656 1359 5711 modulandi.
1403 5658 1554 5722 Quod
1603 5658 1647 5711 si
1691 5674 1787 5715 nos

211 5744 350 5800 bona
383 5748 799 5803 conversatione
841 5758 1159 5815 tractamus,
1192 5752 1280 5806 tali
1322 5751 1619 5822 disciplinae
1663 5766 1788 5822 pro-

1912 3286 2057 3341 enim
2087 3289 2362 3346 civitatem
2398 3294 2581 3348 nescio
2605 3310 2768 3364 quam
2814 3297 2942 3366 (non
2973 3301 3118 3355 enim
3167 3319 3364 3360 nomen
3415 3321 3502 3364 re-

1912 3377 2052 3449 colo)
2091 3379 2296 3437 locasse
2348 3384 2491 3452 apud
2546 3393 2657 3440 tres
2706 3386 2945 3443 artiﬁces
2991 3397 3146 3447 terna
3207 3394 3497 3452 simulacra

1912 3467 2203 3537 Musarum,
2231 3475 2373 3543 quod
2401 3475 2454 3529 in
2487 3476 2686 3547 templo
2719 3476 2984 3547 Apollinis
3011 3481 3210 3537 denunt
3239 3494 3527 3555 poneret,‘

1909 3567 1970 3612 ut
2010 3560 2252 3632 quisquis
2286 3564 2556 3620 artiﬁcum
2591 3566 2903 3636 pulchriora
2949 3570 3266 3641 formasset,
3303 3577 3372 3631 ab
3405 3578 3496 3634 illo

1908 3652 2244 3720 potissimum
2292 3655 2461 3711 electa
2512 3668 2739 3715 emeret.
2780 3659 2857 3714 [ta
2889 3663 3180 3733 contigisse
3226 3675 3284 3722 ut
3329 3682 3495 3739 opera

1908 3756 2004 3796 sua
2035 3743 2108 3796 illi
2154 3760 2367 3815 quoque
2411 3747 2648 3803 artiﬁces
2675 3765 2829 3819 teque
2875 3751 3099 3820 pulchre
3130 3755 3488 3823 explicarent,

1907 3840 1962 3886 et
1991 3832 2256 3902 placuisse
2286 3836 2705 3893 civitatiomnes
2730 3855 2924 3895 novem
2961 3849 3125 3911 atque
3152 3860 3341 3900 omnes
3370 3860 3494 3902 esse

1907 3931 2132 3992 emptas,
2165 3935 2223 3978 ut
2259 3927 2311 3979 in
2338 3926 2602 3996 Apollinis
2632 3930 2826 4000 templo
2857 3932 3266 4000 dedicarentur;
3295 3938 3491 4006 quibus

1907 4022 2089 4082 postea
2117 4016 2243 4070 dicit
2277 4016 2567 4072 Hesiodum
2603 4029 2821 4089 poetam
2857 4023 3177 4093 imposuisse
3207 4029 3485 4082 vocabula.

1906 4103 2022 4160 Non
2062 4120 2189 4176 ergo
2221 4105 2430 4177 Jupiter
2456 4126 2647 4166 novem
2690 4112 2868 4169 Musas
2897 4116 3104 4184 genuit,
3131 4118 3225 4172 sed
3256 4126 3364 4173 tres
3405 4120 3487 4174 fa-

1904 4195 1987 4248 bri
2038 4204 2220 4251 ternas
2267 4209 2603 4255 creaverunt.
2649 4202 2781 4257 Tres
2825 4213 3006 4258 autem
3050 4222 3155 4260 non
3201 4218 3483 4279 propterea

1905 4284 1991 4339 illa
2040 4286 2230 4342 civitas
2276 4288 2565 4355 locaverat,
2598 4292 2720 4360 quia
2768 4293 2821 4346 in
2856 4295 3062 4350 somnis
3106 4312 3200 4352 eas
3240 4299 3481 4366 viderat,

1904 4386 1998 4433 aut
2044 4386 2122 4433 tot
2161 4394 2219 4434 se
2260 4380 2575 4451 cujusquam
2623 4382 2835 4438 illorum
2864 4386 3038 4441 oculis
3077 4387 3483 4447 demonstrave-

1907 4476 2059 4533 rant;
2109 4471 2202 4525 sed
2246 4472 2372 4541 quia
2421 4472 2577 4527 facile
2626 4482 2745 4528 erat
2791 4475 3223 4534 animadvertere
3265 4496 3482 4538 onmem

1905 4575 2119 4627 sonum,
2163 4578 2282 4633 quae
2308 4565 2560 4620 materies
2597 4566 2990 4623 cantilenarum
3035 4578 3141 4633 est,
3182 4571 3481 4628 triformem

1902 4668 2021 4707 esse
2051 4664 2262 4709 natura.
2293 4655 2401 4710 Aut
2428 4657 2571 4711 enim
2600 4673 2728 4712 voce
2755 4658 2953 4726 editur,
2987 4661 3145 4729 sicuti
3176 4678 3363 4718 eorum
3401 4677 3487 4721 est

1902 4744 1992 4813 qui
2022 4745 2263 4803 faucibus
2309 4748 2422 4802 sive
2465 4764 2667 4819 organo
2700 4760 2935 4817 canunt;
2985 4762 3081 4807 aut
3127 4753 3285 4819 ﬂatu,
3336 4756 3478 4812 sicut

1902 4834 2152 4888 tubarum
2177 4845 2233 4890 ct
2259 4837 2539 4904 tibiarum;
2572 4845 2665 4891 aut
2693 4838 2868 4907 puisu,
2903 4840 3045 4894 sicut
3072 4840 3125 4894 in
3157 4843 3385 4899 citharis
3424 4855 3483 4905 et

1898 4926 2185 4994 tympanis,
2216 4934 2272 4979 et
2312 4927 2640 4995 quibuslibet
2665 4928 2801 4993 aliis,
2831 4945 2950 5000 quae
2996 4934 3343 5000 percutiendo
3386 4952 3476 4988 ea-

1900 5034 2031 5073 nora
2064 5027 2206 5072 sunt.
2236 5018 2342 5073 Sed
2367 5020 2481 5075 sive
2506 5036 2563 5075 se
2586 5022 2657 5075 ita
2689 5022 2883 5078 habeat
2911 5024 3053 5093 quod
3080 5024 3248 5079 Varro
3274 5027 3475 5089 retulit,

1898 5110 2011 5164 sive
2058 5124 2163 5164 non
2200 5109 2297 5175 ita,
2328 5125 2427 5164 nos
2464 5120 2642 5166 tamen
2674 5128 2779 5166 non
2826 5114 3081 5168 debemus
3123 5125 3342 5184 propter
3382 5133 3476 5172 suo-

1896 5199 2267 5268 perstitionem
2310 5199 2656 5269 profanorum
2702 5202 2961 5257 musicam
3006 5202 3213 5274 fugere,
3259 5207 3304 5260 si
3347 5207 3477 5276 quid

1898 5290 2020 5344 inde
2062 5289 2189 5344 utile
2226 5292 2293 5344 ad
2338 5292 2711 5362 intelligendas
2755 5305 2972 5350 sanctas
3023 5294 3331 5368 Scripturas
3379 5315 3467 5353 ra--

1895 5398 2022 5454 pere
2065 5386 2392 5454 poterimus;
2443 5403 2541 5442 nec
2585 5390 2653 5442 ad
2700 5389 2912 5444 illorutn
2961 5391 3252 5448 theatricas
3299 5410 3469 5465 nugas

1896 5477 2168 5542 converti,
2213 5478 2257 5533 si
2286 5478 2487 5549 aliquid
2516 5481 2583 5534 de
2614 5481 2836 5535 citharis
2862 5491 2918 5535 et
2951 5482 3016 5535 de
3056 5484 3294 5553 organis,
3324 5489 3468 5554 quod

1895 5571 1962 5625 ad
2011 5571 2269 5640 spiritalia
2307 5572 2565 5642 capienda
2621 5573 2829 5638 valeat,
2880 5574 3231 5643 disputemus.
3287 5575 3473 5645 Neque

1892 5665 2035 5720 enim
2073 5672 2126 5718 et
2166 5663 2372 5718 litteras
2401 5666 2607 5722 discere
2650 5674 2755 5721 non
2787 5666 3084 5730 debuimus,
3116 5668 3242 5736 quia
3280 5682 3470 5721 eorum

1894 5755 2061 5810 Deum
2112 5754 2297 5809 dicunt
2350 5770 2471 5811 esse
2528 5754 2887 5816 Mercurium:
2928 5766 3020 5812 aut
3065 5757 3191 5826 quia
3235 5755 3467 5811 Justitizc
