3958 6204
408 375 515 432 £03

1017 372 1079 429 B.
1120 367 1374 429 RABANl
1412 367 1633 425 MAURI
1672 364 1991 423 ARCHIEP.
2034 360 2344 422 MOGUNT.
2387 359 2674 420 OPERUM
2709 358 2889 417 PARS
2927 359 2965 415 ἰ.

3576 360 3689 423 ωδ.

415 489 718 558 Virtutique
748 483 944 557 templa
970 483 1308 549 dedicarunt,
1335 490 1392 539 et
1412 494 1535 553 qua)
1558 479 1720 539 corde
1741 476 1999 550 gestanda
2029 479 2075 540 Α
2104 482 2271 545 utque
2295 470 2573 529 Paschalis
2600 469 2724 528 festi
2752 470 2994 537 exordia,
3023 476 3079 526 et
3106 476 3256 526 certa
3290 468 3410 526 loca
3440 471 3686 528 omnium

410 589 577 648 sunt,
628 582 683 637 in
737 580 1005 651 lapidibus
1053 576 1283 633 adorare
1337 575 1672 638 maluerunt,
1708 580 1994 643 propterea
2099 564 2498 621 solemnitatum
2543 571 2706 651 atque
2742 560 3192 651 celem-alienum,
3239 559 3341 651 sibi
3380 559 3692 651 sci-atuintl-

412 675 574 734 nobis
594 672 807 743 iustitia
836 672 1117 742 virtusque
1148 669 1400 739 fugienda
1424 675 1526 723 est.
1549 667 1662 722 lmo
1686 680 1816 721 vero
1842 665 1996 735 quis-

423 770 548 845 quis
574 768 754 825 bonus
793 778 1063 835 verosque
1097 761 1438 819 Christianus
1474 768 1591 823 est,
1637 760 1806 815 Deum
1840 772 1997 814 suum

420 873 543 917 esse
564 853 849 929 intelligat,
874 855 1181 924 ubicunque
1208 851 1478 908 invenerit
1505 851 1809 905 veritatem.

982 964 1211 1022 CAPUT
1261 963 1427 1018 XXV.

984 1036 1064 1091 De
1097 1036 1439 1090 astronomia.

487 1129 830 1187 Astronomia
859 1143 988 1198 ergo
1019 1133 1285 1197 superest,
1312 1140 1453 1195 quae,
1488 1131 1546 1178 ut
1579 1123 1798 1194 quidam
1842 1122 2000 1187 dixit,

420 1225 639 1296 dignum
670 1231 754 1279 est
793 1221 1060 1292 religiosis
1089 1226 1488 1289 argumentum,
1522 1230 1886 1288 magnumque
1910 1229 2005 1269 cu-

420 1316 583 1371 riosis
628 1322 973 1369 tormentum.
1005 1310 1157 1367 Hanc
1185 1324 1313 1380 ergo
1348 1309 1393 1363 si
1437 1316 1587 1363 casta
1626 1322 1689 1361 ac
1727 1305 2001 1360 moderata

424 1412 607 1460 mente
639 1403 1025 1475 perquirimus,
1071 1414 1262 1456 sensus
1316 1413 1531 1469 quoque
1573 1404 1804 1457 nostros,
1853 1401 1914 1449 ut
1952 1403 2009 1447 et

421 1503 638 1550 Veteres
685 1493 900 1558 dicunt,
945 1507 1139 1563 magna
1187 1490 1454 1546 charitate
1494 1488 1785 1559 perfundit.
1837 1484 2009 1554 Quale

424 1596 507 1642 est
550 1586 695 1643 enim
740 1586 807 1641 ad
855 1585 1022 1641 cmlos
1066 1584 1248 1638 animo
1292 1582 1495 1647 subire,
1541 1589 1819 1651 totamque
1862 1578 2008 1634 illam

427 1677 736 1733 machinam
789 1690 1076 1747 supernam
1123 1674 1409 1745 indagabili
1457 1673 1666 1729 ratione
1714 1672 2007 1735 discutere,

2099 666 2249 707 mare
2275 650 2635 717 observanda,
2667 657 2723 706 et
2753 647 2952 719 populo
2984 648 3081 704 Dei
3115 648 3220 705 rite
3245 647 3423 705 valeat
3448 647 3693 706 indicare

2101 742 2443 800 celebranda.

2663 829 2893 887 CAPUT
2928 829 3120 885 XXVI.

2538 921 2617 975 De
2640 919 3071 992 philosophorum
3100 919 3268 977 fibris.

2174 1039 2314 1094 Ecce
2337 1037 2404 1093 de
2426 1045 2630 1107 septem
2661 1033 2977 1091 liberalibus
2998 1035 3207 1090 artibus
3226 1033 3698 1104 philosophorum,

2105 1131 2173 1185 ad
2204 1144 2366 1200 quam
2412 1127 2703 1181 utilitatem
2734 1126 3005 1181 discenda:
3046 1126 3153 1180 sint
3199 1125 3503 1192 catholicis,
3535 1126 3696 1194 satis,

2106 1229 2168 1275 ut
2208 1235 2355 1285 reor,
2397 1218 2646 1289 superius
2684 1216 2938 1271 diximus.
2982 1215 3117 1271 lllud
3159 1214 3335 1271 adhuc
3377 1214 3692 1285 adjicimus,

2107 1311 2252 1382 quod
2290 1308 2593 1380 philosophi
2624 1307 2726 1377 ipsi
2753 1307 2843 1377 qui
2875 1314 3161 1373 vocantur,
3186 1306 3231 1361 si
3262 1321 3367 1376 qua
3400 1305 3541 1362 forte
3568 1321 3701 1362 vera

2107 1414 2163 1461 et
2187 1404 2313 1459 fidei
2337 1412 2537 1457 nostrae
2558 1401 2961 1457 accommodata
2990 1399 3044 1455 in
3069 1398 3563 1468 dispensationibus
3583 1398 3701 1453 suis

2109 1511 2207 1552 seu
2249 1494 2469 1565 scriptis
2497 1493 2767 1556 dixerunt,
2807 1491 3040 1547 maxime
3071 1490 3356 1571 Platonici,
3386 1506 3493 1546 non
3525 1489 3701 1544 solum

2111 1584 2449 1642 formidanda
2497 1600 2604 1639 non
2655 1591 2812 1648 sunt,
2856 1582 2951 1637 sed
2997 1582 3065 1637 ab
3112 1582 3193 1638 eis
3224 1581 3404 1636 etiam
3442 1589 3702 1651 tanquam

2114 1677 2329 1750 injustis
2364 1675 2768 1748 possessoribus
2795 1674 2847 1729 in
2877 1689 3034 1729 usum
3078 1683 3325 1730 nostrum
3354 1673 3701 1729 vindicanda.

426 1777 483 1823 et
507 1768 803 1840 inspectiva
834 1767 1031 1821 mentis
1056 1765 1384 1820 sublimitate
1407 1778 1473 1820 ex
1514 1763 1692 1834 aliqua
1718 1769 1876 1833 parte
1903 1760 2011 1816 col-
2037 1783 2086 1843 Β
2114 1768 2270 1825 Sicut
2300 1768 2444 1823 enim
2476 1766 2714 1838 Egyptii
2755 1780 2863 1821 non
2899 1773 3109 1821 tantum
3159 1764 3299 1843 idola
3347 1750 3624 1821 habebam
3650 1773 3708 1820 et

427 1860 615 1932 ligerc,
644 1858 787 1929 quod
818 1866 984 1912 tanta;
1013 1853 1393 1926 magnitudinis
1429 1868 1630 1909 arcana
1659 1850 2008 1906 velaverunt?

428 1950 565 2006 Nam
594 1950 825 2004 mundus
848 1947 978 2017 ipse,
1007 1954 1066 2000 ut
1112 1946 1329 2015 quidam
1359 1943 1566 2008 dicunt,
1597 1941 1857 2011 sphaerica
1903 1938 2010 1994 fer-

431 2050 522 2096 tur
544 2038 877 2095 rotunditate
913 2036 1190 2097 collectus,
1227 2042 1288 2088 ut
1319 2032 1560 2089 diversas
1590 2046 1770 2087 rerum
1806 2029 2012 2086 formas

433 2131 669 2186 ambitus
714 2130 796 2184 sui
841 2128 1158 2184 circuitione
1205 2125 1570 2180 concluderet.
1616 2123 1769 2180 Unde
1811 2123 2011 2178 librum

432 2221 640 2279 Seneca
684 2229 1044 2277 consentanea
1099 2218 1436 2289 philosophis
1490 2216 1853 2287 disputatione
1896 2213 2011 2271 for-

432 2314 622 2379 mavit,
653 2313 741 2370 cui
772 2312 956 2368 titulus
991 2318 1074 2366 est
1106 2309 1180 2363 De
1208 2309 1381 2377 {arma
1419 2306 1622 2361 mundi.
1667 2305 2013 2361 Astronomia

432 2403 619 2474 itaque
666 2404 892 2466 dicitur,
934 2401 1077 2455 unde
1123 2400 1277 2455 nobis
1332 2413 1531 2463 sermo,
1576 2405 1846 2451 astrorum
1881 2396 2010 2450 lex:

431 2493 561 2563 quia
584 2492 831 2547 nesciunt
856 2489 963 2544 ullo
999 2490 1160 2545 modo
1194 2489 1370 2554 aliter,
1398 2504 1559 2559 quam
1587 2503 1617 2542 a
1647 2502 1747 2543 suo
1772 2494 2016 2541 creatore

433 2585 695 2656 disposita
718 2592 865 2649 sunt,
892 2584 974 2638 vel
1012 2582 1324 2647 consistere,
1354 2580 1438 2636 vel
1468 2580 1674 2635 moveri
1700 2598 1712 2633 :
1745 2579 1848 2634 nisi
1879 2578 2018 2634 forte

434 2675 671 2747 quando,
699 2675 882 2746 aliquo
924 2674 1184 2730 miraculo
1227 2672 1402 2739 facto,
1446 2672 1745 2728 divinitatis
1792 2670 2018 2724 arbitrio

433 2774 862 2833 commutantur;
910 2766 1068 2821 sicuti
1097 2765 1223 2821 Jesu
1258 2763 1406 2820 Nave
1452 2762 1553 2819 soli
1603 2763 1657 2816 in
1687 2762 1909 2817 Gabaon
1961 2767 2019 2814 ut

435 2866 609 2915 staret
652 2858 847 2930 legitur
892 2858 1189 2927 imperasse
1235 2854 1389 2928 (los.
1431 2852 1537 2926 x);
1582 2861 1638 2909 et
1681 2851 2019 2923 temporibus

433 2951 683 3007 Ezechizc
710 2951 872 3021 regis,
906 2960 1202 3007 retrorsum
1238 2950 1424 3005 decem
1457 2949 1711 3021 gradibus
1740 2962 2019 3025 reversum

434 3039 604 3097 fuisse
640 3040 692 3112 (I
710 3039 746 3093 γ
772 3039 897 3111 Reg.
923 3040 1051 3112 xix);
1086 3048 1141 3096 et
1188 3041 1243 3095 in
1290 3041 1545 3110 passione
1587 3038 1801 3094 Domini
1847 3038 2020 3093 tribus

2110 1875 2276 1917 onera
2306 1859 2513 1931 gravia,
2542 1833 2663 1927 (ita:
2690 1856 2917 1927 populus
2944 1856 3108 1912 lsrael
3148 1833 3513 1913 detestaretur
3537 1865 3593 1910 et
3625 1853 3708 1909 fu-

2110 1958 2283 2023 geret,
2313 1949 2407 2005 sed
2451 1948 2613 2004 etiam
2643 1962 2771 2002 vasa
2817 1955 2981 2016 atque
3020 1955 3339 2001 ornamenta
3384 1947 3453 2001 de
3483 1961 3617 2001 auro
3652 1951 3709 2000 et

2111 2046 2356 2111 argento,
2386 2047 2440 2092 et
2478 2044 2701 2101 vestem,
2734 2050 2855 2104 qua:
2898 2034 2987 2090 ille
3023 2033 3253 2104 populus
3281 2034 3468 2088 exiens
3498 2035 3567 2088 de
3611 2032 3703 2088 1E.

2112 2137 2274 2202 gypto
2299 2128 2400 2185 sibi
2430 2135 2685 2197 tanquam
2716 2125 2783 2180 ad
2810 2139 2967 2180 usum
2997 2124 3272 2180 meliorem
3301 2123 3551 2179 clanculo
3580 2138 3711 2178 ven-

2113 2221 2341 2283 dicavit,
2390 2234 2496 2273 non
2547 2216 2875 2271 auctoritate
2917 2214 3157 2285 propria,
3200 2213 3295 2269 sed
3327 2221 3603 2284 praecepto
3651 2220 3709 2267 ct

2113 2310 2388 2375 mandato,
2417 2308 2548 2379 ipsis
2594 2306 2866 2378 Aigyptiis
2896 2304 3204 2361 nescienter
3236 2303 3711 2359 commodantihus

2114 2420 2177 2460 ea
2222 2403 2421 2474 quibus
2450 2410 2510 2456 ut
2556 2399 2711 2456 bonis
2740 2399 3071 2454 utebantur:
3104 2397 3184 2453 sic
3212 2395 3473 2451 doctrinm
3520 2409 3716 2451 omnes

2114 2494 2395 2566 gentilium
2443 2507 2551 2547 non
2597 2491 2772 2546 solum
2815 2489 3066 2545 simulata
3113 2498 3168 2544 et
3215 2486 3595 2557 superstitiosa
3642 2486 3714 2541 fi-

2116 2593 2335 2658 gmenta
2390 2587 2691 2657 gravesque
2749 2583 2994 2639 sarcinas
3054 2579 3439 2652 supervacanei
3506 2577 3716 2634 laboris

2116 2679 2339 2743 habent,
2365 2692 2487 2749 quae
2527 2675 2899 2745 unusquisque
2937 2680 3179 2729 nostrum
3226 2671 3363 2727 duce
3398 2670 3619 2726 Christo
3649 2670 3717 2726 de

2116 2770 2373 2826 societate
2406 2767 2686 2839 gentilium
2734 2768 2943 2830 exiens,
2991 2764 3150 2819 debet
3194 2762 3497 2819 abominari
3547 2771 3719 2832 atque

2118 2863 2377 2925 devitarc,
2418 2861 2514 2916 sed
2545 2860 2708 2916 etiam
2758 2857 3006 2914 liberales
3040 2856 3375 2928 disciplinas,
3409 2857 3474 2910 dc
3512 2855 3720 2925 quibus

2117 2955 2275 3026 paulo
2299 2963 2425 3009 ante
2449 2952 2675 3023 egimus,
2703 2951 2824 3005 usui
2852 2948 3098 3004 veritatis
3122 2948 3361 3018 aptiores
3381 2956 3435 3000 et
3461 2944 3719 3016 quaedam

2118 3061 2330 3102 morum
2373 3053 2641 3117 przncepta
2690 3043 2979 3098 utilissima
3025 3041 3335 3105 continent,
3381 3039 3554 3109 deque
3594 3039 3720 3108 ipso

437 3131 590 3187 horis
635 3129 716 3185 501
767 3130 1084 3184 ιθηθῢτοευε
1132 3127 1355 3184 θσθειυε
1398 3136 1481 3185 εει
1526 3128 1678 3202 (Luco
1727 3127 1919 3200 XXIII).
1964 3133 2090 3200 etC
2121 3153 2228 3193 uno
2278 3137 2389 3193 Deo
2431 3135 2657 3192 colendo
2693 3133 2949 3190 nonnulla
2989 3148 3115 3188 vera
3174 3131 3523 3187 inveniuntur
3573 3129 3724 3200 apud

437 3221 525 3277 his
567 3221 785 3277 similia.
828 3221 955 3277 ldeo
979 3220 1127 3276 enim
1176 3221 1435 3276 miracula
1464 3221 1736 3286 dicuntur,
1763 3220 2021 3291 quoniam

438 3320 626 3368 contra
657 3311 1099 3368 consuetudinem
1125 3325 1305 3366 rerum
1334 3311 1653 3367 admiranda
1678 3311 2019 3382 contingunt.

441 3400 712 3458 Feruntur
740 3402 906 3468 enim,
939 3402 1079 3457 sicut
1123 3401 1310 3457 dicunt
1355 3402 1675 3467 astronomi,
1719 3417 1840 3472 qua:
1883 3402 2022 3457 cmlo

445 3495 553 3549 fixa
582 3502 736 3559 sunt;
783 3501 1069 3548 moventur
1103 3508 1233 3548 vero
1266 3492 1514 3563 planetae,
1547 3493 1601 3547 id
1628 3499 1712 3549 est
1754 3493 2019 3559 erratica},

440 3601 562 3658 quae
592 3601 783 3642 cursus
809 3601 936 3640 suos
966 3597 1113 3642 certa
1144 3593 1326 3641 tamen
1359 3584 1682 3642 diffinitione
1706 3586 2019 3642 conficiunt.

438 3678 787 3734 Astronomia
814 3686 898 3735 est
940 3679 1142 3749 itaque,
1182 3679 1322 3734 sicut
1346 3676 1460 3747 jam
1490 3678 1693 3734 dictum
1730 3687 1834 3745 est,
1864 3679 2025 3735 disci-

438 3765 584 3838 plina
610 3783 732 3838 quae
756 3785 947 3824 cursus
981 3768 1279 3824 caelestium
1317 3768 1554 3822 siderum
1584 3776 1638 3823 et
1668 3767 1869 3839 figuras
1896 3782 2027 3823 con-

440 3858 753 3930 temptatur,
794 3873 982 3913 omnes
1009 3867 1064 3915 et
1100 3858 1439 3913 habitudines
1467 3858 1745 3914 stellarum
1787 3860 1931 3915 circa
1966 3873 2026 3913 se

441 3958 498 4007 et
542 3952 688 4006 circa
719 3957 920 4005 terram
969 3949 1257 4021 indagabili
1304 3950 1515 4004 ratione
1547 3951 1835 4022 percurrit.
1881 3950 2027 4005 Inter

440 4042 829 4098 astronomiam
872 4049 1048 4096 autem
1094 4049 1149 4095 et
1196 4039 1539 4111 astrologiam
1581 4041 1785 4112 aliquid
1827 4040 2023 4107 differt,

440 4133 568 4190 licet
613 4135 680 4188 ad
724 4148 884 4188 unam
927 4132 1264 4204 disciplinam
1311 4133 1485 4188 ambm
1517 4134 1842 4204 pertineant.
1889 4134 2026 4189 Nam

440 4224 768 4280 astronomia
814 4223 934 4279 coeli
966 4223 1396 4288 conversionem,
1446 4230 1620 4289 ortus,
1667 4223 1868 4288 obitus,
1913 4238 2028 4277 mo-

442 4322 636 4384 tusque
679 4314 915 4369 siderum
944 4314 1207 4380 continet,
1236 4313 1320 4368 vel
1364 4329 1431 4368 ex
1472 4329 1577 4384 qua
1608 4327 1770 4369 causa
1819 4313 1891 4367 ita
1932 4328 2028 4368 vo-

437 4413 664 4471 centur;
713 4406 1001 4476 astrologia
1046 4421 1176 4461 vero
1224 4406 1421 4475 partim
1483 4405 1779 4471 naturalis,
1825 4405 2024 4474 partim

2123 3243 2247 3296 eos;
2275 3228 2419 3298 quod
2447 3242 2634 3283 eorum
2659 3237 2913 3296 tanquam
2941 3239 3134 3279 aurum
3160 3231 3216 3278 et
3240 3230 3543 3293 argentum,
3571 3220 3726 3291 quod

2122 3338 2231 3378 non
2278 3321 2378 3391 ipsi
2411 3321 2782 3385 instituerunt,
2814 3318 2911 3373 sed
2945 3319 3011 3373 de
3060 3315 3381 3386 quibusdam
3412 3303 3568 3385 quasi
3600 3327 3723 3368 me-

2123 3414 2267 3469 tallis
2305 3413 2499 3468 divinae
2544 3408 2916 3481 providentia,
2959 3423 3081 3479 quae
3128 3406 3328 3477 ubique
3376 3403 3553 3460 infusa
3601 3411 3727 3470 est,

2122 3511 2411 3571 erueru‘nt;
2451 3511 2507 3560 et
2536 3517 2644 3574 quo
2686 3515 2944 3572 perverse
2976 3507 3138 3569 atque
3171 3497 3432 3568 iniuriose
3460 3497 3529 3552 ad
3561 3497 3728 3552 obse-

2124 3597 2252 3668 quia
2294 3596 2598 3652 damonum
2640 3593 2956 3656 abutuntur,
3011 3605 3134 3646 cum
3186 3589 3253 3643 ab
3281 3602 3471 3643 eorum
3517 3587 3728 3643 misera

2126 3686 2387 3742 societate
2430 3697 2550 3740 sese
2600 3682 2782 3738 animo
2824 3687 3063 3750 separat,
3092 3680 3253 3735 debet
3293 3678 3362 3733 ab
3384 3678 3464 3733 eis
3505 3675 3731 3732 auferre

2125 3776 2464 3833 Christianus
2489 3773 2556 3829 ad
2599 3788 2758 3828 usum
2799 3771 3006 3841 justum
3038 3769 3363 3842 praedicandi
3408 3765 3720 3837 Evangelii.

2126 3869 2343 3924 Vestem
2390 3878 2603 3938 quoque
2652 3864 2899 3935 illorum,
2944 3863 2998 3918 id
3044 3869 3128 3917 est
3176 3860 3455 3916 hominum
3498 3858 3730 3929 quidem

2127 3962 2396 4027 instituta,
2435 3959 2531 4016 sed
2576 3967 2756 4014 tamen
2800 3957 3208 4014 accommodata
3255 3955 3506 4009 humana:
3550 3952 3731 4007 socie-

2130 4054 2243 4117 tati,
2276 4051 2472 4123 quibus
2518 4051 2573 4105 in
2607 4051 2709 4105 hac
2736 4051 2844 4103 vita
2884 4063 3074 4103 carere
3101 4061 3207 4102 non
3232 4058 3546 4117 possumus,
3579 4042 3730 4098 acci«
3805 4056 3811 4061 ’

2128 4159 2257 4216 pere
2304 4151 2466 4213 atque
2520 4140 2723 4197 habere
2774 4139 2989 4195 licuerit
3030 4140 3084 4192 in
3129 4152 3286 4193 usum
3352 4135 3727 4190 convertenda

2129 4232 2516 4289 Christianum.
2564 4229 2699 4284 Nam
2742 4229 2869 4299 quid
2919 4227 3063 4283 aliud
3114 4227 3359 4283 fecerunt
3388 4225 3519 4281 boni
3565 4225 3730 4280 multi

2129 4321 2314 4377 fideles
2351 4320 2555 4376 nostri?
2583 4318 2774 4375 Nonne
2819 4318 3109 4388 aspicimus
3139 4326 3342 4387 quanto
3381 4332 3517 4387 auro
3546 4326 3604 4371 et
3635 4330 3734 4369 ar-

2129 4420 2290 4480 gento
2330 4418 2386 4466 et
2414 4418 2562 4465 veste
2598 4408 2930 4464 suffarcinati
2974 4408 3224 4463 exierunt
3253 4408 3319 4463 de
3348 4405 3585 4479 Egypto
3617 4406 3736 4480 Cy-

439 4500 818 4571 superstitiosa
863 4506 965 4553 est.
1011 4497 1303 4564 Naturalis,
1353 4499 1480 4553 dum
1532 4498 1850 4569 exsequitur
1901 4496 2031 4552 solis
2058 4495 2358 4571 Dprianus
2388 4507 2443 4556 et
2473 4500 2661 4554 doctor
2709 4497 3083 4562 suavissimus,
3111 4504 3166 4551 et
3217 4504 3424 4567 martyr
3466 4495 3732 4551 beatissi-

442 4588 689 4660 lunteque
738 4604 931 4644 cursus
974 4588 1061 4643 vel
1124 4588 1443 4656 stellarum,
1495 4598 1673 4645 certas
1727 4597 2027 4659 temporum

442 4684 783 4754 quaestiones.
811 4681 1201 4751 Superstitiosa
1224 4697 1354 4738 vero
1382 4691 1467 4737 est
1494 4681 1603 4749 illa,
1633 4698 1793 4753 quam
1823 4685 2030 4739 mathe-

444 4774 625 4830 matici
684 4779 1004 4843 sequuntur,
1052 4773 1145 4844 qui
1208 4772 1379 4830 stellis
1432 4783 1789 4845 augurantur,
1831 4774 2030 4846 quique

442 4864 608 4920 etiam
640 4864 922 4920 duodecim
968 4864 1092 4921 coeli
1135 4865 1284 4936 signa
1332 4879 1432 4937 per
1469 4866 1678 4937 singula
1708 4868 1902 4923 animae
1944 4866 2029 4923 vel

443 4954 687 5027 corporis
724 4956 965 5012 membra
1002 4956 1311 5027 disponunt,
1343 4957 1686 5028 siderumque
1731 4972 1893 5014 cursu
1932 4974 2030 5014 na-

443 5047 683 5103 tivitates
738 5046 1017 5102 hominum
1065 5056 1120 5102 et
1156 5056 1359 5104 mortes
1395 5048 1691 5118 praedicare
1744 5055 2027 5103 conantur.

446 5136 597 5195 lianc
628 5139 845 5210 quidem
889 5146 1098 5210 partem
1125 5139 1425 5211 astrologiae
1448 5154 1567 5209 quae
1593 5138 1827 5193 naturali
1863 5138 2033 5209 inqui-

451 5233 647 5289 sitione
672 5230 1006 5302 exsequitur,
1034 5229 1164 5286 solis
1184 5230 1431 5300 lunaeque
1456 5244 1647 5285 cursus
1666 5237 1827 5298 atque
1853 5228 2034 5283 stella-

453 5338 596 5388 rum,
624 5330 680 5379 et
721 5334 899 5379 certas
937 5331 1238 5392 temporum
1269 5321 1639 5377 distinctiones
1669 5327 1828 5376 caute
1871 5320 2035 5374 rima-

453 5424 562 5479 tur,
587 5423 797 5484 oportet
823 5431 851 5469 a
883 5413 1028 5469 clero
1056 5412 1265 5467 Domini
1291 5412 1473 5467 solerti
1498 5411 1854 5466 medicamine
1878 5409 2033 5477 disci,

452 5510 512 5557 ut
557 5518 654 5575 per
697 5511 875 5559 certas
925 5501 1228 5571 regularum
1276 5500 1637 5571 conjecturas,
1669 5509 1726 5555 et
1772 5507 1924 5555 ratas
1970 5515 2033 5557 ac

451 5608 608 5650 veras
650 5600 1089 5665 argumentorum
1120 5591 1525 5658 aestimationes,
1559 5605 1665 5645 non
1696 5590 1869 5646 solum
1898 5607 2034 5660 pra:-

456 5685 617 5738 terita
657 5698 922 5739 annorum
963 5682 1232 5739 curricula
1276 5681 1544 5737 veraciter
1588 5682 1902 5754 investiget,
1940 5684 2032 5739 sed

458 5781 512 5827 et
539 5772 605 5828 de
634 5771 830 5829 futuris
855 5773 1065 5828 noverit
1099 5772 1327 5829 fideliter
1353 5771 1664 5828 ratiocinari
1699 5773 2034 5843 temporibus

2136 4591 2289 4647 mus?
2330 4600 2533 4662 quanto
2562 4587 2913 4645 Lactantius?
2941 4596 3144 4658 quanto
3172 4586 3506 4652 Victorinus,
3551 4584 3737 4658 Opta-

2135 4683 2255 4748 tus',
2309 4681 2592 4737 llilarius?
2634 4686 2836 4751 quanto
2888 4676 3312 4731 innumerabiles
3379 4676 3736 4748 grammatici

2137 4771 2521 4847 [Al.,Gr:nci]?
2549 4770 2702 4838 Quod
2730 4770 2880 4840 prior
2911 4768 3025 4838 ipse
3047 4766 3390 4822 fidelissimus
3417 4765 3516 4820 Dei
3546 4766 3739 4822 famu-

2135 4864 2221 4922 lus
2259 4865 2468 4937 Moyses
2513 4863 2735 4927 fecerat,
2766 4862 2832 4917 de
2872 4875 2979 4930 quo
3006 4861 3263 4930 scriptum
3290 4866 3375 4914 est
3407 4857 3552 4928 quod
3598 4876 3737 4913 eru-

2136 4959 2277 5013 ditus
2313 4956 2471 5027 fuerit
2515 4955 2657 5009 omni
2703 4953 2960 5023 sapientia
3007 4950 3381 5022 Egyptians":
3416 4949 3558 5021 (Act.
3599 4950 3737 5023 vn).

2138 5048 2345 5116 Quibus
2368 5046 2618 5103 omnibus
2661 5044 2794 5098 viris
2822 5041 3194 5112 superstitiosa
3220 5039 3458 5112 gentium
3490 5053 3742 5097 consue-

2139 5142 2286 5203 tudo,
2317 5147 2374 5195 et
2406 5138 2642 5194 maxime
2684 5135 2789 5191 illis
2823 5133 3155 5204 tempori-bus
3179 5148 3304 5188 cum
3339 5131 3544 5189 Christi
3578 5149 3747 5190 recu~

2140 5232 2277 5287 tiens
2314 5229 2505 5301 jugum
2550 5228 2889 5286 Christianos
2932 5228 3377 5300 persequebatur,
3409 5227 3744 5297 disciplinas

2138 5339 2272 5396 quas
2295 5324 2454 5379 utiles
2479 5324 2713 5379 habebat
2744 5336 3019 5393 nunquam
3045 5321 3434 5385 commodaret,
3469 5318 3516 5374 si
3549 5334 3651 5375 eas
3684 5321 3745 5376 in

2136 5430 2291 5470 usum
2321 5414 2531 5471 colendi
2558 5413 2717 5468 unius
2746 5413 2862 5477 Dei,
2888 5427 2997 5483 quo
3035 5426 3209 5467 vanus
3244 5410 3512 5465 idolorum
3550 5411 3747 5466 cultus

2135 5507 2566 5572 exscinderetur,
2614 5519 2907 5561 conversas
2951 5505 3339 5574 suspicaretur.
3395 5501 3505 5557 Sed
3559 5503 3744 5558 dede-

2138 5603 2264 5650 runt
2305 5611 2496 5651 aurum
2526 5603 2581 5650 et
2614 5604 2899 5665 argentum
2946 5601 3003 5649 et
3047 5601 3254 5648 vestem
3299 5606 3454 5646 suam
3504 5591 3747 5648 exeunti

2135 5690 2201 5745 de
2246 5687 2480 5762 Egypto
2523 5686 2721 5760 populo
2749 5686 2881 5752 Dei,
2923 5685 3228 5741 nescientes
3267 5682 3746 5753 quemadmodum

2135 5774 2222 5829 illa
2264 5789 2384 5844 quae
2413 5773 2614 5831 dabant
2654 5772 2707 5827 in
2751 5771 2953 5828 Christi
2987 5770 3306 5840 cbsequium
3339 5768 3747 5828 redderentur.
