3958 6204
301 295 412 353 ιο3

1067 294 1157 351 DE
1193 293 1642 352 CLERICOBUM
1683 293 2194 362 INSTITUTIONE,
2234 295 2389 353 ETC.
2431 326 2502 337 —-
2538 296 2668 353 LIB.
2710 297 2795 352 Ill.

3467 295 3581 355 406

294 411 434 468 Illud
458 410 606 467 cnim
633 409 689 464 in
713 406 898 463 Exodo
921 404 1124 462 factum
1150 407 1269 462 sine
1292 408 1452 464 dubio
1476 408 1763 479 ﬁguratum
1782 415 1889 472 est,
1922 408 1969 467 Α
1995 406 2359 476 fundamento,
2376 409 2433 461 in
2452 425 2610 477 quam
2638 408 2807 461 illisus
2829 417 2905 461 est
2924 409 3137 477 ﬂuvius,
3160 417 3207 463 et
3231 410 3477 464 continuo
3493 426 3577 465 ce-

294 512 361 558 ut
403 503 505 557 hoc
552 500 941 570 prmignamt,
985 497 1113 568 quia
1138 497 1276 563 \sine
1316 498 1626 567 prtejudicio
1669 498 1892 552 alterius

296 605 394 652 aut
440 595 592 666 paris
641 602 736 649 aut
778 593 1018 649 melioris
1064 593 1431 665 intelligentiae
1483 594 1731 651 dixerim.
1783 593 1890 667 sed

296 687 403 742 hoc
430 684 595 739 modo
644 683 942 738 instructus
987 682 1294 737 divinarum
1342 682 1745 754 Scripturarum
1777 695 1888 740 stu-

292 778 507 841 diosus,
551 789 678 830 cum
724 775 791 830 ad
835 790 928 828 eas
968 774 1287 830 scrutandas
1333 776 1593 831 accedere
1630 778 1887 846 cmperit,

295 868 430 924 illud
466 868 828 937 apostolicum
858 867 1099 938 cogitare
1135 883 1242 922 non
1281 875 1501 923 cesset:
1532 867 1766 923 Scientia
1807 870 1890 923 in-

294 961 415 1028 ﬂat,
445 957 679 1012 charitas
708 956 934 1025 trdiﬁcat
982 955 1034 1027 (1
1059 955 1182 1010 Cor.
1207 956 1351 1025 vm).
1391 958 1466 1012 Ita
1504 958 1649 1011 enim
1692 958 1854 1013 sentit

294 1047 549 1117 quamvis
578 1047 644 1101 de
679 1045 912 1119 Egypto
940 1046 1091 1101 dives
1118 1055 1297 1113 exeat,
1332 1054 1511 1101 tamen
1543 1048 1644 1102 nisi
1687 1049 1885 1117 pascha

294 1141 498 1211 egerit,
532 1140 744 1195 salvum
784 1155 844 1195 se
899 1153 1025 1194 esse
1065 1153 1171 1194 non
1226 1155 1401 1210 posse.
1451 1139 1659 1194 Pascha
1714 1153 1887 1195 autem

295 1241 537 1287 nostrum
572 1230 875 1290 immolatus
902 1240 975 1285 est
1006 1229 1277 1296 Christus;
1307 1231 1547 1301 nihilque
1580 1226 1885 1303 magis'im-

295 1324 523 1379 molatio
543 1322 747 1379 Christi
774 1338 874 1377 nos
900 1322 1074 1385 docet,
1110 1337 1273 1391 quam
1302 1321 1432 1376 illud
1459 1321 1605 1392 quod
1637 1321 1751 1391 ipse
1778 1322 1890 1376 ela-

296 1422 433 1478 mat,
465 1422 728 1483 tanquam
752 1412 818 1488 ad
849 1427 944 1466 eos
969 1427 1106 1481 quos
1141 1411 1195 1465 in
1222 1410 1456 1481 Egypto
1477 1410 1577 1465 sub
1605 1409 1889 1466 Pharaone

297 1503 446 1558 ridet
478 1503 729 1558 laborare
763 1521 777 1556 :
826 1500 1003 1556 Venite
1042 1501 1111 1556 ad
1142 1519 1245 1567 me,
1282 1502 1373 1572 qui
1410 1501 1660 1556 laboratis
1688 1511 1739 1556 et
1767 1519 1889 1557 one-

296 1595 403 1649 rati
428 1594 577 1658 estis,
604 1602 653 1648 et
676 1609 769 1663 ego
793 1609 880 1647 vos
906 1592 1156 1661 reﬁciam.
1184 1591 1369 1646 Tollite
1389 1592 1577 1662 iugum
1605 1608 1775 1647 meum
1797 1610 1887 1646 su-

293 1702 393 1754 per
418 1702 530 1749 eos,
556 1695 604 1738 et
632 1684 816 1738 discite
842 1684 967 1754 quia
997 1684 1137 1737 mitis
1167 1699 1280 1737 sum
1307 1692 1353 1737 et
1383 1682 1596 1738 humilis
1620 1684 1808 1749 corde;
1837 1693 1886 1737 et

1992 498 2119 551 cidit
2141 513 2159 551 :
2181 508 2228 551 et
2248 498 2389 561 facta
2411 509 2484 552 est
2524 499 2676 552 ruina
2712 498 2897 552 domus
2921 498 3060 553 illius
3084 515 3274 569 magna
3297 498 3448 570 (Luc.
3471 500 3573 571 Vt).

1992 584 2161 641 Debet
2186 594 2367 641 autem
2395 588 2764 657 unusquisque
2789 588 3088 644 catholicus
3119 588 3391 644 universis
3413 590 3582 644 virtu-

1992 676 2134 732 tibus
2162 677 2442 747 tequaliter
2466 692 2686 747 operam
2709 679 2868 743 dare,
2907 688 2967 734 ut
2992 690 3045 737 et
3069 681 3217 736 intus
3242 688 3298 737 et
3325 679 3460 736 foris
3488 695 3581 736 no.

1989 768 2173 823 biliter
2196 780 2443 835 ornatus,
2473 772 2661 825 :eterni
2692 773 2833 843 regis
2855 774 3103 829 convivio
3128 775 3324 845 dignus
3358 775 3576 841 existat,

1989 868 2045 914 et
2081 858 2341 931 quadriga
2391 861 2621 930 spiritali
2671 871 2875 925 vectus,
2926 863 2992 917 ad
3040 873 3298 919 aeternam
3345 864 3578 932 patriam

1989 952 2334 1006 conscendat.
2386 951 2554 1007 Debet
2600 961 2779 1009 autem
2820 956 3120 1024 prudentia:
3168 955 3468 1019 intendere,
3522 963 3581 1011 ut

1989 1042 2284 1111 prudenter
2318 1044 2616 1112 provideat,
2664 1047 2928 1100 veraciter
2966 1046 3248 1116 intelligat,
3283 1046 3581 1117 intellecta-

1990 1145 2095 1198 que
2116 1132 2428 1205 memoriter
2457 1132 2704 1187 retineat.
2739 1134 2906 1189 Debet
2923 1134 3149 1203 justitia:
3178 1143 3236 1188 ut
3276 1135 3578 1205 religiosus,

1991 1220 2111 1289 pius
2152 1201 2478 1291 humilisque
2520 1222 2641 1289 ﬁat;
2689 1231 2749 1277 ut
2776 1201 3003 1294 gratiam
3049 1233 3105 1279 et
3137 1201 3581 1289 vindiwtionem,

1991 1310 2388 1364 observantiam
2434 1320 2489 1365 et
2516 1313 2800 1367 veritatem
2828 1322 3142 1378 conservet;
3172 1321 3495 1384 pactumque
3525 1321 3582 1368 et

1990 1400 2384 1470 parjudicatum
2428 1412 2484 1457 et
2520 1402 2691 1474 legem
2738 1404 3027 1459 custodiat.
3067 1403 3233 1459 Debet
3278 1402 3581 1458 fortitudini

1993 1494 2228 1548 studium
2263 1494 2571 1563 impendere
2595 1536 2609 1560 ,
2638 1504 2698 1549 ut
2722 1496 3175 1566 magniﬁcentiam
3196 1506 3253 1550 et
3282 1495 3579 1557 ﬁdentiam,

1992 1584 2307 1652 patientiam
2350 1592 2403 1639 et
2431 1587 2892 1655 perseverantiam
2918 1582 3136 1642 habeat.
3169 1587 3339 1641 Debet
3377 1593 3584 1654 tempe—

1995 1676 2185 1729 rantiae
2226 1684 2283 1729 ut
2326 1676 2613 1731 continens
2640 1718 2652 1738 ,
2685 1676 2925 1732 clemens
2946 1686 2999 1731 et
3028 1675 3339 1731 moderatus
3366 1675 3498 1741 ﬁat;
3530 1686 3585 1730 et

294 1777 573 1832 invenietis
641 1778 867 1849 requiem
933 1777 1210 1831 animabus
1260 1777 1460 1831 vestris.
1495 1775 1696 1847 Iugum
1750 1777 1889 1830 enim
1924 1746 1971 1806 Β
1999 1783 2158 1838 super
2183 1767 2298 1822 hinc
2327 1768 2509 1823 omnia
2538 1809 2552 1833 ,
2594 1776 2655 1823 ut
2678 1768 2829 1839 pacis
2853 1776 2908 1823 et
2951 1768 3232 1824 charitatis
3272 1766 3413 1823 ﬁdus
3437 1781 3588 1823 exsc-

295 1885 472 1927 meum
492 1887 657 1927 suave
677 1880 791 1935 est,
810 1879 858 1925 et
888 1886 1021 1924 onus
1044 1885 1216 1924 meum
1239 1867 1344 1924 leve
1375 1878 1450 1923 est
1474 1867 1690 1939 (Matth.
1715 1868 1815 1937 ιι).

856 1999 1084 2056 eam
1124 1998 1335 2055 xxvn.
1664 2062 1675 2073 ο

557 2092 633 2147 De
659 2092 1003 2163 acquisitione
1029 2101 1076 2146 et
1104 2090 1349 2146 exercitio
1379 2092 1648 2146 virtutum.

371 2227 582 2281 interea
612 2226 812 2296 quippe
841 2226 968 2281 dum
994 2226 1579 2302 intentameditatione
1609 2227 1891 2283 scientiam

298 2316 638 2388 spiritualem
652 2324 806 2387 optat
824 2317 1069 2388 adipisci,
1086 2332 1306 2373 necesse
1319 2326 1405 2373 est
1424 2325 1482 2372 ut
1496 2317 1608 2390 jugi
1632 2319 1894 2374 exercitio

299 2410 564 2466 virtutum
610 2410 714 2465 sibi
762 2420 970 2481 quierat
1003 2410 1365 2481 opulentiam,
1412 2424 1480 2466 ne
1526 2410 1652 2465 dum
1697 2411 1750 2465 in
1788 2426 1895 2468 uno

300 2496 455 2555 dives
497 2514 622 2554 esse
649 2499 818 2570 cupit,
846 2509 901 2555 et
928 2499 1152 2555 alterius
1196 2514 1327 2570 opes
1367 2514 1615 2570 quaerere
1652 2500 1893 2569 negligit,

302 2605 447 2646 verae
481 2591 772 2662 opulentiae
800 2590 1007 2647 fructus
1054 2591 1272 2662 perdat;
1308 2606 1373 2647 ac
1421 2607 1530 2645 non
1576 2592 1748 2650 solum
1794 2592 1895 2662 ipsi

302 2682 542 2747 eveniat,
571 2682 697 2753 quia
726 2683 1076 2752 quaesiturum
1111 2697 1291 2737 rerum
1324 2681 1612 2739 utilitatem
1659 2697 1763 2736 non
1801 2682 1898 2737 ba-

302 2772 455 2839 heat,
499 2775 610 2830 imo
638 2788 830 2844 ptenas
870 2773 1100 2843 injustas
1127 2789 1411 2844 possessor
1442 2790 1543 2843 pro
1568 2774 1651 2829 cis
1671 2774 1898 2829 Domino

306 2863 503 2919 solvat.
534 2863 627 2918 Ait
654 2864 796 2919 enim
830 2865 945 2934 ipsa
977 2863 1191 2920 Veritas
1220 2866 1428 2921 servis:
1464 2864 1567 2931 Qui
1593 2866 1687 2919 scit
1717 2864 1898 2919 volun-

303 2965 469 3009 tatem
496 2953 712 3008 Domini
736 2955 819 3009 sui
842 2964 889 3008 et
921 2971 1024 3008 non
1052 2955 1202 3025 facit,
1238 2955 1501 3026 vapulabit
1546 2955 1760 3022 multis;
1806 2958 1898 3027 qui

304 3055 486 3100 autem
512 3045 671 3125 nescit
698 3055 746 3099 et
777 3062 877 3099 non
906 3045 1055 3115 facit,
1087 3047 1348 3117 vapulabit
1378 3048 1560 3118 paucis
1595 3047 1745 3120 (Luc.
1770 3048 1889 3119 xu).

1993 1865 2152 1911 cutor
2192 1857 2391 1911 existat
2440 1875 2452 1910 :
2484 1874 2606 1928 ane
2651 1857 2856 1913 scilicet
2884 1866 2967 1913 est
2997 1856 3276 1913 vinculum
3298 1855 3587 1928 perfectio-

1992 1947 2095 2002 nis.
2126 1946 2223 2001 llis
2253 1956 2434 2002 autem
2462 1949 2746 2018 speciebus
2782 1949 3039 2003 virtutum
3087 1946 3328 2019 perfecte
3358 1949 3585 2006 adorna-

1988 2046 2099 2105 tus,
2129 2049 2186 2093 et
2208 2040 2485 2109 sapientia:
2506 2039 2709 2095 lumine
2739 2039 3037 2096 illustratus
3059 2040 3220 2095 homo
3241 2039 3334 2094 Dei
3353 2081 3369 2105 ,
3400 2040 3503 2095 rite
3531 2049 3587 2096 et

1992 2145 2230 2201 congrue
2270 2132 2552 2187 servitium
2581 2140 2757 2201 potest
2795 2148 2976 2203 agere,
3027 2141 3188 2202 atque
3216 2133 3452 2188 oratoris
3470 2133 3587 2188 olli-

1993 2220 2136 2276 cium
2167 2221 2325 2299 digne
2366 2228 2547 2291 potest
2585 2222 2640 2277 in
2668 2222 2914 2279 Ecclesia
2942 2222 3167 2292 implere
3210 2241 3223 2276 :
3254 2238 3416 2293 quem
3448 2225 3584 2279 anti-

1991 2327 2098 2381 qua
2127 2313 2373 2368 dillinitio
2399 2314 2653 2381 afﬁrmat,
2677 2315 2851 2369 virum
2877 2316 3079 2370 bonum
3109 2323 3165 2371 et
3196 2315 3410 2371 dicendi
3434 2319 3585 2387 peri-

1996 2410 2109 2456 tum
2134 2417 2256 2459 esse
2283 2402 2500 2461 debere.
2529 2403 2589 2461 Si
2624 2419 2754 2475 ergo
2779 2406 2898 2461 hzec
2924 2405 3167 2463 deﬁnitio
3198 2404 3251 2460 in
3279 2407 3589 2463 oratoribus

1995 2492 2275 2564 gentilium
2310 2495 2725 2560 observabatur,
2773 2495 2942 2551 multo
2968 2497 3141 2567 magis
3176 2496 3231 2550 in
3283 2482 3590 2552 oratoribus

1994 2588 2194 2643 Christi
2216 2588 2493 2643 observari
2528 2590 2803 2655 convenit,
2844 2605 3071 2659 quorum
3110 2605 3214 2645 non
3258 2588 3429 2643 solum
3469 2602 3590 2640 ser-

1996 2696 2123 2745 mo,
2155 2680 2262 2733 imo
2307 2679 2469 2733 etiam
2519 2688 2629 2734 tota
2679 2680 2786 2734 vita
2829 2680 3073 2733 doctrina
3121 2679 3381 2731 virtutum
3430 2679 3593 2732 debet

1995 2786 2137 2826 esse.
2177 2768 2281 2825 Sed
2321 2771 2449 2840 quia
2479 2772 2545 2825 de
2594 2772 2752 2824 modo
2783 2769 3087 2824 inveniendi
3132 2785 3195 2823 ea
3234 2783 3357 2838 quas
3398 2767 3591 2821 intelli-

1998 2858 2170 2929 genda
2215 2869 2340 2913 sunt
2373 2860 2424 2912 in
2458 2857 2757 2927 Scripturis
2789 2858 2954 2912 multa
2986 2857 3102 2927 jam
3139 2858 3408 2923 diximus,
3439 2855 3592 2925 adjuo

2000 2956 2158 3003 vante
2202 2948 2427 3004 Domino
2450 2948 2518 3003 de
2545 2947 2868 3017 proferendo
2913 2962 2975 3002 ea
3016 2964 3136 3018 qua:
3164 2947 3433 3005 intellecta
3466 2956 3595 3003 sunt

1998 3055 2169 3110 pauca
2199 3039 2441 3095 dicemus
2463 3080 2479 3105 ,
2522 3047 2584 3094 ut
2628 3041 2731 3096 hoc
2764 3039 3057 3095 novissimo
3096 3038 3234 3095 libro
3263 3049 3434 3095 totum
3458 3055 3593 3111 opus

379 3137 521 3205 Quid
560 3117 692 3206 ergo
738 3138 980 3207 proderit
1029 3139 1338 3194 hominibus
1378 3101 1624 3210 ingentes
1678 3101 1896 3197 divitias
1922 3101 1968 3164 ο
2003 3131 2336 3189 claudamus.

304 3243 667 3298 congregare,
720 3238 776 3283 et
812 3244 1000 3284 earum
1040 3241 1197 3284 uSum
1238 3230 1460 3287 minime
1508 3231 1727 3298 habere,
1775 3247 1901 3287 cum

306 3318 483 3377 multo
529 3317 721 3373 melior
762 3320 832 3374 sit
870 3319 958 3373 ille
997 3319 1090 3389 qui
1128 3328 1447 3390 paupertate
1480 3338 1578 3377 sua
1617 3331 1902 3379 contentus

305 3417 474 3464 estet
508 3408 779 3463 lmmbilttr
818 3410 885 3465 de
924 3409 1108 3466 labore
1135 3426 1267 3477 suo,
1309 3411 1360 3467 ei
1400 3412 1494 3482 qui
1536 3420 1702 3468 totam
1734 3414 1898 3470 vitam

307 3517 487 3565 suam,
512 3501 730 3557 divitias
774 3503 979 3558 habens
1001 3543 1017 3569 ,
1060 3504 1114 3559 in
1145 3514 1387 3576 egestate
1431 3507 1722 3573 consumit,
1753 3506 1902 3564 Salo-

308 3608 469 3649 mone
493 3599 809 3659 attestante,
833 3594 924 3664 qui
956 3595 1033 3649 ait
1065 3613 1078 3649 :
1122 3594 1312 3650 Melior
1346 3609 1418 3652 est
1446 3614 1645 3668 pauper
1671 3609 1719 3653 et
1742 3601 1899 3670 sufﬁ-

305 3685 447 3741 ciens
473 3684 596 3750 sibi,
621 3701 777 3755 quam
802 3684 1060 3756 gloriosus
1081 3695 1129 3740 et
1150 3686 1386 3756 indigens
1406 3706 1541 3758 pane
1568 3688 1749 3761 (Prov.
1776 3691 1896 3763 xu).

307 3776 511 3835 Sancta
560 3776 835 3834 rusticitas
868 3776 1041 3833 solum
1083 3777 1185 3833 sibi
1234 3780 1492 3849 prodest;
1535 3789 1590 3836 et
1637 3790 1899 3851 quantum

305 3866 543 3923 aediﬁcat
572 3882 638 3921 ex
667 3867 791 3921 vitae
814 3866 1010 3922 merito
1030 3908 1044 3933 ,
1078 3875 1283 3922 tantum
1324 3878 1482 3924 nocet
1521 3870 1566 3924 si
1592 3885 1697 3925 non
1727 3878 1781 3922 et
1809 3886 1902 3924 va-

305 3957 379 4014 let
403 3958 906 4015 contradicentibus
931 3958 1203 4015 resistere.
1245 3959 1350 4015 Sed
1375 3976 1442 4015 ex
1471 3962 1677 4016 duobus
1703 3962 1902 4031 imper-

307 4049 487 4115 fectis,
537 4050 712 4121 magis
754 4051 894 4122 eligo
919 4059 1164 4107 sanetam
1207 4053 1564 4108 rusticitatem
1593 4068 1756 4124 quam
1791 4053 1902 4107 clo-

309 4144 592 4213 quentiam
618 4142 1006 4213 peccatricem;
1038 4144 1162 4213 quia
1193 4142 1468 4214 Sapientia
1502 4144 1631 4199 dicit
1660 4161 1673 4197 :
1710 4143 1901 4198 Melior

306 4244 378 4290 est
406 4250 614 4306 pauper
643 4232 919 4289 ambulans
955 4234 1013 4287 in
1043 4233 1376 4304 simplicitate
1404 4250 1502 4288 sua
1526 4274 1540 4299 ,
1576 4251 1731 4305 quam
1760 4234 1900 4290 dives

306 4327 485 4400 pravis
520 4326 794 4380 itineribus
823 4339 843 4378 :
867 4325 959 4397 qui
979 4336 1152 4381 autem
1180 4326 1403 4382 custodit
1424 4326 1608 4398 legem,
1641 4327 1785 4396 filius
1814 4345 1901 4382 sa-

305 4419 454 4489 piens
501 4426 579 4472 est
606 4415 787 4490 (Prov.
838 4418 972 4490 xix).
1003 4418 1227 4489 Oportet
1270 4420 1486 4491 quidem
1525 4436 1648 4476 eum
1677 4421 1769 4492 qui
1806 4438 1899 4477 sa~

306 4512 525 4583 pientis:
552 4512 750 4576 studet,
784 4513 967 4569 virtuti
997 4516 1214 4571 studere
1239 4557 1254 4581 ,
1283 4525 1343 4571 ut
1372 4517 1424 4572 id
1455 4518 1598 4587 quod
1614 4519 1899 4588 sapienter

309 4601 566 4673 intelligit
615 4604 668 4657 in
716 4611 917 4670 mente,
959 4605 1163 4659 utiliter
1201 4617 1455 4662 exerceat
1503 4610 1555 4664 in
1596 4625 1789 4680 opere;
1845 4620 1902 4667 et

306 4692 673 4764 quodcunque
707 4693 833 4749 loni
863 4695 1044 4750 verbis
1073 4695 1195 4751 aliis
1248 4695 1426 4752 facere
1461 4699 1743 4769 praecipit,
1788 4701 1901 4755 suis

306 4782 568 4853 operibus
601 4782 908 4837 faciendum
940 4799 1060 4839 esse
1100 4785 1251 4855 prius
1286 4787 1495 4852 doceat,
1528 4798 1587 4842 ut
1619 4788 1822 4844 facins
1847 4797 1902 4844 et

310 4874 512 4933 docens
536 4875 791 4931 mandata
828 4876 922 4932 Dei
949 4916 964 4941 ,
996 4877 1170 4948 major
1196 4889 1418 4932 vocetur
1453 4879 1506 4933 in
1537 4896 1703 4952 regno
1731 4882 1901 4937 coelo-

314 4986 432 5026 rum
466 4988 480 5023 :
508 4968 764 5025 minimus
791 4979 993 5034 autem,
1023 4968 1066 5025 si
1098 4970 1340 5024 docuerit
1364 4980 1420 5025 et
1445 4970 1664 5026 solverit
1689 4973 1900 5029 actione

313 5080 479 5120 unum
509 5063 576 5119 de
604 5061 873 5117 mandatis
903 5060 997 5115 Dei
1025 5060 1282 5116 minimis.
1316 5058 1497 5115 Omnis
1526 5063 1684 5127 enim,
1726 5063 1901 5133 inquit

316 5154 588 5220 Salvator,
620 5155 709 5227 qui
736 5154 873 5209 venit
899 5154 969 5207 ad
996 5169 1075 5206 me
1105 5162 1151 5206 et
1184 5152 1333 5207 audit
1361 5169 1622 5207 sermones
1652 5171 1791 5208 meos
1809 5196 1823 5219 ,
1850 5165 1899 5209 et

317 5251 440 5320 facit
461 5268 568 5311 eos,
599 5248 788 5305 similis
813 5257 888 5302 est
910 5247 1107 5301 homini
1130 5246 1418 5315 a'diﬁcanti
1444 5245 1676 5308 domum,
1700 5248 1788 5317 qui
1817 5247 1901 5317 fo-

315 5343 391 5399 dit
414 5344 486 5406 .in
525 5342 710 5406 altum,
763 5352 813 5397 et
858 5342 1031 5413 posuit
1081 5340 1422 5415 fundamenta
1471 5357 1630 5408 supra
1676 5350 1897 5411 petram.

314 5430 670 5489 Inundatione
708 5442 885 5486 autem
930 5432 1103 5502 facta,
1139 5431 1333 5485 illisum
1368 5441 1443 5485 est
1486 5432 1683 5501 ﬂumen
1717 5432 1903 5489 domus

317 5523 417 5589 illi,
441 5532 490 5578 et
520 5540 624 5578 non
651 5523 816 5595 potuit
838 5538 951 5578 eam
978 5539 1179 5576 morere
1208 5537 1225 5576 :
1252 5522 1476 5592 fundata
1498 5523 1635 5577 enim
1668 5533 1778 5577 erat
1807 5540 1900 5578 su-

320 5631 410 5685 per
430 5626 629 5685 petram
685 5614 789 5680 Qui
819 5623 993 5668 autem
1027 5615 1173 5667 audit
1205 5623 1252 5666 et
1292 5628 1394 5667 non
1421 5612 1570 5682 facit,
1603 5612 1788 5667 similis
1823 5623 1900 5669 est

320 5704 515 5762 homini
547 5705 835 5774 aediﬁcanti
878 5705 1089 5759 domum
1132 5720 1282 5758 suam
1326 5719 1485 5774 supra
1526 5719 1740 5758 arenam
1787 5705 1901 5761 sine

1923 4480 1978 4539 D

2552 3225 2780 3283 CAPUT
2820 3225 3049 3284 XXVIII.

2095 3316 2236 3382 Quid
2265 3317 2444 3372 debeat
2469 3317 2653 3372 doctor
2681 3319 3047 3373 catholicus'in
3074 3318 3297 3373 dicendo
3327 3335 3500 3387 agerc.

2073 3409 2243 3467 Debet
2280 3410 2445 3480 igitur
2474 3410 2777 3466 divinarum
2812 3410 3214 3481 Scripturarum
3242 3420 3502 3467 tractator
3531 3420 3593 3467 et

2002 3505 2210 3569 doctor,
2244 3504 2494 3560 defensor
2518 3514 2680 3561 rectae
2704 3504 2825 3560 ﬁdei
2861 3520 2926 3560 ac
2955 3505 3250 3560 debellator
3282 3504 3507 3570 erroris,
3536 3512 3595 3559 et

2003 3597 2140 3652 bona
2171 3597 2388 3664 docere,
2412 3606 2466 3652 et
2493 3598 2632 3653 mala
2654 3597 2949 3665 dedocere;
2980 3606 3142 3667 atque
3171 3598 3225 3652 in
3253 3600 3357 3654 hoc
3390 3613 3587 3668 opere,

2003 3704 2251 3743 sermone
2291 3689 2584 3744 conciliare
2629 3704 2868 3755 aversos,
2916 3690 3172 3744 remissos
3218 3689 3446 3760 erigere,
3497 3704 3592 3743 ne—

2002 3778 2298 3834 scientibus
2325 3779 2452 3848 quid
2495 3794 2657 3849 agere
2681 3819 2697 3845 ,
2749 3779 2879 3848 quid
2917 3788 3174 3848 expetere
3203 3778 3435 3834 debeant
3463 3779 3593 3833 inti-

2005 3887 2173 3926 mare.
2213 3869 2523 3927 Uliautem
2575 3870 2878 3935 benevolos,
2938 3870 3193 3936 intentos,
3244 3870 3469 3933 dociles,
3498 3878 3595 3927 aut

2005 3965 2350 4029 invenerunt,
2378 3972 2472 4018 aut
2493 3963 2595 4032 ipsi
2622 3962 2887 4029 fecerunt,
2916 3972 3110 4019 caetera
3138 3962 3442 4033 peragenda
3466 3968 3595 4017 sunt

2004 4057 2145 4111 sicut
2177 4054 2413 4125 postulat
2458 4069 2643 4109 causa.
2688 4053 2743 4108 Si
2786 4054 3011 4110 docendi
3051 4062 3177 4109 sunt
3223 4052 3315 4122 qui
3345 4051 3588 4120 audiunt,

2005 4148 2315 4202 narratione
2344 4146 2648 4201 faciendum
2680 4154 2791 4211 est,
2822 4147 2867 4200 si
2894 4154 3071 4199 tamen
3106 4144 3381 4215 indigeat,
3413 4152 3473 4198 ut
3507 4159 3596 4200 res

2005 4241 2070 4296 de
2097 4256 2202 4310 qua
2240 4240 2420 4310 agitur
2445 4240 2765 4294 innotescat.
2808 4238 2878 4294 Ut
2912 4248 3092 4293 autem
3129 4253 3250 4307 quae
3275 4237 3433 4292 dubia
3465 4245 3594 4293 sunt

2005 4339 2153 4387 certa
2183 4330 2334 4395 ﬁant,
2370 4329 2707 4385 documentis
2748 4328 3004 4383 adhibitis
3027 4328 3456 4383 ratiocinandum
3487 4336 3590 4383 est.

2008 4422 2109 4491 Qui
2144 4437 2272 4477 vero
2293 4420 2517 4475 audiunt
2546 4418 2794 4475 movendi
2835 4429 2963 4473 sunt
3000 4419 3178 4488 potius
3202 4432 3366 4488 quam
3390 4418 3592 4472 docen-

2003 4516 2079 4580 di,
2102 4522 2163 4569 ut
2189 4516 2240 4569 in
2264 4528 2328 4569 eo
2362 4512 2502 4583 quod
2524 4512 2636 4583 jam
2664 4512 2862 4576 sciunt,
2887 4512 3094 4583 agendo
3117 4527 3222 4565 non
3250 4518 3514 4582 torpeant,
3537 4519 3595 4565 et

2006 4608 2167 4661 rebus
2193 4620 2327 4674 quas
2355 4618 2511 4657 veras
2537 4617 2657 4657 esse
2685 4602 2941 4667 fatentur,
2966 4615 3246 4655 assensum
3286 4615 3596 4656 aceommo~

2004 4696 2154 4760 dent,
2184 4693 2479 4763 majoribus
2517 4692 2731 4749 dicendi
2774 4692 2980 4747 viribus
3016 4707 3154 4762 opus
3178 4700 3291 4759 est;
3323 4692 3415 4747 ubi
3438 4694 3596 4748 obse-

2005 4787 2275 4842 crationes
2303 4793 2357 4840 et
2386 4785 2800 4855 increpationes,
2831 4785 3221 4840 concitationes
3243 4794 3300 4841 et
3325 4785 3594 4841 exercita-

2007 4880 2202 4943 tiones,
2245 4885 2302 4933 et
2342 4892 2673 4947 quazcunqne
2716 4877 2817 4931 alia
2865 4876 3046 4933 valent
3082 4877 3149 4933 ad
3175 4876 3595 4933 commovendos

2007 4972 2233 5032 animos,
2263 4977 2390 5024 sunt
2413 4970 2740 5024 necessaria.
2771 4969 2837 5024 Et
2866 4969 2981 5024 haec
3003 4970 3218 5040 quidem
3252 4979 3444 5024 cuncta
3472 4984 3594 5040 qua)

2004 5061 2138 5125 dixi,
2160 5075 2348 5116 omnes
2369 5059 2482 5114 fere
2507 5060 2755 5116 homines
2777 5060 2833 5115 in
2862 5060 2948 5115 his
2969 5075 3090 5131 qum
3110 5060 3385 5130 loquendo
3401 5068 3590 5130 agunt,

2007 5150 2185 5207 facere
2210 5166 2315 5206 non
2331 5140 2634 5221 quiescunt.
2660 5150 2765 5206 Sed
2781 5166 2904 5208 cum
2925 5151 3015 5206 alii
3039 5150 3241 5207 faciant
3264 5150 3474 5219 obtuse,
3500 5150 3593 5205 de-

2009 5247 2275 5309 formiter,
2303 5243 2525 5315 frigide;
2558 5244 2647 5300 alii
2680 5254 2859 5310 acute,
2886 5251 3097 5308 ornate,
3124 5243 3501 5306 vehementer;
3530 5241 3591 5298 ilo

2007 5338 2115 5393 lum
2143 5338 2210 5392 ad
2240 5338 2342 5392 hoc
2364 5351 2499 5406 opus
2524 5336 2665 5391 unde
2688 5337 2899 5406 agimus
2923 5342 3136 5405 oportet
3161 5334 3420 5389 accedere
3440 5331 3591 5402 jam,

2005 5430 2097 5500 qui
2136 5436 2313 5499 potest
2354 5428 2631 5497 disputare
2671 5427 2756 5482 vel
2804 5426 2985 5480 dicere
3022 5423 3321 5494 sapienter,
3349 5422 3512 5478 etiam
3541 5423 3591 5481 si

2005 5536 2110 5575 non
2157 5527 2335 5589 potest
2378 5518 2713 5589 eloquenter,
2756 5523 2815 5570 ut
2855 5514 3023 5585 prosit
3050 5513 3397 5571 audientibus
3422 5514 3592 5572 etiam

2003 5612 2275 5680 sapienter
2292 5650 2307 5676 ,
2334 5610 2378 5664 si
2406 5610 2583 5664 minus
2609 5623 2771 5678 quam
2815 5606 3093 5677 prodesset
3129 5604 3447 5676 eloquenter
3465 5621 3593 5678 pos.

2000 5711 2084 5759 set
2109 5703 2304 5759 dicere.
2338 5702 2441 5769 Qui
2469 5715 2595 5757 vero
2619 5699 2788 5755 aﬂluit
2811 5698 3083 5768 insipienti
3106 5697 3438 5771 eloquentia,
3468 5708 3592 5762 tan-
