3958 6204
384 291 492 349 407
1063 272 1124 345 ‘n.
1168 289 1420 346 mum
1463 289 1681 347 naua:
1718 285 2039 343 ARClﬂEP.
2080 282 2392 342 uocum.
2427 280 2719 340 opnnun
2752 278 2933 338 rans
2969 281 3010 337 ι.
3551 283 3661 340 tos

383 419 438 461 to
470 404 641 476 magis
681 402 955 458 cavendus
995 410 1099 467 cst,
1146 409 1350 472 quanto
1387 401 1561 474 magis
1585 401 1665 464 ab
1711 413 1777 455 eo
1808 400 1863 454 in
1890 398 1975 453 bis
2000 399 2052 459 Α
2079 394 2236 450 nibus
2275 392 2616 449 sermonibus
2640 389 2753 446 suis
2780 389 3033 460 primitus
3060 402 3126 443 ac
3153 388 3385 445 maxime
3409 400 3469 445 ut
3505 392 3669 448 intel-

390 512 509 565 qua‘.
530 495 716 553 audire
765 493 952 548 inutile
998 501 1101 557 est,
1150 492 1449 548 delectatur
1489 493 1721 558 auditor,
1773 500 1829 547 et
1854 507 1975 547 eum
2082 486 2318 558 ligantur
2346 484 2646 548 elaborent;
2696 496 2760 537 ea
2812 489 3075 551 quantum
3122 488 3351 550 ροεευιιι
3375 483 3671 552 perspicui-

388 602 550 661 quem
581 586 781 642 diserte
813 582 995 639 dicere
1025 583 1209 650 audit,
1238 583 1398 640 etiam
1432 597 1557 638 vere
1583 584 1765 639 dicere
1789 584 1977 639 existi-
2081 585 2192 632 tate
2220 576 2451 641 dicendi,
2485 583 2547 630 ut
2577 582 2672 631 aut
2704 573 2933 628 multum
2960 572 3147 627 tardus
3172 573 3245 627 sit
3265 574 3360 643 qui
3385 589 3491 629 non
3517 575 3677 632 intel-

388 689 521 735 mat.
573 678 700 733 Haec
729 684 911 732 autem
955 675 1179 732 scientia
1210 666 1309 730 nec
1334 676 1454 731 illos
1494 675 1654 746 fugit,
1683 677 1775 747 qui
1808 685 1977 731 artem

2101 667 2198 738 igit
2221 708 2235 732 ,
2269 673 2364 720 aut
2410 665 2464 719 in
2495 679 2677 719 rerum
2706 676 2843 733 quas
2881 661 3157 732 explicare
3190 669 3352 731 atque
3385 665 3677 721 ostendere

389 771 718 827 rhetoricam
766 767 1063 824 docendam
1092 775 1437 837 putaverunt.
1473 766 1627 822 Fassi
1673 776 1801 822 sunt
1835 766 1978 821 enim

2101 758 2331 813 rolumus
2356 756 2674 813 diliicultate
2702 770 2770 809 ac
2794 753 3093 809 subtilitate
3113 793 3130 819 ,
3161 769 3266 808 non
3303 755 3356 809 in
3380 766 3568 811 nostra
3597 755 3678 812 lo-

390 860 710 932 sapientiam
755 859 873 917 sine
901 858 1205 928 eloquentia
1236 873 1426 928 parum
1466 858 1725 928 prodesse
1749 856 1983 912 civitati-
2081 849 2298 904 culione
2335 848 2409 903 sit
2431 862 2595 903 causa
2620 863 2729 917 quo
2753 846 2931 899 minus
2964 844 3242 900 ωΐάίυδνθ
3282 859 3404 913 (illa?
3440 846 3680 903 diCimﬂS

389 953 519 1020 bus;
550 948 914 1022 eloquentiam
944 965 1073 1004 vero
1101 950 1219 1005 sine
1246 951 1508 1020 sapientia
1539 950 1765 1006 nimium
1788 951 1985 1005 obesse
2080 937 2546 1009 possintimellisi.
2576 936 2708 991 sum
2738 935 2881 989 enim
2909 934 3175 1003 (ιυειξάθω,
3200 948 3321 1004 quae
3345 944 3437 989 aut
3458 950 3568 989 non
3594 934 3677 990 in-

390 1046 730 1117 plerumque,
764 1041 1020 1112 prodesse
1053 1055 1347 1110 nunquam.
1382 1038 1668 1112 Sapienter
1698 1047 1878 1094 autem
1907 1039 1984 1095 di-
2084 1030 2412 1101 telliguntur,
2444 1028 2640 1083 autvix
2669 1025 3063 1096 intelliguntur,
3096 1026 3346 1094 quamvis
3361 1025 3679 1094 planissime

391 1137 467 1191 cit
490 1136 652 1190 homo
678 1141 830 1187 tanto
856 1132 1028 1204 magis
1049 1131 1133 1185 vel
1154 1131 1353 1199 minus,
1377 1141 1582 1201 quanto
1602 1132 1657 1185 in
1689 1129 1983 1199 Scripturis

374 1224 598 1279 'sanctis
625 1222 801 1293 majus
830 1221 1076 1277 minusve
1108 1222 1343 1293 proﬁcit.
1372 1221 1487 1277 Non
1519 1222 1638 1277 dico
1660 1222 1713 1276 in
1740 1221 1985 1277 eismul-

394 1324 508 1368 tum
537 1312 777 1384 legendis
807 1313 1191 1386 memoriaeque
1223 1313 1543 1368 mandandis
1567 1354 1580 1378 ,
1613 1313 1708 1369 sed
1736 1313 1874 1367 bene
1902 1312 1984 1367 in—

395 1405 699 1477 telligendis
722 1446 736 1468 ,
769 1412 824 1460 et
848 1404 1137 1474 diligenter
1159 1421 1345 1461 earum
1374 1405 1622 1461 sensibus
1643 1404 1979 1475 indagandis.

395 1494 533 1551 Sunt
560 1494 702 1549 enim
723 1495 814 1565 qui
841 1510 934 1551 eas
960 1496 1167 1567 legunt,
1193 1506 1250 1551 et
1274 1495 1581 1566 negligant;
1614 1495 1801 1565 legunt
1821 1502 1879 1549 ut
1905 1502 1985 1548 te~

395 1593 578 1651 neant,
609 1586 886 1657 negligunt
932 1603 1000 1642 ne
1047 1588 1365 1659 intelligant.
1411 1588 1617 1655 Quibus
1660 1588 1820 1658 longe
1867 1588 1985 1642 sine

394 1675 559 1731 dubio
588 1675 906 1746 praeferendi
952 1686 1077 1732 sunt
1126 1680 1218 1747 qui
1266 1679 1429 1732 verba
1475 1693 1661 1731 earum
1691 1678 1869 1732 minus
1901 1686 1982 1731 te-

2083 1123 2310 1178 dicentis
2352 1128 2636 1177 versentur
2683 1119 2922 1189 eloquio,
2959 1133 3081 1186 quae
3122 1118 3176 1173 in
3225 1118 3405 1188 populi
3452 1120 3681 1174 audieno

2083 1216 2235 1280 tiam,
2266 1214 2351 1269 vel
2381 1228 2524 1278 raro,
2566 1212 2611 1267 si
2645 1211 2847 1283 aliquid
2877 1218 3051 1280 urget,
3083 1210 3169 1264 vel
3191 1226 3466 1281 nunquam
3493 1216 3680 1269 omni-

2083 1321 2155 1360 no
2184 1304 2447 1360 mittenda
2478 1310 2626 1358 sunt.

2652 1390 2879 1447 CAPUT
2903 1390 3074 1446 XXX.

2259 1482 2413 1548 Quod
2433 1480 2580 1551 facili
2605 1480 2864 1534 locutione
2898 1483 2974 1533 uti
3007 1480 3060 1535 in
3093 1480 3276 1552 vulgus
3304 1480 3504 1535 debeat.

2155 1578 2413 1647 Quamvis
2451 1579 2507 1633 in
2551 1579 2709 1635 bonis
2747 1579 3058 1635 doctoribus
3102 1589 3249 1635 tanta
3274 1579 3500 1636 docendi
3548 1592 3684 1632 cura

2085 1668 2155 1723 sit
2176 1667 2261 1723 vel
2283 1682 2406 1723 esse
2426 1668 2639 1733 debeat,
2684 1676 2742 1722 ut
2770 1669 2995 1723 verbum
3025 1670 3166 1744 quod
3198 1671 3358 1725 nimis
3385 1672 3683 1725 obscurum

395 1775 546 1831 nent,
563 1773 619 1820 et
639 1780 735 1821 cor
752 1781 939 1821 earum
957 1768 1037 1821 sui
1063 1766 1241 1821 cordis
1267 1768 1438 1822 oculis
1454 1767 1655 1823 vident.
1686 1767 1793 1822 Sed
1822 1760 1982 1822 utniS-
2010 1759 2059 1819 B
2087 1759 2157 1813 Sil
2178 1759 2261 1813 vel
2287 1759 2621 1830 ambiguum,
2645 1759 2897 1814 Lalinum
2919 1776 3040 1817 esse
3070 1777 3177 1816 non
3203 1763 3392 1832 possit.
3418 1762 3562 1833 vulgi
3590 1776 3686 1815 3n-

395 1869 501 1925 que
535 1855 626 1911 ille
656 1856 877 1922 melior,
911 1858 1003 1926 qui
1036 1865 1240 1912 etcum
1276 1858 1417 1913 volet
1441 1873 1535 1912 eas
1562 1858 1723 1923 dicit,
1763 1867 1817 1913 et
1841 1859 1985 1913 sicut

395 1955 610 2017 oportet
650 1949 915 2020 intelligit.
966 1947 1103 2005 lluic
1132 1965 1261 2020 ergo
1298 1950 1388 2019 qui
1420 1950 1694 2019 sapienter
1713 1950 1873 2006 debet
1900 1950 1982 2006 di-

396 2054 520 2095 cere
539 2082 552 2105 ,
583 2041 747 2095 etiam
776 2041 920 2110 quod
943 2056 1050 2095 non
1083 2050 1261 2110 potest
1290 2042 1625 2110 eloquenter,
1653 2043 1818 2096 verba
1841 2040 1986 2096 Scri-

394 2142 678 2201 pturarum
722 2143 907 2189 tenere
956 2134 1191 2188 niaxime
1229 2134 1593 2188 necessarium
1631 2142 1732 2189 est.
1772 2132 1987 2200 Quanto

395 2226 541 2280 enim
570 2241 631 2281 se
661 2226 1036 2297 pauperiorem
1086 2226 1261 2281 cernit
1310 2226 1362 2280 in
1403 2226 1537 2290 suis,
1583 2234 1730 2280 tanto
1774 2225 1827 2279 in
1870 2226 1986 2280 istis

395 2326 609 2387 oportet
635 2331 759 2372 eum
788 2333 906 2373 esse
932 2317 1182 2373 ditiorem
1211 2359 1225 2384 ,
1256 2324 1315 2371 ut
1343 2319 1485 2387 quod
1510 2317 1707 2372 dixerit
1734 2316 1846 2371 suis
1868 2331 1988 2371 ver—

397 2407 497 2472 bis,
530 2408 722 2476 probet
760 2416 816 2460 et
854 2405 977 2461 illis.
1023 2407 1192 2461 Porro
1229 2408 1321 2476 qui
1350 2422 1457 2462 non
1487 2406 1662 2461 solum
1698 2406 1982 2476 sapienter,

398 2512 583 2553 verum
610 2498 774 2551 etiam
800 2496 1116 2567 eloquenter
1143 2498 1262 2552 vult
1289 2498 1489 2561 dicere,
1523 2498 1777 2568 quoniam
1810 2498 1992 2568 profe-

370 2596 485 2661 ‘cto
512 2589 630 2658 plus
656 2589 931 2658 proderit,
968 2589 1013 2643 si
1047 2579 1333 2659 utrumque
1359 2589 1615 2659 potuerit,
1644 2589 1713 2644 ad
1734 2588 1990 2658 legendos

397 2678 481 2733 vel
510 2677 806 2733 audiendos
831 2685 888 2732 et
922 2677 1310 2733 exercitatione
1340 2678 1630 2732 imitandos
1654 2677 1987 2748 eloquentes,

398 2784 520 2825 eum
543 2768 719 2823 multo
736 2769 908 2839 magis
933 2784 1095 2839 quam
1131 2769 1401 2839 magistris
1426 2769 1561 2824 artis
1584 2769 1871 2823 rhetoricae
1896 2785 1991 2823 va-

398 2878 526 2918 care
562 2862 850 2932 prtecipio,
891 2862 936 2917 si
970 2871 1145 2917 tamen
1169 2863 1224 2917 hi
1256 2863 1348 2933 qui
1394 2862 1577 2933 legunt
1599 2873 1653 2917 et
1677 2864 1993 2929 audiuntur,

399 2967 505 3007 non
536 2951 710 3007 solum
740 2952 1073 3020 eloquenter,
1123 2952 1218 3007 sed
1256 2952 1419 3007 etiam
1459 2940 1988 3023 sapienter‘dixisse,

400 3040 485 3094 vel
511 3041 691 3095 dicere
723 3041 901 3095 veraci
937 3042 1320 3111 praedicatione
1360 3042 1663 3098 laudantur.
1707 3043 1807 3110 Qui
1844 3044 1989 3098 enim

2090 1860 2196 1907 tem
2229 1867 2379 1907 more
2411 1852 2491 1907 sic
2527 1852 2774 1917 dicatur,
2810 1862 2868 1907 ut
2912 1854 3233 1926 ambiguitas
3266 1855 3687 1922 obscuriusque

2088 1943 2290 1998 vitetur
2311 1984 2326 2009 ,
2359 1959 2464 1999 non
2505 1944 2585 1999 sic
2626 1943 2840 1999 dicatur
2866 1956 2925 1999 ut
2966 1962 2997 1999 a
3036 1946 3209 2002 doctis
3234 1988 3251 2012 ,
3280 1946 3373 2001 sed
3415 1947 3601 2016 potius
3627 1954 3688 2000 ut

2089 2036 2157 2090 ab
2184 2035 2415 2091 indoctis
2443 2035 2551 2091 dici
2586 2036 2741 2091 solet.
2785 2036 2925 2105 Quid
2966 2037 3112 2092 enim
3146 2036 3367 2108 prodest
3395 2037 3686 2093 locutionis

2090 2124 2371 2194 integritas
2410 2140 2573 2195 quam
2616 2142 2722 2181 non
2756 2128 3005 2196 sequitur
3042 2127 3345 2183 intellectus
3376 2129 3683 2194 audientis,

2090 2231 2212 2270 cum
2246 2230 2349 2270 non
2380 2215 2686 2287 intelligunt
2727 2226 2948 2288 propter
2990 2234 3127 2288 quos
3171 2228 3231 2273 ut
3268 2219 3572 2290 intelligant
3608 2218 3689 2273 lo-

2091 2306 2348 2376 quimur?
2376 2306 2479 2373 Qui
2528 2321 2658 2376 ergo
2686 2309 2863 2373 docet,
2915 2308 3108 2363 vitabit
3145 2310 3313 2364 verba
3357 2310 3540 2367 omnia
3567 2323 3690 2379 quae

2092 2412 2199 2451 non
2228 2399 2426 2452 docent
2451 2414 2465 2463 ;
2499 2405 2556 2452 et
2587 2398 2633 2452 si
2658 2414 2761 2468 pro
2787 2399 2868 2454 eis
2897 2398 3076 2469 aliqua
3103 2441 3116 2464 ,
3147 2415 3266 2471 qua:
3294 2400 3685 2471 intelligantur,

2092 2490 2302 2558 integra
2328 2498 2508 2560 potest
2530 2489 2712 2545 dicere
2736 2531 2753 2556 ,
2782 2490 2836 2545 id
2862 2491 3036 2562 magis
3064 2491 3259 2560 eliget;
3289 2493 3334 2546 si
3366 2501 3548 2546 autem
3579 2508 3689 2545 non

2092 2588 2290 2649 potest,
2343 2580 2457 2634 sive
2485 2580 2613 2650 quia
2654 2598 2759 2635 non
2797 2591 2951 2647 sunt,
2996 2583 3112 2637 sive
3134 2584 3262 2651 quia
3308 2582 3362 2636 in
3400 2581 3691 2652 przesentia

2093 2684 2202 2724 non
2248 2679 2580 2737 occurrunt,
2614 2680 2798 2727 utetur
2818 2672 2984 2727 etiam
3010 2674 3191 2729 verbis
3230 2675 3409 2728 minus
3438 2673 3691 2744 integris,

2094 2760 2220 2815 dum
2242 2768 2419 2815 tamen
2450 2777 2538 2817 res
2567 2761 2681 2831 ipsa
2713 2763 2971 2818 doceatur
3005 2770 3174 2833 atque
3194 2764 3434 2819 discatur
3458 2765 3693 2835 integre.

2094 2851 2161 2906 Et
2202 2852 2307 2907 hoc
2338 2853 2555 2921 quidem
2601 2868 2708 2908 non
2732 2854 2905 2909 solum
2950 2856 3005 2909 in
3056 2857 3543 2923 collocutionibus,
3577 2857 3695 2912 sive

2096 2940 2229 2997 ﬁant
2273 2959 2396 2998 cum
2453 2943 2633 3014 aliquo
2682 2961 2812 3010 uno,
2861 2946 2977 3001 sive
3026 2962 3148 3001 cum
3191 2947 3453 3016 pluribus,
3500 2962 3693 3002 verum

2096 3033 2259 3087 etiam
2289 3033 2458 3089 multo
2484 3034 2655 3106 magis
2692 3035 2745 3088 in
2775 3036 2985 3105 populis
3022 3038 3241 3105 quando
3279 3052 3460 3092 sermo
3484 3038 3698 3109 promi-

400 3131 720 3201 eloquenter
760 3132 946 3186 dicunt
968 3173 983 3197 ,
1017 3132 1283 3199 suaviter;
1309 3135 1401 3203 qui
1427 3135 1730 3205 sapienter,
1757 3135 1987 3190 salubri-
2019 3117 2063 3178 C
2100 3132 2206 3192 tur,
2235 3134 2295 3180 ut
2325 3127 2694 3198 intelligamur
2723 3128 3035 3184 instandum
3064 3139 3165 3185 est.
3198 3130 3337 3199 Quia
3368 3133 3420 3186 in
3451 3133 3696 3188 collocu-

403 3230 487 3276 ter
507 3220 816 3277 audiuntur.
851 3221 991 3276 Sunt
1009 3237 1138 3294 ergo
1158 3222 1509 3279 ecclesiastici
1536 3225 1655 3289 viri,
1689 3226 1779 3296 qui
1809 3226 1989 3281 divina

403 3312 615 3383 eloquia
642 3329 748 3369 non
770 3314 945 3370 solum
970 3302 1272 3386 sapienter,
1315 3318 1410 3373 sed
1446 3326 1500 3373 et
1538 3318 1854 3388 eloquenter
1883 3328 1993 3374 tra-

407 3413 718 3470 ctaverunt;
743 3405 939 3479 quibus
960 3405 1199 3478 legendis
1218 3408 1391 3479 magis
1410 3424 1516 3462 non
1540 3407 1735 3463 sullicit
1759 3414 1987 3477 tempus,

402 3509 569 3566 quam
600 3497 791 3554 deesse
822 3498 921 3569 ipsi
942 3499 1284 3555 studentibus
1323 3510 1378 3555 et
1404 3500 1716 3555 vacantibus
1744 3511 1989 3569 possunt.

969 3609 1196 3667 CAPUT
1236 3609 1424 3665 XXIX.

411 3701 565 3772 Quod
591 3712 828 3758 auctores
861 3705 1230 3758 canonicorum
1266 3702 1534 3765 librorum,
1575 3711 1622 3755 et
1648 3703 1923 3772 sapientes
1945 3712 1993 3755 et

592 3790 597 3795 '
899 3773 1194 3845 eloquentes
1244 3774 1478 3843 fuerunt.

477 3864 579 3921 Hic
607 3865 802 3936 aliquis
837 3865 1065 3920 forsitan
1096 3864 1292 3935 quaerit
1319 3872 1500 3919 utrum
1524 3871 1773 3919 auctores
1798 3865 1993 3930 nostri,

406 3969 636 4026 quorum
652 3956 853 4025 scripta
868 3954 1124 4010 divinitus
1138 3954 1396 4024 inspirata
1409 3969 1670 4009 canonem
1689 3954 1842 4009 nobis
1855 3954 1996 4009 salu—

406 4044 644 4102 berrima
665 4047 986 4103 auctoritate
1012 4045 1276 4110 fecerunt,
1314 4045 1585 4115 sapientes
1600 4045 1993 4112 tantummodo,

407 4149 475 4191 an
502 4135 816 4206 eloquentes
840 4135 1184 4206 nuncupandi
1210 4136 1338 4190 sint.
1368 4134 1497 4202 Quae
1524 4134 1745 4205 quidem
1769 4133 1996 4204 quaestio

408 4227 550 4297 apud
577 4228 863 4299 meipsum,
908 4238 964 4282 et
1000 4227 1142 4298 apud
1169 4240 1264 4282 eos
1302 4225 1646 4296 quimecum
1689 4224 1835 4296 quod
1875 4225 1997 4279 dico

409 4318 671 4384 sentiunt,
720 4317 973 4373 facillime
1008 4317 1255 4373 solvitur.
1297 4315 1434 4371 Nam
1481 4316 1573 4372 ubi
1612 4332 1707 4372 eos
1733 4317 1991 4388 intelligo,

410 4424 516 4463 non
563 4407 736 4461 solum
774 4407 907 4461 nihil
926 4407 1006 4462 eis
1048 4406 1376 4475 sapientius,
1410 4420 1613 4460 verum
1651 4406 1815 4461 etiam
1864 4407 1997 4461 nihil

408 4496 749 4565 eloquentius
773 4494 906 4549 mihi
937 4469 1127 4550 videri-
1140 4502 1318 4562 potest
1338 4469 1370 4560 ;V
1397 4503 1451 4549 et
1477 4495 1647 4549 audeo
1676 4494 1857 4549 dicere
1880 4510 1998 4549 om-
2032 4469 2080 4529 θ

411 4602 509 4642 nes
537 4586 630 4655 qui
661 4595 808 4642 recte
840 4585 1147 4656 intelligunt
1182 4586 1327 4656 quod
1357 4586 1434 4641 illi
1472 4586 1767 4655 loquuntur
1790 4626 1805 4651 ,
1839 4586 1999 4642 simul

410 4677 709 4747 intelligere
743 4692 847 4731 non
897 4690 992 4732 eos
1035 4676 1368 4746 aliterloqui
1404 4678 1672 4733 debuisse.
1718 4677 1871 4733 Sicut
1905 4695 1999 4733 au-

412 4782 520 4826 tem
547 4780 631 4825 est
652 4771 899 4840 quaedam
921 4768 1226 4839 eloquentia
1253 4785 1373 4840 quae
1411 4771 1581 4842 magis
1607 4780 1821 4827 aztatem
1842 4771 1997 4841 juve-

411 4863 575 4920 nilem
598 4864 787 4927 decet,
812 4870 898 4917 est
921 4876 1042 4932 qua:
1065 4861 1322 4929 senilem;
1366 4876 1465 4917 nec
1483 4862 1598 4933 jam
1631 4862 1859 4933 dicenda
1889 4864 2000 4919 elo-

407 4955 655 5029 quentia,
701 4955 747 5011 si
789 4970 1037 5026 personae
1077 4971 1183 5011 non
1221 4966 1482 5027 congruat
1518 4956 1840 5026 eloquentis.
1899 4956 1998 5013 Ubi

410 5063 541 5105 vero
568 5062 677 5102 non
705 5061 800 5101 eos
838 5046 1077 5119 intelligo
1101 5089 1116 5114 ,
1160 5048 1340 5103 minus
1365 5048 1579 5118 quidem
1616 5057 1841 5119 apparet
1870 5048 2001 5103 mihi

409 5154 600 5197 eorum
628 5140 956 5210 eloquentia,
1002 5141 1096 5197 sed
1132 5156 1250 5197 eam
1296 5157 1403 5197 non
1451 5141 1635 5197 dubito
1665 5156 1785 5197 esse
1816 5140 1998 5207 talem,

414 5232 591 5302 qualis
618 5241 702 5287 est
727 5233 817 5287 ubi
848 5233 1106 5305 intelligo.
1138 5233 1229 5289 Sic
1255 5233 1453 5304 quippe
1476 5232 1553 5287 illi
1575 5233 1737 5289 locuti
1766 5242 1911 5297 sunt,
1941 5241 2000 5286 ut

414 5324 742 5392 posteriores
771 5325 860 5395 qui
892 5340 987 5381 eos
1014 5334 1161 5381 recte
1186 5324 1545 5394 intelligerent
1573 5332 1629 5379 et
1645 5332 1999 5394 exponerent,

415 5412 643 5468 alteram
695 5415 952 5481 gratiam,
1008 5416 1278 5482 disparem
1328 5415 1578 5484 quidem,
1629 5423 2002 5469 verumtamen

415 5499 833 5570 subsequentem
875 5504 930 5558 in
966 5503 1060 5558 Dei
1099 5502 1335 5558 Ecclesia
1374 5503 1693 5573 reperirent.
1730 5502 1845 5558 Non
1876 5519 2005 5574 ergo

416 5591 753 5660 expositores
771 5607 959 5650 eorum
985 5594 1059 5649 ita
1081 5594 1227 5666 loqui
1249 5594 1483 5661 debent,
1517 5605 1775 5665 tanquam
1802 5596 2005 5666 seipsos

416 5686 766 5754 exponendos
791 5687 950 5743 simili
984 5690 1308 5745 auctoritate
1332 5700 1662 5760 proponant;
1697 5689 1789 5745 sed
1811 5690 1865 5745 in
1892 5706 2001 5746 om-

2098 3218 2337 3273 tionibus
2366 3229 2450 3274 est
2488 3219 2686 3289 cuique
2714 3216 3083 3291 interrogandi
3134 3233 3413 3291 potestas;
3459 3226 3554 3280 ubi
3594 3240 3697 3279 au-

2100 3317 2206 3363 tem
2254 3323 2443 3364 omnes
2475 3318 2655 3364 tacent
2698 3318 2759 3366 ut
2804 3312 3055 3366 audiatur
3084 3329 3255 3379 unus,
3294 3324 3348 3370 et
3373 3316 3427 3369 in
3452 3332 3576 3372 eum
3607 3317 3698 3373 in--

2100 3408 2244 3455 tenta
2276 3417 2372 3456 ora
2414 3411 2767 3469 convertunt,
2817 3403 2889 3459 ibi
2938 3414 2998 3460 ut
3043 3408 3283 3476 requirat
3320 3410 3697 3482 unusquisque

2099 3506 2220 3560 quae
2258 3507 2364 3547 non
2392 3493 2747 3561 intellexerit,
2788 3511 2890 3551 nec
2919 3497 3085 3553 moris
3107 3508 3189 3554 est
3218 3515 3318 3555 nec
3346 3502 3592 3568 decoris;
3624 3519 3694 3559 ac

2101 3597 2200 3651 per
2245 3583 2348 3639 hoc
2393 3585 2552 3639 debet
2589 3588 2823 3643 maxime
2864 3590 3059 3643 tacenti
3097 3591 3382 3647 subvenire
3427 3607 3556 3646 cura
3612 3593 3696 3648 di-

2101 3675 2294 3730 centis.
2326 3674 2475 3730 Solet
2496 3684 2674 3733 autem
2705 3687 2854 3734 motu
2879 3694 2978 3735 suo
2999 3682 3305 3752 signiﬁcare
3329 3691 3513 3738 utrum
3540 3684 3697 3739 intel-

2102 3765 2297 3821 lexerit
2335 3770 2692 3838 cognoscendi
2727 3771 2882 3825 avida
2912 3772 3196 3828 multitudo
3227 3788 3241 3827 :
3273 3778 3394 3844 quae
3417 3777 3590 3831 donec
3622 3778 3699 3831 si-

2101 3858 2355 3929 gniticet”
2383 3861 2705 3915 versandum
2747 3871 2833 3917 est
2859 3864 3002 3933 quod
3033 3865 3214 3936 agitur
3240 3866 3557 3922 multimoda
3601 3883 3697 3921 va-

2104 3947 2296 4002 rietate
2333 3949 2575 4018 dicendi;
2612 3967 2733 4021 quze
2763 3953 2816 4006 in
2846 3961 3145 4024 postestate
3182 3971 3289 4010 non
3324 3957 3563 4022 habent,
3600 3959 3692 4027 qui

2102 4050 2405 4131 przeparata
2432 4050 2489 4097 et
2511 4042 2578 4098 ad
2603 4044 2827 4099 verbum
2865 4047 3178 4101 memoriter
3216 4055 3423 4102 retenta
3451 4063 3692 4131 pronun-

2103 4129 2258 4185 tiant.
2284 4131 2406 4187 Mox
2426 4142 2605 4187 autem
2644 4141 2703 4187 ut
2730 4134 3056 4193 intellectum
3085 4153 3205 4192 esse
3230 4129 3534 4194 constiterit
3553 4180 3569 4204 ,
3602 4148 3697 4194 aut

2104 4236 2281 4279 sermo
2305 4224 2596 4280 sumendus
2615 4233 2699 4281 est
2722 4265 2736 4290 ,
2763 4227 2931 4281 autin
2962 4227 3064 4282 alia
3097 4230 3503 4285 transeundum.
3541 4229 3697 4285 Sicut

2103 4314 2249 4368 enim
2275 4324 2460 4386 gratus
2485 4323 2569 4372 est
2596 4315 2687 4386 qui
2719 4321 3059 4389 agnoscenda
3090 4320 3328 4375 enubilat
3351 4362 3366 4387 ,
3392 4322 3472 4377 sic
3494 4314 3693 4377 unero‘

2105 4422 2215 4473 sus,
2244 4409 2335 4478 qui
2365 4410 2577 4480 cognita
2603 4410 2854 4466 inculcat.

2668 4524 2896 4581 CAPUT
2934 4524 3121 4580 XXXI.

2106 4613 2184 4667 De
2205 4615 2400 4685 optimo
2426 4616 2579 4669 modo
2607 4616 2815 4670 dicendi
2841 4657 2855 4682 ,
2879 4627 2927 4670 et
2952 4617 3079 4688 quid
3113 4629 3347 4688 oporteat
3373 4618 3687 4688 prwdicqto-

2512 4702 2619 4740 rem
2649 4688 2702 4740 in
2732 4687 3269 4742 dicendo'observare.

2178 4776 2272 4830 Est
2294 4784 2475 4830 autem
2507 4777 2742 4845 optimus
2782 4778 2972 4833 modus
2999 4778 3250 4845 dicendi,
3291 4781 3381 4850 qui
3416 4782 3481 4837 tit
3513 4791 3573 4837 ut
3602 4781 3695 4853 qui

2109 4871 2277 4937 audit,
2310 4886 2494 4925 verum
2525 4871 2734 4938 audiat;
2774 4880 2966 4942 etquae
2993 4873 3164 4939 audit,
3194 4874 3489 4946 intelligat;
3526 4877 3694 4931 bono-

2106 4978 2334 5033 rumque
2384 4962 2717 5033 ingeniorum
2762 4964 2985 5035 insignis
3014 4973 3097 5021 est
3144 4965 3369 5031 indoles,
3416 4967 3474 5021 in
3515 4967 3695 5022 verbis

2107 5070 2291 5110 verum
2340 5069 2544 5121 amare,
2601 5070 2707 5109 non
2731 5057 2913 5111 verba.
2963 5054 3099 5122 Quid
3148 5056 3291 5110 enim
3340 5057 3559 5125 prodest
3587 5056 3695 5112 cla-

2105 5148 2189 5203 vis
2216 5163 2379 5202 aurea
2401 5188 2415 5212 ,
2450 5148 2493 5201 si
2524 5149 2736 5217 aperire
2763 5164 2884 5218 quze
2912 5150 3158 5205 volumus
3198 5164 3303 5204 non
3329 5150 3548 5219 potest?
3588 5150 3697 5206 Aut

2107 5238 2233 5308 quid
2260 5240 2414 5294 obest
2440 5238 2613 5310 lignea
2638 5279 2651 5301 ,
2694 5239 2737 5294 si
2774 5239 2875 5294 hoc
2901 5248 3073 5309 potest
3100 5281 3113 5305 ,
3147 5241 3365 5309 quando
3384 5239 3691 5308 nihil‘quaa-

2105 5331 2294 5396 rimus,
2336 5331 2437 5386 nisi
2476 5340 2535 5386 ut
2568 5340 2749 5401 pateat
2791 5334 2934 5402 quod
2977 5333 3217 5388 clausum
3245 5334 3366 5388 est?
3394 5332 3541 5388 Dixit
3566 5345 3692 5401 ergo

2105 5422 2325 5492 quidam
2375 5422 2652 5493 eloquens,
2703 5432 2757 5478 et
2802 5437 2989 5477 verum
3030 5423 3184 5489 dixit,
3232 5424 3306 5478 ita
3343 5408 3540 5478 debere
3579 5422 3690 5478 elo-

2105 5522 2359 5585 quentem
2408 5514 2584 5584 loqui,
2629 5522 2687 5568 ut
2723 5515 2931 5580 doceat,
2976 5523 3037 5569 ut
3079 5514 3348 5579 delectet,
3399 5521 3460 5568 ut
3492 5512 3693 5569 ﬂectat.

2108 5601 2309 5657 Deinde
2364 5603 2604 5658 addidit:
2642 5603 2844 5658 Docere
2889 5604 3227 5660 necessitatis
3271 5613 3375 5669 est,
3426 5602 3695 5659 delectare

2107 5694 2389 5749 suavitatis
2416 5735 2431 5763 ,
2475 5703 2529 5749 et
2572 5692 2788 5748 ﬂectere
2830 5694 3091 5750 victoriaz.
3124 5694 3326 5749 llorum
3357 5693 3520 5749 trium
3550 5687 3690 5764 quod
