3958 6204
252 359 358 416 ιοο

1011 355 1101 411 DE
1139 353 1586 413 CLERICORUM
1622 352 2129 421 INSTITU'I‘IONE,
2175 356 2326 413 ETC.
2370 389 2439 397 —
2478 357 2607 414 LIB.
2648 357 2733 415 III.

3421 365 3524 421 HO

249 478 417 546 primo
454 475 575 535 loco
602 471 839 542 positum
869 481 953 526 est
976 510 989 533 ,
1024 470 1126 525 hoc
1154 477 1238 524 est
1258 470 1483 525 docendi
1516 471 1834 534 necessitas,
1865 470 1915 530 Α
1942 472 2223 527 minimum
2252 484 2354 540 est,
2392 477 2677 534 minimum
2705 487 2819 545 est;
2853 480 2948 535 sed
2975 495 3029 535 tn
3061 480 3286 536 ntinimo
3313 482 3524 539 ﬂdelem

252 568 301 620 in
323 565 485 619 rebus
505 570 592 618 εει
620 562 912 618 constituta
934 576 1071 632 quas
1098 562 1356 625 dicimus;
1396 561 1600 630 reliqua
1623 562 1748 626 duo,
1780 562 1833 616 in

250 654 403 710 modo
426 670 540 725 quo
567 654 816 709 dicimus.
849 652 1081 707 Prorsus
1113 654 1227 707 haec
1261 654 1332 709 sit
1369 654 1421 707 in
1449 654 1689 709 docendo
1723 654 1835 708 elo-

1936 577 2077 627 esse,
2108 580 2361 635 magnum
2394 577 2494 623 est.

2480 658 2708 715 CAPUT
2736 661 2969 716 XXXIII.

249 744 486 814 quentia,
536 758 644 798 non
683 752 744 797 ut
788 743 952 798 libeat
989 743 1132 812 quod
1169 743 1446 807 horrebat,
1495 751 1590 796 aut
1635 752 1694 797 ut
1742 743 1841 799 ﬂat
1937 740 2162 806 Quando
2192 746 2451 826 submisso
2480 761 2765 826 genere,_et
2788 754 2999 826 quando
3029 762 3336 826 temperato,
3362 770 3526 826 quan-

249 834 382 906 quod
408 834 629 905 pigeat,
661 834 758 888 sed
789 841 847 888 ut
875 841 1133 904 appareat
1162 835 1305 904 quod
1353 834 1571 888 latebat.
1603 834 1759 901 Quod
1788 835 1832 889 si

248 928 404 981 etiam
431 927 704 982 delectare
731 926 849 981 vult
874 941 998 981 eum
1028 927 1112 981 cui
1140 926 1290 992 dicit,
1319 936 1411 981 aut
1443 926 1660 981 ﬂectere
1679 967 1694 991 ,
1725 943 1831 981 non

246 1036 564 1093 quocunque
604 1021 766 1076 modo
813 1020 917 1075 hoc
964 1021 1178 1086 dixerit,
1222 1020 1418 1086 faciet;
1473 1022 1566 1076 sed
1608 1020 1833 1075 interest

246 1118 511 1189 quomodo
542 1118 717 1183 dicat,
748 1125 813 1172 nt
852 1116 1034 1171 faciat.
1066 1115 1219 1172 Sicut
1247 1125 1330 1171 est
1357 1124 1538 1171 autem
1563 1126 1622 1171 ut
1651 1126 1832 1172 tenea—

245 1220 325 1265 tur
357 1210 426 1264 ad
456 1208 783 1265 audiendum
829 1208 1177 1264 delectandas
1216 1208 1429 1263 auditor
1456 1249 1468 1272 ,
1510 1208 1582 1262 ita
1611 1207 1831 1263 ﬂecten-

243 1300 358 1365 dus,
399 1308 463 1353 ut
487 1308 768 1354 moveatur
806 1299 874 1354 ad
913 1299 1219 1369 agendum;
1262 1308 1317 1353 et
1353 1300 1495 1355 sicut
1530 1299 1829 1355 delectatur

241 1381 282 1445 si
306 1391 546 1446 suaviter
574 1390 813 1460 loquaris
836 1432 850 1455 ,
867 1389 953 1444 ita
981 1388 1216 1445 ﬂectitur
1244 1391 1288 1445 si
1320 1399 1464 1447 amet
1491 1391 1632 1462 quod
1660 1391 1826 1462 'polli-

241 1484 398 1547 ceris,
432 1484 623 1538 timeat
645 1484 788 1553 quod
817 1483 1060 1550 minaris,
1090 1483 1265 1539 oderit
1287 1484 1430 1553 quod
1453 1485 1651 1555 arguis,
1683 1487 1827 1554 quod

242 1575 585 1631 commendas
613 1574 1000 1645 amplectatur,
1032 1576 1174 1644 quod
1214 1574 1503 1630 dolendum
1534 1591 1827 1648 exaggeras

242 1666 430 1730 doleat,
474 1680 599 1722 cum
642 1666 771 1736 quid
814 1665 1105 1722 laetandum
1144 1666 1404 1735 praedicas
1441 1666 1689 1735 gaudeat,
1730 1668 1826 1721 mi-

242 1767 481 1812 sereatur
510 1772 697 1813 eorum
726 1772 858 1826 quos
880 1738 1216 1811 miserandos
1240 1765 1365 1811 ante
1392 1756 1578 1812 oculos
1600 1756 1826 1812 dicendo

2351 818 2520 888 doque
2546 822 2735 890 grandi
2766 818 3016 877 utendum
3039 824 3125 877 sit.

2000 923 2254 982 Attamen
2281 944 2406 984 cum
2436 932 2625 987 doctor
2653 934 2754 989 iste
2780 936 2975 990 debeat
3000 953 3180 994 rerum
3202 938 3378 994 dictor
3403 952 3525 1006 esse

1933 1032 2251 1087 magnarum
2270 1062 2286 1086 ,
2321 1038 2428 1077 non
2468 1041 2682 1097 semper
2701 1044 2794 1083 eas
2824 1030 2983 1084 debet
3011 1031 3287 1102 granditer
3318 1032 3519 1099 dicere,

1931 1111 2028 1164 sed
2058 1113 2347 1181 submisse,
2379 1132 2501 1172 cum
2531 1120 2734 1189 aliquid
2758 1122 3013 1190 docetur;
3040 1134 3335 1195 temperate
3353 1165 3368 1191 ,
3396 1140 3523 1180 cum

1931 1202 2132 1273 aliquid
2165 1208 2499 1278 vituperatur
2532 1212 2648 1266 sive
2690 1213 2958 1269 laudatur.
3007 1216 3142 1271 Cum
3170 1232 3299 1271 vero
3319 1216 3520 1287 aliquid

1931 1298 2196 1367 agendum
2225 1310 2309 1355 est
2330 1344 2345 1366 ,
2376 1312 2431 1357 et
2458 1304 2523 1357 ad
2554 1320 2649 1361 eos
2675 1306 2946 1376 loquimur
2965 1310 3058 1378 qui
3098 1309 3202 1363 hoc
3236 1324 3398 1379 agere
3428 1309 3519 1362 de-

1930 1387 2079 1451 bent,
2108 1404 2206 1445 nec
2229 1400 2407 1446 tamen
2438 1395 2643 1461 volunt,
2667 1406 2795 1450 tunc
2813 1413 2876 1452 ea
2898 1413 3019 1467 quae
3040 1414 3235 1468 magna
3259 1406 3406 1461 sunt,
3439 1398 3519 1451 di.

1930 1480 2101 1533 cenda
2131 1489 2257 1535 sunt
2279 1485 2558 1553 granditer
2579 1526 2593 1551 ,
2633 1495 2689 1541 et
2726 1487 2793 1541 ad
2832 1487 3123 1544 ﬂectendos
3152 1491 3361 1543 animos
3390 1503 3517 1543 con-

1928 1578 2201 1638 gruenter.
2238 1572 2303 1625 Et
2328 1574 2617 1643 aliquando
2648 1578 2715 1630 de
2758 1593 2861 1632 una
2904 1580 3202 1648 eademque
3235 1595 3292 1634 re
3321 1594 3517 1649 magna

1929 1670 1983 1713 et
2014 1661 2280 1717 submisse
2307 1663 2526 1730 dicitur,
2551 1666 2595 1720 si
2620 1668 2880 1734 docetur;
2910 1676 2965 1723 et
2992 1678 3286 1738 temperate
3313 1670 3357 1723 si
3383 1684 3513 1738 prie.

1929 1749 2175 1816 dicatur;
2208 1760 2266 1806 et
2299 1754 2575 1823 granditer
2600 1758 2645 1811 si
2669 1771 2891 1814 aversus
2920 1758 3045 1813 inde
3067 1759 3279 1813 animus
3308 1767 3369 1813 ut
3389 1774 3516 1814 con-

242 1848 537 1914 constituis,
572 1848 740 1920 fugiat
767 1864 861 1904 eos
882 1864 1020 1919 quos
1044 1848 1314 1903 cavendos
1341 1848 1592 1903 terrendo
1617 1863 1825 1919 pracpo-
1853 1847 1900 1905 Β
1927 1847 2170 1894 vertatur
2194 1840 2503 1911 impellitur.
2536 1844 2675 1912 Quid
2716 1847 2863 1902 enim
2904 1847 3017 1903 Deo
3044 1848 3162 1918 ipso
3195 1849 3368 1918 majus
3391 1848 3518 1903 est?

242 1943 341 2005 nis;
371 1951 429 1997 et
457 1942 721 2013 quidquid
756 1941 899 1996 aliud
932 1941 1120 2013 grandi
1162 1939 1471 2009 eloquentia
1496 1937 1614 1995 ﬁeri
1643 1947 1821 2010 potest

240 2034 297 2088 ad
322 2032 741 2093 commovendos
776 2032 983 2086 animos
1008 2030 1312 2086 auditorum
1330 2071 1347 2096 ,
1374 2046 1479 2086 non
1511 2031 1639 2101 quid
1659 2046 1823 2102 agen-

239 2127 355 2180 dum
388 2126 461 2182 sit
486 2135 544 2181 ut
571 2126 767 2190 sciant,
800 2126 895 2180 sed
925 2134 984 2178 ut
1006 2136 1169 2196 agant
1189 2140 1308 2194 qua:
1329 2124 1534 2195 agenda
1572 2139 1692 2180 esse
1706 2123 1819 2193 jam

240 2218 426 2273 sciunt.
492 2217 719 2289 Oportet
772 2233 901 2290 ergo
956 2217 1296 2289 eloquentem
1349 2218 1774 2274 ecclesiasticum
1803 2259 1818 2283 ,

238 2311 445 2381 quando
474 2309 667 2365 suadet
694 2309 899 2380 aliquid
918 2310 1061 2381 quod
1084 2310 1351 2381 agendum
1373 2318 1476 2375 est,
1510 2326 1616 2365 non
1646 2310 1820 2366 solum

237 2401 421 2458 docere
465 2410 525 2457 ut
575 2402 831 2467 instruat,
883 2412 938 2458 et
975 2402 1243 2458 delectare
1277 2413 1334 2458 ut
1376 2404 1580 2467 veniat,
1629 2419 1819 2459 verum

239 2495 391 2550 etiam
419 2494 638 2551 ﬂectere
663 2503 721 2549 ut
753 2495 951 2551 vincat.

787 2628 1015 2685 CAPUT
1045 2599 1261 2687 xxiut.

241 2738 307 2793 De
347 2739 542 2809 triplici
580 2755 784 2812 genere
823 2739 1125 2812 locutionis,
1175 2742 1317 2812 quod
1360 2741 1585 2798 Romani
1636 2745 1820 2800 doctor

735 2809 926 2882 eloquii
954 2811 1029 2864 ita
1055 2809 1316 2867 distinxit.
1541 2859 1575 2882 δ

298 2941 374 2995 Ad
398 2944 515 2999 bzcc
555 2945 702 2999 enim
730 2945 835 2999 tria
858 2985 875 3010 ,
906 2945 959 3000 id
984 2954 1097 3008 est,
1129 2957 1190 3002 ut
1219 2949 1438 3015 doceat,
1472 2959 1530 3004 ut
1565 2950 1816 3016 delectet,

235 3040 288 3085 ut
306 3032 511 3096 ﬂectet,
560 3034 722 3089 etiam
753 3034 839 3089 illa
874 3035 977 3090 tria
1014 3036 1225 3093 videtur
1272 3039 1545 3108 pertinere
1584 3041 1820 3096 voluisse

237 3121 363 3176 idem
397 3123 512 3192 ipse
543 3123 772 3179 Romani
804 3133 993 3180 auctor
1015 3125 1233 3196 eloquii,
1263 3143 1387 3183 cum
1416 3129 1600 3185 itidem
1632 3131 1763 3186 dicit
1799 3150 1811 3185 :

1922 1929 2174 2002 Nunquid
2213 1933 2335 1989 ideo
2378 1952 2485 1991 non
2527 1937 2757 1993 dicitur?
2783 1939 2891 1993 Aut
2926 1939 3021 2010 qui
3058 1940 3217 1995 docet
3256 1940 3516 1994 unitatem

1923 2021 2220 2089 Trinitatis,
2265 2024 2426 2082 debet
2473 2027 2577 2083 nisi
2620 2031 2889 2087 submissa
2931 2032 3297 2102 disputatione
3334 2046 3513 2102 agere,

1922 2125 1983 2171 ut
2028 2132 2117 2172 res
2164 2121 2231 2173 ad
2272 2118 2697 2191 dignoscendum
2736 2123 2987 2187 dillicilis,
3035 2133 3297 2193 quantum
3335 2126 3515 2187 datur,

1919 2212 2090 2281 possit
2117 2212 2383 2283 intelligi?
2434 2213 2684 2285 Nunquid
2715 2217 2804 2272 hic
2841 2227 3162 2272 ornamenta
3194 2227 3250 2273 et
3278 2232 3386 2272 non
3422 2216 3519 2271 do-

1921 2312 2175 2357 cumenta
2224 2306 2570 2373 quaeruntur?
2616 2306 2867 2377 Nunquid
2912 2316 2970 2361 ut
3007 2308 3211 2378 aliquid
3262 2316 3389 2378 agat
3431 2315 3516 2361 est

1920 2392 2218 2450 ﬂectendus
2254 2397 2470 2452 auditor
2491 2439 2504 2461 ,
2538 2407 2593 2453 et
2620 2414 2727 2453 non
2756 2410 2814 2454 ut
2841 2400 3015 2455 discat
3035 2401 3214 2469 potius
3240 2401 3515 2455 inStruen-

1920 2484 2055 2541 dus?
2080 2486 2249 2542 Porro
2269 2504 2392 2543 cum
2417 2488 2668 2544 laudatur
2705 2490 2847 2546 Deus
2872 2492 2986 2546 sive
3017 2491 3083 2546 de
3116 2492 3234 2561 ipso
3254 2531 3271 2557 ,
3306 2491 3421 2545 sive
3449 2490 3518 2546 de

1919 2576 2174 2645 oper.bus
2216 2580 2352 2644 suis,
2405 2572 2609 2650 quanta
2653 2581 2818 2636 facies
2850 2582 3086 2652 pulchra:
3125 2597 3190 2638 ac
3225 2581 3518 2652 splendida:

1919 2666 2171 2724 dictionis
2207 2670 2487 2725 suboritur
2514 2673 2562 2727 ei
2590 2674 2683 2743 qui
2712 2681 2888 2742 potest
2916 2683 3176 2742 quantum
3198 2679 3376 2742 potest
3402 2672 3514 2724 lau-

1920 2758 2068 2824 dare,
2100 2775 2261 2829 quem
2304 2776 2464 2816 nemo
2505 2764 2893 2818 convenienter
2922 2763 3142 2827 laudat,
3186 2776 3348 2816 nemo
3375 2775 3511 2830 quo-

1921 2850 2294 2920 modocunque
2328 2851 2543 2906 laudat!
2574 2853 2712 2907 Ausi
2735 2869 2840 2909 non
2883 2853 3112 2918 colatur,
3155 2862 3249 2906 aut
3272 2867 3394 2907 cum
3421 2850 3513 2906 illo
3544 2900 3545 2903 η

1920 2942 2004 2996 vel
2055 2943 2219 2997 etiam
2268 2958 2368 3013 pro
2399 2944 2489 2999 illo
2520 2946 2771 3001 colantur
2822 2946 2985 3011 idola,
3039 2948 3151 3002 sive
3214 2946 3511 3009 daemonia,

1920 3038 2033 3092 sive
2069 3054 2405 3108 qumcunque
2431 3049 2703 3105 creatura,
2736 3048 3001 3110 quantum
3040 3042 3145 3097 hoc
3181 3039 3386 3095 malum
3419 3039 3510 3102 sit,

1920 3136 2082 3197 atque
2111 3138 2170 3181 ut
2193 3130 2261 3184 ab
2305 3129 2407 3185 hoc
2444 3139 2756 3185 avertantur
2802 3130 3050 3186 homines
3072 3170 3088 3197 ,
3123 3130 3287 3186 debet
3324 3128 3515 3200 utique

235 3208 279 3264 Is
302 3213 407 3266 erit
436 3212 603 3283 igitur
642 3214 922 3285 eloquens,
955 3216 1047 3288 qui
1091 3211 1288 3288 poterit
1330 3235 1495 3289 parva
1523 3222 1814 3289 submisse,
1843 3205 1888 3268 (ἶ
1920 3222 2198 3293 granditer
2220 3222 2346 3278 dici.

238 3302 434 3357 modica
478 3313 776 3375 temperate
800 3346 815 3372 ,
857 3321 1053 3378 magna
1100 3310 1378 3380 granditer
1419 3312 1600 3368 dicere
1647 3333 1659 3367 :
1700 3324 1817 3369 tan-

235 3407 386 3462 quam
435 3395 482 3449 si
520 3396 740 3451 adderet
779 3396 867 3451 illa
909 3399 1072 3453 etiam
1118 3399 1243 3465 tria,
1293 3410 1350 3456 et
1399 3403 1479 3458 sic
1519 3404 1817 3475 explicaret

235 3498 383 3539 unam
419 3485 773 3558 eamdemque
820 3491 1143 3545 sententiam
1176 3492 1362 3551 dicens
1409 3512 1421 3547 :
1460 3495 1507 3550 Is
1550 3497 1654 3551 erit
1685 3512 1816 3569 ergo

233 3575 502 3647 eloquens,
533 3580 626 3648 qui
654 3588 709 3634 ut
738 3579 965 3647 doceat,
1002 3585 1202 3653 poterit
1220 3601 1385 3656 parva
1415 3590 1720 3656 submisse;
1755 3602 1815 3646 ut

233 3666 482 3735 delectet,
520 3672 728 3726 modica
762 3680 1059 3744 temperate
1091 3693 1103 3729 :
1133 3686 1192 3730 ut
1216 3675 1419 3743 ﬂectat,
1449 3696 1641 3751 magna
1671 3682 1816 3736 dice-

234 3775 287 3815 re
310 3762 604 3830 granditer.
634 3754 760 3820 Ilaac
800 3776 979 3821 autem
1009 3769 1109 3822 tria
1137 3768 1205 3823 ab
1231 3784 1297 3824 eo
1324 3771 1465 3827 dicta
1493 3812 1508 3836 ,
1545 3772 1599 3826 in
1636 3773 1816 3828 causis

233 3850 527 3909 forensibus
547 3863 774 3924 possunt
793 3858 1003 3911 ostendi
1029 3873 1043 3922 ;
1075 3844 1180 3912 non
1205 3867 1384 3915 autem
1409 3860 1529 3927 hic,
1562 3862 1663 3917 hoc
1691 3871 1775 3917 est
1796 3903 1810 3928 ,

231 3941 282 3996 in
305 3941 686 3999 ecclesiasticis
706 3946 1118 4015 quaestionibus,
1150 3949 1203 4002 in
1234 3950 1430 4019 quibus
1453 3950 1630 4021 hujus,
1652 3967 1813 4021 quem

232 4034 472 4091 volumus
494 4036 785 4093 informare
808 4080 823 4104 ,
853 4055 1032 4094 sermo
1062 4049 1327 4095 versatur.
1356 4041 1412 4096 In
1440 4042 1545 4098 illis
1575 4044 1722 4097 enim
1749 4059 1813 4098 ea

235 4140 394 4194 parva
420 4127 687 4194 dicuutur,
714 4129 804 4183 ubi
836 4130 902 4183 de
932 4131 1093 4185 rebus
1118 4132 1444 4200 pecuniariis
1462 4130 1813 4200 iudicandum

230 4225 341 4281 est;
392 4230 458 4269 ea
491 4232 700 4288 magna,
743 4218 833 4273 ubi
873 4220 940 4274 de
975 4219 1146 4274 salute
1181 4236 1246 4273 ac
1291 4221 1467 4291 capite
1504 4222 1807 4286 hominum;

231 4320 291 4359 ea
320 4321 449 4361 vero
481 4307 569 4362 ubi
610 4308 742 4362 nihil
767 4308 1115 4378 iudicandum
1155 4318 1244 4363 est
1275 4309 1519 4379 nihilque
1557 4310 1731 4380 agitur
1757 4320 1815 4366 ut

230 4399 476 4469 agatsive
494 4400 785 4463 discernat,
816 4401 909 4455 sed
933 4401 1304 4456 tantummodo
1320 4411 1376 4455 ut
1401 4402 1698 4457 delectetur
1721 4419 1815 4493 qu-

230 4490 387 4555 ditor,
423 4491 559 4547 inter
587 4500 875 4561 utrumque
906 4492 1058 4561 quasi
1090 4492 1296 4555 media,
1331 4502 1386 4547 et
1415 4493 1486 4548 ob
1509 4494 1614 4549 hoc
1643 4490 1815 4549 modi-

204 4598 324 4649 .ca,
360 4583 468 4638 hoc
512 4592 594 4639 est
624 4584 901 4640 moderata
935 4585 1189 4639 dixerunt
1222 4603 1234 4638 :
1269 4586 1494 4642 modicis
1520 4587 1663 4641 enim
1700 4602 1815 4641 mo-

231 4674 309 4729 dis
362 4688 557 4731 nomen
630 4675 840 4745 posuit;
901 4691 1023 4730 nam
1087 4677 1297 4731 modica
1347 4693 1446 4747 pro
1492 4679 1673 4749 parvis
1719 4680 1813 4735 ab-

230 4768 397 4830 usive,
439 4784 543 4823 non
584 4768 803 4838 proprie
828 4768 1076 4840 dicimus.
1111 4768 1169 4823 lu
1204 4770 1323 4824 istis
1360 4780 1539 4825 autem
1572 4772 1771 4827 nostris
1798 4813 1813 4838 ,

229 4859 657 4928 quandoquidem
710 4860 912 4924 omnia,
956 4860 1195 4915 maxime
1237 4877 1358 4931 qua:
1399 4861 1466 4917 de
1511 4862 1629 4917 loco
1658 4877 1816 4933 supc-

231 4946 372 5002 riore
418 4947 643 5004 dicimus
697 4949 923 5019 populis,
972 4950 1040 5004 ad
1092 4949 1370 5005 hominum
1420 4952 1664 5019 salutem,
1715 4970 1815 5009 nec

232 5039 626 5107 temporariam,
683 5039 778 5095 sed
824 5048 1082 5095 aeternam
1130 5040 1334 5096 referre
1377 5041 1670 5108 debemus,
1724 5045 1811 5099 ubi

230 5131 391 5184 etiam
418 5130 685 5188 cavendus
729 5139 812 5186 est
850 5142 1088 5188 internus
1130 5132 1417 5198 interitus,
1464 5137 1644 5189 omnia
1690 5147 1816 5192 sunt

232 5236 421 5293 magna
446 5239 563 5294 quas
588 5224 850 5288 dicimus;
877 5239 1045 5294 usque
1074 5224 1229 5291 adeo,
1262 5233 1322 5278 ut
1346 5239 1444 5280 nec
1472 5226 1538 5281 de
1562 5226 1691 5296 ipsis
1719 5244 1817 5298 pe—

230 5312 482 5369 cuniariis
507 5316 670 5372 rebus
700 5315 784 5371 vel
813 5316 1158 5386 acquirendis
1184 5316 1265 5372 vel
1288 5318 1622 5383 amittendis,
1654 5335 1815 5390 parva

230 5405 403 5459 videri
430 5407 677 5475 debeant,
707 5425 828 5479 qua:
851 5409 1041 5465 doctor
1069 5410 1473 5466 ecclesiasticus
1502 5412 1631 5467 dicit
1655 5454 1669 5475 ,
1704 5414 1819 5469 sive

229 5497 297 5549 sit
326 5496 416 5551 illa
438 5503 795 5573 magna,'sive
832 5519 998 5574 parva
1031 5504 1277 5573 pecunia.
1306 5504 1488 5573 Neque
1512 5504 1655 5559 enim
1693 5522 1816 5576 par-

230 5603 293 5641 va
313 5600 403 5644 est
419 5590 640 5660 iustitia,
662 5611 824 5665 quam
845 5594 1088 5666 profecto
1117 5603 1171 5649 et
1192 5610 1353 5664 parva
1374 5596 1597 5665 pecunia
1628 5606 1813 5651 custo—

229 5679 347 5735 dire
380 5680 651 5751 debemus,
686 5687 899 5742 dicente
928 5686 1154 5740 Domino
1182 5702 1193 5737 :
1226 5685 1328 5750 Qui
1359 5686 1410 5739 in
1443 5687 1656 5738 minimo
1680 5687 1815 5755 ﬁde-

228 5771 295 5827 lis
317 5784 426 5841 est,
451 5790 493 5833 et
525 5780 578 5835 in
600 5795 789 5853 magno
814 5778 984 5848 ﬁdelis
1014 5789 1088 5834 est
1119 5779 1137 5849 (
1164 5776 1288 5832 Luc.
1321 5794 1408 5833 xv:
1431 5778 1471 5849 ).
1502 5779 1656 5846 Quod
1689 5795 1816 5850 ergo

2472 3313 2700 3370 CAPUT
2731 3313 2968 3369 XXXIV.

1945 3403 2201 3475 Exempla
2225 3405 2280 3458 in
2308 3404 2557 3473 Apostolo
2575 3443 2593 3471 ,
2614 3405 2680 3459 de
2699 3405 2970 3475 prwdictis
2995 3402 3268 3475 generibus
3292 3401 3480 3456 tribus.

1988 3495 2281 3550 Submissze
2315 3496 2568 3551 dictionis
2595 3496 2902 3567 exemplum
2937 3503 3022 3551 est
3047 3493 3187 3565 apud
3209 3491 3513 3563 apostolum

1916 3585 2161 3648 Paulum,
2191 3595 2250 3639 ut
2290 3584 2501 3655 planius
2524 3584 2725 3655 aliquid
2756 3598 3196 3647 commemorem,
3225 3583 3316 3637 ubi
3338 3581 3416 3636 ait
3443 3578 3511 3633 ad

1915 3678 2135 3734 Galatas
2169 3698 2180 3733 :
2224 3677 2391 3731 Dicite
2419 3679 2580 3742 mihi,
2618 3678 2713 3731 sub
2749 3676 2858 3747 lege
2901 3675 3128 3731 volentes
3175 3692 3317 3741 esse,
3350 3672 3513 3742 legem

1916 3784 2020 3822 non
2065 3767 2300 3837 legistis?
2332 3765 2597 3836 Scriptum
2639 3777 2713 3821 est
2744 3767 2879 3820 enim
2906 3806 2921 3829 ,
2962 3765 3210 3835 quoniam
3243 3762 3511 3816 Abraham

1913 3858 2047 3911 duos
2093 3856 2233 3926 ﬁlios
2278 3858 2481 3922 habuit,
2531 3873 2692 3910 unum
2713 3857 2776 3911 de
2811 3855 3039 3920 ancilla,
3072 3864 3119 3909 et
3158 3869 3321 3911 unum
3351 3852 3415 3906 de
3441 3851 3509 3921 lie

1915 3950 2057 4002 bera.
2111 3948 2215 4003 Sed
2259 3949 2348 4019 qui
2371 3947 2437 4001 de
2482 3946 2702 4015 ancilla,
2755 3947 3042 4001 secundum
3095 3959 3304 4000 carnem
3352 3951 3509 3996 natus

1913 4050 2038 4105 est;
2094 4041 2184 4111 qui
2240 4050 2415 4094 autem
2483 4040 2548 4095 de
2598 4040 2801 4105 libera,
2848 4056 2939 4110 per
2990 4036 3441 4108 repromissione":
3487 4046 3508 4085 :

1913 4146 2031 4201 qua:
2078 4141 2197 4185 sunt
2234 4147 2326 4201 per
2356 4130 2667 4202 allegoriam
2704 4131 2865 4185 dicta.
2902 4129 3030 4183 [huc
3074 4128 3212 4182 enim
3257 4134 3379 4180 sunt
3401 4125 3506 4178 duo

1915 4230 2242 4287 testamenta,
2299 4230 2406 4275 etc.
2461 4219 2682 4293 (Galat.
2729 4221 2847 4289 IV.)
2900 4219 3032 4273 Item
3079 4217 3169 4271 ubi
3220 4216 3511 4270 ratiocina-

1918 4323 2005 4369 tur
2027 4323 2084 4370 et
2104 4314 2234 4370 dicit
2267 4333 2280 4368 :
2317 4312 2552 4379 Fratres,
2593 4313 2878 4368 secundum
2908 4310 3173 4365 hominem
3211 4309 3350 4362 dico.
3400 4307 3506 4362 Ta—

1913 4423 2033 4461 men
2057 4408 2288 4462 hominis
2314 4406 2683 4476 conﬁrmatum
2710 4414 3074 4459 testamentum
3107 4419 3259 4457 nemo
3299 4402 3508 4455 irritum

1917 4497 2043 4566 facit
2079 4507 2170 4553 aut
2210 4498 2599 4569 superordinat.
2646 4496 2871 4551 Abrahte
2899 4495 3054 4549 dicta:
3111 4503 3232 4549 sunt
3279 4493 3508 4564 promis-

1845 4570 1893 4630 D
1921 4593 2092 4647 siones
2116 4602 2165 4645 et
2210 4590 2394 4646 semini
2423 4589 2560 4660 ejus.
2595 4586 2717 4642 Non
2746 4585 2893 4650 dicit,
2929 4585 2996 4639 Et
3025 4584 3330 4648 seminibus,
3355 4583 3510 4653 quasi

1921 4682 1978 4736 in
2002 4682 2201 4747 multis,
2238 4681 2329 4735 sed
2356 4691 2609 4751 tanquam
2654 4679 2710 4732 in
2740 4695 2864 4741 uno,
2898 4677 2965 4731 Et
2993 4677 3181 4732 semini
3203 4686 3292 4730 tuo
3317 4676 3408 4746 qui
3433 4682 3511 4728 est

1924 4772 2182 4827 Christus.
2216 4771 2332 4826 Hoc
2361 4781 2536 4825 autem
2555 4770 2694 4834 dico,
2742 4778 3110 4824 testamentum
3140 4767 3508 4837 conﬁrmatum

1922 4881 1955 4917 a
1982 4862 2113 4927 Deo,
2136 4873 2249 4933 post
2275 4862 2681 4935 quadringentos
2702 4871 2749 4914 et
2772 4860 2989 4931 triginta
3027 4875 3193 4914 annos
3231 4859 3374 4927 facta
3401 4858 3506 4921 leaf,

1923 4971 2027 5008 non
2056 4952 2288 5022 inﬁrmat
2317 4953 2385 5007 ad
2412 4952 2745 5006 evacuandas
2767 4950 3158 5022 promissiones.
3201 4949 3262 5004 Si
3284 4948 3419 5002 enim
3445 4963 3509 5001 ea:

1921 5045 2032 5115 lege
2052 5044 2353 5107 hiereditas,
2372 5042 2492 5112 jam
2531 5059 2633 5097 non
2661 5058 2726 5096 ea:
2751 5041 3116 5111 promissione.
3163 5037 3508 5091 Abrahwau-

1921 5149 2022 5192 tem
2051 5154 2142 5207 per
2166 5136 2614 5207 repromissionem
2637 5134 2850 5189 donavit
2886 5132 3046 5187 Deus.
3075 5131 3143 5185 Et
3162 5128 3290 5199 quia
3312 5142 3507 5181 occur-

1924 5245 2043 5284 rere
2072 5236 2286 5299 poterat
2328 5226 2598 5281 audientis
2626 5224 2965 5296 cogitationi,
2995 5221 3065 5277 Ut
3101 5218 3231 5289 quid
3257 5232 3389 5287 ergo
3418 5216 3504 5273 lex

1923 5321 2048 5375 data
2071 5329 2173 5383 est,
2205 5319 2251 5373 si
2280 5333 2349 5373 ex
2376 5317 2463 5372 illa
2496 5332 2601 5371 non
2641 5324 2724 5371 est
2759 5312 3071 5371 lizcreditas?
3095 5309 3213 5380 Ipse
3259 5307 3361 5364 sibi
3401 5308 3504 5363 hoc

1921 5414 2139 5483 objecit,
2177 5422 2338 5481 atque
2364 5412 2442 5467 ait
2473 5409 2622 5465 velut
2650 5409 2993 5476 interrogans
3021 5423 3035 5457 :
3062 5401 3202 5469 Quid
3230 5416 3354 5471 ergo
3382 5398 3506 5455 lex?

1924 5506 2129 5562 Deinde
2180 5505 2495 5574 respondit:
2529 5499 2980 5571 Transgressionis
3031 5494 3204 5566 gratia
3238 5493 3507 5563 proposita

1918 5608 2020 5660 est,
2047 5597 2211 5650 donec
2238 5597 2428 5649 veniret
2455 5612 2649 5655 semen,
2675 5594 2759 5645 cui
2785 5590 3100 5661 promissum
3126 5597 3226 5649 est,
3248 5584 3505 5655 disposita

1923 5704 2014 5756 per
2057 5686 2270 5755 angelos
2297 5686 2351 5737 in
2378 5701 2540 5737 manu
2588 5681 2917 5745 mediatoris,
2968 5687 3074 5733 etc.
3107 5676 3349 5733 I’ertinet
3373 5688 3503 5743 ergo

1925 5779 1991 5834 ad
2018 5777 2244 5836 docendi
2264 5791 2451 5831 curam
2488 5790 2591 5830 non
2634 5772 2807 5829 solum
2841 5768 3054 5841 aperire
3075 5770 3282 5836 clausa,
3321 5777 3376 5824 et
3401 5780 3473 5825 no
