3958 6204
389 315 496 371 4H

1041 319 1102 374 Β.
1143 317 1396 377 RABAM
1433 318 1651 378 MAURI
1685 319 1954 378 ARClll-El

2062 320 2355 379 ilOGUNT.
2396 322 2680 381 OPERUM
2718 325 2897 382 PARS
2930 326 2969 381 l.

3541 332 3651 386 412

385 430 484 487 dos
506 429 717 486 solvere
749 432 1128 501 qumstionum,
1156 435 1249 488 sed
1289 435 1450 492 etiam
1476 436 1601 491 dum
1629 437 1731 492 hoc
1767 436 1967 506 agitur,
2002 431 2045 492 Δ
2074 434 2214 491 certa
2241 437 2295 490 in
2318 439 2583 508 adjutorio
2609 440 2707 493 Dei
2737 439 2914 506 (Rom.
2939 440 3080 511 vui).
3100 442 3192 496 Ait
3211 452 3390 498 autem
3412 453 3467 500 et
3488 462 3652 517 gran-

385 522 511 580 aliis
553 523 941 593 quaestionibus
998 541 1118 595 qua:
1167 526 1412 581 fortassis
1448 528 1758 593 inciderint,
1802 544 1870 583 ne
1913 528 1966 582 id

384 615 529 687 quod
555 616 786 672 dicimus
808 617 1141 687 improbetur
1167 633 1264 689 per
1295 620 1412 675 illas
1432 630 1525 675 aut
1551 622 1842 686 refellatur.
1873 639 1967 679 oc-

385 721 607 764 currere
640 727 652 762 :
693 709 737 762 si
770 716 945 763 tamen
974 710 1088 779 ipsa
1112 725 1298 766 eorum
1326 713 1521 767 solutio
1543 714 1747 783 pariter
1768 730 1967 771 oecur-

384 799 538 863 rerit,
571 814 639 853 ne
666 815 978 855 moveamus
1003 801 1144 871 quod
1172 802 1386 858 auferre
1415 820 1520 859 non
1547 820 1855 873 possumus.
1881 807 1967 861 Fit

385 899 591 955 autem,
616 898 673 943 ut
694 905 817 944 cum
843 891 1140 946 incidentes
1168 894 1451 961 quaestioni
1475 895 1594 948 alite
1619 896 1963 964 qumstiones,

383 989 440 1036 et
461 980 581 1034 aliae
623 997 813 1036 rursus
841 981 1200 1037 incidentibus
1230 984 1527 1040 incidentes
1557 994 1968 1056 pertractantur

384 1082 550 1141 atque
597 1072 897 1137 solvuntur,
926 1074 977 1126 in
1015 1089 1136 1127 eam
1166 1074 1554 1141 longitudinem
1603 1079 1969 1133 ratiocinatio-

384 1166 469 1217 nis
490 1164 813 1217 extendatur
852 1165 1098 1227 intentio,
1138 1174 1196 1219 ut
1229 1167 1332 1221 nisi
1376 1169 1635 1223 memoria
1676 1169 1965 1238 plurimum

382 1257 560 1309 valeat
598 1262 759 1324 atque
788 1256 984 1327 vigeat,
1018 1256 1086 1311 ad
1120 1266 1283 1327 caput
1326 1259 1467 1314 unde
1505 1261 1966 1331 agebatur‘dispu-

384 1355 528 1400 tator
578 1347 753 1402 redire
801 1364 909 1403 non
938 1350 1130 1417 possit.
1163 1350 1330 1405 Valde
1354 1360 1535 1407 autem
1561 1355 1759 1408 bonum
1800 1363 1882 1410 est
1909 1362 1969 1410 ut

384 1437 643 1506 quidquid
674 1438 976 1493 contradici
1009 1447 1205 1509 potest,
1245 1440 1290 1495 si
1314 1442 1634 1507 occurrerit,
1670 1442 1963 1509 refutetur;

383 1543 452 1583 ne
500 1529 574 1584 ibi
616 1541 869 1586 occurrat
913 1531 1005 1586 ubi
1052 1547 1159 1587 non
1202 1541 1287 1589 est
1339 1535 1428 1603 qui
1464 1536 1817 1604 respondeat;
1873 1544 1968 1590 aut

384 1621 634 1689 praesenti
664 1623 905 1691 quidem,
958 1626 1050 1679 sed
1098 1625 1299 1681 taeenti
1355 1634 1629 1692 occurrat,
1688 1635 1745 1682 et
1790 1628 1967 1682 minus

380 1723 606 1769 sanatus
653 1716 930 1772 abscedat.
975 1717 1036 1771 ln
1070 1717 1176 1772 illis
1217 1726 1397 1773 autem
1436 1720 1744 1789 apostolicis
1788 1720 1966 1776 verbis

2067 526 2209 580 diter
2236 535 2292 580 et
2319 535 2507 581 ornate
2535 547 2547 581 :
2581 528 2786 583 Scimus
2815 531 3065 599 quoniam
3100 531 3437 600 diligentibus
3481 535 3653 593 Deum

2065 616 2240 670 omnia
2262 629 2607 687 cooperantur
2629 620 2684 671 in
2726 618 2914 673 bonum
2945 620 3025 673 his
3044 620 3134 690 qui
3152 623 3437 678 secundum
3457 642 3652 698 propo-

2064 706 2222 759 situm
2249 707 2414 760 vocati
2435 717 2555 760 sunt
2579 708 2777 761 sancti:
2795 711 3044 778 quoniam
3069 726 3199 779 quos
3222 722 3341 764 ante
3363 717 3657 783 praesciuit,

2064 806 2112 851 et
2143 798 2528 867 pra’destinavit
2566 798 2854 869 conformes
2884 798 3000 867 fieri
3026 800 3271 870 imaginis
3302 799 3431 856 Filii
3452 805 3556 868 sui,
3593 815 3654 859 ut

2065 888 2131 940 sit
2160 888 2267 956 ipse
2296 888 2668 957 primogenitus
2698 888 2752 941 in
2779 887 2957 942 multis
2982 888 3259 957 fratribus,
3286 899 3417 958 etc.;
3444 908 3565 962 qua:
3595 895 3653 948 in

2066 976 2254 1031 eodem
2282 977 2517 1047 capitulo
2547 987 2869 1046 sequuntur.

2617 1092 2846 1148 CAPUT
2884 1094 3101 1149 XXXV.

2069 1157 2341 1224 Quomodo
2366 1160 2581 1215 debeant
2606 1163 2739 1216 inter
2760 1181 2814 1217 se
2837 1164 2947 1218 hrec
2977 1167 3079 1219 tria
3107 1183 3295 1237 genera
3322 1170 3655 1238 permisceri.

2136 1250 2366 1306 Interest
2394 1253 2538 1307 enim
2570 1255 2711 1323 quod
2743 1270 2911 1326 genus
2937 1257 3024 1311 cui
3051 1258 3234 1328 generi
3277 1260 3658 1331 interponatur

2066 1341 2150 1396 vel
2178 1343 2497 1398 adhibeatur
2517 1346 2681 1401 certis
2702 1355 2757 1401 et
2782 1349 3107 1403 necessariis
3136 1348 3288 1404 locis.
3323 1349 3453 1405 Nam
3476 1368 3658 1421 quan-

2066 1430 2135 1487 do
2157 1432 2368 1501 prolixa
2396 1443 2481 1489 est
2503 1434 2557 1488 in
2584 1452 2690 1491 uno
2725 1452 2942 1507 genere,
2971 1440 3149 1495 minus
3188 1439 3391 1496 detinet
3432 1444 3656 1500 audito-

2067 1540 2202 1579 rem.
2236 1524 2369 1580 Cum
2399 1541 2528 1581 vero
2574 1526 2717 1582 litin
2747 1528 2889 1583 aliud
2916 1530 2984 1584 ab
3024 1529 3131 1585 alio
3157 1533 3439 1598 transitus,
3477 1534 3652 1591 etiam

2068 1617 2111 1672 si
2138 1617 2346 1688 longius
2369 1626 2536 1684 erret,
2564 1620 2843 1677 decentius
2867 1623 3113 1693 procedit
3138 1624 3335 1679 oratio.
3372 1624 3429 1680 ln
3451 1630 3650 1697 grandi

2067 1724 2196 1779 ergo
2243 1723 2440 1780 genere
2475 1726 2711 1782 semper,
2741 1721 2834 1767 aut
2880 1728 3017 1785 pene
3063 1731 3292 1785 semper,
3348 1724 3653 1788 temperata

379 1804 546 1860 dictio
586 1815 676 1862 est
720 1815 1015 1877 temperata
1043 1826 1057 1862 τ
1088 1806 1356 1863 Seniorem
1395 1826 1458 1863 ne
1480 1810 1847 1880 increpaveris,
1871 1812 1954 1866 sed

2065 1798 2223 1854 decet
2248 1814 2370 1856 esse
2393 1800 2691 1871 principia;
2713 1810 2769 1857 et
2790 1804 2844 1858 in
2866 1813 3136 1874 potestate
3157 1814 3240 1862 est
3262 1808 3565 1879 eloquentis
3588 1820 3657 1865 ut

381 1897 594 1953 obsecra
623 1909 678 1954 ut
705 1911 926 1970 patrem,
950 1901 1193 1971 juniores
1244 1911 1303 1956 ut
1332 1902 1544 1972 fratres,
1576 1920 1710 1958 anus
1753 1914 1810 1958 ut
1844 1920 1961 1959 ma-

378 1994 508 2053 tres,
534 1989 949 2046 adolescentulas
974 2001 1030 2045 ut
1053 2009 1259 2047 sorores
1286 1991 1337 2064 (I
1373 1992 1506 2049 Tim.
1532 1994 1608 2066 ν).
1641 1995 1707 2049 Ει
1728 1995 1780 2049 in
1810 1996 1915 2051 illis
1944 2015 1958 2051 :

383 2078 609 2135 Obsecro
631 2091 806 2137 autem
829 2100 937 2147 vos,
967 2083 1179 2153 fratres,
1205 2099 1298 2155 per
1325 2085 1735 2140 misericordiam
1759 2086 1876 2152 Dei,
1905 2096 1959 2141 ut

378 2170 664 2227 exhibeatis
678 2190 899 2243 corpora
918 2184 1085 2230 vestra
1107 2176 1331 2230 hostiam
1355 2177 1541 2239 vivam,
1569 2186 1825 2239 sanctam.
1852 2177 1959 2233 Deo

378 2258 664 2329 placentem
696 2263 876 2334 (Rom.
925 2264 1046 2334 xu).
1096 2265 1164 2320 Et
1200 2274 1343 2322 totus
1369 2266 1482 2323 fere
1507 2268 1676 2337 ipsius
1707 2270 1961 2324 exhorta-

380 2352 543 2408 tionis
578 2353 727 2410 locus
788 2364 1143 2428 temperatum
1178 2360 1341 2415 habet
1387 2360 1672 2417 locutionis
1721 2376 1888 2432 genus
1940 2379 1955 2415 :

378 2442 470 2495 ubi
496 2442 583 2496 illa
606 2444 912 2512 pulchriora
943 2458 1087 2515 sunt,
1113 2450 1202 2505 ubi
1218 2452 1431 2522 propria
1451 2453 1685 2523 propriis
1703 2461 1957 2523 tauquam

379 2532 560 2588 debita
590 2536 824 2601 reddita,
855 2539 1109 2594 decenter
1134 2551 1449 2607 excurrunt,
1483 2545 1639 2599 sicuti
1670 2552 1753 2599 est
1789 2564 1802 2598 :
1840 2545 1959 2600 Ha-

376 2621 551 2677 bentes
591 2624 730 2680 dona
755 2627 965 2684 diversa
1001 2632 1287 2686 secundum
1314 2635 1539 2704 gratiam
1578 2653 1693 2707 φειδ
1728 2637 1855 2691 data
1880 2647 1958 2693 est

378 2711 558 2777 nobis;
580 2714 686 2769 sive
706 2719 1050 2787 prophetiam,
1088 2724 1373 2777 secundum
1406 2724 1636 2793 regulam
1670 2726 1794 2795 ﬁdei
1808 2745 1826 2792 ;
1853 2730 1958 2784 sive

371 2804 744 2873 ministerium,
784 2811 842 2865 in
871 2813 1254 2877 ministrando;
1296 2817 1402 2870 sive
1437 2818 1527 2887 qui
1554 2818 1724 2884 docet,
1755 2821 1809 2874 in
1855 2821 1955 2875 do—

375 2894 579 2958 ctrina;
627 2898 732 2953 sive
759 2901 850 2969 qui
874 2902 1199 2969 exhortatur,
1231 2905 1287 2959 in
1316 2906 1711 2973 exhortatione;
1750 2910 1840 2980 qui
1863 2910 1957 2964 tri-

377 2984 509 3052 buit,
545 2988 600 3043 in
628 2990 993 3059 simplicitate;
1018 2995 1107 3065 qui
1131 3006 1337 3065 pra’est,
1365 2997 1421 3051 in
1448 2998 1829 3065 sollicitudine;
1864 3002 1954 3070 qui

373 3091 672 3146 miseretur,
696 3084 753 3137 in
785 3084 1068 3153 hilaritate,
1094 3096 1198 3143 etc.
1223 3089 1291 3144 Et
1315 3090 1591 3160 aliquanto
1620 3103 1739 3162 post
1764 3111 1778 3147 :
1813 3091 1953 3147 Re!-

375 3171 501 3237 dite,
531 3174 720 3244 inquit,
761 3178 998 3233 omnibus
1029 3179 1203 3235 debita
1225 3195 1243 3233 :
1267 3183 1353 3236 cui
1380 3182 1650 3250 tributum,
1678 3185 1951 3249 tributum;

375 3263 463 3317 cui
482 3265 718 3335 vectigal,
749 3267 1009 3337 vectigal:
1033 3270 1118 3323 cui
1152 3271 1411 3338 timorem,
1438 3273 1675 3328 timorem
1699 3292 1717 3340 ;
1744 3275 1830 3329 cui
1859 3275 1955 3328 Ito-

376 3370 576 3419 norem,
601 3357 850 3412 honorem
879 3358 1085 3431 (Ibid.).
1114 3361 1243 3430 Quae
1272 3364 1615 3421 membratim
1655 3363 1774 3422 fusa
1805 3364 1957 3422 clau-

375 3444 577 3501 duntur
610 3449 776 3503 etiam
803 3449 921 3519 ipso
952 3452 1181 3508 circuitu
1202 3495 1216 3520 ,
1240 3470 1399 3523 quem
1425 3456 1531 3512 duo
1556 3458 1797 3513 membra
1825 3474 1955 3514 con-

377 3541 565 3590 texunt
603 3556 616 3589 :
652 3537 866 3595 Nemini
910 3543 1194 3615 quidquam
1223 3546 1470 3613 debeatis,
1496 3549 1597 3603 nisi
1636 3559 1692 3604 ut
1735 3550 1953 3606 invicem

375 3628 611 3698 diligatis
658 3631 829 3702 (Rom.
887 3636 1030 3703 xm).
1079 3636 1297 3694 Grande
1323 3650 1504 3695 autem
1532 3640 1747 3697 dicendi
1785 3658 1955 3713 genus

377 3718 481 3775 hoc
524 3722 758 3777 maxime
805 3725 971 3780 distat
1000 3726 1068 3780 ab
1096 3727 1197 3783 isto
1226 3743 1423 3800 genere
1458 3739 1782 3802 temperato,
1811 3734 1957 3804 quod

376 3825 484 3866 non
516 3818 625 3866 tam
654 3813 943 3869 verborum
996 3818 1276 3873 ornatibus
1324 3830 1598 3891 comptum
1646 3830 1749 3886 est,
1791 3839 1954 3893 quam

373 3901 669 3959 violentum
699 3914 783 3961 est
805 3906 970 3961 animi
1001 3907 1302 3966 affectibus.
1333 3910 1465 3966 Nam
1495 3911 1640 3983 capit
1675 3914 1835 3968 etiam
1868 3915 1953 3972 illa

373 4010 694 4056 ornamenta
717 4017 853 4071 pene
882 4005 1061 4059 omnia
1085 4022 1099 4070 ;
1138 4007 1230 4061 sed
1259 4021 1321 4061 ea
1350 4008 1394 4063 si
1419 4025 1523 4063 non
1549 4010 1818 4079 habuerit,
1847 4029 1952 4068 non

374 4092 624 4161 requirit.
652 4094 848 4150 Fertur
873 4097 1017 4151 enim
1047 4098 1247 4168 impetu
1273 4116 1394 4166 suo,
1423 4110 1478 4157 et
1499 4102 1815 4160 elocutionis
1838 4106 1958 4175 pul-

371 4182 756 4252 chritudinem,
783 4186 826 4241 si
853 4190 1176 4256 occurrerit,
1202 4190 1252 4244 vi
1282 4206 1466 4246 rerum
1496 4193 1654 4262 rapit,
1682 4210 1789 4249 non
1824 4211 1954 4250 cura

374 4275 586 4331 decoris
627 4278 873 4333 assumit.
908 4278 1053 4335 Satis
1080 4290 1165 4337 est
1184 4282 1329 4337 enim
1350 4283 1397 4338 ei
1420 4293 1640 4354 propter
1665 4286 1807 4355 quod
1837 4287 1952 4357 agi-

372 4372 485 4432 tur,
536 4375 596 4422 ut
632 4371 793 4424 verba
845 4375 1223 4441 congruentia,
1264 4391 1372 4429 non
1418 4377 1531 4431 oris
1567 4378 1836 4450 eligantur
1871 4380 1953 4435 in-

2064 1889 2315 1945 dicantur
2377 1890 2633 1946 nonnulla
2689 1893 2979 1973 submisse,
3037 1896 3201 1951 etiam
3263 1912 3383 1967 qua:
3425 1909 3655 1969 possent

2063 1981 2340 2051 granditer
2379 1983 2485 2038 diei
2521 2001 2534 2036 :
2571 1992 2630 2038 ut
2666 1999 2731 2039 ea
2761 1999 2882 2055 quae
2928 1985 3182 2042 dicuntur
3220 1990 3519 2059 granditer,
3578 2005 3654 2047 ex

2064 2071 2275 2126 illorum
2306 2072 2439 2127 fiant
2461 2076 2862 2145 comparatione
2889 2078 3194 2148 grandiora,
3226 2087 3282 2135 et
3307 2095 3493 2136 eorum
3526 2091 3656 2138 tau-

2060 2178 2223 2233 quam
2251 2165 2458 2221 umbris
2489 2165 2839 2222 luminosiora
2881 2169 3192 2225 reddantur.
3235 2170 3293 2226 ln
3324 2188 3657 2245 quocunque

2060 2263 2238 2309 autem
2266 2270 2461 2326 genere
2514 2256 2693 2328 aliqua
2720 2257 3079 2326 quaestionum
3122 2259 3333 2315 vincula
3389 2262 3653 2317 solvenda

2061 2357 2206 2414 sunt,
2238 2349 2486 2405 acumine
2508 2364 2642 2420 opus
2669 2358 2775 2415 est,
2801 2351 2942 2422 quod
2971 2350 3073 2406 sibi
3099 2354 3443 2410 summissum
3476 2371 3657 2426 genus

2059 2439 2276 2510 proprie
2312 2439 2572 2495 vindicat.
2598 2439 2678 2496 Ac
2697 2456 2794 2510 per
2834 2442 2934 2498 hoc
2960 2456 3027 2498 eo
3049 2458 3249 2512 genere
3275 2444 3528 2499 utendum
3559 2454 3659 2502 est

2060 2540 2114 2588 et
2157 2532 2277 2586 aliis
2305 2533 2514 2588 duobus
2538 2533 2847 2603 generibus,
2881 2536 3094 2605 quando
3126 2535 3204 2591 eis
3228 2536 3331 2592 ista
3354 2537 3596 2593 incidunt
3625 2557 3648 2593 :

2060 2626 2202 2681 sicut
2231 2635 2315 2681 est
2358 2625 2685 2682 laudandum
2720 2625 2922 2697 aliquid
2956 2626 3041 2683 vel
3078 2629 3511 2699 vituperandum,
3548 2632 3652 2686 ubi

2059 2731 2160 2771 nec
2209 2716 2485 2771 damnatio
2541 2717 2880 2788 cujusquam,
2934 2733 3034 2774 nec
3088 2717 3360 2784 liberatio,
3418 2735 3520 2775 nee
3573 2723 3656 2776 ad

2058 2810 2326 2863 actionem
2355 2808 2649 2879 quamlibet
2693 2809 2935 2865 assensio
2962 2810 3277 2879 requiritur,
3317 2812 3371 2865 in
3398 2826 3653 2881 quocun-

2056 2914 2162 2969 que
2184 2900 2288 2957 alio
2313 2916 2511 2972 genere
2538 2902 2792 2966 occurrit,
2820 2917 2987 2972 genus
3016 2902 3375 2958 adhibendum
3401 2911 3457 2958 et
3476 2903 3654 2957 inter-

2055 2994 2359 3064 ponendum
2388 3003 2473 3050 est
2496 3003 2875 3065 temperatum.
2892 2994 2950 3050 In
2977 2996 3168 3068 grandi
3196 3011 3322 3066 ergo
3345 3011 3544 3067 genere
3565 2997 3653 3050 in-

2058 3087 2277 3140 veniunt
2301 3085 2449 3142 locos
2473 3102 2600 3142 suos
2623 3087 2728 3142 duo
2758 3094 2972 3154 caetera,
2991 3096 3047 3142 et
3074 3088 3340 3143 submisso
3367 3088 3645 3149 similiter.

2057 3175 2435 3245 Temperatum
2463 3186 2645 3232 autem
2685 3192 2855 3249 genus
2894 3193 3002 3233 non
3030 3178 3245 3250 quidem
3282 3193 3514 3248 semper,
3545 3172 3650 3233 sed

2060 3275 2236 3322 tamen
2259 3267 2547 3338 aliquando
2575 3268 2843 3325 submisso
2864 3268 3083 3340 indiget,
3101 3270 3168 3335 si,
3187 3280 3245 3323 ut
3263 3269 3395 3334 dixi,
3411 3269 3650 3339 quaestio

2057 3360 2211 3431 cujus
2227 3360 2399 3417 nodus
2424 3360 2714 3418 solvendus
2744 3369 2848 3428 est,
2872 3361 3114 3417 incurrat
3136 3378 3152 3428 ;
3175 3361 3487 3431 velquando
3506 3376 3651 3417 non-

2058 3449 2201 3505 nulla
2235 3456 2354 3521 quat
2376 3450 2557 3506 ornari
2581 3459 2822 3520 possent,
2853 3451 2974 3507 ideo
2994 3465 3099 3506 non
3121 3460 3409 3515 ornantur,
3438 3460 3498 3505 ut
3520 3450 3650 3521 qui-

2056 3539 2281 3595 busdam
2319 3541 2472 3611 quasi
2502 3541 2673 3596 thoris
2716 3550 3158 3597 ornamentorum
3188 3543 3467 3613 praebeant
3505 3542 3650 3599 emi-

2057 3632 2360 3686 nentiorem
2390 3630 2590 3686 locum.
2619 3630 2975 3687 Summissum
2995 3648 3162 3703 genus
3186 3634 3395 3688 dicendi
3415 3634 3645 3691 silentes

2058 3722 2244 3786 docet;
2276 3730 2331 3778 et
2366 3731 2723 3793 temperatum
2760 3739 2929 3795 genus
2956 3724 3310 3782 delectatione
3335 3740 3433 3782 sua
3460 3728 3648 3784 accla-

2058 3814 2325 3868 mationes
2373 3814 2706 3869 audientium
2737 3816 2967 3879 excitat;
3001 3818 3202 3887 grande
3250 3827 3429 3874 autem
3465 3833 3650 3890 genus

2056 3902 2372 3973 plerumque
2410 3904 2645 3973 pondere
2682 3919 2781 3959 suo
2810 3920 2969 3961 voces
2994 3906 3209 3975 premit,
3243 3908 3337 3962 sed
3368 3907 3649 3979 lacrymas

2055 3996 2312 4064 exprimit
2344 4014 2357 4049 :
2398 4004 2454 4050 et
2482 3997 2585 4052 hoc
2610 3998 2773 4064 unde,
2802 3998 2904 4053 nisi
2932 3998 3059 4069 quia
3081 3999 3280 4054 veritas
3307 4001 3385 4054 sie
3414 4001 3647 4056 demon-

2057 4095 2251 4151 strata,
2281 4087 2359 4141 sic
2383 4087 2622 4153 defensa,
2656 4089 2734 4144 sic
2780 4089 2978 4144 invicta
3004 4089 3335 4145 delectatur?
3376 4090 3482 4146 lste
3504 4108 3643 4163 ergo

2058 4176 2252 4230 doctor
2282 4187 2469 4232 noster
2508 4187 2561 4232 et
2587 4179 2761 4233 dictor
2798 4195 3121 4251 magnOpere
3149 4196 3341 4235 curare
3370 4183 3548 4247 debet,
3578 4192 3649 4239 ut

2057 4281 2168 4320 non
2200 4266 2372 4320 solum
2424 4268 2807 4338 intelligenter,
2852 4285 3037 4324 verum
3086 4272 3249 4325 etiam
3299 4271 3530 4326 libenter
3580 4282 3648 4328 et

2055 4358 2366 4412 obedienter
2409 4361 2688 4426 audiatur;
2734 4362 2894 4432 idque
2940 4362 3120 4418 verbis
3169 4372 3293 4434 agat
3339 4372 3398 4418 ut
3432 4369 3645 4421 veritas

314 4491 319 4496 ι
370 4455 596 4519 dustria.
648 4458 742 4512 sed
791 4440 1025 4528 pectoris
1064 4472 1361 4531 sequantur
1403 4440 1673 4521 ardorem:
1721 4468 1854 4523 Nam
1902 4472 1946 4526 si
1973 4440 2253 4559 Dl’a'eafv
2299 4450 2500 4505 "emas
2536 4451 2767 4554 placeat:
2810 4452 3024 4559 ﬁeri”?
3071 4460 3346 4559 ηξθνςδίξ
3377 4456 3643 4559 διυῨηίθηξ

369 4554 561 4601 aurato
595 4558 971 4619 gemmatoque
999 4551 1143 4606 ferro
1169 4553 1254 4608 vir
1294 4554 1448 4609 fortis
1473 4566 1731 4623 armetur,
1763 4561 1945 4617 inten-

368 4635 612 4691 tissimus
645 4654 861 4709 pugnae,
889 4640 1000 4710 agit
1026 4642 1241 4710 quidem
1280 4643 1386 4700 illis
1434 4647 1600 4701 armis
1633 4649 1774 4718 quod
1811 4652 1940 4723 agit,

365 4741 474 4783 non
500 4728 623 4797 quia
667 4729 925 4799 pretiosa,
952 4732 1045 4787 sed
1068 4732 1192 4801 quia
1220 4748 1371 4788 arma
1400 4744 1543 4791 sunt.
1576 4736 1702 4808 Agit
1729 4751 1945 4810 aposto.

364 4813 472 4881 lus,
518 4825 580 4871 ut
616 4833 716 4888 pro
760 4821 1066 4892 evangelica
1119 4823 1419 4880 ministerio
1481 4828 1750 4895 patienter
1802 4834 1942 4889 mala

362 4908 524 4980 hujus
566 4912 823 4980 temporis
860 4929 981 4968 cum
1004 4915 1197 4971 solatio
1225 4919 1487 4976 donorum
1520 4921 1613 4977 Dei
1652 4927 1829 4981 omnia
1859 4936 1941 4982 to-

356 4997 623 5054 ‘lerentur.
655 5000 843 5071 Magna
878 5019 966 5059 res
988 5014 1091 5066 est,
1118 5015 1171 5061 et
1199 5010 1475 5078 granditer
1502 5013 1696 5081 agitur,
1727 5032 1827 5073 nec
1852 5019 1945 5073 de-

358 5099 488 5146 sunt
519 5103 838 5150 ornamenta
865 5097 1077 5152 dicendi
1115 5116 1129 5152 :
1170 5099 1306 5156 Ecce
1335 5119 1493 5167 nunc,
1524 5105 1718 5175 inquit,
1743 5116 1943 5178 tempus

358 5185 692 5255 acceptabile,
729 5203 845 5242 ecce
890 5205 1028 5245 nunc
1070 5192 1181 5246 dies
1220 5192 1427 5248 salutis.
1468 5194 1686 5250 Nullam
1725 5198 1780 5252 in
1818 5216 1944 5269 quo-

355 5289 514 5341 quam
540 5274 723 5330 dantes
752 5277 1112 5347 o/Iensionem,
1140 5291 1196 5335 ut
1226 5298 1329 5337 non
1352 5287 1762 5354 reprehendatur
1789 5289 1943 5344 mini-

352 5363 569 5418 sterium
597 5376 868 5434 nostrum;
902 5369 995 5424 sed
1022 5371 1077 5424 in
1108 5373 1347 5427 omnibus
1371 5375 1791 5429 commendantes
1822 5394 1941 5432 nos~

354 5453 599 5522 metipsos
640 5466 694 5509 ut
725 5457 822 5512 Dei
852 5461 1145 5527 ministros,
1182 5463 1237 5515 in
1268 5462 1435 5516 multa
1463 5465 1734 5533 patientia,
1765 5468 1820 5522 in
1846 5470 1941 5522 tri-

354 5541 729 5611 bulationibus,
779 5549 835 5603 in
886 5553 1296 5617 necessitatibus,
1348 5561 1480 5619 etc.,
1517 5571 1638 5625 quae
1688 5562 1939 5630 persequi

356 5631 571 5703 longum
613 5645 697 5691 est
725 5637 809 5709 (11
841 5638 965 5693 Cor.
1018 5641 1114 5713 vn).
1140 5640 1379 5713 Itemque
1416 5645 1482 5700 ad
1515 5644 1789 5705 Romanos
1819 5652 1933 5705 ait:

360 5720 427 5777 Ut
446 5726 825 5793 persecutiones
846 5730 1006 5798 hujus
1031 5733 1211 5788 mundi
1249 5733 1501 5790 charitate
1526 5736 1822 5800 vincantur.
1848 5755 1937 5812 spe

2053 4554 2153 4594 nec
2202 4539 2315 4610 ipsa
2365 4556 2485 4610 quae
2513 4543 2766 4613 praecepti
2809 4542 2931 4598 linis
2968 4552 3023 4599 et
3069 4543 3344 4614 plenitudo
3377 4545 3511 4616 legis
3550 4556 3646 4601 est

2053 4632 2311 4696 eharitas,
2339 4632 2445 4685 ullo
2487 4634 2645 4687 modo
2673 4642 2816 4688 recta
2846 4650 2966 4690 esse
2994 4637 3202 4704 potest,
3231 4637 3274 4689 si
3300 4652 3361 4690 ea
3395 4652 3516 4707 quae
3552 4637 3644 4690 di-

2050 4721 2305 4794 liguntur,
2335 4740 2439 4778 non
2469 4740 2596 4778 vera
2628 4727 2719 4779 sed
2747 4724 2879 4780 falsa
2908 4735 3054 4780 sunt.
3088 4726 3239 4781 Sicut
3267 4737 3448 4782 autem
3478 4726 3641 4796 cujus

2049 4820 2133 4866 est
2154 4811 2435 4881 pulchrum
2477 4828 2695 4883 corpus,
2722 4823 2777 4869 et
2812 4815 3067 4871 deformis
3087 4825 3171 4872 est
3198 4817 3433 4882 animus,
3462 4820 3640 4888 magis

2047 4912 2131 4957 est
2160 4903 2441 4969 dolendus,
2468 4920 2631 4973 quam
2659 4904 2704 4960 si
2747 4905 2988 4961 deforme
3025 4907 3254 4964 haberet
3276 4924 3477 4979 corpus
3508 4926 3522 4963 :
3555 4911 3639 4967 ita

2049 4993 2140 5063 qui
2164 4993 2478 5062 eloquenter
2498 5010 2559 5047 ea
2583 5010 2703 5063 qua:
2729 4994 2865 5050 falsa
2888 5005 3014 5050 sunt
3048 4997 3250 5060 dicunt,
3282 4999 3456 5069 magis
3475 5000 3641 5055 mise~

2048 5083 2201 5138 randi
2225 5092 2369 5149 sunt,
2395 5098 2559 5153 quam
2581 5085 2625 5139 si
2655 5084 2776 5161 talia
2803 5085 3119 5142 deformiter
3151 5088 3414 5143 dicerent.

2575 5194 2802 5252 CAPUT
2852 5197 3091 5252 XXXVI.

2050 5284 2189 5350 Quid
2214 5288 2279 5340 sit
2307 5288 2568 5360 sapienter
2602 5299 2651 5342 et
2681 5288 2978 5360 eloquenter
3008 5290 3212 5355 dicere;
3249 5302 3297 5344 et
3326 5294 3467 5359 quod
3499 5291 3638 5346 alie-

2118 5372 2241 5430 num
2267 5374 2369 5411 non
2398 5358 2558 5422 dicat,
2598 5359 2689 5429 qui
2713 5358 2785 5413 ab
2813 5359 2920 5414 alio
2961 5360 3187 5430 prolata,
3240 5358 3457 5416 vivendo
3485 5380 3635 5427 pra:-

2117 5425 2279 5479 dicat.

2116 5538 2253 5606 Quid
2284 5556 2411 5612 ergo
2441 5550 2525 5597 est
2548 5558 2656 5598 non
2678 5543 2849 5599 solum
2873 5556 3210 5616 eloquenter,
3237 5563 3427 5602 verum
3460 5549 3636 5607 etiam

2045 5629 2315 5697 sapienter
2361 5632 2560 5702 dicere,
2623 5634 2726 5689 nisi
2770 5635 2931 5690 verba
2989 5637 3042 5691 in
3091 5638 3362 5692 submisso
3428 5654 3631 5709 genere

2045 5719 2379 5788 sufﬁcientia,
2413 5720 2465 5777 in
2491 5733 2793 5797 temperato
2829 5726 3184 5797 splendentia,
3222 5727 3274 5782 in
3306 5727 3500 5800 grandi
3536 5742 3629 5785 νεα
