3958 6204
286 362 391 417 415

1042 361 1130 419 DE
1166 363 1613 423 CLERICORUM
1652 352 2163 439 INSTITUTIONE,
2204 370 2359 429 me.
2399 404 2471 416 —
2509 373 2636 432 LIB.
2678 375 2766 433 ιιι.

3453 380 3561 439 ιιι

280 478 584 545 bementia,
608 476 753 534 veris
787 484 967 533 tamen
1002 479 1167 535 rebus
1194 481 1390 552 quibus
1422 482 1595 538 audiri
1625 491 1872 554 oporteat
1898 488 1946 547 Α
1973 485 2221 541 doctrina
2250 502 2357 541 non
2378 503 2483 542 una
2511 490 2700 547 eadem
2730 491 3108 547 exhortatione
3135 494 3297 550 corda
3336 497 3558 552 audien-

280 570 577 625 adhibere?
603 568 712 624 Sed
757 571 848 641 qui
879 578 1171 641 utrumque
1206 588 1313 628 non
1352 582 1550 644 potest,
1592 574 1739 630 dicat
1782 589 1872 630 sa-

276 663 496 733 pienter
532 661 678 731 quod
710 676 817 717 non
849 660 997 717 dicat
1023 662 1359 733 eloquenter,
1390 666 1569 734 potius
1606 680 1767 734 quam
1789 664 1872 720 di-

278 764 369 811 cat
398 754 719 823 eloquenter
742 755 886 824 quod
920 755 1052 810 dicit
1097 755 1431 826 insipienter.
1464 756 1520 811 Si
1558 766 1739 812 autem
1770 773 1872 815 nec

278 847 385 902 hoc
410 846 629 917 quidem
647 852 844 916 potest,
870 846 944 899 ita
971 855 1419 911 conversetur,ut
1440 862 1544 902 non
1564 847 1737 902 solum
1765 848 1869 903 sibi
1899 838 1941 853 ⁸

275 937 562 1008 praemium
586 944 884 1005 comparet,
909 934 1004 990 sed
1044 944 1099 991 et
1138 936 1379 1005 praebeat
1416 936 1536 991 aliis
1561 938 1876 1015 exemplum.

274 1028 429 1085 etsit
455 1026 572 1097 ejus
611 1028 766 1098 quasi
805 1028 961 1098 copia
985 1028 1220 1094 dicendi,
1256 1028 1428 1084 forma
1457 1030 1691 1086 vivendi.
1732 1031 1869 1086 Sunt

274 1136 414 1175 sane
442 1118 661 1189 quidam
683 1119 774 1188 qui
800 1120 937 1175 bene
960 1119 1312 1190 pronuntiare
1337 1130 1581 1190 possunt,
1616 1121 1744 1191 quid
1767 1136 1866 1174 au-

278 1221 390 1268 tem
421 1214 790 1283 pronuntient,
842 1212 1083 1281 cogitare
1112 1229 1220 1267 non
1256 1222 1502 1282 possunt.
1539 1212 1692 1281 Quod
1722 1214 1766 1269 si
1798 1214 1868 1268 ab

275 1304 403 1361 aliis
437 1312 654 1359 sumant
684 1303 1001 1374 eloquenter
1046 1304 1427 1373 sapienterque
1477 1304 1865 1373 conscriptum,

275 1396 665 1467 memoriaque
697 1397 1095 1462 commendent,
1136 1405 1299 1467 atque
1347 1398 1414 1453 ad
1444 1397 1697 1467 p0pulum
1741 1412 1869 1468 pro-

274 1485 490 1552 ferant;
511 1488 557 1543 si
605 1503 724 1542 eam
754 1504 1045 1559 personam
1074 1498 1287 1560 gerunt,
1319 1504 1425 1544 non
1457 1490 1749 1560 improprie
1781 1479 1865 1545 fa-

275 1577 450 1633 ciunt.
485 1576 579 1633 Sic
603 1578 769 1643 enim,
800 1579 944 1648 quod
973 1577 1218 1648 profecto
1246 1577 1379 1634 utile
1405 1588 1508 1644 est,
1540 1580 1694 1634 multi
1730 1596 1869 1651 prac-

275 1668 551 1724 dicatores
571 1668 819 1724 veritatis
838 1668 976 1724 ﬁunt
1001 1688 1015 1723 :
1045 1684 1144 1725 nec
1172 1669 1326 1724 multi
1341 1670 1607 1741 magistri,
1630 1672 1676 1726 si
1705 1673 1867 1729 unius

274 1761 357 1815 rei
381 1759 627 1832 magistri
652 1760 882 1831 idipsum
910 1761 1092 1817 dicant
1116 1776 1324 1828 omnes,
1347 1770 1531 1817 etnon
1554 1763 1667 1819 sint
1696 1765 1751 1818 in
1785 1765 1867 1822 eis

1974 576 2109 631 tium
2139 585 2359 648 tangere
2403 579 2580 635 debet.
2614 578 2819 651 (Greg.,
2842 582 3123 652 pastoralis
3151 601 3293 639 cura:
3327 585 3417 641 lib.
3451 586 3558 657 ιιι.)

1969 665 2142 721 Aliter
2184 683 2417 737 namque
2449 669 2775 726 admonendi
2804 682 2930 727 sunt
2961 674 3085 738 viri,
3137 675 3297 730 aliter
3320 674 3558 746 feminte,

1970 756 2096 825 quia
2124 756 2228 811 illis
2270 759 2569 813 secundum
2617 775 2805 816 sexum
2856 780 3014 818 suum
3042 766 3249 835 gravia,
3277 766 3398 822 istis
3427 780 3558 824 vero

1970 845 2294 919 injungenda
2326 860 2455 906 sunt
2479 850 2683 935 leviora
2736 873 2749 908 :
2776 862 2836 909 ut
2872 855 2992 911 illos
3021 871 3212 927 magna
3240 866 3554 927 exerceant,

1970 938 2103 993 istas
2129 954 2259 994 vero
2285 940 2423 996 levia
2454 942 2811 999 demulcendo
2833 954 3173 1002 convertant.
3202 947 3376 1004 Aliter
3390 948 3549 1018 juve-

1968 1043 2087 1094 nes,
2124 1036 2287 1098 atquc
2324 1030 2483 1085 aliter
2510 1046 2669 1089 senes
2698 1052 2712 1087 :
2740 1034 2865 1104 quia
2896 1035 3016 1091 illos
3045 1037 3362 1108 plerumque
3401 1053 3561 1097 seve~

1970 1122 2102 1174 ritas
2131 1123 2571 1179 commonitionis
2599 1125 2667 1179 ad
2696 1124 2994 1196 perfectum
3025 1128 3237 1200 dirigit;
3267 1130 3398 1185 istos
3427 1145 3558 1187 vero

1967 1212 2036 1265 ad
2061 1212 2284 1267 meliora
2310 1229 2473 1283 opera
2503 1216 2813 1287 deprecatio
2834 1217 3030 1273 blanda
3058 1222 3352 1289 componit.
3382 1221 3559 1277 Aliter

1968 1300 2175 1372 inopes,
2194 1312 2356 1374 atque
2378 1305 2533 1360 aliter
2554 1307 2881 1377 locupletes:
2912 1308 3017 1363 illis
3043 1325 3279 1380 namque
3306 1313 3557 1369 conferre

1966 1392 2355 1449 consolationis
2405 1395 2653 1450 solatium
2710 1406 2900 1452 contra
2953 1400 3387 1468 tribulationem;
3436 1402 3556 1459 istis

1966 1499 2097 1539 vero
2143 1483 2348 1540 inferre
2402 1494 2604 1541 metum
2680 1498 2867 1543 contra
2931 1490 3220 1545 elationem
3271 1492 3550 1548 debemus.

1966 1574 2291 1646 Plerumque
2347 1585 2524 1632 tamen
2582 1578 2820 1634 habitum
2879 1595 3230 1650 personarum
3280 1594 3556 1654 permutat

1965 1667 2201 1738 qualitas
2231 1684 2463 1734 morum,
2500 1678 2560 1724 ut
2583 1672 2654 1725 sit
2682 1672 2832 1727 dives
2862 1673 3100 1737 humilis,
3132 1689 3336 1744 pauper
3356 1675 3550 1732 elatus.

1968 1758 2123 1814 Unde
2172 1773 2295 1813 mox
2345 1760 2693 1829 przedicantis
2722 1761 2903 1833 lingua
2944 1777 3065 1817 cum
3097 1764 3368 1821 audientis
3394 1768 3555 1823 debet

272 1852 596 1907 schismata.
630 1850 741 1907 Nec
787 1851 1095 1908 deterrendi
1144 1862 1269 1908 sunt
1308 1853 1394 1909 isti
1446 1869 1579 1909 voce
1612 1853 1862 1912 Jeremiae
1895 1847 1937 1906 Β
1965 1848 2072 1902 vita
2103 1849 2373 1920 componi,
2410 1858 2468 1903 ut
2496 1858 2646 1905 tanto
2676 1852 2974 1908 districtius
3016 1853 3068 1907 in
3105 1869 3342 1925 paupere
3363 1856 3554 1914 elatio.

270 1942 575 2015 prophetae,
607 1959 706 2014 per
732 1959 892 2014 quem
937 1945 1077 2000 Deus
1105 1945 1280 2015 arguit
1328 1960 1443 2012 eos,
1480 1948 1574 2017 qui
1615 1947 1866 2018 furantur

270 2034 432 2089 verba
454 2035 962 2107 ejus,unusquisqne
987 2053 1019 2090 a
1047 2037 1285 2107 proximo
1317 2054 1413 2092 suo
1438 2038 1656 2108 (Jerem.
1687 2041 1858 2112 χχιιι).

273 2122 382 2192 Qui
410 2125 557 2180 enim
596 2124 863 2191 furantur,
893 2126 1129 2182 alienum
1151 2129 1402 2197 rapiunt;
1430 2130 1651 2186 verbum
1680 2142 1859 2187 autem

272 2214 374 2270 Dei
395 2232 503 2270 non
529 2224 614 2272 est
640 2216 874 2272 alienum
897 2218 964 2273 ab
992 2218 1091 2284 eis,
1120 2220 1209 2288 qui
1240 2220 1617 2291 obtemperant
1644 2223 1692 2278 ei
1719 2240 1733 2288 ;
1761 2239 1861 2293 po-

273 2303 493 2373 tiusque
528 2304 659 2359 dicit
700 2304 787 2360 ille
831 2304 1031 2372 aliena,
1085 2307 1170 2362 cui
1197 2322 1320 2362 cum
1368 2308 1501 2363 dicit
1542 2311 1695 2375 bene,
1728 2312 1863 2367 vivit

271 2395 438 2449 male.
489 2394 810 2466 Quicunque
862 2396 1007 2450 enim
1058 2397 1198 2453 bona
1252 2398 1400 2463 dicit,
1445 2400 1563 2470 ejus
1608 2401 1863 2456 videntur

270 2486 573 2557 excogitari
599 2488 834 2558 ingenio,
859 2488 952 2543 sed
982 2489 1051 2544 ab
1074 2489 1191 2560 ejus
1238 2491 1477 2546 moribus
1509 2492 1679 2547 aliena
1712 2503 1856 2549 sunt.

270 2576 383 2634 Eos
414 2580 597 2649 itaque
627 2580 765 2634 dixit
794 2579 937 2636 Deus
960 2579 1128 2635 furari
1159 2582 1323 2636 verba
1353 2597 1471 2647 sua,
1506 2585 1594 2652 qui
1617 2584 1744 2639 boni
1768 2600 1861 2639 vo-

268 2669 393 2726 lunt
414 2671 607 2736 videri,
639 2671 905 2742 loquendo
931 2689 1051 2744 qum
1092 2673 1186 2729 Dei
1217 2683 1378 2738 sunt;
1406 2691 1528 2730 cum
1558 2676 1685 2730 mali
1710 2684 1857 2743 sunt,

269 2757 526 2817 faciendo
553 2777 674 2832 quae
699 2779 794 2818 sua
823 2773 967 2818 sunt.
995 2763 1128 2819 Cum
1167 2781 1297 2820 vero
1336 2767 1460 2821 boni
1490 2766 1673 2823 fideles
1703 2769 1859 2825 bonis

269 2850 527 2908 ﬁdelibus
559 2854 700 2909 hanc
742 2869 961 2925 operam
1015 2857 1444 2922 accommodant,
1500 2858 1715 2928 utrique
1760 2875 1858 2915 sua

269 2945 463 3002 dicunt
501 2964 517 3003 :
566 2948 711 3017 quod
752 2959 807 3003 et
836 2949 977 3004 Deus
1004 2951 1242 3019 ipsorum
1283 2959 1385 3015 est,
1424 2950 1577 3021 cujus
1607 2961 1731 3007 sunt
1767 2954 1857 3010 illa

270 3056 395 3112 quae.
424 3041 680 3097 dicuntur
715 3053 769 3099 et
795 3059 860 3100 ea
891 3061 985 3100 sua
1024 3043 1251 3113 faciunt,
1290 3061 1409 3117 quae
1441 3062 1547 3102 non
1587 3049 1688 3119 ipsi
1713 3066 1860 3105 com-

267 3146 476 3203 ponere
502 3143 818 3205 potuerunt,
857 3136 947 3206 qui
983 3138 1278 3193 secundum
1311 3138 1399 3194 illa
1437 3142 1734 3212 composite
1773 3143 1856 3198 vi-
1889 3198 1929 3217 η

267 3232 429 3280 vunt.

795 3316 1022 3376 CAPUT
1075 3318 1337 3376 XXXVII.

270 3404 351 3461 De
370 3406 687 3463 discretione
708 3408 1008 3480 dogmatum
1020 3411 1178 3481 juxta
1201 3412 1509 3483 qualitatem
1529 3413 1854 3470 auditorum.

342 3494 460 3551 Hoc
486 3510 703 3566 quoque
731 3513 889 3553 nosse
929 3500 1183 3556 convenit
1203 3517 1643 3573 unumquemque
1672 3505 1858 3558 catho-

267 3584 437 3642 licum
478 3588 776 3654 doctorem,
804 3591 1074 3660 quomodo
1109 3592 1210 3648 sibi
1248 3593 1500 3650 conciliet
1533 3595 1616 3651 sui
1652 3611 1859 3651 sermo-

268 3678 357 3732 nis
388 3679 713 3744 auditorem,
743 3690 803 3735 ut
831 3681 956 3736 dum
989 3683 1124 3738 sciat
1166 3699 1265 3756 per
1290 3687 1658 3762 supradictam
1688 3688 1857 3743 ratio-

266 3784 395 3825 nem
429 3770 619 3825 modos
642 3770 972 3828 locutionum
998 3781 1054 3829 et
1076 3776 1306 3845 species,
1334 3779 1474 3834 bene
1495 3778 1857 3850 dispensando

267 3858 486 3917 fructus
534 3862 777 3919 inveniat
801 3880 911 3920 suae
948 3867 1351 3936 prtedicationis
1397 3880 1453 3925 et
1477 3869 1681 3926 laudes.
1719 3870 1853 3928 Cum

268 3950 418 4006 enim
441 3951 620 4007 oratio
648 3952 701 4007 in
747 3970 807 4010 se
842 3955 1060 4011 exhibet
1082 3957 1487 4026 perfectionem,
1523 3977 1744 4017 necesse
1772 3974 1856 4019 est

265 4052 327 4098 ut
357 4046 657 4116 perpendat
698 4048 1006 4105 auditorum
1053 4052 1386 4121 qualitatem,
1423 4057 1571 4125 quia,
1605 4064 1665 4111 ut
1701 4073 1853 4113 reve-

262 4137 453 4192 rendae
476 4139 751 4194 memoria:
770 4138 1063 4211 Gregorius
1085 4142 1456 4202 Nazianzenus
1480 4145 1713 4212 edocuit,
1740 4162 1851 4205 non

260 4244 374 4284 una
406 4230 705 4300 eademque
729 4234 942 4289 cunctis
964 4236 1271 4292 exhortatio
1296 4239 1561 4308 congruit,
1599 4240 1722 4309 quia
1752 4256 1853 4297 nec

259 4329 494 4375 cunctos
524 4336 621 4391 par
645 4338 855 4378 morum
880 4326 1110 4396 qualitas
1139 4329 1403 4401 astringit.
1439 4327 1593 4400 Saepe
1619 4345 1852 4400 namque

259 4409 404 4467 alios
447 4411 728 4468 oﬂ‘endunt
758 4431 878 4485 qua:
925 4415 1045 4472 aliis
1080 4427 1326 4487 prosunt,
1375 4418 1499 4488 quia
1532 4419 1849 4490 plerumque

257 4504 452 4561 herbae
481 4521 602 4575 quae
627 4507 741 4563 haec
770 4509 1021 4565 animalia
1053 4512 1317 4578 nutriunt,
1347 4512 1449 4567 alia
1479 4513 1763 4576 occidunt;
1794 4523 1850 4569 et

256 4594 405 4652 lenis
445 4596 636 4653 sibilus
662 4613 829 4669 equos
869 4601 1099 4672 mitigat,
1141 4602 1347 4657 catulos
1374 4602 1621 4674 instigat;
1649 4612 1703 4659 et
1738 4620 1849 4659 me-

255 4688 632 4743 dicamentum
686 4692 830 4760 quod
866 4692 1010 4747 hunc
1064 4693 1312 4747 morbum
1355 4693 1644 4761 imminuit,
1690 4694 1849 4751 alteri

250 4780 407 4836 vires
460 4779 719 4852 iniungit;
759 4791 815 4838 et
840 4784 996 4853 panis
1025 4784 1116 4854 qui
1148 4785 1314 4840 vitam
1354 4785 1573 4841 fortium
1604 4787 1846 4850 roborat,

249 4868 614 4940 parvulorum
655 4880 830 4927 necat.
874 4871 979 4927 Pro
1022 4873 1280 4943 qualitate
1331 4890 1461 4944 ergo
1493 4876 1844 4942 audientium,

250 4957 489 5016 formari
534 4960 693 5015 debet
721 4978 901 5017 sermo
931 4963 1231 5029 doctorum,
1264 4973 1325 5019 ut
1364 4980 1461 5033 per
1496 4965 1704 5037 singula
1734 4967 1846 5021 sin-

248 5048 400 5120 gulis
448 5059 730 5121 congruat,
782 5060 837 5107 et
879 5069 908 5106 a
959 5054 1260 5109 communis
1309 5053 1683 5111 aediﬁcationis
1729 5067 1845 5113 arte

248 5153 538 5208 nunquam
571 5140 805 5196 recedat.
838 5140 977 5208 Quid
1026 5142 1169 5198 enim
1220 5151 1346 5198 sunt
1383 5144 1603 5199 intentae
1636 5153 1846 5203 mentes

248 5227 594 5296 auditorum,
623 5230 746 5293 nisi,
777 5240 837 5285 ut
857 5230 932 5285 ita
961 5231 1213 5296 dixerim,
1245 5231 1490 5301 quadam
1522 5232 1576 5287 in
1633 5232 1842 5289 cithara

247 5318 539 5376 tensiones
565 5327 748 5376 stratae
776 5322 1133 5377 chordarum?
1160 5337 1294 5392 quas
1325 5321 1518 5377 artifex
1550 5324 1842 5395 tangendo,

245 5416 315 5464 ut
344 5424 452 5465 non
484 5411 836 5482 sibimetipsis
872 5411 1134 5468 dissimile
1172 5413 1442 5469 canticum
1466 5412 1688 5481 faciant,
1733 5416 1846 5472 dis-

245 5490 510 5554 similiter
539 5500 742 5568 pulsat,
770 5510 825 5555 et
850 5502 1050 5559 ideirco
1073 5503 1289 5559 chordae
1310 5519 1601 5560 consonam
1644 5506 1837 5563 modu-

244 5585 515 5645 lationem
545 5590 801 5657 reddunt,
828 5592 953 5661 quia
980 5608 1089 5648 uno
1115 5593 1330 5663 quidem
1354 5594 1580 5665 plectro,
1611 5596 1704 5651 sed
1732 5611 1835 5653 non

1965 1954 2088 1994 nem
2116 1939 2298 2006 feriat,
2328 1949 2532 2011 quanto
2557 1956 2680 1997 eum
2711 1956 2811 1999 nec
2851 1942 2997 1998 illata
3047 1955 3339 2015 paupertas
3388 1948 3548 2004 incli-

1963 2036 2086 2096 nat;
2137 2038 2193 2085 et
2220 2037 2373 2085 tanto
2400 2031 2574 2087 lenius
2625 2033 2983 2088 humilitatem
3015 2035 3241 2090 divitum
3290 2038 3546 2104 mulceat,

1962 2134 2165 2195 quanto
2206 2142 2302 2182 eos
2346 2142 2446 2183 nec
2477 2128 2804 2183 abundantia
2854 2145 2974 2199 quae
3002 2130 3271 2196 sublevat,
3323 2132 3545 2188 exultat.

1960 2217 2132 2272 Aliter
2156 2218 2478 2273 admouendi
2509 2227 2634 2273 sunt
2656 2218 2781 2280 laeti,
2807 2229 2966 2289 atque
2982 2220 3139 2275 aliter
3162 2223 3343 2277 tristes
3369 2241 3382 2277 :
3410 2223 3548 2279 [telis

1961 2307 2211 2363 videlicet
2242 2308 2520 2363 inferenda
2572 2317 2697 2364 sunt
2727 2311 2944 2365 tristitia
2974 2327 3095 2381 quae
3141 2323 3442 2382 sequuntur
3476 2329 3542 2370 ex

1960 2400 2254 2472 supplicio;
2308 2402 2553 2458 tristibus
2591 2418 2721 2458 vero
2770 2402 3047 2459 inferenda
3100 2415 3226 2460 sunt
3274 2406 3395 2460 laeta
3426 2422 3547 2476 qua:

1960 2494 2348 2564 promittuntur
2388 2509 2456 2549 ex
2504 2509 2690 2563 regno.
2747 2494 2919 2550 Aliter
2964 2495 3161 2550 subditi
3196 2504 3359 2565 atque
3385 2496 3545 2551 aliter

1968 2585 2177 2656 praelati
2212 2604 2225 2640 :
2260 2585 2379 2642 illos
2421 2601 2490 2641 ne
2519 2585 2781 2653 subjectio
2820 2594 3086 2652 conterat,
3121 2587 3253 2642 istos
3281 2603 3349 2642 ne
3390 2587 3542 2644 locus

1960 2676 2207 2745 superior
2253 2676 2513 2743 extollat;
2545 2676 2620 2731 illi
2671 2691 2738 2731 ne
2767 2677 2944 2731 minus
2988 2678 3245 2747 impleant
3273 2693 3434 2746 quam
3455 2676 3543 2746 jn-

1959 2767 2175 2831 hentur,
2204 2767 2291 2822 isti
2314 2783 2382 2823 ne
2409 2767 2529 2837 plus
2541 2766 2930 2838 justojubeant
2955 2784 3115 2839 quam
3147 2768 3541 2837 compleantur.

1958 2856 2130 2912 Aliter
2159 2858 2324 2923 servi,
2369 2866 2533 2928 atque
2573 2858 2731 2912 aliter
2768 2858 2970 2912 domini
3002 2873 3018 2912 :
3053 2859 3194 2914 servi
3234 2859 3451 2929 quidem
3480 2868 3542 2915 ut

1959 2962 2174 3018 semper
2224 2949 2581 3004 humilitatem
2621 2948 2944 3004 conditionis
2992 2949 3284 3019 aspiciant;
3335 2950 3539 3005 domini

1959 3054 2088 3094 vero
2116 3049 2175 3094 ut
2205 3048 2413 3095 natura:
2448 3055 2559 3095 sua:
2586 3055 2691 3111 qua
2738 3040 3021 3111 aequaliter
3065 3049 3190 3096 sunt
3215 3056 3337 3097 cum
3368 3042 3542 3099 servis

1962 3131 2185 3197 conditi,
2237 3132 2553 3188 memoriam
2609 3148 2717 3187 non
2756 3132 3038 3200 amittant;
3089 3132 3177 3188 isti
3217 3134 3542 3189 admonendi

1961 3233 2088 3278 sunt
2116 3231 2178 3279 ut
2201 3225 2373 3280 sciant
2394 3240 2454 3281 se
2480 3240 2667 3281 servos
2708 3240 2829 3280 esse
2854 3226 3217 3292 dominorum,
3258 3218 3333 3280 illi
3355 3226 3543 3281 admo-

1960 3315 2124 3391 nendi
2147 3324 2278 3380 sunt
2327 3325 2389 3371 ut
2425 3324 2755 3389 cognoscant
2783 3332 2843 3372 se
2881 3331 3173 3372 conservos
3195 3330 3318 3372 esse
3351 3329 3536 3371 servo-

1959 3428 2099 3466 rum.
2132 3412 2301 3468 Aliter
2326 3412 2648 3467 admonendi
2685 3419 2810 3467 sunt
2853 3410 3124 3480 sapientes
3148 3410 3309 3481 hujus
3331 3408 3537 3474 smeuli,

1957 3513 2120 3575 atque
2167 3506 2327 3560 aliter
2367 3505 2588 3561 hebetes
2621 3522 2634 3558 :
2674 3505 2947 3576 sapientes
2989 3505 3185 3575 quippe
3211 3503 3535 3559 admonendi

1957 3604 2083 3652 sunt
2105 3603 2164 3650 ut
2186 3611 2291 3651 non
2322 3596 2575 3651 emittant
2600 3596 2742 3651 scire
2767 3610 2887 3666 quae
2931 3596 3129 3660 sciunt,
3157 3595 3383 3651 hebetes
3405 3610 3541 3665 quo-

1956 3704 2061 3758 que
2088 3697 2145 3743 ut
2178 3697 2433 3760 appetant
2471 3690 2612 3745 scire
2636 3704 2757 3759 qum
2784 3688 3066 3754 nesciunt;
3102 3686 3177 3741 illi
3221 3695 3284 3743 ut
3311 3688 3533 3743 stultam

1955 3779 2277 3849 sapientiam
2323 3778 2577 3833 deserant
2608 3786 2663 3834 et
2688 3778 3008 3848 sapientiam
3048 3778 3140 3831 Dei
3171 3794 3275 3832 non
3309 3777 3533 3832 stultam

1954 3871 2185 3935 discant,
2224 3870 2312 3925 isti
2351 3886 2481 3925 vero
2505 3879 2564 3924 ut
2587 3870 2656 3925 ab
2683 3884 2747 3925 ea
2782 3885 2901 3939 quae
2928 3877 3150 3939 putatur
3191 3866 3438 3931 stultitia,
3464 3868 3533 3923 ad
3576 3922 3589 3931 ,

1952 3975 2137 4014 veram
2166 3960 2485 4029 sapientiam
2512 3960 2745 4015 vicinius
2766 3968 3007 4015 currant.
3045 3958 3218 4012 Aliter
3245 3957 3533 4037 impuden-

1953 4060 2035 4106 tes
2091 4050 2410 4105 admonendi
2465 4059 2611 4114 sunt,
2653 4058 2814 4120 atque
2862 4049 3033 4103 aliter-
3050 4048 3337 4103 verecundi
3367 4065 3382 4114 ;
3414 4047 3535 4105 illos

1954 4155 2185 4210 namque
2233 4140 2301 4194 ab
2332 4141 2678 4209 impudicitiae
2730 4140 2863 4194 vitio
2924 4155 3031 4193 non
3082 4138 3186 4193 nisi
3234 4137 3532 4206 increpatio

1952 4230 2083 4285 dura
2130 4231 2445 4301 compescit,
2497 4231 2630 4286 istos
2677 4238 2855 4286 autem
2883 4230 3201 4300 plerumque
3243 4229 3310 4283 ad
3337 4228 3530 4284 melius

1948 4321 2260 4377 exhortatio
2314 4322 2559 4376 modesta
2605 4321 2906 4391 componit;
2967 4320 3042 4375 illi
3112 4335 3171 4375 se
3219 4319 3531 4389 delinquere

1952 4414 2198 4469 nesciunt
2219 4413 2324 4468 nisi
2354 4414 2518 4469 etiam
2546 4429 2575 4469 a
2602 4413 2848 4484 pluribus
2878 4414 3245 4483 increpentur,
3279 4413 3399 4467 istis
3422 4411 3532 4481 ple-

1877 4541 1927 4600 Β
1954 4521 2178 4575 rumque
2223 4505 2291 4561 ad
2345 4506 2750 4561 conversionem
2788 4503 3000 4569 sullicit,
3050 4505 3177 4574 quia
3227 4505 3308 4559 eis
3341 4504 3533 4559 doctor

1952 4595 2092 4650 mala
2108 4611 2204 4651 sua
2234 4596 2424 4650 saltem
2448 4595 2642 4650 leniter
2666 4595 2732 4649 ad
2755 4594 3073 4649 memoriam
3100 4593 3329 4649 reducit.
3358 4593 3532 4649 Aliter

1951 4686 2273 4741 admonendi
2314 4694 2438 4741 sunt
2462 4685 2719 4755 protervi,
2751 4694 2913 4753 atque
2941 4685 3099 4740 aliter
3130 4684 3524 4755 pusillanimes.

1947 4776 2024 4830 llli
2068 4778 2213 4831 enim
2243 4778 2371 4832 dum
2400 4777 2555 4832 valde
2579 4778 2646 4832 de
2675 4793 2733 4833 se
2761 4785 3118 4847 praesumunt,
3149 4776 3530 4847 exprobrando

1949 4876 2176 4923 exteros
2202 4868 2589 4939 dedignantur;
2626 4870 2713 4924 isti
2742 4879 2924 4924 autem
2954 4870 3081 4924 dum
3109 4871 3269 4925 nimis
3291 4869 3524 4925 infirmi-

1947 4959 2074 5014 tatis
2103 4974 2213 5014 sute
2254 4967 2379 5013 sunt
2416 4959 2639 5025 conscii,
2676 4960 2995 5030 plerumque
3018 4960 3070 5014 in
3095 4959 3522 5028 desperationem

1946 5049 2166 5103 cadunt.
2188 5049 2361 5103 Aliter
2398 5050 2717 5105 admonendi
2761 5058 2889 5105 sunt
2948 5049 3314 5119 impatientes,
3361 5057 3524 5116 atque

1945 5139 2103 5194 aliter
2126 5140 2397 5210 patientes
2428 5158 2441 5193 :
2473 5140 2759 5195 dicendum
2802 5155 3034 5209 namque
3067 5146 3151 5194 est
3190 5137 3523 5207 impatienti-

1942 5227 2045 5285 bus
2071 5229 2197 5299 quia
2222 5229 2347 5283 dum
2379 5229 2875 5299 frenare-spiritum
2906 5230 3198 5301 negligant,
3226 5243 3324 5297 per
3352 5228 3519 5283 multa

1945 5321 2105 5375 etiam
2155 5335 2274 5390 quae
2301 5337 2408 5376 non
2437 5330 2713 5392 appetunt,
2769 5321 3114 5390 iniquitatum
3155 5319 3385 5389 abrupta
3432 5333 3521 5373 ra-

1941 5411 2179 5480 piuntur,
2233 5411 2358 5480 quia
2404 5411 2657 5466 videlicet
2698 5418 2932 5465 mentem
2965 5407 3191 5476 impellit
3215 5406 3367 5461 furor
3411 5421 3519 5476 quo

1942 5518 2049 5558 non
2093 5503 2259 5557 trahit
2312 5502 2660 5563 desiderium,
2706 5508 2761 5555 et
2806 5499 2918 5570 agit
2944 5504 3214 5553 commota
3240 5495 3389 5551 velut
3418 5510 3516 5551 ne-

1940 5592 2139 5656 sciens,
2159 5591 2304 5647 unde
2330 5600 2454 5662 post
2473 5591 2650 5646 doleat
2671 5591 2870 5644 sciens.
2894 5587 3188 5643 Dicendum
3221 5586 3403 5656 itaque
3429 5595 3516 5643 est

243 5692 368 5734 uno
400 5676 627 5750 impulsu
649 5678 936 5737 feriuntur.
972 5683 1125 5739 Unde
1150 5692 1205 5739 et
1230 5683 1418 5739 doctor
1441 5685 1667 5755 quisque
1695 5695 1755 5740 ut
1781 5685 1835 5739 in
1937 5683 2286 5752 patientibus,
2317 5690 2378 5737 ut
2421 5682 2672 5737 studeant
2720 5679 2944 5749 diligere
2990 5692 3126 5747 quos
3153 5677 3256 5733 sibi
3290 5689 3515 5732 necesse

245 5781 364 5822 una
416 5777 638 5825 cunctos
684 5770 883 5830 virtute
910 5772 1194 5830 charitatis
1235 5774 1483 5837 mditicct,
1528 5775 1833 5829 examinata

1939 5780 2023 5828 est
2047 5771 2314 5828 tolerare:
2346 5786 2413 5827 ne
2437 5772 2482 5826 si
2512 5770 2827 5837 patientiam
2847 5768 3064 5825 dilectio
3090 5783 3198 5824 non
3227 5773 3505 5838 sequatur,
