3958 6204
421 362 527 417 M5

1097 362 1157 415 Β.
1200 356 1475 428 RABANL
1491 355 1709 414 MAURI
1745 354 2064 410 ARCHIEP.
2109 353 2415 410 MOGUNT.
2454 351 2740 408 OPERUM
2776 350 2954 405 PARS
2991 351 3030 403 l.

3563 350 3669 405 Atti

420 482 474 533 in
494 476 819 534 deteriorem
868 478 1077 547 culpam
1109 477 1218 532 odii
1270 477 1440 532 virtus
1466 485 1682 531 ostensa
1724 483 1987 529 vertatur.
2022 480 2065 532 Α
2096 469 2380 523 dammodo
2405 484 2471 522 ex
2500 468 2621 522 aliis
2647 466 2928 537 speciebus
2953 467 3105 534 quasi
3129 479 3191 517 ex
3219 464 3503 520 arboribus
3533 470 3672 521 rami

419 567 587 622 Aliter
628 567 949 622 admonendi
982 566 1248 630 benevoli,
1301 574 1464 635 atque
1491 565 1650 619 aliter
1674 564 1860 618 invidi.
1886 563 1994 616 Ad-

419 655 668 710 monendi
702 669 936 724 namque
969 661 1094 709 sunt
1122 654 1385 718 benevoli,
1426 660 1489 707 ut
1513 654 1593 709 sic
1622 652 1812 708 alienis
1836 652 1992 706 bonis

418 745 708 815 gaudeant,
753 753 1019 815 quatenus
1047 745 1253 800 habere
1296 745 1515 815 propria
1558 745 1941 814 concupiscant
1976 763 1988 796 :

418 834 497 887 sic
520 834 887 901 proximorum
914 833 1054 889 facta
1080 834 1353 916 diligendo
1381 834 1618 898 laudent,
1648 842 1710 887 ut
1733 849 1795 887 ea
1826 834 1989 887 etiam

418 921 678 978 imitando
697 924 1070 994 multiplicent,
1089 924 1215 992 quia
1237 922 1371 978 nihil
1394 924 1661 977 mercedis
1681 923 1783 977 sibi
1803 930 1985 991 agunt,

417 1014 461 1066 si
491 1027 554 1067 ea
584 1029 703 1083 quae
738 1014 985 1085 diligunt,
1012 1015 1065 1069 in
1094 1024 1352 1083 quantum
1379 1021 1604 1084 possunt
1631 1028 1737 1067 non
1768 1013 1989 1067 imitan-

418 1109 524 1154 tur.
559 1102 891 1157 Admonendi
938 1110 1064 1157 sunt
1098 1103 1283 1167 invidi,
1312 1112 1373 1156 ut
1410 1103 1745 1172 perpendant
1774 1110 1989 1171 quantae

415 1191 671 1246 mecitatis
713 1201 769 1247 et
807 1192 1141 1247 infelicitatis
1190 1202 1335 1257 sunt,
1384 1193 1475 1263 qui
1521 1192 1697 1246 alieno
1744 1190 1987 1261 profectu

414 1280 689 1345 deﬁciunt,
717 1281 891 1336 aliena
923 1281 1280 1336 exsultatione
1307 1281 1725 1345 contabescunt;
1759 1282 1848 1351 qui
1876 1297 1988 1336 me-

413 1365 693 1422 lioratione
722 1369 951 1435 proximi
977 1370 1277 1424 deteriores
1304 1377 1450 1423 sunt.
1474 1369 1645 1423 Aliter
1664 1370 1986 1425 admonendi

415 1470 537 1515 sunt
563 1461 855 1530 simplices,
905 1469 1067 1531 atque
1107 1462 1265 1516 aliter
1292 1462 1510 1531 impuri.
1544 1463 1989 1540 Laudandisunt

411 1550 702 1619 simplices,
752 1560 812 1605 ut
868 1552 1120 1606 studeant
1168 1568 1467 1622 nunquam'
1490 1552 1622 1609 falsa
1658 1555 1861 1620 dicere,
1890 1556 1985 1610 sed

413 1643 732 1696 admonendi
763 1652 910 1706 sunt,
954 1652 1009 1697 ut
1043 1645 1293 1699 noverint
1320 1660 1705 1714 nonnunquam
1747 1662 1873 1702 vera
1900 1662 1983 1702 re~

414 1733 598 1798 ticere,
627 1740 686 1786 ut
722 1734 1081 1803 simplicitatis
1113 1735 1254 1790 bono
1286 1737 1627 1806 prudentiam
1667 1736 1977 1809 adjungant,

2095 561 2391 631 procedunt
2417 578 2428 612 :
2460 575 2579 629 qum
2613 560 2739 628 quia
2764 558 2832 611 ab
2856 573 2957 610 una
2992 559 3249 610 virtutum
3291 556 3469 612 radice
3495 574 3671 628 gene-

2094 663 2303 717 rantur,
2337 654 2388 707 in
2430 669 2536 707 uno
2559 652 2800 720 ejusdem
2850 651 3048 705 radicis
3093 650 3274 720 stipite
3299 650 3514 707 frondes
3552 654 3674 725 pul-

2090 743 2345 799 cherritni
2370 751 2668 813 gestantur.
2698 741 2838 796 Sunt
2860 748 2911 795 et
2934 756 2964 795 e
2985 748 3173 795 contra
3184 741 3263 793 rio
3286 740 3338 795 in
3362 741 3507 797 vitiis
3525 759 3676 812 quae-

2092 832 2214 885 dam
2244 832 2509 886 virulenta
2554 831 2819 899 germina,
2863 831 2931 884 de
2963 830 3161 899 quibus
3187 831 3364 886 omnis
3404 831 3491 885 illa
3531 834 3674 886 mul-

2090 923 2260 976 titudo
2303 921 2555 991 pestifera
2608 921 2971 989 nequitiarum
3007 926 3317 990 generatur,
3350 928 3403 974 et
3441 922 3583 976 sicut
3617 923 3674 976 in

2091 1012 2379 1068 virtutibus
2403 1014 2521 1067 alia:
2555 1028 2622 1067 ex
2656 1012 2776 1066 aliis
2806 1013 3131 1081 procedunt,
3162 1013 3317 1082 quasi
3345 1028 3413 1067 ex
3435 1014 3675 1082 genetri—

2091 1104 2244 1157 cibus
2266 1103 2444 1173 proles
2459 1103 2729 1172 pretiosa,
2753 1102 2832 1156 sic
2845 1112 2900 1156 et
2921 1102 2973 1156 in
2998 1101 3119 1156 istis
3139 1103 3382 1171 quaedam
3401 1105 3552 1173 quasi
3577 1121 3675 1159 ne—

2088 1194 2362 1261 quissimre
2414 1193 2644 1255 soboles,
2684 1208 2751 1247 ex
2814 1192 3176 1262 spurcissimis
3227 1195 3489 1249 matribus
3535 1211 3669 1264 pro-

2090 1290 2274 1343 deunt.
2309 1288 2415 1343 Sed
2449 1287 2575 1355 quia
2613 1301 2734 1341 cum
2780 1285 3069 1340 virtutibus
3122 1286 3375 1340 vitiorum
3415 1288 3669 1341 diuturna

2088 1388 2215 1433 sunt
2247 1377 2404 1441 bella,
2444 1378 2725 1446 utriusque
2768 1376 2987 1431 malitias
3021 1377 3117 1445 qui
3178 1377 3287 1431 sint
3329 1376 3511 1441 duces,
3542 1379 3670 1446 qui-

2086 1484 2191 1537 que
2216 1482 2402 1523 eorum
2431 1468 2541 1523 sint
2565 1458 2792 1522 comites
2818 1467 3124 1536 specialiter
3169 1476 3430 1537 quantum
3476 1485 3675 1538 possu-

2088 1574 2208 1612 mus
2241 1572 2572 1626 exponamus
2613 1574 2626 1610 :
2660 1556 2734 1610 ita
2761 1565 2941 1613 tamen
2978 1564 3038 1610 ut
3067 1572 3186 1625 qua:
3214 1558 3385 1612 virtus
3410 1574 3531 1612 cum
3560 1576 3671 1628 (ιττιι

2084 1649 2218 1703 vitio
2240 1649 2455 1718 proprie
2481 1662 2714 1719 pugnam
2742 1655 2912 1717 gerat,
2942 1649 3147 1716 pariter
3165 1651 3533 1705 ostendamus.
3556 1649 3669 1705 Nec

2086 1740 2230 1794 enim
2256 1739 2414 1793 aliter
2434 1752 2721 1808 possumus
2742 1739 2916 1807 ignita
2931 1740 3182 1794 vitiorum
3196 1739 3374 1808 jaeula
3400 1743 3669 1807 devitarc,

411 1830 675 1890 quatenus
714 1822 792 1877 sic
820 1824 1165 1877 securitatem
1193 1824 1261 1879 de
1282 1825 1628 1893 simplicitate
1649 1828 1978 1896 possideant,
2012 1827 2056 1884 B
2084 1828 2187 1882 nisi
2212 1828 2448 1882 sciamus
2481 1836 2781 1897 opportuna
2814 1828 3077 1882 virtutum
3109 1831 3341 1897 tegmina
3374 1830 3478 1885 illis
3506 1848 3674 1902 oppe—

410 1921 469 1967 ut
519 1912 1061 1984 circumspectionem
1107 1916 1408 1984 prudentim
1447 1932 1553 1971 non
1601 1918 1872 1987 amittant.
1913 1919 1985 1975 At

410 2011 597 2058 contra
631 2004 952 2058 admonendi
1002 2012 1127 2059 sunt
1166 2005 1387 2075 impuri,
1424 2015 1483 2060 ut
1512 2023 1674 2077 quam
1706 2011 1888 2079 gravis
1913 2012 1985 2066 sit

409 2109 570 2163 quem
600 2109 719 2148 cum
755 2094 907 2163 culpa
939 2095 1230 2161 sustinent,
1260 2097 1588 2167 duplicitatis
1632 2099 1781 2155 labor
1818 2116 1984 2172 agno-

410 2192 584 2239 scant.
613 2184 750 2238 Dum
799 2184 942 2239 enim
971 2185 1296 2255 deprehendi
1342 2196 1611 2255 metuunt,
1645 2204 1859 2261 semper
1887 2192 1985 2246 im-

408 2276 606 2345 probas
631 2275 972 2331 defensiones
1004 2287 1274 2347 quaerunt.
1311 2279 1484 2335 Aliter
1504 2282 1826 2337 admonendi
1856 2292 1983 2338 sunt

408 2370 726 2436 incolumes,
755 2382 916 2440 atque
944 2372 1100 2426 aliter
1130 2374 1276 2441 azgri.
1314 2374 1649 2429 Admonendi
1683 2383 1810 2429 sunt
1833 2376 1982 2430 ineo-

408 2460 599 2526 lumes,
632 2476 697 2514 ne
722 2463 1179 2532 opportunitatem
1212 2461 1401 2518 salutis
1429 2464 1481 2517 in
1512 2471 1829 2534 perpetuum
1857 2479 1980 2533 pro-

409 2553 676 2607 merendae
702 2554 1027 2623 despiciant;
1063 2569 1130 2609 ne
1158 2553 1369 2623 placere
1400 2555 1510 2609 Deo
1534 2555 1581 2608 si
1604 2571 1725 2610 cum
1758 2566 1983 2625 possunt

408 2643 693 2706 noluerint,
721 2659 842 2697 cum
864 2644 1128 2699 voluerint
1156 2660 1278 2700 sero
1300 2661 1405 2700 non
1434 2647 1659 2729 possint.
1688 2647 1761 2700 At
1787 2656 1978 2701 contra

406 2735 728 2790 admouendi
760 2744 884 2790 sunt
910 2737 1059 2807 aegri,
1084 2745 1142 2790 ut
1169 2751 1229 2791 se
1259 2736 1396 2792 filios
1432 2738 1525 2791 Dei
1554 2738 1813 2804 sentiant,
1840 2754 1979 2809 quo-

407 2823 550 2877 niam
580 2824 699 2879 illos
746 2825 1042 2894 disciplina:
1081 2826 1290 2896 ﬂagella
1337 2828 1618 2897 castigant.
1672 2827 1786 2883 Nisi
1832 2829 1976 2884 enim

404 2913 663 2966 correctis
687 2902 1060 2969 baereditatenf
1083 2916 1213 2968 dare
1257 2915 1586 2984 disponeret,
1634 2918 1851 2973 erudire
1883 2933 1980 2973 eos

404 3020 502 3073 per
516 3004 791 3059 molestias
815 3020 919 3060 non
945 3015 1178 3060 curaret.
1203 3006 1376 3060 Aliter
1394 3008 1720 3064 admonendi
1742 3019 1867 3065 sunt
1887 3011 1979 3080 qui

403 3100 611 3170 ﬂagella
662 3109 926 3166 metuunt,
961 3108 1016 3155 et
1055 3110 1338 3170 propterea
1385 3102 1704 3158 innocenter
1758 3103 1973 3170 vivunt;

2084 1935 2233 1983 nere,
2256 1926 2316 1973 ut
2342 1935 2405 1973 ex
2438 1920 2567 1988 ipsis
2592 1919 2818 1986 defensi,
2843 1927 3157 1990 protervum
3185 1921 3335 1976 illum
3360 1925 3667 1978 exercitum

2082 2008 2241 2063 simul
2268 2025 2390 2063 cum
2415 2007 2531 2078 ejus
2554 2010 2799 2076 ducibus,
2815 2010 3034 2065 Christo
3056 2026 3220 2085 super
3248 2027 3346 2066 nos
3378 1995 3667 2083 regnante,

2080 2099 2349 2168 possimus
2391 2114 2664 2169 superare.
2698 2101 2982 2155 Tentant‘a
3015 2102 3211 2172 quippe
3246 2102 3377 2156 vitia
3414 2120 3535 2173 qua:
3577 2104 3667 2157 in-

2082 2188 2279 2242 visibili
2311 2197 2500 2243 contra
2530 2205 2627 2244 nos
2654 2190 2837 2259 praelio
2864 2191 3107 2261 regnanti
3134 2206 3296 2261 super
3315 2206 3374 2247 se
3391 2194 3668 2262 superbi-aa

2085 2282 2335 2347 militant,
2365 2281 2468 2336 alia
2499 2295 2651 2336 more
2677 2280 2873 2335 ducum
2902 2290 3163 2351 przeeunt,
3193 2281 3295 2335 alia
3327 2297 3477 2336 more
3507 2297 3672 2339 excr-

2083 2373 2222 2428 citus
2247 2374 2667 2442 subsequuntur.
2708 2372 2817 2427 Nec
2845 2371 2988 2427 enim
3017 2371 3187 2443 eulpae
3211 2388 3399 2428 omnes
3423 2375 3539 2444 pari
3568 2389 3666 2428 εις⁴

2082 2480 2238 2524 eessu
2290 2480 2387 2518 cor
2430 2471 2730 2534 occupant;
2784 2464 2879 2519 sed
2934 2467 3059 2518 dum
3105 2465 3338 2535 majores
3380 2472 3435 2519 et
3476 2480 3669 2535 paucae

2083 2557 2382 2627 neglectam
2409 2564 2643 2611 mentem
2682 2557 3050 2626 praeveniunt,
3082 2557 3317 2611 minores
3364 2558 3665 2611 innumerae

2081 2647 2149 2700 ad
2184 2646 2326 2700 illam
2356 2662 2414 2701 se
2438 2646 2751 2701 catervatim
2790 2644 3039 2700 fundunt.
3069 2646 3190 2715 Ipsa
3223 2661 3455 2715 namque
3501 2648 3664 2700 vitio-

2081 2750 2201 2789 rum
2228 2736 2411 2806 rcgina
2427 2734 2833 2805 superbia,eum
2856 2735 3122 2790 devictum
3145 2743 3239 2790 cor
3253 2735 3409 2804 plene
3432 2736 3664 2806 ceperit,

2081 2839 2205 2879 mox
2230 2824 2359 2878 illud
2395 2832 2600 2893 septem
2631 2822 3019 2893 principalibus
3058 2824 3225 2887 vitiis,
3256 2823 3408 2894 quasi
3444 2823 3668 2894 quibus-

2081 2916 2203 2971 dam
2252 2916 2363 2970 suis
2413 2915 2640 2970 ducibus
2692 2914 3083 2969 devastandum
3115 2915 3276 2968 trahit
3306 2932 3317 2966 :
3351 2929 3487 2984 quos
3514 2914 3665 2970 vide-

2080 3006 2206 3061 licet
2231 3006 2395 3061 duces
2421 3006 2691 3060 exercitus
2738 3005 3001 3075 sequitur,
3047 3005 3175 3075 quia
3227 3005 3426 3083 ex‘eis
3469 3006 3666 3083 procul

2081 3099 2242 3154 dubio
2295 3100 2613 3168 importunae
2671 3098 2922 3153 vitiorum
2972 3082 3344 3151 multitudines
3386 3082 3659 3151 oriuntur.

404 3165 562 3244 aliter
585 3189 679 3258 qui
700 3190 778 3243 sic
808 3190 861 3243 in
906 3165 1189 3259 iniquitate
1218 3192 1569 3256 duraverunt,
1596 3201 1655 3246 ut
1678 3206 1852 3261 neque
1879 3165 1977 3261 per
2004 3165 2048 3228 Ο
2080 3190 2256 3244 Radix
2280 3165 2474 3261 quippe
2497 3191 2678 3245 cuncti
2707 3189 2833 3244 mali
2860 3189 3109 3259 superbia
3135 3198 3217 3243 est
3245 3206 3258 3241 :
3294 3187 3359 3243 de
3384 3203 3489 3257 qua
3513 3187 3666 3242 Scri-

403 3279 609 3349 ﬂagella
659 3281 1019 3350 corrigantur.
1071 3282 1362 3337 Dicendum
1392 3299 1627 3353 namque
1661 3293 1746 3340 est
1773 3285 1858 3339 bis
1886 3285 1977 3354 qui

404 3382 689 3444 propterea
719 3374 859 3429 bona
888 3372 1092 3429 faciunt
1116 3375 1241 3444 quia
1275 3384 1666 3432 tormentorum
1702 3379 1840 3432 mala
1868 3395 1981 3436 me-

408 3475 583 3532 tuunt,
611 3468 736 3537 quia
769 3466 966 3523 nullam
994 3468 1216 3538 spiritus
1251 3469 1558 3527 libertatem
1585 3481 1786 3528 tenent.
1816 3473 1977 3529 Nam-

407 3575 512 3627 que
553 3560 653 3614 nisi
687 3574 899 3629 paznam
929 3577 1033 3616 non
1059 3569 1381 3627 metuerent,
1414 3564 1625 3632 culpam
1651 3566 1837 3633 procul
1876 3565 1977 3632 du-

408 3651 495 3703 bio
544 3660 937 3720 perpetrarent.
999 3650 1147 3707 Unde
1188 3652 1307 3715 luce
1353 3654 1558 3709 clarius
1589 3664 1822 3720 constat,
1851 3658 1977 3725 quia

410 3755 588 3795 mram
632 3742 740 3796 Deo
788 3742 1089 3796 innocentia
1122 3743 1409 3808 amittitur,
1440 3754 1566 3801 ante
1610 3745 1764 3815 cujus
1794 3748 1978 3804 oculos

410 3844 442 3883 ει
469 3832 730 3894 ..esiderio
756 3842 1032 3902 peccatur.
1068 3834 1243 3905 Atque
1281 3836 1448 3905 iniqui
1472 3851 1610 3906 quos
1632 3838 1699 3892 ab
1726 3837 1977 3907 iniquita-

406 3926 568 3990 tibus,
606 3941 705 3980 nec
748 3926 951 3996 ﬂagella
990 3937 1357 3996 compescunt,
1401 3938 1550 3985 tanto
1585 3931 1792 3985 acriore
1834 3932 1980 3989 inve-

402 4016 581 4070 ctione
624 4015 849 4071 feriendi
896 4025 1041 4081 sunt,
1080 4026 1283 4086 quanto
1323 4019 1528 4089 majore
1564 4020 1979 4081 insensibilitate

401 4108 749 4162 duraverunt.
782 4109 955 4164 Aliter
982 4110 1310 4167 admonendi
1339 4121 1464 4167 sunt
1492 4114 1653 4168 nimis
1676 4117 1847 4182 taciti,
1880 4117 1977 4172 ali-

404 4205 484 4250 ter
528 4198 866 4269 multiloquio
918 4208 1191 4256 vacantes.
1245 4201 1510 4256 lusinuari
1538 4219 1777 4274 namque
1816 4206 1978 4262 nimis

404 4288 582 4341 tacitis
631 4288 813 4353 debet,
845 4290 969 4359 quia
1025 4291 1153 4345 dum
1203 4293 1447 4361 quaedam
1477 4295 1608 4349 vitia
1653 4295 1868 4352 incaute
1895 4294 1979 4351 fu-

401 4380 568 4450 giunt,
604 4380 814 4435 occulte
860 4382 1216 4438 deterioribus
1268 4384 1630 4454 implicentur.
1675 4386 1810 4440 Nam
1834 4402 1977 4456 stepe

402 4472 639 4540 linguam
679 4472 804 4538 quia
838 4472 1243 4527 immoderatius
1269 4473 1500 4537 frenant,
1546 4475 1600 4529 in
1643 4478 1806 4530 corde
1854 4491 1977 4546 gra-

402 4564 523 4616 vius
572 4562 966 4631 multiloquinm
1016 4562 1264 4617 tolerant.
1297 4563 1369 4617 At
1411 4574 1601 4618 contra
1655 4567 1977 4623 admonendi

402 4659 529 4706 sunt
555 4650 893 4719 multiloquio
914 4658 1188 4714 vacantes,
1221 4661 1281 4705 ut
1311 4652 1598 4723 vigilanter
1624 4653 1909 4723 inspiciant
1944 4672 1975 4710 a

402 4749 607 4811 quanto
657 4739 995 4794 rectitudinis
1023 4747 1165 4794 statu
1197 4740 1512 4810 depereunt,
1544 4741 1669 4796 dum
1713 4757 1811 4813 per
1836 4743 1978 4799 mul-

407 4833 609 4904 tiplicia
635 4833 798 4888 verba
835 4833 1166 4888 dilabuntur.
1202 4834 1428 4903 Reliqua
1461 4834 1583 4889 vide
1603 4835 1743 4904 apud
1772 4835 1977 4908 Grego-

406 4936 545 4991 rium
580 4933 701 4988 loco
729 4947 835 5001 quo
858 4930 1225 5002 supradictum
1254 4937 1360 4987 est.

921 5040 1148 5101 CAPUT
1191 5043 1469 5100 XXXVII].

408 5144 537 5210 Qua:
556 5144 797 5198 virtutum
825 5140 1017 5210 species
1047 5138 1327 5221 contraria:
1353 5137 1455 5191 sint
1474 5134 1693 5206 singulis
1718 5134 1980 5205 speciebus

1059 5220 1325 5262 vittarum.

477 5309 601 5363 Hazc
639 5305 803 5377 igitur
844 5311 992 5358 tanto
1015 5299 1397 5371 congruentius
1434 5296 1802 5365 unusquisque
1837 5309 1979 5363 prte-

406 5399 612 5453 dicator
652 5395 796 5449 valet
842 5393 1168 5463 exprimere,
1225 5396 1430 5458 quanto
1477 5386 1724 5440 veracius
1771 5384 1979 5452 species

406 5493 697 5556 virtutum,
741 5498 796 5543 et
833 5505 864 5544 e
914 5496 1103 5542 contra
1148 5485 1401 5538 vitiorum
1444 5482 1591 5534 novit
1623 5480 1973 5534 discernere:

408 5596 465 5640 ut
493 5603 611 5641 cum
649 5586 856 5653 singula
884 5580 1109 5652 singulis
1143 5578 1290 5632 novit
1316 5588 1602 5643 opponere.
1639 5572 1830 5639 cuique
1870 5570 1980 5622 vul-

408 5679 522 5733 neri
562 5689 745 5748 aptum
791 5676 962 5746 possit
1013 5673 1460 5726 medicamentum
1518 5663 1777 5755 invenire.
1840 5663 1975 5716 Sunt

406 5778 583 5825 autem
649 5768 702 5820 iu
751 5766 1038 5819 virtutibus
1080 5760 1326 5831 quasdam
1388 5755 1612 5825 species,
1676 5766 1794 5821 quae
1841 5767 1970 5821 quo-

2078 3288 2236 3349 ptura
2264 3289 2554 3335 attestante
2581 3280 2821 3335 dicitur:
2866 3279 3087 3333 Initium
3126 3279 3293 3332 omnis
3330 3279 3529 3347 peccati
3564 3294 3662 3330 su-

2077 3372 2254 3442 perbia
2283 3381 2356 3426 est
2386 3371 2574 3443 (Eccli.
2614 3369 2689 3441 χ).
2719 3369 2914 3425 Primze
2951 3378 3127 3425 autem
3160 3370 3276 3438 ejus
3306 3367 3537 3431 soboles,
3570 3382 3666 3421 se-

2079 3473 2224 3535 ptem
2261 3458 2514 3518 nimirum
2565 3449 2877 3531 principalia
2927 3461 3078 3523 vitia,
3125 3460 3188 3513 de
3231 3460 3332 3514 hac
3385 3457 3659 3512 virulenta

2081 3556 2261 3611 radice
2285 3553 2647 3626 proferuntur
2676 3568 2691 3606 :
2721 3552 2925 3609 scilicet
2963 3552 3137 3606 inanis
3181 3550 3372 3621 gloria,
3418 3549 3622 3604 invidia
3645 3590 3664 3614 ,

2080 3648 2180 3712 ira,
2208 3640 2705 3711 tristitia,avaritia,
2724 3647 2931 3700 ventris
2960 3644 3240 3714 ingluvies,
3260 3641 3492 3695 luxuria.
3522 3639 3663 3693 Nam

2079 3744 2203 3813 quia
2228 3743 2310 3798 his
2338 3750 2540 3812 septem
2589 3742 2735 3797 vitiis
2774 3740 3037 3811 superbiae
3089 3753 3185 3792 nos
3231 3750 3417 3804 captos
3464 3733 3662 3795 doluit,

2080 3837 2282 3891 idcirco
2325 3833 2650 3906 Redemptor
2691 3842 2876 3888 noster
2925 3833 2990 3887 ad
3037 3829 3275 3901 spiritale
3323 3826 3669 3881 liberationis

2080 3927 2342 3998 praelium,
2376 3926 2578 3996 Spiritu
2630 3924 2960 3995 septiformis
3004 3923 3189 3993 gratia:
3239 3920 3431 3990 plenus
3484 3918 3663 3971 venit.

2082 4020 2185 4077 Sed
2210 4020 2411 4075 habent
2438 4028 2624 4074 contra
2646 4034 2742 4073 nos
2771 4018 2884 4072 haec
2912 4014 3117 4086 singula
3145 4013 3442 4067 exercitum
3475 4026 3663 4065 suum.

2080 4113 2212 4168 Nam
2252 4114 2318 4169 dc
2358 4111 2504 4166 inani
2549 4110 2737 4180 gloria,
2774 4105 3151 4169 inobcdicntia,
3176 4103 3455 4172 jactantia,
3482 4101 3663 4171 hypo-

2079 4204 2256 4266 crisis,
2287 4202 2688 4263 contentiones,
2716 4197 3023 4269 pertinaciae
3043 4236 3057 4260 ,
3088 4193 3370 4248 discordia:
3415 4198 3470 4245 et
3510 4191 3669 4243 novi-

2081 4305 2248 4353 tatum
2295 4292 2738 4363 praesumptiones
2777 4289 3046 4342 oriuntur.
3095 4284 3170 4338 De
3209 4281 3408 4335 invidia
3450 4279 3667 4340 odium,

2079 4390 2396 4451 susurratio,
2425 4385 2706 4446 detractio,
2733 4380 3018 4437 exsultatio
3044 4378 3096 4430 in
3130 4374 3373 4429 azlversis
3393 4371 3669 4442 proximi,

2080 4481 2297 4537 afﬂictio
2320 4486 2498 4534 autem
2537 4478 2589 4531 in
2623 4473 2891 4545 prosperis
2940 4470 3195 4525 nascitur.
3244 4467 3319 4519 De
3366 4466 3467 4524 ira,
3520 4463 3671 4521 rixa,

2079 4581 2135 4627 et
2176 4579 2355 4625 tumor
2389 4567 2606 4628 mentis,
2661 4561 3017 4624 contumelia),
3060 4558 3284 4617 clamor,
3338 4552 3670 4618 indignatio,

2079 4657 2426 4729 blasphemiae
2455 4653 2819 4725 proferuntur.
2871 4649 2945 4702 Dc
2991 4646 3234 4704 tristitia,
3264 4641 3495 4703 malitia,
3529 4654 3634 4691 ran
3662 4669 3675 4679 ο

2081 4767 2208 4816 cor,
2237 4746 2668 4818 pusillanimitas,
2709 4739 3033 4811 desperatio,
3064 4746 3246 4807 torpor
3271 4734 3415 4788 circa
3448 4744 3671 4799 ιιι-(θρε-

2080 4854 2195 4914 pta,
2212 4841 2423 4911 vagatio
2447 4837 2643 4893 mentis
2666 4850 2794 4905 erga
2822 4832 3006 4886 illicita
3029 4830 3286 4884 nascitur.
3309 4821 3387 4878 De
3407 4821 3672 4914 avaritia,

2081 4913 2332 5005 proditio,
2361 4930 2528 4994 fraus,
2554 4926 2778 4987 fallacia,
2814 4921 3071 4994 perjuria,
3100 4916 3437 4987 inquietudo,
3460 4913 3674 5005 violen—

2085 5004 2193 5089 tiae,
2239 5033 2294 5077 et
2343 5028 2529 5077 contra
2586 5013 3010 5071 miscricordiam
3062 5006 3445 5065 obdurationes
3480 5004 3678 5057 cordis

2081 5120 2347 5175 oriuntur.
2382 5113 2459 5167 De
2484 5108 2688 5164 ventris
2713 5104 2978 5173 ingluvie,
3004 5102 3183 5168 inepta
3228 5096 3433 5158 laetitia,
3463 5094 3679 5149 scurri-

2082 5209 2227 5271 litas,
2262 5202 2620 5263 immunditia,
2685 5193 3099 5263 multiloquium,
3150 5187 3416 5243 bebctudo
3467 5200 3682 5238 sensus

2081 5300 2225 5354 circa
2252 5291 2659 5362 intelligentiam
2690 5294 3035 5362 propagatur.
3072 5283 3148 5336 De
3179 5278 3414 5338 luxuria,
3441 5277 3679 5331 caecitas

2080 5389 2296 5449 tuentis,
2350 5380 2786 5442 ineonsideratio,
2848 5372 3228 5435 inconstantia,
3276 5365 3677 5439 prrecipitatio.

2078 5494 2230 5531 amor
2258 5476 2363 5539 sui,
2391 5474 2571 5529 odium
2596 5469 2712 5534 Dei,
2740 5466 2960 5521 affectus
2989 5462 3167 5518 szeculi
3199 5457 3508 5529 praesentis,
3535 5455 3681 5509 hor-

2078 5584 2170 5621 ror
2194 5575 2375 5619 autem
2403 5561 2486 5617 vel
2512 5556 2817 5629 desperatio
2847 5553 3008 5609 futuri
3033 5557 3339 5623 generatur.
3373 5545 3483 5602 Sed
3520 5559 3679 5598 enu-

2078 5658 2297 5714 meratis
2356 5664 2558 5723 srptt‘m
2607 5648 2871 5718 superbiae
2914 5643 3178 5707 sordibus,
3232 5656 3352 5709 qua:
3400 5638 3683 5691 vitiorum

2077 5749 2368 5804 exercitum
2420 5753 2606 5798 contra
2656 5756 2751 5795 uos
2795 5738 3013 5801 ducunt,
3060 5734 3334 5789 videamus
3384 5744 3505 5797 quin
3549 5725 3683 5779 sint
