3958 6204
241 284 348 340 ll?

1021 274 1108 331 DE
1144 270 1588 330 CLERICORI'M
1629 269 2133 336 lNSTlTL‘TlONE,
2178 269 2329 326 ETC.
2367 302 2437 311 --
2472 268 2603 331 LIB.
2640 270 2725 329 Ill.
3419 272 3517 332 H8

241 399 510 454 virtutum
530 393 695 449 duces
725 398 780 447 et
806 389 1335 460 agminaesercitus,
1362 403 1484 458 quae
1513 386 1828 441 humilitatis
1857 392 1905 448 Λ
1932 386 2111 454 cipitis
2163 386 2345 456 gladii,
2388 396 2625 443 tumores
2668 388 3054 459 cogitationum
3101 390 3398 447 carnalium
3448 408 3514 448 ex

242 496 436 542 auctor
455 483 713 539 Christus
747 479 901 535 nobis
948 485 1188 549 praestat,
1231 476 1298 533 ad
1325 476 1673 547 pugnandum
1699 490 1828 530 cou-

243 586 330 633 tra
357 573 613 628 vitiorum
651 570 936 635 cohortes;
983 576 1038 622 et
1059 582 1396 638 opponamus
1422 566 1650 637 singulis
1672 566 1825 621 duci-

244 670 348 725 bus
382 665 639 721 vitiorum
686 662 854 721 duces
902 660 1210 717 contrarios
1247 659 1533 725 virtutum,
1577 659 1830 715 exerciti-

239 759 453 827 busque
478 753 771 811 exercitus.
823 752 955 809 Duci
1002 751 1165 822 igitur
1208 752 1355 808 inani
1403 751 1588 823 gloriae
1640 759 1829 806 contra

241 846 532 903 statuenda
566 852 651 901 est
678 844 784 899 dux
815 841 1116 906 humilitas,
1154 858 1277 912 qua:
1322 842 1559 897 maxime
1600 850 1829 912 generat

241 940 300 993 in
330 936 552 1003 homine
587 934 991 1005 despectionem
1021 933 1103 989 sui
1132 942 1189 988 et
1214 941 1581 1002 contemptum
1605 933 1830 987 caduca-

240 1048 363 1087 rum
394 1045 608 1094 rerum;
645 1028 1042 1097 comitibusque
1064 1025 1181 1095 ejus
1213 1025 1438 1080 comites
1465 1024 1744 1089 contrarii,
1777 1025 1829 1079 id

237 1137 341 1189 est,
378 1122 756 1181 iuobedieutize
781 1119 1119 1183 obedientia;
1149 1117 1444 1188 jactautim,
1464 1118 1680 1173 humilis
1702 1133 1827 1189 pro-

241 1218 442 1283 iussio;
475 1212 768 1285 hypocrisi,
792 1208 1139 1279 simplicitas;
1181 1208 1538 1276 contentioni,
1570 1209 1826 1265 innocen-

242 1312 346 1373 tia;
380 1306 713 1379 pertinaciae,
746 1300 1040 1369 subjectio;
1097 1299 1402 1364 discordiae;
1434 1315 1572 1370 pax;
1624 1300 1826 1354 novita-

240 1410 354 1454 tnm
396 1393 829 1468 przesumptioni,
852 1394 1013 1446 timor
1039 1390 1133 1446 Dei
1160 1398 1214 1444 et
1260 1390 1542 1445 honoratio
1589 1399 1825 1461 patrum.

242 1491 376 1543 Duei
404 1501 623 1558 quoque
651 1483 867 1539 invidia:
893 1482 1214 1554 apponcnda
1244 1489 1331 1536 est
1358 1482 1461 1537 dux
1507 1481 1828 1537 benevolen-

240 1583 352 1645 tia;
407 1577 700 1633 comitibus
735 1574 853 1644 ejus
896 1574 1162 1630 contrarii
1206 1573 1453 1638 comites,
1487 1574 1539 1628 id
1578 1583 1661 1628 est
1705 1574 1828 1630 odio

241 1670 462 1724 dilectio
484 1683 644 1733 vera;
676 1667 1054 1732 susurrationi,
1072 1665 1269 1723 locutio
1292 1679 1455 1748 vera;
1480 1664 1824 1745 detractioni,

1933 477 2147 533 diverso
2178 476 2347 533 latere
2377 477 2598 543 incidat,
2634 487 2904 547 quatenus
2943 479 3023 534 sic
3049 481 3295 549 superbis
3324 484 3517 548 prmdi-

1933 578 2085 626 cetur
2110 570 2405 635 humilitas,
2437 579 2499 625 ut
2519 580 2698 626 tamen
2727 572 2931 629 timidis
2965 588 3070 628 non
3096 583 3359 645 augeatur
3397 574 3518 630 tne-‘-

1935 667 2051 725 tus;
2093 659 2174 713 sic
2209 659 2413 734 timidis
2446 660 2760 721 infundatur
2791 664 3099 730 austeritas,
3125 673 3184 719 ut
3213 673 3390 720 tamen
3424 680 3518 722 stt-

1929 753 2114 822 perbis
2142 767 2248 808 non
2282 762 2517 809 crescat.
2539 755 2854 823 effrenatio;
2910 759 2988 814 sic
3034 759 3338 815 sollicitudo
3388 761 3520 823 boni

1930 842 2129 909 operis,
2156 850 2215 895 ut
2236 852 2418 896 tamen
2445 842 2700 912 inquietis
2733 845 3102 903 immoderata}
3144 849 3362 905 licentia
3408 866 3521 915 non

1930 940 2192 1002 augeatur
2215 933 2478 1000 actionis;
2529 936 2606 991 sic
2645 937 2901 1008 inquietis
2941 949 3174 1009 ponatur
3217 944 3428 1008 modus,
3458 951 3520 999 ut

1933 1032 2110 1078 tamen
2136 1025 2326 1081 otiosis
2354 1040 2460 1080 non
2498 1026 2589 1082 ﬁat
2628 1037 2809 1099 torpor
2834 1046 3088 1098 securus;
3124 1034 3202 1088 sic
3235 1037 3304 1089 ab
3340 1036 3518 1105 impa-

1930 1112 2187 1168 tientibus
2205 1114 2580 1185 exstinguatur
2603 1117 2705 1180 ira,
2732 1126 2791 1172 ut
2815 1127 2994 1176 tamen
3024 1123 3265 1178 remissis
3290 1139 3356 1177 ac
3382 1125 3519 1178 leni~

1929 1201 2030 1257 bus
2061 1219 2166 1257 non
2194 1214 2407 1259 crescat
2437 1206 2792 1277 negligentia;
2830 1210 2913 1265 sic
2960 1212 3108 1268 lenes
3153 1215 3522 1270 accendantur

1931 1294 1999 1350 ad
2025 1294 2223 1362 zelum,
2247 1305 2309 1351 ut
2336 1304 2517 1350 tamen
2566 1298 2840 1354 iracundis
2891 1316 2997 1355 non
3051 1303 3282 1357 addatur
3334 1304 3522 1359 inccn-

1931 1386 2112 1452 dium;
2147 1387 2224 1442 sic
2259 1388 2537 1442 tenacibus
2559 1388 2875 1444 infundatur
2899 1392 3167 1446 tribuendi
3198 1393 3523 1463 largitas,ut

1932 1486 2111 1531 tamen
2156 1478 2395 1549 prodigis
2446 1477 2721 1535 ellusionis
2767 1479 2921 1534 frena
2970 1482 3191 1537 minime
3234 1484 3516 1551 laxentur;

1931 1570 2010 1625 sic
2066 1570 2304 1640 prodigis
2356 1571 2680 1639 pnndicetur
2733 1574 2988 1643 parcitas,
3019 1584 3078 1629 ut
3123 1582 3305 1631 tamen
3351 1578 3521 1632 conti-

1934 1669 2127 1716 nentes
2147 1675 2254 1717 non
2284 1671 2606 1716 revocentur
2633 1663 2699 1717 ad
2729 1662 2944 1731 luxum;
3001 1666 3080 1720 sic
3118 1667 3519 1722 continentibus

240 1764 332 1834 pia
370 1763 640 1827 laudatio;
668 1757 1096 1816 exsultationi‘in
1127 1757 1367 1812 adversis
1394 1757 1644 1827 proximi,
1675 1773 1826 1813 com-
1858 1764 1904 1823 Β
1933 1752 2182 1807 laudetur
2207 1753 2507 1821 virginitas,
2537 1761 2597 1807 ut
2638 1763 2813 1809 tamen
2840 1756 2891 1809 in
2927 1757 3245 1827 conjugibus
3268 1759 3520 1829 despecta

242 1856 429 1927 passio
469 1857 519 1909 in
545 1852 660 1921 ejus
688 1850 1006 1917 atllictione;
1040 1849 1093 1903 in
1119 1848 1397 1920 prosperis
1426 1849 1623 1918 ipsius,
1642 1849 1829 1905 laetitia

247 1947 586 2015 insospiiate
608 1961 744 2014 ejus.
786 1943 881 1996 Ira:
908 1941 1028 1995 duci
1071 1942 1343 1995 contraria
1389 1951 1475 1997 est
1516 1942 1623 1996 dux
1677 1957 1831 1995 man-

244 2033 508 2090 suemdo:
541 2017 934 2101 comitibusque
960 2031 1077 2100 ejus
1108 2031 1250 2087 illius
1295 2031 1522 2087 comites
1567 2031 1742 2095 istius,
1776 2032 1829 2087 id

242 2131 346 2183 est,
380 2122 578 2175 tumori
633 2123 834 2176 mentis
883 2123 1168 2192 placiditas
1204 2123 1401 2185 animi;
1450 2122 1827 2187 contumeliae,

242 2213 582 2282 benignitas;
607 2211 827 2267 clamori
851 2214 1087 2284 gravitas
1103 2212 1423 2279 verborum;
1450 2214 1829 2284 indignationi,

243 2303 487 2357 suavitas
522 2318 760 2365 morum;
814 2303 1180 2373 hlasphemiaa,
1206 2304 1415 2373 puritas
1448 2304 1580 2358 oris.
1633 2304 1829 2359 Tristi-

245 2396 332 2450 tia:
362 2409 597 2464 namque
628 2395 999 2459 duci,obsistit
1021 2394 1127 2449 dux
1150 2396 1409 2465 spiritalis
1429 2396 1614 2453 laetitia
1630 2412 1828 2466 μεχρι·-

244 2487 487 2554 cituique
513 2486 630 2556 ejus
659 2485 928 2540 exercitus
956 2486 1130 2547 istius.
1153 2487 1203 2540 id
1227 2496 1310 2542 est
1340 2487 1558 2543 malitiae
1583 2488 1827 2554 bonitas;

247 2577 487 2641 rancori,
523 2577 754 2643 leuitas;
796 2575 1243 2646 pusillanintitati,
1275 2576 1681 2647 longanimitas;
1735 2580 1829 2633 de-

246 2668 563 2740 sperationi,
601 2668 1032 2738 perseverantia;
1088 2668 1291 2738 torpori
1343 2668 1489 2723 circa
1540 2678 1830 2739 prmcepta,

248 2761 487 2817 studium
522 2759 793 2831 spiritale;
838 2758 1108 2828 vagationi
1145 2758 1344 2814 mentis
1367 2773 1494 2828 erga
1517 2759 1722 2825 illicita,
1755 2760 1836 2814 in-

248 2852 419 2908 teutio
453 2851 647 2906 divinae
693 2849 957 2904 lectionis.
1005 2849 1260 2904 Avaritia:
1308 2849 1431 2905 duci
1481 2848 1709 2904 adversa
1752 2858 1833 2904 est

249 2947 354 3000 dux
404 2944 662 3013 largitas;
714 2942 1125 3015 agminibusque
1165 2939 1283 3009 ejus
1334 2941 1547 3012 agmina
1578 2942 1754 3006 istius,
1780 2942 1833 2995 id

248 3046 357 3098 est,
390 3033 716 3105 proditioni,
750 3032 882 3087 fides
924 3049 1029 3087 non
1063 3032 1227 3097 ficta;
1283 3032 1477 3098 fraudi,
1517 3033 1830 3113 sinceritas;

251 3128 489 3190 fallaciaz,
506 3128 737 3193 veritas;
772 3127 1043 3197 perjuriis,
1069 3143 1175 3182 non
1198 3125 1418 3195 jur'are;
1454 3128 1833 3198 inquietudini,
1865 3117 1909 3178 C

252 3218 641 3290 tranquillitas;
690 3218 980 3283 violentiae,
1013 3218 1303 3288 patientia;
1357 3218 1593 3283 duritia‘,
1626 3218 1836 3272 miseri—

254 3309 457 3363 cordia.
493 3307 625 3362 Duci
666 3308 864 3377 quippe
906 3307 1318 3379 gastrimargiaa,
1343 3307 1395 3362 id
1427 3317 1529 3373 est,
1555 3308 1836 3364 horrenda:

255 3398 572 3463 voracitati,
610 3396 881 3452 contraria
911 3405 995 3451 est
1022 3396 1132 3451 dux
1180 3395 1539 3462 abstinentia;
1595 3396 1835 3452 cohorti-

257 3491 460 3560 husque
496 3489 668 3556 illius,
690 3489 940 3545 cohortes
964 3488 1139 3554 istius,
1172 3488 1225 3544 id
1265 3498 1349 3544 est
1383 3488 1575 3558 ineptae
1615 3488 1836 3554 laetitiae,

253 3580 550 3645 modestia;
597 3579 944 3644 scurrilitati,
972 3578 1111 3633 ratio
1154 3594 1499 3645 sermonum;
1543 3577 1834 3633 immundi-

257 3675 363 3739 tiae,
388 3673 687 3737 sobrietas;
732 3671 1068 3741 multiloquio
1105 3671 1475 3737 taciturnitas;
1527 3669 1836 3727 hcbetudiui

257 3780 447 3819 sensus
469 3763 619 3819 circa
663 3761 1071 3832 intelligentiam
1094 3802 1109 3825 ,
1139 3760 1291 3817 furor
1331 3760 1570 3838 discendi
1621 3760 1835 3829 sapien-

260 3857 422 3921 tiam;
463 3853 857 3920 somnolentiar,
884 3852 1182 3924 vigilantia.
1221 3852 1578 3922 Luxuriznque
1605 3851 1727 3905 duci
1774 3864 1840 3905 ac

258 3947 399 4017 plebi
422 3946 536 4015 ejus
567 3946 865 4001 reluctatur
883 3946 989 4000 dux
1012 3944 1237 4000 castitas
1265 3960 1385 3999 cum
1411 3942 1565 4013 plebe
1600 3958 1696 3997 sua
1730 3962 1742 3996 :
1784 3942 1838 3997 id

255 4050 363 4104 est,
394 4040 620 4095 caritati
660 4039 874 4102 mentis,
908 4036 1290 4107 contemplatio
1313 4036 1438 4102 Dei;
1467 4034 1837 4090 inconsidera-

256 4130 412 4191 tioni,
456 4129 724 4201 provisio;
776 4129 1170 4193 incunstantiae,
1214 4127 1549 4191 constantia;
1590 4124 1836 4195 praecipi-

258 4219 861 4285 tationi,contineutia;
916 4221 1084 4274 amori
1118 4219 1232 4282 sui,
1261 4215 1605 4272 mortificatio
1632 4217 1840 4271 deside-

260 4312 462 4365 riorum
489 4311 668 4366 carnis
699 4327 842 4374 suae;
889 4311 1014 4366 odio
1040 4311 1157 4375 Dei,
1188 4310 1428 4365 cbaritas
1450 4307 1688 4379 perfecta
1719 4308 1835 4363 Dei.

257 4403 398 4458 Ecce
437 4403 547 4457 haec
589 4411 714 4457 sunt
764 4400 883 4471 quae
932 4400 1217 4471 prmsulem
1271 4400 1572 4455 animarum
1626 4406 1840 4469 oportet

1912 1859 2043 1900 .nou
2066 1844 2159 1900 ftat
2180 1844 2482 1901 fecunditas
2504 1847 2717 1913 carnis;
2741 1848 2820 1902 sic
2848 1850 3189 1917 praedicanda
3211 1861 3337 1905 sunt
3355 1853 3519 1918 bona,

1933 1953 2002 1993 ne
2028 1953 2090 1993 ex
2120 1938 2291 1993 latere
2316 1936 2611 2007 juleantur
2640 1950 2696 1995 et
2737 1942 2910 2008 mala;
2966 1943 3046 1998 sic
3091 1943 3356 2000 laudanda
3395 1955 3524 2001 sunt

1933 2026 2072 2082 bona
2096 2042 2325 2092 summa,
2349 2043 2418 2082 ne
2450 2029 2805 2098 despereutur
2856 2030 3076 2096 ultima;
3122 2032 3200 2087 sic
3235 2034 3521 2089 nutrienda

1933 2128 2060 2173 sunt
2081 2119 2290 2184 ultima,
2315 2137 2382 2174 ne
2406 2121 2532 2175 dum
2560 2122 2856 2176 creduntur
2881 2122 3149 2190 sutlioere,
3177 2139 3520 2195 nequaquam

1935 2209 2189 2267 tendatur
2212 2210 2278 2264 ad
2301 2226 2530 2265 summa.
2564 2212 2876 2267 Curandum
2908 2223 2991 2269 est
3032 2216 3216 2286 itaque
3252 2218 3521 2287 praedica-

1934 2301 2061 2362 tori,
2111 2310 2379 2371 quatenus
2420 2304 2499 2358 sic
2549 2311 2789 2375 tergatur
2838 2306 3060 2360 tristitia
3103 2322 3224 2376 qua:
3263 2310 3409 2364 venit
3453 2324 3522 2366 ex

1936 2401 2200 2463 tempore,
2228 2402 2287 2450 ut
2326 2409 2432 2449 non
2482 2404 2746 2465 augeatur
2774 2395 2957 2452 laetitia
2998 2415 3119 2468 quae
3165 2408 3250 2455 est
3289 2417 3355 2456 ex
3394 2418 3523 2457 cou-

1934 2485 2246 2553 spcrsione;
2288 2494 2344 2539 et
2390 2486 2468 2540 sic
2506 2484 2958 2542 freneturlmtitia
2989 2505 3109 2559 quae
3152 2506 3219 2547 ex
3265 2507 3523 2563 consper-

1935 2576 2084 2631 sione
2110 2586 2213 2640 est,
2228 2587 2290 2631 ut
2314 2586 2493 2634 tamen
2523 2595 2631 2633 non
2664 2588 2874 2635 crescat
2902 2583 3120 2636 tristitia
3150 2599 3270 2653 quas
3290 2586 3436 2640 venit
3455 2603 3523 2641 ex

1937 2675 2179 2737 tempore
2196 2708 2211 2731 ,
2235 2668 2315 2724 sic
2344 2669 2523 2739 itaque
2549 2670 2603 2724 in
2633 2670 2739 2726 isto
2782 2672 3107 2741 reprimatur
3132 2674 3309 2729 subito
3333 2677 3524 2732 oborta

1936 2760 2189 2825 formido,
2218 2769 2277 2815 ut
2305 2770 2483 2818 tamen
2514 2779 2620 2818 non
2648 2772 2926 2821 excrescat
2953 2768 3192 2820 enutrita
3215 2768 3305 2821 diu
3331 2770 3526 2837 praeci-

1936 2851 2159 2921 pitatio;
2205 2852 2284 2907 sic
2321 2854 2375 2908 in
2420 2853 2513 2910 illo
2551 2844 2880 2925 reprimatur
2921 2857 3010 2912 diu
3054 2858 3247 2914 oborta
3281 2861 3527 2930 praecipi-

1939 2944 2092 3009 tatio,
2132 2954 2191 2999 ut
2216 2953 2394 3000 tamen
2441 2961 2549 3001 non
2596 2946 2834 3001 valescat
2870 2947 3132 3017 impressa
3161 2965 3228 3005 ex
3267 2965 3526 3021 consper-

1940 3035 2091 3090 sionc
2120 3034 2374 3091 formido.

2469 3126 2696 3183 CAPUT
2742 3126 2985 3183 XXXIX.

1941 3218 2094 3285 Quod
2122 3219 2640 3290 oporteatpostulari
2664 3237 2696 3273 a
2724 3220 2951 3343 gumiae
2979 3221 3298 3291 possibilitas
3331 3225 3526 3293 praedi-

2635 3308 2731 3343 cau
2774 3308 2812 3343 ι.

2635 3308 2812 3344 canat.

2008 3379 2077 3434 Et
2101 3380 2215 3435 htec
2246 3395 2303 3435 se
2340 3394 2499 3450 posse
2525 3380 2568 3434 si
2600 3382 2865 3450 potuerit,
2890 3390 2945 3438 et
2969 3383 3022 3436 in
3046 3392 3306 3453 quantum
3335 3392 3523 3454 potue-

1939 3471 2032 3536 rit,
2060 3472 2259 3541 pietate
2285 3471 2457 3543 magis
2476 3472 2782 3526 orationum
2822 3487 2984 3542 quam
3034 3482 3311 3529 oratorum
3355 3473 3525 3530 tacui.

1941 3570 2049 3616 tate
2076 3578 2191 3617 non
2213 3562 2419 3617 dubitet
2459 3581 2473 3615 :
2507 3570 2567 3615 ut
2593 3564 2796 3617 orando
2819 3578 2918 3633 pro
2948 3579 3005 3619 se
3034 3580 3096 3619 ac
3118 3580 3215 3635 pro
3238 3565 3362 3631 illis,
3385 3579 3525 3636 quos

1939 3662 2025 3710 est
2048 3654 2403 3719 allocuturus,
2430 3655 2501 3709 sit
2518 3663 2705 3711 orator
2725 3666 3014 3726 antequam
3037 3657 3229 3712 dictor.
3253 3658 3369 3730 Ipsa
3393 3659 3527 3715 hora

1934 3743 2046 3812 jam
2073 3752 2132 3798 ut
2155 3745 2300 3799 dicat
2327 3747 2607 3810 accedens,
2638 3746 2955 3815 priusquam
3004 3755 3194 3802 exerat
3242 3746 3527 3817 proferen-

1939 3842 2048 3889 tem
2077 3834 2339 3904 linguam,
2362 3835 2430 3888 ad
2461 3834 2630 3888 Deum
2678 3835 2818 3890 levet
2855 3835 3090 3889 animam
3135 3835 3427 3904 sitientem,
3466 3844 3528 3893 ut

1940 3938 2116 3985 ructet
2166 3929 2310 3999 quod
2358 3928 2576 3994 biberit,
2629 3928 2713 3984 vel
2767 3930 2911 4000 quod
2961 3929 3263 4000 impleverit
3312 3928 3525 3985 fundat.

1939 4018 2075 4075 Cum
2105 4019 2248 4074 enim
2299 4017 2365 4072 de
2407 4034 2729 4089 unaquaque
2768 4035 2846 4085 re,
2880 4034 3001 4091 quae
3034 4018 3329 4074 secundum
3363 4016 3523 4075 fidem

1940 4110 2394 4181 dilectionemque
2431 4111 2711 4169 tractanda
2742 4119 2895 4176 sunt,
2920 4110 3087 4165 multa
3127 4111 3235 4166 sint
3277 4126 3398 4180 qua:
3445 4112 3526 4166 di-

1940 4209 2153 4266 cantur,
2184 4209 2241 4255 et
2271 4200 2421 4254 multi
2468 4201 2606 4256 modi
2653 4201 2848 4271 quibus
2892 4201 3141 4255 dicantur
3186 4202 3254 4255 ab
3300 4202 3379 4257 eis
3433 4203 3524 4271 qui

1940 4293 2057 4349 haec
2091 4294 2285 4357 sciunt,
2312 4295 2434 4364 quis
2464 4294 2613 4349 novit
2643 4293 2771 4364 quid
2801 4295 2865 4349 ad
2894 4308 3136 4365 praesens
3176 4302 3388 4365 tempus
3441 4295 3524 4350 vel

1941 4384 2096 4439 nobis
2140 4384 2342 4449 dicere,
2372 4384 2460 4440 vel
2506 4401 2602 4456 per
2637 4401 2734 4441 nos
2771 4385 3023 4457 expediat
3059 4385 3256 4452 audiri,
3296 4387 3402 4443 nisi
3433 4387 3524 4458 qui

257 4496 419 4557 scire.
450 4505 503 4550 et
533 4512 654 4566 qua:
689 4470 848 4552 debet
873 4470 1359 4565 inipriedicationis
1386 4493 1698 4550 diversitate
1744 4507 1834 4546 cu-

1940 4477 2103 4533 corda
2135 4477 2378 4533 omnium
2406 4476 2588 4531 videt?
2617 4485 2671 4532 et
2695 4478 2816 4547 quis
2860 4477 2990 4534 facit
3026 4486 3086 4533 ut
3129 4478 3273 4549 quod
3316 4488 3525 4550 oportet

257 4583 489 4647 stodire,
532 4594 594 4638 ut
639 4584 900 4640 sollicitus
951 4583 1296 4640 inﬁrmitates
1340 4582 1670 4654 singulorum
1710 4597 1837 4652 per-

258 4674 477 4741 pendat,
513 4685 568 4729 et
608 4689 846 4744 congrua
886 4688 1074 4728 eorum
1123 4671 1437 4729 vulneribus
1481 4670 1838 4726 medicamina

256 4773 516 4834 opponat.
543 4764 648 4819 Sed
675 4779 798 4821 cum
826 4765 1007 4834 magni
1053 4762 1216 4820 studii
1271 4764 1341 4819 sit
1382 4771 1441 4818 ut
1488 4760 1843 4817 exhortandis

259 4857 486 4926 singulis
511 4857 781 4912 serviatur
804 4858 871 4913 ad
899 4856 1130 4929 singula,
1161 4872 1284 4913 cum
1313 4856 1467 4915 valde
1510 4857 1839 4917 laboriosum

259 4949 335 5004 sit
367 4963 794 5018 unumquemque
835 4949 904 5005 de
929 4949 1159 5020 propriis
1184 4948 1285 5004 sub
1319 4949 1716 5018 dispensatione
1741 4949 1837 5005 de-

260 5038 395 5090 bitae
441 5038 887 5092 considerationis
936 5038 1226 5104 instruere,
1257 5036 1414 5108 longe
1448 5046 1625 5092 tamen
1648 5045 1732 5091 est
1765 5037 1840 5091 la-

262 5125 529 5183 boriosius
550 5127 827 5182 auditores
839 5127 1154 5184 innumeros
1168 5143 1232 5183 ac
1249 5127 1480 5182 diversis
1501 5127 1841 5197 passionibus

261 5216 593 5283 laborantes,
620 5233 728 5272 uno
756 5218 1055 5288 eodemque
1095 5225 1357 5289 tempore,
1400 5232 1532 5271 voce
1582 5217 1743 5271 unius
1787 5224 1843 5271 et

261 5308 567 5363 communis
592 5308 991 5365 exhortationis
1017 5310 1327 5367 admonere.
1364 5309 1438 5364 lbi
1467 5308 1665 5379 quippe
1696 5315 1843 5363 tanta

262 5408 395 5453 arte
413 5416 502 5456 vox
535 5403 886 5474 temperanda
923 5410 1028 5467 est,
1051 5409 1113 5456 ut
1141 5416 1265 5455 cum
1288 5400 1500 5455 diversa
1545 5399 1654 5454 sint
1697 5394 1848 5454 abdi-

264 5501 449 5544 torum
476 5494 621 5559 vitia,
650 5504 706 5549 et
734 5493 958 5562 singulis
993 5492 1339 5546 mveniantur
1376 5504 1637 5561 congrua,
1667 5498 1721 5545 et
1770 5498 1849 5543 ta-

265 5595 403 5634 men
430 5581 772 5654 sibimetipsis
803 5598 911 5639 non
943 5583 1052 5638 sint
1090 5582 1325 5649 diversa,
1353 5591 1414 5637 ut
1458 5582 1601 5637 inter
1644 5581 1850 5636 medias

265 5668 549 5739 passiones
574 5688 682 5729 uno
706 5671 922 5743 quidem
955 5672 1118 5729 ductu
1151 5680 1423 5741 transeat,
1453 5671 1545 5727 sed
1577 5686 1727 5727 more
1755 5687 1850 5726 an-

1946 4579 2002 4624 et
2017 4570 2470 4641 quemadmodum
2497 4578 2707 4639 Oportet
2730 4568 2945 4625 dicatur
2971 4569 3147 4634 nobis,
3166 4569 3268 4625 nisi
3292 4568 3348 4624 in
3374 4569 3527 4640 cujus

1945 4676 2109 4715 manu
2143 4669 2270 4715 sunt
2296 4668 2351 4714 ct
2379 4674 2478 4713 nos
2501 4666 2556 4713 et
2588 4672 2864 4715 sermones
2907 4658 3112 4714 nostri?
3164 4656 3244 4713 Ac
3293 4673 3391 4727 per
3424 4660 3526 4715 hoc

1947 4753 2119 4809 discat
2138 4752 2227 4821 qui
2254 4754 2410 4806 docet
2433 4751 2612 4806 omnia
2631 4767 2750 4821 quat
2762 4749 2999 4804 docenda
3015 4758 3160 4817 sunt,
3176 4750 3266 4820 qui
3293 4758 3348 4804 et
3370 4766 3527 4806 nosse

1947 4844 2064 4900 vult
2087 4853 2142 4900 et
2171 4844 2364 4898 docere
2400 4842 2710 4898 facultatem
2741 4843 2972 4909 dicendi,
2998 4859 3117 4912 qua:
3145 4851 3205 4897 ut
3256 4844 3409 4900 decet
3453 4846 3525 4897 vi-

1951 4955 2069 4993 rum
2092 4937 2539 5002 ecclesiasticum,
2562 4946 2859 5007 comparet.
2884 4936 2967 4991 Ad
2995 4938 3185 4993 horam
3208 4954 3338 4993 vero
3359 4939 3527 5009 ipsius

1946 5032 2197 5088 dictionis
2231 5030 2358 5086 illud
2394 5032 2570 5100 potius
2598 5032 2752 5086 bona!
2780 5032 2946 5087 menti
2989 5033 3187 5103 cogitet
3214 5033 3527 5099 convenire,

1947 5124 2089 5194 quod
2118 5122 2377 5177 Dominus
2398 5123 2474 5177 ait
2501 5141 2513 5176 :
2552 5120 2729 5177 Nolite
2753 5124 2979 5193 cogitare
3004 5121 3264 5193 quomodo
3285 5131 3375 5177 aut
3399 5124 3525 5194 quid

1947 5212 2237 5284 loquamini
2266 5226 2283 5263 :
2314 5212 2526 5265 dabitur
2552 5212 2688 5265 enim
2712 5213 2855 5267 vobis
2876 5213 2930 5267 in
2950 5211 3042 5266 illa
3054 5214 3184 5266 hora
3203 5212 3329 5282 quid
3352 5211 3522 5275 (aqua.

1948 5306 2099 5362 mini.
2132 5304 2253 5358 Non
2278 5304 2415 5358 enim
2440 5320 2526 5358 vos
2559 5305 2681 5358 estis
2704 5306 2794 5374 qui
2822 5303 3126 5374 loquimini,
3159 5303 3249 5357 sed
3299 5301 3526 5372 Spiritus

1952 5396 2129 5451 Patris
2160 5398 2315 5451 vestri
2336 5398 2425 5468 qui
2454 5396 2686 5467 loquitur
2711 5396 2763 5449 in
2788 5396 2929 5450 vobis
2960 5394 3174 5466 (Matth.
3200 5394 3275 5465 ι).
3311 5393 3369 5450 Si
3399 5410 3527 5465 ergo

1951 5489 2188 5559 loquitur
2218 5489 2270 5542 in
2302 5488 2382 5543 eis
2415 5486 2645 5558 Spiritus
2692 5494 2909 5541 sanctus
2944 5486 3036 5554 qui
3079 5486 3530 5556 persequentibus

1954 5579 2238 5634 traduntur
2266 5594 2364 5648 pro
2387 5578 2623 5639 Christo.
2652 5592 2751 5631 cur
2774 5591 2880 5632 non
2909 5584 2960 5631 et
2987 5575 3150 5633 in,eis
3174 5590 3267 5646 qut
3313 5576 3536 5630 tradunt

1953 5670 2283 5725 discentibus
2312 5668 2623 5725 Christum?
2668 5667 2770 5733 Qui
2827 5673 3008 5722 autem
3055 5666 3187 5726 dicit
3224 5667 3529 5726 hominibus
