3958 6204
395 274 500 332 H9

1039 270 1102 328 B.
1143 268 1399 329 RABANI
1438 272 1662 333 MAURI
1694 274 2016 332 ARCHIEP.
2059 275 2368 335 MOGUNT.
2411 275 2698 335 OPERUM
2731 277 2912 335 PARS
2948 280 2989 335 1.

3557 284 3665 341 620

392 401 500 443 non
532 400 654 443 esse
675 384 1094 458 przeeipiendum
1117 384 1248 455 quid
1279 385 1361 440 vel
1397 386 1851 455 quemadmodum
1879 386 1969 442 do-
2005 392 2057 452 Α
2082 402 2294 442 monem
2346 388 2531 454 daret,
2587 389 2968 459 quantomagis
3016 402 3179 445 orare
3221 393 3414 459 debet,
3458 404 3518 452 ut
3561 395 3670 451 tale

391 484 570 542 ceam,
594 476 639 532 si
664 476 916 531 doctores
941 475 1104 531 efficit
1143 475 1381 547 Spiritus
1424 486 1666 543 sanctus,
1693 487 1871 549 potest
1889 476 1978 533 ‘di-

390 584 516 626 cere
547 585 647 626 nec
674 572 938 627 orandum
975 586 1094 627 esse
1142 572 1299 628 nobis
1344 573 1489 643 quod
1543 573 1802 629 Dominus
1838 572 1915 627 ait
1965 599 1979 634 :

392 659 506 716 Scit
541 658 706 717 Pater
752 673 915 718 vester
951 664 1078 735 quid
1108 665 1248 720 vobis
1294 666 1643 720 necessarium
1680 667 1768 731 sit,
1803 666 1977 736 prius-

388 769 547 824 quam
571 756 760 824 petatis
783 757 847 809 ab
877 773 937 810 eo
965 754 1181 828 (Matth.
1211 757 1288 829 v).
1324 756 1451 813 Sive
1481 766 1662 814 autem
1694 759 1832 829 apud
1879 774 1975 829 p0-

391 844 575 915 pulum
604 845 687 900 vel
717 848 858 916 apud
887 848 1160 917 quoslibet
1196 847 1529 919 jamjamque
1571 850 1835 915 dicturus,
1860 851 1976 906 sive

392 936 535 1004 quod
562 937 702 1006 apud
724 938 978 1008 populum
1005 940 1291 994 dicendum
1318 941 1401 995 vel
1435 942 1503 997 ab
1541 942 1622 997 eis
1665 942 1757 1011 qui
1802 941 1980 997 volue-

389 1026 499 1079 rint
532 1037 627 1080 aut
656 1012 929 1097 potuerint
952 1029 1257 1100 legendum,
1300 1040 1383 1086 est
1402 1033 1726 1098 dictaturus,
1758 1042 1875 1088 oret
1916 1041 1976 1087 ut

388 1116 532 1172 Deus
555 1135 857 1174 sermonem
880 1121 1077 1175 bonum
1102 1122 1189 1176 det
1210 1122 1261 1176 in
1284 1138 1346 1177 os
1364 1123 1499 1190 ejus.
1533 1123 1588 1178 Si
1619 1126 1759 1178 enim
1791 1125 1974 1195 regina

388 1208 563 1261 oravit
591 1208 786 1263 Esther
811 1226 908 1280 pro
931 1227 1043 1266 suae
1073 1214 1247 1283 gentis
1284 1215 1563 1283 temporali
1612 1216 1786 1270 salute
1831 1216 1974 1270 locu-

390 1303 510 1351 tura
533 1298 673 1368 apud
710 1316 909 1370 regem,
938 1310 996 1356 ut
1023 1303 1075 1357 in
1101 1318 1162 1358 os
1183 1303 1300 1372 ejus
1342 1305 1483 1360 Deus
1512 1321 1809 1376 congruum
1855 1321 1971 1361 ser-

396 1477 763 1492 ~—.————————_

1802 1491 2125 1501 ———_——.

2083 493 2279 533 munus
2306 479 2563 548 accipiat,
2587 479 2679 549 qui
2706 494 2805 548 pro
2839 488 3041 534 aeterna
3073 480 3354 536 hominum
3393 481 3569 539 salute
3612 485 3669 539 in

2081 569 2325 625 doctrina
2363 577 2419 624 et
2462 570 2627 625 verbo
2669 569 2898 624 laborat.
2950 567 3027 624 illi
3072 585 3200 626 vero
3236 570 3329 642 qui
3369 586 3435 629 ea
3472 573 3672 630 dicturi

2080 667 2209 715 sunt
2232 676 2354 730 quae
2376 660 2442 715 ab
2474 659 2597 714 aliis
2617 669 2965 730 acceperunt,
2988 669 3043 715 et
3065 669 3352 731 antequam
3376 652 3669 734 accipiant,

2079 761 2239 807 orent
2266 767 2364 823 pro
2395 751 2525 821 ipsis
2552 766 2584 805 a
2621 750 2819 820 quibus
2843 751 3134 821 accipiunt,
3160 760 3220 807 ut
3243 752 3322 808 eis
3348 754 3505 808 detur
3524 755 3671 825 quod

2081 858 2179 912 per
2201 857 2297 897 eos
2327 843 2571 913 accipere
2615 842 2831 908 volunt;
2881 852 2937 897 et
2978 858 3101 896 eum
3152 843 3481 913 acceperint,
3513 835 3673 898 orent

2080 942 2139 989 ut
2164 934 2301 990 bene
2338 942 2394 988 et
2417 933 2518 1004 ipsi
2543 932 2845 1003 proferant,
2876 941 2933 988 et
2978 932 3051 987 illi
3093 933 3163 988 ad
3205 948 3341 1003 quos
3386 933 3673 1004 proferant

2078 1037 2321 1093 sumant;
2378 1035 2435 1082 et
2461 1041 2720 1097 prospero
2759 1026 2906 1081 exitu
2954 1026 3226 1093 dictionis,
3250 1026 3426 1081 eidem
3462 1025 3670 1096 gratias

2076 1132 2261 1194 agant,
2296 1137 2326 1176 a
2357 1136 2465 1192 quo
2503 1121 2556 1174 id
2588 1135 2645 1175 se
2688 1120 2964 1189 accepisse
3010 1135 3116 1174 non
3159 1119 3447 1174 dubitant:
3477 1127 3540 1173 ut
3573 1117 3669 1189 qui

2074 1213 2357 1285 gloriatur,
2375 1213 2427 1266 in
2450 1210 2540 1265 illo
2564 1211 2823 1282 glorietur
2853 1211 2908 1265 in
2939 1210 3094 1281 cujus
3115 1226 3280 1267 manu
3307 1218 3434 1267 sunt
3460 1217 3517 1266 et
3544 1224 3667 1278 nos,

2073 1314 2129 1361 et
2158 1318 2438 1360 sermones
2472 1305 2668 1359 nostri.

2582 1486 3666 1520 2m

968 1639 1546 1754 BEATI
1617 1643 1956 1756 BA!

2059 1645 2360 1757 AN!
2436 1643 3057 1760 ΜΔΠΒῙ

1112 1853 1495 1912 FULDENSIS
1531 1854 1825 1912 ABBATlS
1862 1855 1951 1912 ET
1990 1848 2375 1912 MOGUNTINI
2409 1854 2929 1914 ARCHIEPISCOPI

799 2033 1213 2146 LIBER
1293 2035 1475 2147 DE
1570 2033 2373 2153 OBLATIONE
2456 2038 3225 2157 PUERORUM

1792 2253 2034 2317 ’ANNO
2073 2255 2241 2336 819.)

1394 2414 1624 2482 (Italum,
1653 2415 1826 2467 Annal.
1843 2415 2059 2480 Beued.,
2081 2417 2305 2510 Append.
2332 2418 2391 2468 ad
2411 2422 2527 2470 tom.
2548 2417 2634 2472 ΙΙ.)

1822 2571 2205 2586 ﬂ

379 2682 1024 2737 INCIPIT-OPUSCULUM
1064 2695 1299 2738 RABANI
1325 2696 1530 2739 MAURI
1563 2698 1810 2741 CONTRA
1844 2696 1956 2743 EOS

2064 2688 2167 2736 tes.
2196 2681 2307 2737 Nec
2332 2682 2577 2739 recolunt
2603 2684 2656 2740 id
2684 2684 2947 2755 Apostoli,
2976 2699 3083 2756 quo
3114 2686 3191 2741 ait
3221 2706 3235 2743 :
3274 2707 3294 2741 ι
3331 2687 3461 2745 Sive
3486 2695 3633 2748 seni
3643 2733 3661 2757 ,

439 2774 543 2827 QUI
580 2773 960 2816 REPUGNANT
984 2774 1333 2817 INSTITUTIS
1371 2776 1430 2819 B.
1472 2779 1527 2820 Ρ.
1568 2778 1929 2822 ΒΕΝΕΒΙΩΤῙ.

446 2873 505 2931 Si
537 2876 658 2946 quis
704 2875 1042 2946 Seripturam
1089 2892 1320 2943 sacram,
1362 2895 1523 2947 quam
1571 2894 1668 2949 per
1715 2881 1964 2937 homines

377 2968 578 3037 probos
590 2967 846 3022 divinitus
868 2968 1157 3037 inspiratos
1180 2984 1408 3039 superna
1434 2971 1697 3041 sapientia
1725 2972 1961 3027 humano

377 3063 557 3134 generi
588 3062 912 3125 contulerat,
947 3063 1259 3132 inspexerit,
1291 3081 1396 3119 non
1440 3066 1586 3119 aliud
1626 3081 1744 3122 eam
1795 3083 1958 3137 quam

376 3153 799 3209 destructionem
843 3153 1173 3208 inﬁdelitatis
1203 3162 1364 3225 atque
1401 3155 1727 3225 cupiditatis,
1753 3163 1809 3210 et
1832 3155 1961 3210 aedi-

374 3244 681 3301 ﬁcationem
709 3243 829 3299 ﬁdei
862 3260 926 3300 ac
955 3245 1236 3299 charitatis
1279 3245 1557 3300 nobiscum
1600 3260 1761 3315 agere
1802 3260 1959 3316 repe-

374 3336 524 3390 riet:
570 3345 629 3389 ut
666 3336 1114 3390 ahrenuutiantes
1160 3335 1394 3400 diabolo,
1436 3344 1492 3390 et
1537 3335 1750 3406 pompis
1798 3343 1959 3404 atque

372 3428 628 3498 eperibus
656 3425 794 3495 ejus,
843 3443 938 3497 per
975 3426 1155 3493 ﬁdem,
1201 3444 1351 3498 spem
1384 3438 1439 3485 et
1476 3430 1819 3495 charitatem,
1866 3430 1957 3483 uni

374 3520 486 3574 Deo
513 3518 683 3583 Patri,
706 3527 759 3574 et
789 3518 944 3584 Filio,
968 3528 1022 3574 et
1050 3519 1274 3591 Spiritui
1326 3530 1517 3577 sancto
1567 3521 1797 3576 ﬁdeliter
1837 3537 1953 3576 ser—

371 3608 604 3661 viamus.
634 3606 786 3663 Unde
818 3608 1066 3674 mirandi,
1094 3608 1203 3663 imo
1232 3610 1521 3665 miserandi
1547 3619 1672 3664 sunt
1718 3610 1792 3664 illi
1838 3610 1953 3679 qui,

370 3695 474 3752 hoc
502 3696 831 3768 negligentes
878 3698 1019 3767 quod
1068 3699 1121 3753 in
1177 3697 1403 3753 infantia
1446 3699 1674 3769 professi
1725 3707 1869 3764 sunt,
1900 3708 1955 3755 et

371 3789 513 3859 quod
543 3788 596 3843 in
621 3790 919 3860 primordio
948 3790 1068 3844 vita:
1090 3805 1201 3847 suae
1222 3790 1628 3856 abdicaverunt,
1646 3790 1801 3861 quasi
1827 3791 1956 3846 emi-

369 3878 634 3933 nentioris
672 3893 737 3932 ac
779 3878 999 3949 majoris
1044 3878 1320 3949 dignitatis
1366 3879 1457 3945 sit,
1505 3879 1555 3934 ei
1612 3888 1948 3949 praeponunt.

369 3970 508 4025 Sunt
527 3986 657 4043 ergo
682 3970 898 4041 quidam
922 3971 1016 4042 qui
1039 3986 1069 4024 a
1092 3969 1374 4026 cunabulis
1397 3971 1511 4027 suis
1534 3986 1716 4027 sacras
1743 3971 1953 4026 litteras

2066 2773 2180 2829 sive
2201 2773 2577 2839 liberi,omnes
2604 2791 2767 2831 unum
2789 2792 2975 2833 sumus
2999 2777 3051 2831 in
3076 2778 3313 2837 Christo.
3341 2802 3361 2833 ι
3385 2782 3452 2836 Et
3472 2783 3612 2840 idem
3636 2804 3649 2839 :

2070 2884 2088 2917 ι
2125 2864 2225 2932 Qui
2272 2866 2446 2927 enim,
2493 2867 2685 2936 inquit,
2736 2868 2872 2922 liher
2915 2879 3139 2926 vocatus
3195 2881 3302 2938 est,
3332 2890 3522 2929 servus
3568 2888 3657 2933 est

2063 2954 2295 3021 Christi;
2338 2976 2356 3008 ι
2394 2965 2490 3010 et:
2524 2975 2543 3007 ι
2587 2957 2689 3024 Qui
2744 2973 2934 3013 servus
2982 2969 3203 3015 vocatus
3251 2972 3374 3027 est,
3424 2963 3655 3021 libertus

2064 3056 2148 3101 est
2176 3046 2409 3100 Domini.
2445 3067 2463 3099 ι
2493 3048 2723 3103 Maxime
2745 3065 2867 3103 cum
2896 3058 2949 3103 et
2976 3051 3078 3107 hoc
3105 3067 3205 3120 pro
3224 3068 3419 3123 magno
3444 3055 3653 3113 honore

2063 3143 2235 3197 sancti
2275 3142 2465 3198 Patres
2501 3144 2758 3207 habuere,
2792 3146 2934 3215 quod
2962 3147 3102 3200 servi
3137 3146 3231 3200 Dei
3272 3164 3654 3219 nuncuparen-

2062 3244 2168 3290 tur.
2206 3235 2358 3291 Unde
2385 3245 2440 3291 et
2463 3237 2756 3295 Abraham.
2787 3238 2933 3294 Isaac
2958 3248 3011 3293 et
3046 3239 3214 3295 Jaeoh
3243 3242 3382 3296 servi
3426 3242 3524 3296 Dei
3557 3259 3654 3300 ex-

2060 3327 2191 3382 celsi
2223 3328 2470 3398 appellati
2516 3338 2659 3383 sunt.
2703 3329 2837 3384 lliuc
2880 3339 2935 3385 et
2980 3331 3191 3402 Moyses
3235 3342 3289 3389 et
3332 3335 3648 3403 prophetxe,
3741 3332 3765 3351 ‘

2058 3419 2187 3473 hinc
2211 3418 2310 3474 Job
2334 3429 2388 3474 et
2411 3421 2577 3475 David
2600 3437 2877 3476 servorum
2908 3422 3001 3477 Dei
3033 3424 3250 3481 nomine
3279 3426 3533 3479 nobiliter
3554 3427 3649 3479 ad-

2059 3510 2227 3564 notati
2258 3518 2542 3574 sunt,cum
2569 3512 2682 3581 ipse
2705 3513 2965 3567 Dominus
2993 3514 3057 3566 ad
3093 3513 3257 3568 Satan
3288 3516 3364 3569 ait
3393 3535 3405 3569 :
3444 3535 3462 3565 ι
3501 3515 3650 3569 Nun-

2057 3602 2187 3671 quid
2214 3602 2571 3657 considerasti
2604 3618 2820 3656 servntn
2853 3620 3029 3658 meum
3072 3603 3191 3663 Joh.
3222 3607 3365 3675 quod
3417 3623 3523 3660 non
3574 3609 3647 3663 sit

2057 3692 2105 3746 ei
2133 3692 2326 3746 similis
2357 3692 2411 3746 in
2444 3694 2627 3746 terra?
2676 3713 2694 3743 ι
2726 3701 2781 3747 et
2808 3695 2875 3746 de
2901 3694 3069 3747 David
3106 3715 3117 3748 :
3156 3714 3173 3745 ι
3213 3696 3419 3761 Inveni,
3447 3699 3645 3768 inquit,

2058 3783 2225 3838 David
2251 3798 2468 3838 servum
2491 3798 2689 3847 meum,
2719 3784 2838 3838 oleo
2864 3794 3055 3839 sancto
3082 3802 3204 3841 meo
3242 3787 3368 3841 unxi
3417 3804 3567 3843 etiin.
3620 3809 3641 3842 ο

2057 3873 2165 3931 Sed
2209 3875 2276 3930 ad
2300 3877 2416 3931 lucc
2450 3875 2677 3931 forsitan
2718 3877 2807 3932 isti
2844 3893 3102 3932 novorum
3137 3879 3648 3951 dogmatum,insti-

2056 3975 2266 4023 tutores
2294 3968 2639 4038 respondent,
2670 3983 2775 4022 non
2809 3983 2866 4022 se
2899 3968 3273 4023 contradicere
3302 3972 3433 4040 quin
3481 3988 3647 4028 omne

367 4058 692 4125 didicerunt,
726 4069 779 4114 et
832 4068 1031 4115 sancta:
1081 4059 1339 4116 Ecclesiaa
1385 4062 1716 4141 nutrimento
1765 4063 1952 4117 tandiu
1980 4064 2026 4128 C
2056 4074 2224 4130 genus
2252 4058 2545 4113 humanum
2569 4058 2764 4112 divina:
2788 4059 3034 4114 servituti
3081 4059 3373 4115 obnoxium
3415 4063 3509 4127 sit,
3547 4065 3648 4118 sed

366 4149 481 4204 aliti
505 4157 652 4215 sunt,
675 4165 956 4221 quousque
986 4151 1119 4206 satis
1147 4151 1359 4206 educati
1402 4152 1455 4206 in
1492 4152 1722 4207 sublime
1764 4168 1954 4209 sacro-

364 4256 485 4296 rum
514 4240 765 4297 ordinum
792 4243 1241 4312 proveherentur.
1276 4243 1384 4300 Sed
1415 4244 1615 4317 ingrati
1657 4253 1810 4301 tanto
1836 4262 1955 4301 mu-

363 4346 514 4396 nere,
529 4333 798 4387 contraria
829 4334 1258 4391 orthodoxorum
1285 4334 1504 4391 Patrum
1533 4336 1658 4393 ﬁdei
1691 4338 1950 4403 sentiunt,

369 4435 435 4475 ac
456 4428 686 4475 matrem
714 4422 1088 4478 universorum
1113 4424 1351 4480 ﬁdelium
1379 4426 1501 4481 telis
1520 4426 1820 4497 iniquitatis
1842 4443 1954 4483 suae

368 4508 609 4578 quotidie
648 4509 991 4580 impugnant;
1063 4528 1187 4567 cum
1231 4514 1335 4569 hoc
1382 4515 1536 4584 quasi
1577 4516 1802 4585 probum
1852 4516 1954 4571 ﬁn-

368 4609 527 4671 gunt,
573 4609 737 4670 atque
770 4617 868 4671 pro
902 4618 1030 4658 vero
1071 4606 1373 4675 quibusque
1420 4608 1797 4663 commendare
1841 4618 1951 4665 sat-

370 4701 559 4764 agunt,
589 4694 731 4763 quod
761 4709 860 4750 nec
890 4696 1234 4765 patriarchae,
1265 4713 1440 4768 neque
1461 4700 1736 4771 propheta:
1761 4701 1815 4755 in
1842 4700 1949 4758 Ve-

366 4785 464 4841 teri
513 4785 864 4842 Testamento
910 4804 1148 4858 unquam
1195 4790 1521 4859 habuerunt,
1569 4807 1668 4847 nec
1719 4795 1946 4863 apostoli

361 4886 524 4947 atque
545 4878 889 4949 evangelista:
928 4880 982 4934 in
1023 4880 1170 4937 Novo
1205 4880 1322 4937 ﬁeri
1350 4883 1570 4938 omnino
1596 4894 1941 4940 consuerunt.

360 4969 515 5026 Unde
539 4970 809 5025 dementia
833 4987 1021 5027 eorum
1049 4975 1300 5031 omnibus
1325 4983 1451 5030 nota
1481 4974 1591 5041 ﬁet,
1608 4977 1824 5047 quando
1846 4970 1946 5034 nec

356 5059 651 5130 prioribus,
682 5078 782 5117 nec
817 5064 1169 5133 sequentibus
1208 5065 1351 5120 veris
1395 5065 1492 5122 Dei
1540 5067 1836 5124 cultoribus
1888 5069 1943 5125 in

356 5151 461 5206 ulla
488 5160 644 5224 parte
670 5154 1021 5209 concordant.

423 5241 592 5298 Aiunt
613 5245 755 5299 enim
786 5246 1093 5317 pompatice
1119 5262 1409 5316 pravorum
1431 5259 1742 5322 nogmatum
1772 5252 1943 5322 impu-

2054 4163 2160 4204 non
2190 4148 2325 4204 velle
2346 4149 2490 4219 quod
2519 4149 2587 4204 ad
2613 4149 2968 4204 monasticam
2995 4149 3334 4219 disciplinam
3360 4159 3416 4205 et
3452 4152 3520 4206 ad
3552 4168 3647 4208 rc-

2053 4237 2294 4308 gularcm
2344 4239 2587 4293 ordinem
2641 4239 2973 4308 sequendum
3016 4240 3213 4309 aliquis
3262 4239 3430 4295 ﬁlium
3481 4257 3648 4298 suum

2055 4326 2250 4380 tradat.
2279 4325 2442 4392 Quasi
2474 4328 2527 4382 in
2567 4342 2632 4382 eo
2660 4328 2927 4383 immunes
2950 4328 3058 4383 sint
3088 4329 3233 4399 quod
3276 4345 3382 4385 non
3425 4332 3644 4398 generi,

2052 4415 2147 4471 sed
2176 4416 2372 4486 speciei
2395 4417 2675 4486 derogent,
2697 4433 2820 4472 cum
2861 4418 3069 4488 species
3112 4418 3181 4471 ad
3218 4432 3387 4486 genus
3432 4419 3646 4474 refera-

2054 4514 2162 4570 tur,
2188 4522 2290 4561 nec
2320 4523 2489 4578 genus
2515 4508 2631 4563 sine
2654 4508 2955 4578 specierum
3000 4507 3312 4564 diversitate
3338 4511 3646 4566 consistere

2049 4599 2241 4670 possit.
2272 4600 2403 4666 Quis
2433 4615 2672 4669 unquam
2703 4600 3084 4654 hmretieorum
3127 4600 3213 4653 vel
3261 4601 3644 4657 sehismatico-

2049 4706 2168 4744 rum
2208 4689 2345 4757 fuit,
2393 4691 2482 4761 qui
2536 4691 2845 4748 universam
2897 4692 3212 4764 religionem
3268 4692 3643 4751 Christianam

2046 4781 2264 4851 penitus
2292 4781 2551 4852 ahjiceret
2579 4791 2741 4854 atque
2770 4783 3100 4856 denegaret?
3160 4787 3264 4842 hoc
3307 4787 3455 4842 enim
3511 4805 3643 4860 pro—

2045 4873 2161 4944 prie
2180 4873 2470 4928 inlidelium
2485 4883 2600 4941 est;
2626 4876 2718 4930 sed
2743 4876 2868 4946 quia
2889 4878 3033 4933 veris
3054 4877 3187 4933 falsa
3208 4881 3643 4951 permiseebant,

2044 4971 2100 5020 et
2126 4964 2364 5035 regulam
2394 4966 2640 5022 veritatis
2681 4983 2777 5038 per
2808 4970 2992 5024 omnia
3038 4973 3188 5041 sequi
3235 4972 3521 5039 nolebant,
3544 4992 3645 5029 ex-

2046 5065 2221 5115 torres
2247 5057 2373 5114 facti
2424 5069 2625 5115 sanctae
2666 5061 2942 5128 Ecclesire,
2977 5067 3359 5122 communione
3412 5070 3643 5139 penitus

2043 5150 2239 5219 privati
2272 5160 2415 5206 sunt.
2447 5150 2579 5206 Nam
2608 5152 2660 5206 in
2688 5152 2983 5225 Evangelia
3025 5155 3285 5213 Dominus
3317 5158 3394 5211 ait
3423 5178 3436 5212 :
3474 5179 3492 5211 ί
3532 5161 3643 5228 Qui

2040 5244 2263 5301 solverit
2286 5262 2451 5300 unum
2483 5247 2549 5301 de
2582 5246 2850 5302 mandatis
2880 5248 3000 5303 istis
3029 5248 3287 5314 minimis,
3308 5257 3361 5304 et
3382 5250 3641 5306 docuerit

356 5335 547 5391 dentes
589 5337 845 5405 artiﬁces,
891 5340 1034 5409 quod
1072 5355 1177 5395 non
1231 5341 1392 5397 liceat
1440 5345 1752 5414 parentibus
1805 5344 1939 5400 ﬁlios
1975 5413 1978 5414 ί
2041 5339 2120 5393 sic
2145 5338 2688 5399 hemincsmininms
2713 5337 2995 5393 vocabitur
3017 5339 3070 5393 in
3099 5355 3266 5411 regno
3292 5340 3578 5396 cmlomxn.
3611 5364 3633 5395 ι

353 5426 605 5494 parvulos
632 5428 699 5482 ad
746 5428 841 5484 Dei
886 5431 1167 5485 servitium
1214 5413 1454 5495 tradere,
1499 5450 1600 5489 nec
1647 5436 1939 5490 convenire
1966 5413 2017 5474 Ῑ)
2046 5429 2196 5485 Unde
2236 5427 2472 5484 Jacobus
2502 5430 2775 5500 apostolus
2807 5431 2884 5485 ait
2916 5449 2928 5485 :
2968 5449 2987 5481 ι
3024 5431 3126 5499 Qui
3161 5433 3212 5486 in
3242 5448 3351 5487 ιιηο
3380 5432 3639 5500 offendit.

354 5514 560 5569 homini
588 5516 757 5573 libero
783 5519 1073 5588 ingenuum
1097 5520 1266 5575 ﬁlium
1290 5536 1505 5576 servum
1525 5522 1725 5587 facere,
1750 5525 1941 5577 Imma-

356 5617 479 5658 nam
504 5604 673 5676 legem
700 5608 811 5663 Deo
841 5608 1137 5679 imponere,
1165 5610 1470 5665 voluntates
1510 5628 1575 5666 ac
1612 5613 1935 5668 dominatio-

355 5707 475 5748 nem
500 5710 717 5752 omnem
741 5698 993 5755 humanis
1021 5701 1390 5758 sanctionibus
1425 5704 1687 5773 subjicere
1727 5720 1934 5761 conan-

2044 5520 2218 5577 factus
2250 5532 2332 5578 est
2376 5524 2617 5578 omnium
2666 5540 2809 5579 reus.
2870 5544 2888 5577 ι
2945 5523 3082 5580 lliuc
3126 5534 3182 5579 et
3229 5525 3430 5580 Paulus
3488 5528 3569 5581 ait
3619 5550 3637 5585 :

2047 5634 2065 5665 ι
2107 5615 2730 5672 lllodicum‘fcrmentum
2763 5626 2928 5674 totam
2975 5634 3208 5675 massam
3249 5621 3576 5689 corrumpit.
3610 5640 3630 5674 ι

2042 5705 2178 5761 llinc
2230 5716 2283 5762 et
2333 5705 2566 5765 Joannes
2615 5709 2789 5765 dicit:
2832 5729 2849 5761 ε
2892 5709 2968 5766 Ex
3017 5711 3171 5768 nobis
3225 5711 3501 5777 exierunt,
3539 5709 3633 5767 sui
