3958 6204
304 293 402 352 ιςιί

1342 295 1538 353 LIBER
1579 297 1666 353 DE
1705 297 2091 355 OBLATIONE
2129 297 2535 355 PUERORUM.

3457 303 3569 358 4‘22

310 432 413 472 non
441 423 601 469 erant
621 429 690 470 ex
713 412 900 481 uehis;
944 429 1072 471 nam
1121 416 1167 472 si
1202 415 1428 473 fuissent
1458 434 1524 473 ex
1561 420 1736 483 nobis,
1767 436 1884 491 per-
1912 425 1963 484 Α
1987 417 2191 472 minum
2216 418 2496 483 delectari,
2521 418 2643 473 audi
2676 399 2990 487 Apostolum
3026 418 3292 473 dicentem
3318 432 3334 474 :
3368 437 3387 472 ι
3408 420 3574 478 Num-

311 506 639 560 mansissent
661 505 850 575 utique
877 505 1189 573 nobiscum;
1239 510 1335 563 sed
1371 518 1429 564 ut
1458 511 1730 565 manifesti
1757 512 1887 577 sint,

310 597 564 665 quoniam
581 611 692 651 non
709 605 836 652 sunt
860 612 1049 653 omnes
1072 613 1137 653 ex
1162 599 1335 654 nobis.
1368 620 1387 653 ι
1419 600 1486 654 Et
1511 602 1637 655 item
1667 618 1680 655 :
1713 618 1732 653 ι
1764 600 1893 657 0m-

310 693 417 755 nis,
451 710 470 742 ι
502 689 701 759 inquit,
736 707 756 740 ε
786 689 876 758 qui
906 705 1013 744 non
1054 700 1237 745 manet
1282 690 1335 746 in
1375 692 1619 747 doctrina
1666 691 1890 757 Christi,

315 782 480 833 Deum
502 795 612 834 non
638 780 833 847 habet;
866 781 958 850 qui
986 789 1269 851 permanet
1296 782 1351 837 in
1375 781 1642 847 doctrina,
1669 782 1757 837 hic
1798 781 1892 837 Fi-

311 871 438 924 lium
465 878 522 924 et
549 869 771 924 Patrem
798 870 978 926 habet.
1021 870 1079 926 Si
1106 872 1229 942 quis
1256 872 1405 927 venit
1430 874 1495 925 ad
1531 888 1645 939 vos,
1668 880 1723 925 et
1754 873 1893 927 hanc

312 960 610 1014 doctrinam
638 976 745 1015 non
774 960 950 1026 aﬁ‘ert,
976 961 1139 1016 nolite
1163 963 1404 1033 recipere
1428 978 1551 1017 eum
1575 964 1629 1017 in
1654 964 1888 1026 domum,

313 1066 412 1105 nec
444 1050 560 1115 Ave
588 1051 638 1105 ei
670 1051 937 1117 dixeritis,
960 1052 1052 1121 qui
1079 1053 1224 1107 enim
1261 1054 1394 1108 dicit
1430 1054 1563 1119 Ave,
1588 1055 1893 1108 communi-

313 1154 401 1199 eat
423 1144 684 1213 operibus
712 1144 855 1199 illius
883 1144 1149 1216 malignis.
1191 1164 1210 1197 ι
1243 1145 1404 1216 Ergo,
1433 1145 1740 1216 quicunque
1769 1145 1894 1199 reli-

313 1236 457 1306 gioni
480 1235 826 1301 Christianae,
840 1243 895 1290 et
914 1250 1058 1290 sana:
1074 1236 1351 1301 doctrinae,
1365 1252 1525 1306 quam
1549 1236 1617 1291 ab
1637 1235 1894 1305 apostolis

315 1337 370 1381 et
390 1326 692 1397 prophetis.
719 1342 929 1382 necnon
960 1334 1017 1381 et
1058 1327 1126 1382 ab
1171 1327 1289 1397 ipso
1331 1328 1558 1383 Domino
1588 1334 1890 1398 susceptam

316 1417 704 1473 honorabiliter
716 1426 901 1473 sancta
922 1418 1155 1473 custodit
1175 1418 1437 1483 Ecclesia,
1452 1433 1521 1473 ex
1544 1419 1721 1489 aliqua
1740 1425 1894 1489 parte

322 1524 415 1563 ore
437 1508 759 1578 blasphemo
780 1509 1252 1579 reprehensionem
1282 1509 1498 1578 ingerit,
1528 1524 1620 1564 seu
1659 1507 1894 1563 diminu-

317 1598 515 1653 tionem
544 1598 695 1663 facit,
721 1599 856 1653 sciat
878 1614 935 1654 se
954 1599 1196 1669 corporis
1219 1597 1421 1654 Christi
1444 1600 1665 1655 omnino
1686 1600 1893 1655 unitate

316 1687 582 1756 privatum
607 1701 744 1746 esse.
775 1701 874 1743 nec
905 1703 1061 1757 posse
1084 1688 1183 1743 nisi
1212 1703 1308 1759 per
1351 1689 1720 1758 paenitentiam
1763 1703 1891 1743 con-

315 1777 530 1845 dignam
555 1777 761 1832 crroris
791 1777 874 1832 sui
900 1777 1112 1847 veniam
1139 1786 1194 1834 et
1224 1779 1459 1833 caelestis
1494 1779 1645 1851 regni
1681 1777 1885 1832 aditum
1912 1769 1961 1829 B
1987 1769 2187 1826 frustra
2215 1773 2562 1841 subsequitur
2590 1773 2872 1844 Scriptura
2912 1775 3099 1831 dicens
3144 1790 3159 1829 :

317 1868 636 1937 promereri,
682 1868 829 1936 quia,
861 1869 1154 1923 secundum
1203 1868 1499 1924 Salvatoris
1543 1867 1887 1933 sententiam,

321 1976 341 2008 ι
376 1954 546 2011 Nemo
570 1957 817 2012 ascendit
845 1957 897 2012 in
921 1957 1135 2022 coelum,
1163 1959 1266 2013 nisi
1294 1959 1383 2027 qui
1413 1959 1479 2014 de
1498 1957 1636 2013 coelo
1664 1958 1887 2012 descen-

316 2047 412 2110 dit,
442 2046 610 2101 Filius
638 2047 896 2113 hominis,
917 2047 1009 2118 qui
1037 2057 1122 2103 est
1144 2048 1197 2102 in
1224 2047 1379 2102 coelo.
1411 2068 1429 2101 ι
1466 2047 1566 2115 Qui
1605 2049 1749 2103 enim
1776 2065 1888 2104 ma-

317 2147 409 2191 net
435 2136 489 2191 in
521 2136 744 2193 unitatis
767 2152 1056 2210 compage,
1078 2137 1149 2192 ad
1176 2154 1400 2209 regnum
1441 2139 1599 2194 simul
1636 2141 1890 2197 ascendet

316 2243 440 2283 cum
466 2228 682 2299 capite;
725 2228 817 2298 qui
842 2236 1019 2283 autem
1048 2228 1335 2284 divortium
1361 2236 1524 2294 amat,
1554 2244 1772 2285 necesse
1807 2237 1891 2286 est

315 2327 375 2371 ut
398 2317 452 2371 in
484 2317 591 2372 ima
620 2316 817 2372 inferni
841 2318 1002 2388 atque
1028 2318 1080 2373 in
1103 2319 1291 2373 tartari
1305 2319 1568 2389 profunda
1587 2321 1743 2375 simul
1767 2337 1890 2376 cum

312 2408 516 2463 erroris
554 2414 779 2463 auctore
820 2423 884 2463 ac
931 2408 1282 2464 dissensionis
1333 2410 1633 2465 animatore
1678 2410 1890 2467 diabolo

314 2507 610 2569 mergatur,
634 2499 762 2570 quia
790 2514 898 2553 non
922 2507 1006 2554 est
1028 2500 1383 2556 dissensionis
1410 2500 1570 2567 Deus,
1595 2503 1690 2558 sed
1716 2504 1885 2575 pacis.

391 2586 500 2644 Sed
527 2589 655 2660 quia
691 2588 961 2658 negotium
981 2589 1249 2645 scribendi
1281 2592 1614 2662 suscepimus
1633 2594 1891 2649 adversus

313 2692 413 2734 eos
453 2678 544 2748 qui
596 2679 782 2734 dicunt
807 2694 915 2734 non
956 2678 1125 2735 licere
1170 2682 1485 2750 parentibus
1524 2681 1710 2737 liberis
1751 2683 1891 2740 ﬁlios

313 2780 439 2822 suos
498 2767 760 2838 ingenuos
798 2767 894 2822 Dei
939 2768 1162 2823 servitio
1206 2770 1513 2839 mancipare
1537 2811 1552 2837 ,
1592 2786 1801 2836 necnon
1833 2781 1891 2828 et

313 2866 500 2912 contra
535 2857 652 2912 illos
680 2857 793 2926 qui,
825 2857 979 2928 parvi
1028 2858 1324 2928 pendentes
1368 2870 1553 2915 votum
1587 2861 1730 2932 quod
1779 2863 1889 2919 Deo

315 2956 605 3012 voverunt,
634 2948 915 3003 servitium
972 2958 1220 3004 sanctum
1267 2951 1408 3020 quod
1454 2953 1683 3022 professi
1729 2963 1886 3022 sunt,

315 3037 461 3107 quasi
484 3039 601 3092 sine
633 3045 785 3092 reatu
805 3039 1054 3095 deserere
1085 3048 1322 3108 possent,
1348 3040 1564 3113 indigne
1592 3042 1881 3112 abjiciunt;

316 3127 666 3182 monasticam
713 3143 925 3198 quoque
973 3129 1309 3199 disciplinam
1339 3132 1632 3187 secundum
1673 3142 1886 3191 sancto-

316 3233 427 3271 rum
455 3217 682 3271 Patrum
711 3218 921 3287 regulas
947 3219 1250 3275 ordinatam
1271 3261 1286 3286 ,
1318 3236 1416 3277 ceu
1440 3223 1673 3279 humana
1695 3226 1888 3282 inven-

316 3308 487 3371 tione,
532 3315 588 3362 et
632 3323 740 3363 non
799 3308 980 3363 divina
1041 3311 1361 3367 auctoritate
1407 3312 1705 3370 institutam
1734 3356 1750 3383 ,
1796 3317 1889 3373 de-

314 3398 601 3467 spicientes
629 3398 1002 3473 detestantur;
1045 3400 1220 3471 primo
1264 3417 1539 3458 sacrarum
1578 3404 1888 3478 Scriptura-

314 3503 427 3541 rum
461 3489 783 3543 testimoniis
807 3496 860 3543 et
896 3499 1208 3545 sanctorum
1235 3490 1460 3547 Patrum
1490 3496 1751 3565 exemplis
1799 3512 1887 3552 os-

314 3579 611 3643 tendemus,
662 3578 828 3634 licere
874 3581 1078 3635 homini
1125 3580 1433 3639 Christiano
1458 3599 1613 3640 suam
1647 3587 1888 3643 sobolem

313 3669 420 3725 Deo
448 3686 769 3727 consecrare
798 3690 811 3726 :
851 3672 1067 3728 demum
1095 3683 1278 3728 votum
1307 3677 1448 3744 quod
1487 3676 1598 3732 Deo
1627 3691 1883 3747 voretur,

312 3759 424 3815 sine
447 3776 643 3831 magno
665 3769 816 3815 reatu
837 3762 1010 3817 omitti
1034 3764 1254 3818 omnino
1274 3779 1379 3818 non
1402 3779 1591 3834 posse;
1616 3776 1886 3837 postremo

314 3852 475 3905 vitam
537 3852 890 3925 monasticam
944 3869 1053 3909 non
1103 3855 1337 3909 humana
1384 3859 1882 3927 argumentatione,

314 3939 403 3992 sed
425 3939 603 3994 divina
630 3941 951 3997 auctoritate
994 3942 1292 3998 institutam
1322 3958 1482 4000 esse:
1517 3954 1574 4000 ut
1610 3948 1666 4001 hi
1705 3949 1795 4017 qui
1829 3948 1884 4003 in

312 4028 421 4083 suis
466 4030 633 4085 sectis
662 4032 832 4103 magis
862 4033 1139 4087 conﬁdunt
1187 4049 1351 4105 quam
1404 4036 1458 4090 in
1489 4036 1794 4093 divinorum
1815 4039 1883 4093 li-

311 4117 525 4177 brorum
563 4122 800 4190 scriptis,
822 4123 1012 4178 saltem
1037 4124 1150 4193 ipsa
1179 4126 1406 4181 veritate
1432 4129 1689 4196 superati,
1712 4131 1885 4198 paeni-

313 4210 531 4264 tentiam
569 4219 749 4280 agant,
793 4227 1140 4283 erroremque
1179 4228 1335 4268 suum
1366 4214 1749 4285 relinquentes,
1794 4234 1881 4275 se-

311 4302 565 4371 metipsos
605 4302 853 4372 decipere
900 4302 1143 4373 aliosque
1190 4318 1372 4359 secum
1412 4304 1481 4359 ad
1524 4307 1882 4375 perditionem

312 4392 524 4447 trahere
554 4394 838 4448 desistant.

379 4481 536 4536 Juxta
577 4482 928 4553 primordium
967 4498 1096 4554 ergo
1137 4484 1257 4539 libri
1314 4484 1587 4543 Geneseos
1617 4528 1631 4554 ,
1682 4486 1771 4542 ubi
1816 4489 1882 4544 dc

304 4572 622 4641 protoplasti
644 4573 835 4641 primis
876 4571 999 4626 ﬁliis
1028 4583 1209 4627 narrat
1242 4573 1519 4645 Scriptura
1548 4587 1731 4633 sancta
1753 4620 1767 4643 ,
1807 4579 1881 4635 ita

302 4660 599 4731 snrjungit,
631 4662 856 4716 dicens:
896 4680 915 4713 ‹
952 4661 1073 4718 Fuit
1099 4673 1277 4719 autem
1302 4665 1435 4720 Abel
1456 4677 1641 4736 pastor
1675 4671 1878 4736 ovium,

298 4757 355 4800 et
386 4748 515 4801 Cain
538 4750 792 4819 agricola.
824 4750 1047 4806 Factum
1074 4759 1157 4806 est
1185 4762 1364 4808 autem
1390 4764 1513 4823 post
1542 4757 1740 4813 multos
1767 4759 1882 4814 dies

299 4845 365 4890 ut
393 4838 609 4894 oﬁ'erret
633 4840 763 4894 Cain
794 4842 860 4896 de
889 4840 1152 4898 fructibus
1177 4851 1334 4898 terra:
1361 4860 1584 4900 munera
1610 4846 1837 4904 Domino
1863 4871 1874 4905 :

293 4927 437 4983 Abel
455 4945 670 5001 quoque
690 4930 883 4985 obtulit
907 4933 974 4988 de
1004 4933 1375 5005 primogenitis
1398 4939 1577 5008 gregis
1600 4940 1705 5005 sui,
1737 4950 1792 4996 et
1811 4942 1878 4997 de

294 5019 550 5090 adipibus
579 5038 789 5077 eorum.
822 5023 889 5078 Et
922 5024 1161 5095 respexit
1198 5026 1458 5082 Dominus
1505 5029 1573 5083 ad
1612 5030 1779 5094 Abel,
1821 5040 1878 5086 et

291 5111 365 5165 ad
413 5128 634 5169 munera
668 5112 813 5183 ejus;
854 5114 921 5170 ad
957 5115 1091 5171 Cain
1126 5132 1274 5182 vero,
1304 5125 1360 5171 et
1386 5119 1455 5173 ad
1482 5134 1710 5175 munera
1732 5120 1877 5176 illius

288 5221 405 5261 non
437 5209 689 5278 respexit.
730 5229 748 5261 ι
797 5209 935 5265 Ecce
963 5209 1130 5266 habes
1148 5210 1303 5281 juxta
1331 5211 1728 5269 inchoationem
1771 5215 1872 5270 hu-

286 5297 445 5353 mani
487 5299 721 5371 generis,
774 5301 957 5356 statim
1005 5301 1114 5356 Deo
1141 5302 1354 5372 placere
1392 5304 1873 5376 primogenitorum

1992 508 2120 578 quid
2147 508 2213 561 de
2242 508 2411 563 bobus
2432 524 2563 563 cura
2591 516 2674 562 cst
2706 509 2849 562 Deo?
2891 524 2958 562 an
3003 509 3173 581 magis
3203 511 3403 581 scripta
3446 518 3577 569 sunt

1988 605 2211 665 propter
2238 597 2380 650 nos?
2406 616 2424 648 ι
2461 595 2597 651 Hinc
2619 597 2879 651 Dominus
2905 612 3003 666 per
3032 596 3374 654 Psalmistam
3400 602 3572 659 dicit:

1996 702 2017 736 α
2047 685 2161 739 Νοη
2185 687 2445 756 accipiam
2477 687 2543 742 dc
2571 689 2731 741 domo
2763 697 2851 741 tua
2882 689 3098 755 vitulos,
3142 706 3317 759 neque
3361 693 3426 746 de
3452 708 3580 764 gre-

1992 774 2148 843 gibus
2194 776 2300 829 tuis
2340 775 2540 839 hircos,
2576 776 2831 844 quoniam
2886 791 3020 831 mea:
3064 774 3190 832 sunt
3226 780 3577 838 omnes-ferte

1991 864 2269 931 silvarum,
2295 867 2538 936 jumenta
2569 868 2622 921 in
2656 868 2935 923 montibus
2964 877 3018 924 et
3045 870 3231 926 boves.
3272 890 3290 922 ›
3328 873 3395 927 Ει
3417 874 3578 944 paulo

1993 965 2151 1025 post:
2192 976 2210 1007 ι
2245 957 2489 1021 lnmtola,
2526 979 2545 1011 ι
2578 960 2671 1024 ait,
2711 978 2729 1010 ι
2766 962 2875 1014 Deo
2905 961 3232 1016 sacriﬁcium
3284 964 3477 1030 laudis,
3522 974 3578 1023 et

1993 1047 2156 1101 redde
2177 1049 2454 1103 Altissimo
2480 1058 2602 1104 vota
2650 1060 2761 1105 tua.
2805 1071 2823 1103 ι
2860 1052 2927 1106 Ει
2958 1053 3085 1107 item
3131 1071 3142 1106 :
3182 1073 3201 1104 ‹
3235 1052 3578 1111 Sacrificium

1992 1139 2185 1206 laudis,
2220 1142 2413 1211 inquit,
2451 1143 2834 1198 honoriﬁcabit
2857 1160 2964 1209 me,
3001 1156 3053 1200 et
3098 1145 3208 1200 illic
3236 1148 3339 1201 iter
3365 1156 3468 1212 est,
3519 1149 3575 1203 in

1992 1244 2098 1299 quo
2125 1232 2411 1285 ostendam
2439 1232 2544 1287 illis
2588 1234 2827 1288 salutare
2858 1235 2973 1289 Dei.
3007 1254 3024 1286 ι
3059 1234 3193 1290 Cum
3238 1245 3417 1292 autem
3445 1237 3577 1292 Cain

1991 1330 2212 1390 propter
2261 1322 2518 1377 invidiam
2569 1324 2897 1380 interﬁceret
2932 1326 3091 1391 Abel,
3145 1343 3337 1383 rursus
3402 1328 3576 1382 Adam

1992 1414 2244 1483 cognovit
2269 1429 2493 1470 uxorem
2530 1430 2704 1482 suam,
2732 1432 2851 1485 qtae
2878 1419 3085 1487 peperit
3112 1419 3161 1473 ei
3192 1418 3381 1483 ﬁlium,
3415 1434 3577 1488 quem

1992 1504 2208 1558 vocavit
2261 1502 2414 1569 Seth,
2479 1505 2703 1561 dicens:
2748 1526 2766 1557 ‹
2812 1506 2999 1560 Posuit
3027 1507 3157 1561 mihi
3202 1507 3346 1579 Deus
3392 1522 3579 1563 semen

1992 1592 2138 1647 aliud
2187 1608 2288 1663 pro
2329 1594 2485 1659 Abel,
2511 1611 2669 1664 quem
2699 1597 2898 1650 occidit
2934 1596 3088 1651 Cain.
3122 1616 3141 1647 ι
3187 1596 3293 1651 Sed
3345 1606 3400 1651 et
3445 1597 3579 1653 Seth

1990 1688 2152 1736 natus
2197 1690 2283 1736 est
2331 1682 2490 1745 ﬁlius,
2535 1699 2695 1753 quem
2747 1686 2959 1739 vocavit
3006 1686 3185 1752 Enos,
3222 1687 3288 1741 de
3316 1702 3423 1755 quo
3468 1703 3578 1744 non

3204 1796 3222 1827 ‹
3268 1776 3377 1831 lste
3415 1778 3583 1848 cmpit

1989 1861 2242 1917 invocare
2260 1878 2455 1918 nomen
2483 1864 2716 1918 Domini.
2741 1883 2760 1916 ›
2789 1863 2943 1919 Sicut
2967 1864 3111 1919 enim
3137 1865 3270 1920 Abel
3298 1866 3391 1920 ﬁlii
3405 1867 3580 1921 Adam

1988 1952 2315 2007 oblationem
2356 1953 2468 2008 Deo
2519 1954 2733 2023 placere
2778 1956 3116 2024 approbavit,
3168 1957 3241 2010 ita
3273 1966 3327 2012 et
3362 1958 3577 2029 nepotis

1966 2043 2179 2114 ‘ipsius,
2211 2046 2314 2100 hoc
2338 2052 2441 2109 est,
2474 2045 2636 2108 Enos,
2664 2045 3004 2101 devotionem
3040 2047 3092 2100 in
3123 2046 3337 2101 laudem
3366 2047 3460 2102 Dei
3479 2063 3579 2102 ex-

1987 2134 2211 2203 pressit,
2249 2149 2373 2188 cum
2400 2134 2529 2188 dicit
2559 2148 2573 2188 :
2609 2154 2627 2186 ι
2655 2135 2762 2189 lste
2792 2134 2959 2204 coepit
2980 2135 3234 2189 invocare
3261 2149 3454 2189 nomen
3480 2135 3579 2192 Do.

1991 2224 2139 2279 mini.
2174 2244 2193 2276 ι
2224 2223 2341 2280 Non
2373 2224 2519 2280 enim
2549 2226 2648 2291 ait,
2681 2225 2785 2279 iste
2816 2225 3093 2293 studiosus
3138 2241 3202 2281 ac
3236 2225 3439 2281 callens
3475 2225 3578 2281 fuit

1989 2312 2044 2366 in
2093 2314 2353 2368 exercitio
2383 2314 2563 2383 operis
2615 2315 2816 2370 terreni
2846 2333 2859 2368 :
2900 2316 2994 2371 sed
3022 2330 3131 2385 quo
3164 2316 3337 2387 magis
3389 2317 3573 2371 Domi-

1990 2418 2116 2458 num
2154 2404 2409 2459 delectari
2443 2406 2616 2471 novit,
2662 2407 2765 2461 hoc
2791 2422 2890 2477 pro
2938 2422 3132 2479 magno
3165 2407 3342 2463 laudis
3369 2409 3576 2463 honore

1988 2495 2202 2562 extulit,
2241 2496 2470 2552 dicens:
2530 2517 2549 2549 ι
2583 2497 2688 2552 iste
2714 2498 2879 2569 coepit
2931 2499 3185 2554 invocare
3225 2514 3422 2554 nomen
3464 2500 3574 2557 Do-

1989 2584 2144 2638 mini.
2175 2603 2195 2637 ι
2230 2584 2324 2640 llle
2349 2600 2482 2655 ergo
2512 2587 2615 2641 rite
2638 2588 2853 2642 invocat
2884 2604 3079 2644 nomen
3107 2589 3341 2657 Domini,
3372 2591 3463 2660 qui
3481 2592 3575 2646 de-

1989 2685 2177 2731 votum
2207 2685 2415 2746 pectus,
2468 2686 2524 2734 et
2549 2680 2662 2735 oris
2704 2680 2958 2747 oliicium,
2985 2697 3050 2737 ac
3093 2683 3218 2739 boni
3251 2684 3431 2754 operis
3462 2694 3578 2739 stu-

1991 2765 2138 2820 dium
2196 2767 2265 2820 ad
2309 2766 2733 2836 gloriﬁcandum-
2779 2769 3064 2825 Dominum
3114 2773 3409 2827 coadunat.
3468 2772 3577 2828 Iste

1989 2856 2185 2912 merito
2224 2872 2347 2911 cum
2369 2856 2658 2913 Psalmista
2693 2858 2876 2915 dicere
2900 2869 3078 2930 potest
3109 2875 3124 2914 :
3159 2880 3177 2912 ι
3223 2861 3281 2915 in
3310 2876 3397 2916 me
3425 2869 3580 2928 sunt,

1989 2944 2152 3012 Deus,
2185 2954 2328 3011 vota,
2360 2961 2482 3016 qua:
2513 2948 2735 3002 reddam
2767 2948 3109 3005 laudationes
3141 2950 3259 3004 tibi.
3297 2970 3316 3003 ι
3374 2949 3575 3005 Simili-

1991 3045 2076 3090 ter
2129 3052 2342 3106 quoque
2397 3037 2584 3092 Enoch
2636 3046 2691 3092 et
2746 3037 2858 3093 Noe
2917 3040 3020 3094 hoc
3067 3041 3122 3094 in
3174 3040 3349 3095 laudis
3409 3041 3568 3098 titulo

1911 3116 1956 3179 C
1985 3125 2346 3195 principatum
2402 3125 2621 3191 habent,
2674 3127 2820 3196 quod
2862 3128 3149 3182 Dominum
3211 3129 3467 3185 timerent
3517 3138 3575 3185 et

1989 3226 2260 3283 amarent,
2309 3227 2473 3288 atque
2500 3219 2553 3272 in
2580 3217 2698 3286 ejus
2726 3221 3009 3291 przeceptis
3055 3221 3319 3275 bonorum
3346 3237 3572 3293 operum

1988 3307 2263 3378 gressibus
2294 3307 2652 3363 ambularent.
2684 3309 2922 3377 Quorum
2948 3312 3186 3382 priorem
3212 3314 3397 3369 tulisse
3422 3315 3564 3372 Deus

1988 3399 2207 3465 dicitur,
2240 3416 2309 3455 ne
2365 3401 2566 3456 diutius
2620 3402 2881 3458 toleraret
2929 3411 3275 3474 peccatorum
3328 3408 3571 3463 vexatio-

1987 3506 2142 3558 nem;
2175 3492 2426 3558 alterum,
2470 3494 2671 3549 mundo
2699 3494 2899 3550 diluvio
2926 3506 3209 3565 pereunte,
3242 3498 3294 3552 in
3328 3515 3454 3553 arca
3491 3500 3569 3555 si-

1986 3582 2098 3635 mul
2127 3597 2251 3636 cum
2282 3582 2466 3638 sobole
2508 3583 2573 3637 ad
2604 3584 3011 3643 restaurandam
3048 3585 3340 3641 humanam
3379 3604 3571 3660 proge-

1985 3672 2130 3726 niem
2182 3672 2498 3728 inscribitur
2558 3687 2884 3728 reservasse.
2942 3672 3108 3743 Cujus
3178 3675 3570 3746 primogenitus

1986 3762 2146 3829 Sem,
2193 3763 2348 3832 juxta
2391 3763 2738 3819 Hebraeorum
2788 3765 3119 3834 opinionem,
3159 3775 3277 3820 erat
3314 3770 3568 3825 sacerdos

1986 3856 2081 3911 Dei
2109 3857 2327 3922 summi,
2355 3870 2513 3925 quem
2543 3857 2596 3910 in
2625 3855 3080 3926 subsequentibus
3110 3855 3389 3927 Scriptura
3438 3859 3567 3914 Mel-

1984 3947 2272 4002 chisedech
2318 3947 2585 4018 appellat,
2635 3947 2866 4004 offerens
2888 3964 3084 4023 panem
3120 3957 3176 4003 et
3220 3949 3429 4016 vinum,
3471 3967 3561 4007 se-

1984 4037 2218 4092 cundum
2242 4038 2398 4108 cujus
2425 4039 2668 4094 ordinem
2697 4039 2786 4094 ille
2811 4039 3062 4095 sacerdos
3079 4040 3354 4096 exstitisse
3376 4043 3564 4110 perhi-

1982 4124 2175 4191 betur;
2207 4126 2275 4180 ad
2302 4142 2464 4196 quem
2495 4128 2667 4197 patria
2697 4143 2799 4183 vox
2827 4127 2881 4181 in
2911 4128 3135 4198 psalmis
3162 4128 3240 4183 ait
3269 4147 3282 4182 :
3333 4147 3352 4181 ι
3390 4130 3470 4185 Tu
3497 4147 3559 4187 es

1984 4219 2240 4274 sacerdos
2281 4219 2335 4273 in
2376 4228 2637 4274 mtcrnum
2684 4218 2976 4273 secundum
3004 4220 3249 4274 ordinem
3280 4220 3560 4276 Melchise-

1984 4310 2138 4366 dech.
2175 4330 2194 4362 ι
2238 4310 2405 4381 igitur
2428 4309 2699 4364 Abraham
2725 4310 2943 4364 unicum
2972 4309 3094 4364 ﬁdei
3126 4317 3181 4364 et
3203 4310 3555 4379 obedientiaz,

1985 4412 2145 4474 atque
2172 4419 2313 4458 verae
2341 4402 2559 4473 pietatis
2595 4400 2891 4471 exemplar,
2921 4402 3014 4471 qui
3043 4402 3111 4456 ad
3131 4417 3317 4458 vocem
3343 4403 3555 4458 Domini

1983 4508 2233 4566 egressus
2267 4504 2351 4549 est
2377 4493 2443 4549 de
2485 4501 2627 4548 terra
2641 4508 2775 4567 ‘sua,
2802 4500 2858 4546 et
2889 4492 2955 4547 de
2994 4493 3314 4563 cognatione
3342 4509 3459 4559 sua,
3503 4502 3559 4549 et

1983 4588 2359 4658 peregrinatus
2386 4595 2470 4641 est
2496 4586 2549 4640 in
2584 4594 2727 4639 terra
2771 4599 2933 4654 quam
2966 4584 3041 4639 illi
3074 4584 3332 4640 Dominus
3354 4586 3558 4656 promi-

1981 4687 2128 4733 serat
2158 4693 2217 4733 se
2248 4680 2522 4740 daturum,
2553 4685 2609 4731 et
2638 4677 2829 4732 semini
2870 4675 2988 4746 ejus
3029 4686 3151 4748 post
3177 4691 3300 4733 eum
3331 4678 3384 4731 in
3426 4694 3554 4748 pos-

1981 4768 2301 4823 sessionem.
2332 4767 2432 4822 Hic
2484 4767 2653 4821 ﬁlium
2698 4782 2855 4821 suum
2890 4766 3062 4833 lsaac,
3111 4767 3178 4822 de
3203 4783 3308 4838 quo
3348 4770 3554 4838 accepit

1981 4860 2480 4930 repromissionem,
2510 4859 2579 4914 ad
2609 4861 2893 4929 imperium
2924 4861 3133 4916 Domini
3161 4861 3420 4917 obtulisse
3458 4860 3553 4916 de-

1981 4950 2255 5016 scribitur,
2298 4950 2353 5005 in
2400 4950 2598 5016 locmn,
2646 4966 2807 5021 quem
2838 4954 3150 5007 ostenderat
3192 4953 3241 5006 ei
3294 4952 3454 5017 Deus,
3494 4952 3550 5008 in

1979 5056 2086 5110 quo
2126 5042 2408 5097 aediﬁcavit
2447 5042 2633 5105 altare,
2663 5043 2989 5113 et'desuper
3025 5042 3168 5113 ligna
3213 5041 3547 5111 composuit,

1979 5147 2209 5202 cumque
2239 5132 2544 5204 colligasset
2580 5131 2748 5187 ﬁlium
2791 5148 2948 5187 suum
2989 5130 3421 5194 dilectissimum,
3455 5146 3551 5200 po-

1978 5222 2088 5277 suit
2112 5238 2236 5277 eum
2266 5223 2319 5277 in
2344 5224 2514 5278 altare
2544 5237 2707 5292 super
2730 5231 2935 5278 struem
2965 5223 3253 5292 lignorum,
3281 5220 3551 5275 cxtendit-

1977 5329 2082 5385 que
2111 5329 2352 5379 manum,
2391 5321 2447 5368 et
2486 5313 2715 5383 arripuit
2745 5312 3014 5383 gladium,
3051 5319 3110 5365 ut
3154 5309 3457 5364 immolaret
3485 5308 3548 5363 ﬁ-

282 5388 645 5457 Oblautmem.
692 5392 759 5447 de
806 5392 1079 5448 ἱιιηοεθηιὶ
1121 5402 1337 5464 Pectore
1365 5402 1524 5464 atque
1551 5397 1874 5467 pinguedine
1973 5406 2135 5472 lium;
2188 5407 2280 5461 sed
2316 5405 2538 5476 angelus
2584 5406 2797 5459 Domini
2823 5403 3100 5473 prohibuit
3139 5415 3284 5466 eum,
3316 5401 3541 5455 dicens:

284 5480 583 5537 charitatis
636 5482 925 5552 prolatam,
955 5484 1128 5555 magis
1156 5500 1318 5556 quam
1354 5486 1422 5539 ad
1468 5486 1870 5555 inquisitionem

1977 5513 1997 5546 ι
2041 5493 2119 5549 Ne
2147 5494 2406 5549 extendas
2437 5509 2657 5548 manum
2695 5501 2844 5546 tuam
2880 5505 3045 5559 super
3081 5503 3328 5559 puerum,
3370 5502 3546 5556 neque

285 5569 502 5626 terreni
540 5569 736 5637 cultus,
764 5572 852 5626 ubi
883 5573 1155 5645 ingenium
1180 5574 1339 5630 callet
1364 5577 1677 5630 humanum.
1716 5578 1782 5632 Et
1803 5595 1871 5634 ne
1970 5584 2138 5640 facias
2175 5585 2224 5638 ei
2264 5584 2595 5654 quidquam-
2619 5581 2769 5637 Nunc
2798 5581 3022 5651 cognovi
3052 5579 3192 5648 quod
3218 5577 3414 5633 timeas
3442 5576 3546 5632 Do-

282 5664 437 5723 fortc
467 5661 635 5727 dicas,
677 5663 762 5720 hic
792 5664 1074 5721 brutorum
1120 5666 1434 5723 animalium
1466 5666 1734 5724 oblatione
1767 5670 1870 5726 Do.
1970 5673 2196 5740 minum,
2228 5680 2281 5728 et
2325 5688 2430 5729 non
2479 5671 2785 5743 peperceris
2838 5669 2947 5724 ﬁlio
2979 5678 3072 5726 tuo
3108 5669 3385 5742 unigenito
3416 5682 3544 5740 pro—
