3958 6204
385 256 492 313 625

1027 249 1087 305 Β.
1126 250 1380 306 RABANI
1416 249 1636 308 MAURI
1670 249 1987 307 ARCHIEP.
2031 250 2344 335 MOGUNT.
2386 250 2672 309 OPERIIM
2711 251 2895 306 PARS
2931 253 2971 307 l.

3554 258 3657 313 ιΞᾶ

383 380 504 441 pter
539 379 643 422 me.
682 384 703 419 ι
741 365 810 421 Et
837 361 997 434 paulo
1022 372 1144 434 post
1184 365 1431 434 sequitur
1460 364 1743 435 Scriptura
1770 367 1837 420 de
1881 378 1973 419 eo-
2004 388 2050 447 A
2077 374 2336 421 mentum.
2372 365 2532 421 Fodit
2557 376 2750 435 puteos
2774 365 3057 436 plurimos,
3085 373 3154 419 ut~
3173 367 3441 424 inveniret
3469 385 3665 441 aquam

383 460 506 511 dem
552 454 627 509 ita
668 467 901 509 narrans
935 472 946 507 :
987 471 1006 503 ι
1044 452 1147 508 Per
1175 454 1555 525 memetipsum
1600 454 1811 525 juravi,
1841 453 1974 508 dicit

385 546 668 611 Dominus,
700 544 826 615 quia
862 542 1038 600 fecisti
1067 560 1182 611 rem
1232 544 1396 610 hanc,
1442 551 1498 598 et
1540 560 1646 599 non
1683 544 1972 615 pepercisti

385 637 493 692 ﬁlio
539 646 631 693 tuo
666 636 974 709 ~unigenito,
1008 636 1325 691 benedicam
1358 636 1476 703 tibi,
1523 646 1578 691 et
1602 635 1975 706 multiplicabo

387 745 573 784 semen
607 737 757 783 tuum
788 728 929 782 sicut
955 727 1144 783 stellas
1175 728 1323 792 cceli,
1347 736 1402 782 et
1430 728 1580 783 velut
1606 742 1828 782 arenam
1854 742 1974 797 qua:

386 829 469 874 est
496 821 551 874 in
591 820 772 874 littore
802 820 991 874 maris.
1030 818 1337 874 Possidebit
1363 834 1547 874 semen
1595 828 1746 873 tuum
1792 827 1976 890 portas

386 909 753 973 inimicorum,
789 916 844 962 et
892 909 1283 964 benedicentur
1324 909 1379 963 in
1420 910 1626 965 semine
1656 917 1747 966 tuo
1785 925 1977 971 omnes

386 1010 574 1071 gentes
602 1009 783 1064 terrae,
816 999 943 1069 quia
977 998 1213 1055 obedisti
1244 1000 1363 1054 voci
1387 1014 1541 1054 mere.
1574 1019 1595 1052 ι

457 1097 594 1163 Quid
626 1096 692 1151 ad
722 1097 838 1150 hrec
865 1096 1191 1165 respondent
1217 1095 1512 1166 importuni
1541 1095 1858 1151 defensores
1886 1109 1978 1165 ge-

388 1188 569 1242 nuinae
623 1187 911 1249 libertatis,
970 1196 1026 1240 et
1081 1185 1355 1255 vaniloqui
1410 1195 1600 1242 contra
1652 1187 1976 1242 Dominum?

390 1277 645 1348 Nunquid
681 1276 889 1341 dicunt,
934 1276 1079 1331 hunc
1112 1276 1478 1345 patriarcham
1530 1278 1715 1347 inique
1755 1278 1935 1348 egisse
1958 1319 1973 1344 ,

389 1370 533 1441 quod
579 1369 797 1423 unicum
849 1367 1015 1421 ﬁlium
1062 1377 1118 1422 et
1151 1368 1445 1430 hatredem,
1487 1367 1554 1423 de
1598 1368 1768 1423 libera
1807 1384 1977 1425 uxore

387 1468 595 1524 natum,
647 1468 871 1530 propter
906 1459 1221 1513 mandatum
1277 1458 1491 1514 Domini
1538 1459 1840 1515 oII'erebat?
1886 1469 1977 1514 aut

390 1559 626 1623 arguunt
676 1551 961 1605 Dominum
1010 1551 1325 1620 impietatis,
1372 1551 1517 1621 quod
1557 1551 1768 1606 ﬁdelem
1819 1567 1975 1607 suum

389 1642 651 1694 cultorem
684 1640 923 1710 coegerit
952 1640 1299 1708 parricidium
1336 1642 1713 1697 committere?
1751 1657 1818 1696 an
1867 1658 1974 1697 non

2081 452 2256 508 vivam
2285 474 2297 508 :
2333 456 2535 511 docens
2564 471 2666 511 nos
2692 457 2899 510 intente
2924 456 3177 511 meditari
3227 456 3547 528 Scripturas
3573 477 3668 516 sa-

2077 559 2222 611 cras,
2274 545 2446 600 donec
2484 546 2848 616 percipiamus
2894 546 3133 601 divinam
3174 549 3518 618 sapientiam.
3569 551 3668 609 Hic

2076 650 2206 707 ergo
2249 636 2511 706 patientia
2566 652 2663 691 sua
2696 645 2754 691 et
2798 638 3107 693 obcdientia
3157 641 3337 713 arguit
3387 641 3529 711 illos,
3574 647 3669 716 qui

2077 735 2301 797 paterno
2324 728 2553 797 superbe
2580 728 2842 783 resistunt
2864 736 3010 795 voto,
3040 739 3203 801 atque
3229 731 3471 801 decreto,
3519 752 3590 793 ne
3611 737 3667 794 in

2076 817 2156 873 eis
2180 817 2375 875 divinae
2396 820 2675 875 servitutis
2700 821 2984 891 expleatur
3018 821 3259 881 eﬁectus.
3402 836 3405 837 '

2148 910 2413 966 Similiter
2436 919 2492 966 et
2534 910 2722 978 Iacob,
2748 914 2836 967 vir
2863 913 3091 985 simplex
3121 916 3375 975 habitans
3403 920 3455 975 in
3485 922 3666 978 taber-

2077 1000 2304 1066 naculis,
2334 1000 2657 1057 humilitatis
2688 1018 2915 1060 summae
2939 1020 3006 1060 ac
3034 1008 3479 1071 mansuetudinis.
3507 1014 3667 1069 nobis

2076 1092 2284 1161 praebet
2303 1093 2632 1163 exemplum,
2670 1104 2731 1150 ut
2769 1097 2814 1151 si
2841 1097 3071 1155 velimus
3095 1100 3526 1159 benedictionem
3561 1108 3670 1163 bte-

2078 1184 2315 1239 rcditare
2343 1195 2645 1256 paternam,
2697 1204 3014 1245 maneamus
3059 1190 3115 1246 in
3155 1192 3525 1264 simplicitatis
3571 1206 3695 1252 no-‘

2077 1279 2205 1326 straa
2231 1275 2611 1339 tabernaculis,
2640 1284 2695 1330 et
2719 1276 2977 1333 Ecclesiae
3003 1281 3194 1336 matris
3207 1297 3307 1352 per
3333 1285 3515 1340 omnia
3540 1288 3670 1343 sub.

2079 1363 2200 1429 diti,
2246 1367 2418 1437 magis
2467 1369 2823 1438 subjiciamur
2875 1371 3098 1442 regulis,
3148 1390 3312 1445 quam
3357 1392 3480 1432 cum
3529 1380 3671 1435 Esau

2078 1453 2199 1509 rufo
2246 1466 2300 1510 et
2348 1457 2580 1527 hispido,
2633 1460 2787 1515 vanis
2819 1461 3005 1517 mundi
3052 1465 3360 1521 serviamus
3411 1470 3667 1540 negotiis.

2078 1546 2215 1612 Quid
2270 1563 2530 1602 enumero
2576 1551 2886 1620 specialiter
2936 1554 3375 1621 patriarcharum
3432 1558 3673 1630 singulo-

2080 1655 2198 1693 rum
2237 1638 2395 1703 lacta,
2450 1641 2516 1695 ad
2550 1644 3008 1712 comprobandant
3050 1653 3294 1716 paterna:
3326 1650 3670 1706 auctoritatis

390 1731 563 1801 magis
613 1730 797 1799 iniqua
840 1738 925 1784 est
957 1730 1141 1799 Opinio
1176 1745 1365 1785 eorum
1413 1732 1505 1800 qui
1536 1731 1709 1803 legem
1749 1733 1976 1789 munda—
2004 1741 2051 1800 Β
2079 1743 2428 1804 potestatem,
2473 1733 2529 1787 in
2572 1733 2698 1789 ﬁliis
2726 1736 2838 1791 suis
2867 1736 2935 1790 ad
2984 1738 3267 1793 servitium
3312 1738 3407 1793 Dei
3445 1742 3669 1795 traden—

391 1839 518 1876 nam
548 1831 603 1876 ct
632 1821 983 1891 temporalem
1024 1821 1130 1890 legi
1165 1820 1361 1876 divinze
1389 1831 1554 1892 atque
1582 1833 1826 1889 aeternae,
1857 1839 1977 1894 qua:

392 1915 573 1969 onmia
606 1914 743 1982 regit
762 1920 814 1967 et
842 1921 1035 1967 cuncta
1063 1920 1196 1967 nutu
1219 1928 1318 1967 suo
1339 1914 1597 1982 disponit,
1625 1918 1981 1985 prteponunt?

395 2002 451 2058 Si
475 2004 618 2058 enim
648 2003 751 2057 hoc
774 2018 881 2057 non
906 2002 1032 2058 licet
1058 2004 1202 2072 quod
1237 2005 1379 2060 Deus
1401 2015 1637 2061 aeternus
1658 2006 1774 2061 ﬁeri
1805 2005 1976 2076 jubet,

392 2097 659 2167 quomodo
701 2096 827 2153 licet
860 2097 1002 2166 quod
1052 2097 1307 2153 universa
1339 2099 1552 2153 vanitas
1601 2099 1800 2154 docet?
1839 2100 1979 2154 scri-

391 2196 540 2256 ptum
578 2196 663 2241 est
694 2187 837 2241 enim
874 2205 887 2239 :
927 2207 944 2237 ι
984 2186 1247 2241 Universa
1271 2188 1484 2242 vanitas
1507 2189 1684 2243 omnis
1710 2189 1871 2245 homo
1900 2190 1981 2243 vi-

393 2294 544 2333 vens.
586 2298 604 2330 ι
650 2277 970 2347 Quanquam
1008 2279 1061 2332 in
1107 2279 1339 2349 imagine.
1382 2279 1473 2333 Dei
1501 2281 1760 2345 ambulet,
1799 2290 1979 2337 tamen

390 2385 529 2426 vane
562 2369 997 2425 contnrbabitur.
1033 2369 1176 2423 Idem
1223 2384 1354 2440 ergo
1398 2369 1678 2435 Dominus,
1709 2371 1803 2440 qui
1850 2379 1981 2425 tunc

392 2460 614 2515 oraculo
638 2476 735 2517 suo
757 2460 995 2529 jusserat
1016 2458 1381 2528 patriarcham
1408 2457 1607 2514 oﬁ‘erre
1631 2459 1799 2515 ﬁlium
1821 2474 1980 2515 suum

392 2553 451 2608 in
472 2552 868 2618 holocaustum,
893 2567 1035 2607 nunc
1066 2552 1119 2606 in
1150 2546 1442 2623 Evangelia
1471 2566 1570 2606 suo
1590 2550 1744 2620 jubet
1767 2551 1979 2622 plebem

397 2642 824 2698 ecclesiasticam
872 2641 1113 2697 sobolem
1155 2657 1309 2697 suam
1341 2642 1557 2697 tradere
1602 2642 1670 2696 ad
1698 2642 1979 2697 servitium

392 2746 670 2800 sanctum;
702 2741 759 2789 et
796 2734 889 2804 qui
937 2742 1067 2789 tunc
1087 2732 1328 2789 laudavit
1354 2748 1455 2803 pro
1495 2748 1679 2788 amore
1704 2748 1803 2788 suo
1842 2732 1978 2787 obe-

390 2825 649 2891 dientiam
691 2826 835 2895 piam
860 2865 876 2886 ,
909 2840 1053 2880 nunc
1094 2825 1285 2894 prohat
1334 2824 1389 2879 in
1452 2838 1637 2878 amore
1689 2839 1787 2879 suo
1816 2823 1978 2878 devo—

394 2916 594 2971 tionem
624 2924 888 2970 sanctam.
924 2915 1059 2970 Nam
1094 2915 1187 2985 qui
1236 2925 1364 2971 tunc
1392 2916 1531 2971 dixit
1557 2916 1609 2971 in
1652 2916 1767 2989 lege
1799 2932 1979 2972 sacer-

396 3006 507 3061 doti
534 3014 596 3059 ut
645 3005 1025 3061 vestimentum
1077 3021 1183 3059 non
1233 3005 1526 3071 scinderet,
1557 3014 1613 3061 et
1657 3008 1724 3061 ad
1761 3022 1977 3062 omnem

2081 1821 2201 1885 dis;
2234 1836 2358 1877 cum
2388 1820 2649 1877 Dominus
2678 1823 2793 1892 ipse
2842 1824 2899 1878 in
2927 1824 3045 1896 lege
3095 1828 3415 1898 praeceperit
3461 1828 3669 1893 Israeli,

2080 1912 2323 1967 omnium
2355 1913 2841 1984 primogenitorum
2890 1915 3107 1970 sibimet
3135 1916 3435 1971 faciendam
3478 1934 3675 1974 conse-

2082 2002 2403 2067 crationem,
2453 2004 2640 2059 dicens
2679 2005 2748 2060 ad
2797 2004 3015 2076 Moysen
3065 2025 3078 2059 :
3130 2026 3151 2057 ‹
3196 2006 3491 2064 Sanctiﬁca
3536 2010 3674 2064 mihi

2081 2108 2242 2148 omne
2283 2095 2732 2166 primogenitum,
2775 2097 2920 2167 quod
2962 2100 3137 2167 aperit
3185 2097 3400 2153 vulvam
3439 2099 3495 2153 in
3544 2099 3676 2155 ﬁliis

2081 2183 2263 2247 Israel,
2312 2194 2423 2238 tam
2455 2186 2521 2240 dc
2548 2185 2879 2253 hominibus,
2920 2203 3081 2258 quam
3128 2189 3195 2244 de
3228 2190 3521 2260 jumentis;
3552 2207 3674 2244 mea

2082 2286 2209 2332 sunt
2234 2278 2378 2332 enim
2405 2280 2608 2333 omnia.
2647 2298 2666 2332 ι
2701 2279 2767 2334 Et
2798 2296 3010 2335 rursum
3038 2296 3161 2336 cum
3190 2282 3403 2337 Levitas
3428 2299 3530 2353 pro
3558 2283 3677 2353 pri-

2082 2369 2371 2440 mogenitis
2399 2370 2561 2425 vellet
2604 2371 2803 2442 eligere
2834 2372 2888 2426 in
2926 2371 3132 2427 cultant
3180 2374 3538 2440 tabernaculi,
3596 2375 3677 2429 ita

2081 2459 2294 2515 locutus
2336 2470 2421 2515 est
2472 2461 2539 2516 ad
2570 2460 2809 2533 Moysen,
2841 2462 3029 2517 dicens
3058 2481 3071 2517 :
3126 2483 3144 2514 ι
3182 2464 3330 2520 Tolle
3358 2464 3576 2520 Levitas
3604 2467 3677 2521 de

2081 2551 2263 2607 medio
2293 2552 2526 2607 ﬁliorum
2567 2551 2751 2617 Israel,
2787 2562 2843 2608 et
2872 2554 3186 2624 puriﬁcabis
3213 2570 3325 2610 eos.
3363 2574 3382 2607 ι
3417 2556 3485 2610 Et
3505 2556 3678 2627 paulo

2079 2652 2203 2715 post
2232 2662 2247 2698 :
2280 2661 2299 2694 ι
2341 2642 2670 2715 Applicabis,
2714 2645 2908 2715 inquit,
2958 2645 3174 2701 Levitas
3203 2661 3385 2702 coram
3415 2650 3675 2703 taberna—

2081 2736 2204 2792 culo
2248 2734 2470 2792 foederis
2505 2747 2800 2792 convocata
2841 2738 2989 2793 omni
3042 2738 3384 2796 multitudine
3430 2740 3674 2797 ﬁliorum

2080 2827 2248 2883 Israel
2281 2845 2294 2881 :
2337 2842 2569 2897 cumque
2598 2828 2800 2883 Levitre
2829 2827 3031 2883 fuerint
3057 2844 3241 2884 coram
3264 2831 3492 2886 Domino
3513 2872 3530 2898 ,
3574 2849 3677 2902 po—

2080 2927 2215 2974 nent
2250 2917 2343 2973 ﬁlii
2378 2918 2543 2973 Israel
2595 2933 2788 2974 manus
2842 2934 2968 2974 suas
3011 2934 3175 2989 super
3212 2936 3326 2985 eos,
3375 2931 3429 2976 et
3477 2922 3676 2979 oﬂeret

2078 3011 2264 3069 Aaron
2298 3012 2519 3068 Levitas
2567 3028 2764 3068 munus
2794 3013 2847 3067 in
2895 3024 3185 3084 conspectu
3228 3015 3439 3070 Domini
3483 3032 3513 3071 a
3544 3017 3674 3072 ﬁliis

395 3104 667 3150 mortuum
719 3109 831 3149 non"
874 3093 1247 3163 ingrederetur
1300 3093 1551 3157 omnino,
1608 3108 1771 3164 super
1822 3103 1976 3164 patre

2082 3105 2266 3170 Israel,
2296 3106 2620 3171 utserviant
2665 3105 2720 3158 in
2764 3105 3073 3162 ministerio
3094 3108 3248 3177 ejus;
3292 3117 3672 3164 etconsecra-

395 3202 606 3258 quoque
631 3203 731 3245 suo
759 3194 813 3240 et
839 3196 1013 3241 matre
1041 3201 1147 3241 non
1171 3186 1653 3251 contaminaretur,
1698 3200 1801 3240 nec
1819 3201 1977 3257 egre-

393 3280 615 3334 deretur
654 3279 721 3333 de
749 3279 971 3342 sanctis,
1002 3292 1070 3333 ne
1108 3276 1312 3346 polluat
1337 3276 1707 3331 sanctuarium
1731 3276 1975 3344 Domini,

398 3371 522 3440 quia
553 3369 731 3424 oleum
761 3376 959 3423 sanctae
990 3367 1263 3423 unctionis
1286 3367 1381 3423 Dei
1408 3367 1492 3421 sui
1519 3382 1683 3437 super
1707 3382 1829 3421 eum
1852 3375 1936 3422 est
1962 3386 1973 3421 :

396 3460 510 3530 ipse
541 3474 682 3514 nunc
706 3460 760 3512 in
789 3458 1082 3527 Evangelio
1106 3458 1239 3513 dicit
1264 3458 1469 3512 homini
1493 3456 1802 3513 Christiano
1831 3476 1843 3509 :
1874 3478 1892 3509 ι
1920 3458 1977 3512 Si

398 3551 586 3605 oculus
621 3559 744 3604 tuus
769 3549 957 3604 dexter
980 3546 1311 3607 scandalizat
1334 3557 1409 3615 te,
1448 3563 1578 3603 erue
1594 3534 1749 3614 eum,
1776 3556 1833 3602 et
1855 3563 1980 3618 pro-

390 3639 499 3709 jice
526 3642 625 3696 abs
653 3648 738 3705 te;
768 3647 823 3695 et
855 3639 901 3695 si
946 3639 1170 3695 dextera
1196 3655 1386 3694 manus
1420 3648 1512 3693 tua
1549 3639 1880 3694 scandalizat
1903 3648 1976 3705 te,

394 3734 651 3789 abscinde
677 3748 820 3799 eam,
849 3746 904 3788 et
934 3730 1135 3803 projice
1173 3735 1269 3789 abs
1296 3742 1367 3790 te.
1416 3735 1649 3805 Expedit
1694 3735 1839 3797 enim
1882 3735 1978 3790 tibi

404 3831 670 3892 utpcreat
720 3839 886 3879 unum
939 3824 1304 3879 membrorum
1336 3832 1573 3889 tuorum,
1604 3840 1765 3895 quam
1808 3833 1978 3879 totum

397 3929 594 3984 corpus
623 3921 776 3968 tuum
825 3921 917 3968 eat
959 3913 1012 3967 in
1045 3914 1368 3985 gehennam.
1420 3934 1439 3967 ι
1491 3914 1559 3969 Et
1587 3914 1763 3969 item:
1805 3933 1823 3966 ι
1876 3915 1979 3982 Qui

395 4018 541 4062 amat
575 4015 784 4078 patrem
812 4014 905 4061 aut
932 4013 1158 4061 matrem
1185 4006 1307 4078 plus
1326 4020 1490 4077 quam
1517 4023 1624 4072 me,
1652 4021 1761 4061 non
1787 4016 1872 4062 est
1895 4022 1979 4063 me

393 4094 623 4166 (lignits;
655 4105 710 4152 et
739 4096 831 4166 qui
854 4104 1001 4151 amat
1029 4095 1197 4152 ﬁlium
1224 4105 1318 4151 aut
1344 4096 1511 4152 ﬁliam
1548 4112 1711 4168 super
1735 4113 1843 4165 me,
1869 4113 1975 4153 non

393 4195 478 4240 est
514 4201 599 4242 me
620 4186 853 4258 dignus:
883 4195 938 4241 et
964 4186 1054 4256 qui
1080 4202 1187 4243 non
1236 4187 1435 4258 accipit
1468 4180 1688 4243 crucem
1716 4203 1891 4252 suam,
1924 4198 1981 4243 et

392 4280 637 4348 sequitur
656 4296 761 4346 me,
787 4296 896 4336 non
920 4290 1004 4337 est
1028 4296 1113 4336 me
1140 4281 1356 4352 dignus.
1381 4300 1400 4333 ι
1419 4280 1487 4336 Et
1500 4281 1631 4338 item
1661 4299 1674 4336 :
1701 4300 1719 4335 ι
1753 4282 1811 4336 Si
1833 4282 1975 4352 quis,

394 4372 587 4441 inquit,
624 4372 738 4425 vult
763 4381 886 4441 post
914 4388 1000 4429 me
1027 4374 1236 4441 venire,
1264 4374 1497 4446 abneget
1526 4375 1899 4445 semetipsum,
1922 4387 1979 4430 et

395 4461 547 4514 tollat
574 4476 791 4516 crucem
822 4477 997 4527 suam,
1027 4471 1083 4518 et
1121 4474 1382 4534 sequatur
1418 4480 1524 4519 me.
1566 4465 1670 4533 Qui
1715 4466 1858 4520 enim
1883 4480 1977 4520 vo-

395 4547 559 4605 luerit
608 4551 845 4606 animam
896 4568 1054 4606 suam
1094 4552 1298 4608 salvam
1344 4554 1550 4620 facere,
1582 4555 1773 4625 perdet
1818 4571 1978 4624 eam;

398 4641 490 4710 qui
521 4648 700 4694 autem
736 4641 1038 4710 perdiderit
1062 4644 1298 4698 animam
1331 4659 1484 4699 suam
1522 4655 1743 4718 propter
1770 4662 1879 4712 me,
1907 4646 1985 4701 in-

394 4734 575 4789 veniet
598 4748 741 4788 eam.
783 4755 802 4787 ι
830 4734 899 4789 Et
936 4750 1150 4791 rursum
1182 4754 1194 4790 :
1231 4754 1249 4788 ι
1290 4736 1497 4804 Omnis,
1547 4758 1567 4792 ι
1598 4738 1794 4809 inquit,
1829 4757 1847 4790 σ
1890 4738 1985 4809 qui

396 4826 649 4895 relinquit
673 4824 918 4892 domum,
950 4826 1170 4894 fratres,
1200 4837 1293 4884 aut
1313 4844 1549 4897 sorores,
1585 4839 1682 4886 aut
1717 4840 1979 4897 matrem,

393 4929 482 4973 aut
514 4925 745 4987 patrem,
764 4928 858 4973 aut
880 4934 1129 4984 uxorem,
1151 4928 1246 4974 aut
1272 4920 1429 4985 ﬁlios,
1456 4929 1550 4976 aut
1571 4937 1734 4993 agros
1756 4933 1980 4994 propter

393 5024 588 5063 nomen
632 5024 810 5064 meum
834 5049 848 5074 ,
893 5010 1202 5083 centuplum
1220 5008 1494 5082 accipiet,
1529 5021 1584 5067 et
1609 5013 1779 5068 vitam
1821 5023 1981 5070 teter-

396 5115 518 5153 nam
561 5100 895 5168 possidebit?
934 5121 953 5154 ›
988 5101 1230 5173 Denique
1256 5103 1411 5159 Isaac
1440 5104 1614 5161 ﬁdelis
1641 5105 1737 5160 Dei
1775 5105 1975 5172 cultor,

394 5201 556 5262 atque
602 5202 839 5264 paternae
895 5194 1186 5251 voluntatis
1231 5197 1618 5254 devotissimus
1658 5211 1973 5269 exsecutor,

395 5290 552 5353 typus
596 5284 739 5340 illius
766 5285 833 5340 dc
877 5301 985 5355 quo
1030 5288 1161 5342 dicit
1188 5287 1520 5357 Apostolus:
1560 5310 1579 5342 ε
1625 5290 1821 5347 Factus
1847 5294 1974 5348 obe-

394 5372 549 5429 diens
598 5373 744 5432 Patri
772 5392 943 5446 usque
971 5379 1039 5432 ad
1090 5389 1339 5446 mortem,
1381 5390 1611 5437 mortem
1642 5393 1821 5437 autem
1850 5399 1973 5438 crn-

399 5461 474 5515 eis
504 5480 517 5515 :
557 5482 576 5515 ι
617 5466 817 5521 idcirco
859 5468 1096 5537 portavit
1121 5468 1264 5540 ligna
1293 5473 1359 5525 ad
1384 5470 1777 5526 conﬁciendum
1804 5473 1870 5526 de
1889 5488 1972 5527 se-

396 5556 625 5624 metipso
656 5559 1048 5627 holocaustum,
1092 5571 1150 5617 ut
1188 5563 1461 5620 Christum
1491 5565 1822 5632 exprimeret
1849 5581 1973 5634 por-

399 5652 602 5702 tantem
631 5664 845 5704 crucem
876 5653 941 5707 ad
974 5657 1336 5725 peragendum
1366 5656 1632 5725 passionis
1661 5671 1770 5712 sure
1792 5673 1963 5713 sacra-

2078 3195 2164 3250 bis
2213 3210 2307 3250 eos
2338 3195 2399 3250 in
2430 3192 2760 3249 oblationem
2806 3196 3041 3262 Domini,
3084 3196 3343 3266 quoniam
3394 3198 3540 3252 dono
3568 3200 3675 3254 do-

2076 3287 2191 3340 nati
2221 3296 2348 3341 sunt
2395 3286 2526 3339 mihi
2558 3300 2587 3339 a
2621 3285 2745 3341 liliis
2771 3285 2962 3351 Israel;
2994 3301 3092 3356 pro
3118 3288 3513 3359 primogenitis,
3549 3305 3676 3361 qua:

2078 3377 2328 3446 aperiunt
2360 3391 2578 3430 omnem
2607 3376 2823 3430 vulvam
2859 3377 2912 3430 iu
2947 3377 3131 3443 Israel,
3174 3379 3359 3449 accepi
3398 3395 3516 3435 eos.
3549 3380 3673 3436 Mea

2078 3478 2205 3522 sunt
2242 3469 2385 3523 enim
2414 3469 2596 3524 omnia
2643 3469 2998 3540 primogenita
3042 3469 3275 3526 ﬁliorum
3322 3472 3508 3539 Israel,
3557 3483 3673 3529 tam

2076 3576 2145 3617 ex
2183 3561 2511 3625 hominibus,
2548 3576 2711 3630 quam
2740 3577 2808 3615 ex
2831 3561 3127 3637 iumentis;
3162 3578 3228 3617 ex
3266 3564 3354 3618 die
3387 3580 3499 3634 quo
3538 3582 3674 3636 per-

2077 3654 2223 3709 cussi
2264 3668 2425 3707 omne
2451 3653 2872 3723 primogenitum
2912 3652 2966 3706 in
3007 3660 3149 3708 terra
3184 3651 3428 3725 Egypti,
3454 3658 3673 3711 sancti-

2079 3743 2235 3799 ﬁcavi
2271 3758 2365 3798 eos
2392 3744 2545 3809 mihi,
2581 3752 2635 3799 et
2662 3743 2757 3799 tuli
2793 3742 3008 3800 Levitas
3030 3760 3130 3815 pro
3156 3746 3369 3800 cunctis
3394 3747 3678 3820 primoge-

2078 3835 2209 3889 nitis
2235 3832 2469 3889 ﬁliorum
2495 3827 2682 3899 Israel,
2718 3833 3022 3905 tradidique
3053 3849 3148 3891 eos
3173 3836 3313 3891 dono
3342 3837 3529 3891 Aaron
3560 3878 3575 3901 ,
3618 3846 3678 3893 et

2079 3926 2206 3981 ﬁliis
2239 3926 2354 3997 ejus
2400 3925 2466 3980 de
2507 3926 2682 3980 medio
2732 3926 2937 3994 populi,
2989 3933 3051 3980 ut
3080 3924 3324 3979 serviant
3378 3926 3516 3979 mihi
3567 3943 3675 3995 pro

2078 4017 2245 4073 Israel
2288 4018 2342 4071 in
2371 4016 2718 4072 tabernacqu
2766 4016 3006 4081 fmderis,
3034 4025 3089 4072 et
3132 4024 3289 4072 orent
3328 4032 3429 4089 pro
3463 4018 3571 4083 eis,
3608 4032 3678 4073 ne

2079 4112 2152 4166 sit
2184 4112 2239 4165 in
2269 4110 2465 4182 populo
2508 4108 2685 4180 plaga.
2720 4130 2739 4160 ι
2788 4110 2929 4165 Ecce
2970 4109 3231 4165 Dominus
3270 4110 3478 4180 expetit
3505 4126 3678 4166 omne

2078 4188 2496 4275 primogenitum
2548 4203 2616 4257 ab
2645 4202 2730 4258 his
2770 4204 2860 4272 qui
2894 4203 3100 4274 legibus
3129 4204 3239 4258 suis
3284 4204 3679 4273 obtemperare

2078 4292 2296 4359 debent,
2322 4302 2378 4348 et
2404 4308 2510 4348 non
2536 4301 2744 4348 tantum
2767 4293 3066 4359 hominum,
3096 4293 3187 4348 sed
3207 4294 3368 4348 etiam
3394 4295 3683 4365 primoge-

2082 4384 2193 4438 nita
2212 4381 2583 4451 jumentorum
2600 4398 2613 4436 :
2630 4393 2689 4438 ut
2704 4383 3106 4451 ostendatquod
3133 4399 3239 4437 non
3258 4382 3430 4438 solum
3454 4396 3680 4452 nostra,

2084 4476 2177 4531 sed
2206 4476 2367 4530 etiam
2409 4477 2768 4545 nosmetipsos
2801 4474 3071 4530 debitores
3111 4490 3296 4530 sumus
3329 4475 3413 4530 illi
3439 4476 3680 4534 offerre.

2156 4564 2223 4619 Et
2251 4580 2319 4619 ne
2352 4564 2585 4635 aliquam
2609 4564 2998 4634 querimoniam
3025 4565 3127 4620 rite
3151 4580 3423 4636 Opponere
3466 4570 3680 4638 possis,

2084 4664 2141 4713 et
2177 4657 2358 4712 dicere
2402 4656 2485 4712 fas
2520 4672 2626 4711 non
2669 4671 2789 4711 esse
2826 4655 3099 4710 hominem
3141 4656 3439 4725 quemlibet
3497 4659 3682 4713 tilium

2085 4762 2243 4803 suum
2269 4763 2422 4818 atque
2453 4747 2678 4802 liberum
2706 4746 2773 4801 ad
2795 4747 3071 4802 servitium
3104 4748 3197 4803 Dei
3239 4748 3460 4813 offerre,
3509 4748 3684 4819 jubet

2086 4841 2395 4896 universum
2424 4840 2696 4910 populum,
2730 4855 2893 4894 unam
2932 4840 3130 4895 tribum
3161 4842 3226 4896 de
3269 4841 3561 4899 duodecim
3612 4847 3685 4901 si—

2082 4932 2195 4987 mul
2224 4940 2391 4987 totam
2416 4931 2611 4986 olferre
2638 4931 2706 4985 ad
2737 4931 3138 4987 tabernaculum
3169 4931 3408 4999 fmderis,
3449 4946 3510 4991 et
3534 4954 3682 4993 con-

2085 5036 2301 5077 secrare
2340 5020 2413 5075 ibi
2456 5022 2509 5075 in
2555 5020 2879 5076 oblationem
2926 5022 3153 5077 Domino
3181 5023 3249 5077 ad
3293 5024 3682 5082 ministerium

2081 5114 2218 5184 ejus.
2262 5113 2453 5169 Utrum
2497 5102 2627 5167 ttinc
2657 5112 2869 5167 videtur
2898 5112 3161 5182 majorem
3191 5122 3524 5183 potestatem
3580 5106 3686 5173 ha-

2082 5207 2210 5261 bere
2234 5205 2374 5261 ﬁlios
2397 5205 2563 5260 Israel
2593 5205 2647 5259 in
2680 5204 2935 5260 fratribus
2964 5207 3079 5261 suis
3110 5205 3317 5261 Levitis
3342 5206 3682 5275 olferendis,

2078 5297 2275 5366 quibus
2313 5304 2435 5367 post
2475 5295 2801 5351 oblationem
2856 5295 3075 5351 decreto
3122 5295 3335 5351 Domini
3387 5296 3685 5369 abnegata

2078 5397 2162 5442 est
2184 5403 2304 5443 sors
2367 5386 2546 5443 omnis
2592 5386 2924 5442 haereditatis
2976 5395 3205 5441 terrena:
3231 5427 3246 5451 ,
3292 5395 3348 5442 et
3384 5391 3687 5456 possessio

2081 5479 2223 5534 inter
2260 5487 2486 5535 caeteras
2524 5478 2695 5533 tribus
2737 5479 2921 5533 haberi
2959 5496 2971 5532 :
3012 5478 3095 5534 vel
3129 5486 3337 5549 patrem
3373 5493 3504 5534 cum
3561 5482 3685 5538 ﬁlio

2079 5570 2297 5639 proprio
2342 5571 2518 5625 adhuc
2565 5570 2781 5639 quidem
2839 5580 3035 5625 teneraa
3087 5571 3281 5635 aetatis,
3319 5578 3374 5624 et
3418 5573 3686 5629 nondum

2080 5661 2375 5716 secundum
2417 5660 2589 5732 legem
2644 5661 2726 5715 sui
2764 5662 2903 5731 juris
2952 5672 3044 5715 aut
3086 5662 3371 5718 potestatis
3412 5671 3686 5720 erusteu-
