3958 6204
289 253 395 308 425

1353 253 1551 310 “BER
1592 256 1677 310 DE
1716 255 2099 311 OliLATlONE
2141 256 2541 314 PUERORUM.

3456 261 3559 318 £26

290 375 432 431 tem;
474 378 600 420 cum
641 378 765 419 eum
804 362 1097 418 secundum
1146 372 1344 419 sancta:
1379 364 1595 435 Regulae
1634 367 1877 421 instituta
1909 378 1954 432 Α
1985 369 2227 438 gitimam
2277 384 2395 425 βεδε
2442 370 2768 426 oblationem
2818 380 3103 443 parentum
3156 373 3208 428 in
3259 374 3381 431 ﬁliis
3425 379 3557 433 suis.

288 457 540 511 omnibus
584 455 871 511 mundanis
899 455 1043 513 curis
1075 456 1411 527 negotiisque
1461 467 1625 528 atque
1664 474 1876 528 posses-

289 548 534 602 sionibus
572 555 829 605 exutum.
873 546 972 601 soli
1016 545 1128 601 Deo
1172 547 1235 600 ad
1277 548 1621 603 serviendum
1666 550 1869 605 manci-

289 584 534 602 ,πνυωυο
572 584 795 602 cum...
873 584 972 601 συ..
1016 584 1128 601 νμυ
1172 584 1235 600 ..υ
1277 584 1621 603 annuam...
1666 584 1869 605 ...ωηι-

288 652 419 708 pare
442 584 988 693 decreverinhiud
1038 646 1126 693 est
1166 636 1312 693 enim
1355 638 1422 694 ab
1447 641 1640 712 aequali
1695 657 1875 712 aequa-

287 730 392 784 lem
438 728 601 795 tradi,
635 737 693 783 et
732 727 877 783 aliud
915 744 945 782 a
992 726 1197 798 majore
1243 729 1507 785 minorem
1552 730 1711 786 alicui
1752 732 1873 787 sub—

280 821 399 890 jici.
432 820 579 874 luter
618 818 857 889 thualcs
894 818 1038 872 enim
1084 834 1227 888 saepe
1277 821 1636 875 contradictio
1666 822 1870 887 oritur,

284 928 353 967 ne
391 929 501 968 una
530 927 659 983 pars
698 911 927 967 alteram
957 920 1194 983 superet,
1227 920 1319 966 aut
1350 912 1559 969 servire
1602 923 1868 986 cogatur:

283 1003 378 1057 sed
423 1003 570 1058 inter
597 1000 861 1072 majorem
906 1010 962 1057 et
1002 1003 1267 1059 minorem
1308 1004 1451 1058 nulla
1487 1006 1623 1060 ratio
1666 1006 1871 1073 existit,

283 1095 429 1164 quod
450 1094 636 1164 junior
656 1093 876 1164 majoris
898 1094 1122 1165 imperio
1143 1095 1363 1149 omnino
1387 1110 1446 1151 se
1470 1112 1575 1151 non
1598 1097 1869 1167 subjiciat.

284 1184 343 1238 Si
366 1184 513 1238 enim
541 1184 823 1255 imperium
860 1183 1071 1240 Domini
1095 1195 1151 1239 et
1187 1186 1240 1239 in
1268 1184 1582 1254 majoribus,
1610 1197 1664 1243 et
1693 1188 1744 1243 in
1776 1189 1875 1244 mi-

286 1277 514 1330 noribus
542 1276 749 1346 justum
793 1283 878 1330 est
917 1290 931 1328 :
961 1291 1059 1329 cur
1089 1292 1196 1331 non
1223 1286 1439 1332 cessant
1486 1279 1605 1333 vani
1636 1295 1875 1335 murmu-

286 1358 501 1422 rato'res
537 1367 651 1432 isti,
680 1375 735 1421 et
765 1367 1074 1437 iniquarum
1103 1367 1494 1439 compositores
1531 1366 1871 1439 querelarum

288 1458 496 1530 legibus
523 1459 617 1514 Dei
658 1458 974 1525 detrahere;
1015 1467 1177 1530 atque
1203 1468 1392 1515 contra
1420 1459 1568 1515 illum
1604 1461 1750 1531 loqui
1779 1477 1871 1516 nc-

286 1549 513 1618 quitiam
544 1590 559 1614 ,
599 1548 691 1619 Qui
734 1549 929 1606 ccelum
969 1557 1025 1604 et
1068 1557 1290 1617 terram,
1334 1559 1390 1606 et
1430 1552 1612 1607 omnia
1656 1568 1777 1622 quae
1815 1553 1868 1607 in

286 1638 365 1710 eis
400 1647 527 1694 sunt
562 1640 797 1707 creavit,
836 1640 1006 1713 regit,
1050 1648 1104 1696 et
1143 1643 1438 1698 secundum
1483 1658 1637 1697 suam
1682 1644 1870 1699 volun-

1980 475 2148 529 pauca
2187 459 2253 514 de
2278 460 2521 530 pluribus
2549 477 3001 518 commemorasse
3027 461 3257 519 suﬁlciat
3281 481 3295 517 :
3328 481 3470 520 nunc
3495 483 3556 519 ea

1978 564 2099 618 quae
2147 550 2215 605 de
2254 549 2502 605 Indicum
2553 559 2716 621 atque
2749 551 2955 627 Regum
3014 550 3348 623 temporibus
3391 557 3557 609 menti

1977 651 2290 706 occurrunt,
2341 641 2409 695 ad
2461 641 2886 696 continuandam
2937 643 3186 698 eamdem
3236 660 3374 707 rem,
3421 645 3559 716 ston

1976 727 2334 799 proferamus.
2385 729 2606 801 Legitur
2644 730 2695 784 in
2731 731 2871 785 libro
2908 732 3158 788 Iudicum
3194 734 3337 803 quod
3366 733 3559 804 Jephte

1978 818 2308 884 Galaadites,
2337 820 2422 873 vir
2449 819 2797 883 fortissimus,
2826 839 2946 876 eum
2983 823 3180 879 bellum
3211 833 3399 880 contra
3432 826 3559 880 Am-

1977 910 2212 965 monitas
2260 925 2422 979 agerc
2477 910 2856 981 disposuisset,
2905 922 2967 965 ut
3011 923 3227 969 erueret
3282 915 3448 970 Israel
3492 917 3560 970 de

1978 1015 2139 1054 manu
2168 1014 2376 1064 cormn,
2410 1000 2551 1056 facto
2588 1018 2751 1072 super
2785 1018 2842 1058 se
2874 1005 3065 1073 spiritu
3095 1004 3207 1063 Dei.
3251 1014 3425 1060 votum
3459 1021 3557 1060 vo-

1977 1090 2117 1144 verit
2149 1090 2396 1155 Domino,
2427 1091 2611 1146 dicens
2645 1110 2656 1145 :
2707 1110 2726 1142 ‹
2762 1091 2817 1146 Si
2850 1093 3135 1149 tradideris
3161 1093 3300 1150 ﬁlios
3325 1097 3556 1150 Ammon

1977 1181 2030 1234 in
2072 1195 2266 1234 manus
2303 1196 2471 1243 meas,
2508 1182 2813 1252 quicunque
2861 1184 3024 1237 fuerit
3066 1186 3274 1255 primus
3308 1201 3560 1256 egressus

1977 1270 2043 1324 de
2080 1268 2285 1326 foribus
2334 1272 2523 1327 domus
2554 1287 2709 1336 mete,
2741 1274 2982 1345 mihique
3028 1278 3331 1331 occurrerit
3380 1292 3559 1332 rever-

1977 1361 2111 1416 tenti
2155 1378 2277 1416 cum
2318 1377 2450 1433 pace
2493 1378 2523 1415 a
2560 1363 2683 1418 ﬁliis
2719 1364 2969 1429 Ammon,
3011 1381 3134 1421 cum
3183 1367 3556 1423 holocaustum

1976 1450 2197 1529 oﬁ‘ei'am
2230 1453 2474 1507 Domino.
2528 1452 2905 1524 Transivitque
2930 1454 3121 1526 Jephte
3166 1457 3233 1510 ari
3265 1457 3403 1512 ﬁlios
3430 1458 3559 1512 Am-

1976 1558 2125 1604 mon,
2171 1550 2230 1595 ut
2261 1551 2528 1613 pugnaret
2573 1550 2762 1598 contra
2798 1559 2913 1609 eos,
2942 1560 3078 1614 quos
3125 1547 3343 1601 tradidit
3378 1547 3559 1601 Domi-

1976 1649 2079 1687 nus
2123 1633 2177 1686 in
2226 1648 2417 1687 manus
2463 1632 2598 1701 ejus.
2650 1635 3025 1704 Percussitque
3075 1634 3143 1690 ab
3171 1637 3337 1700 Ancr,
3383 1653 3557 1708 usque

288 1736 453 1783 tatem
487 1728 762 1801 disponit?
785 1730 1019 1786 maxime
1047 1746 1168 1786 cum
1196 1744 1294 1801 per
1322 1731 1663 1787 Psalmistam
1691 1734 1868 1788 incre.
1901 1746 1942 1803 Β
1971 1725 2098 1778 dum
2150 1724 2335 1778 venias
2380 1725 2432 1778 in
2459 1724 2721 1790 illennith,
2753 1726 2941 1796 viginti
2990 1728 3258 1794 civitates,
3295 1738 3350 1783 et
3387 1745 3557 1800 usque

286 1821 463 1890 pando
492 1820 623 1875 tales
674 1819 909 1892 Spiritus
952 1831 1173 1878 sanctus
1220 1823 1294 1877 ita
1334 1822 1605 1893 loquatur,
1639 1824 1865 1880 dicens:

291 1930 309 1961 ι
347 1911 525 1966 Nolite
547 1912 808 1968 extollere
834 1914 886 1968 in
935 1913 1102 1969 altum
1138 1929 1307 1969 cornu
1334 1923 1591 1981 vestrum,
1618 1926 1674 1970 et
1702 1917 1870 1971 nolite

286 2003 431 2074 loqui
459 2003 722 2059 adversus
766 2000 937 2061 Deum
986 2005 1370 2075 iniquitatem:
1415 2006 1540 2076 quia
1589 2021 1763 2076 neque
1801 2010 1870 2062 ab

285 2094 511 2161 oriente,
553 2109 728 2165 neque
759 2111 789 2149 a
816 2096 1045 2151 desertis
1085 2097 1375 2160 montibus,
1423 2097 1678 2166 quoniam
1724 2097 1870 2153 Deus

284 2184 443 2257 iudex
470 2198 573 2240 est.
628 2206 646 2237 ι
696 2185 1145 2258 Meminerintque
1181 2188 1326 2244 illius
1359 2191 1660 2255 sementim,
1705 2206 1868 2261 quam

285 2276 449 2333 Judas
497 2278 774 2350 apostolus
825 2280 879 2334 in
932 2295 1029 2335 sua
1076 2281 1314 2351 Epistola
1362 2282 1586 2353 protulit
1631 2281 1863 2339 dicens:

293 2390 311 2421 ι
339 2371 781 2427 Subintroierunt
802 2371 1020 2443 quidam
1050 2374 1316 2440 homines,
1343 2375 1434 2445 qui
1460 2375 1586 2431 olim
1614 2376 1867 2447 prtescri-

286 2464 361 2533 pti
397 2473 523 2518 sunt
554 2464 609 2518 in
635 2463 739 2520 hoc
757 2463 1043 2534 judicium,
1086 2466 1253 2537 impii,
1296 2467 1391 2522 Dei
1429 2468 1599 2522 nostri
1639 2468 1866 2538 gratiam

290 2555 679 2612 transferentes
724 2557 778 2611 in
823 2555 1113 2623 luxuriam,
1151 2565 1208 2613 et
1252 2558 1424 2613 solum
1470 2558 1865 2614 dominatorem

290 2644 573 2701 Dominum
624 2654 870 2701 nostmm
931 2645 1115 2702 Jesum
1170 2645 1446 2702 Christum
1504 2645 1784 2718 negantes.
1841 2668 1860 2699 ι

287 2734 492 2803 Quibus
548 2743 605 2791 et
649 2735 810 2806 paulo
864 2743 986 2806 post
1027 2737 1081 2791 in
1120 2736 1308 2791 eadem
1362 2735 1601 2807 Epistola
1643 2739 1867 2793 commi-

288 2827 463 2882 nando
487 2826 822 2898 subjungens
845 2828 958 2883 ait:
998 2847 1017 2880 ι
1048 2827 1141 2882 Vae
1165 2827 1271 2883 illis
1295 2828 1386 2898 qui
1412 2828 1497 2882 via
1538 2826 1672 2884 Cain
1718 2828 1867 2884 abie-

289 2925 434 2984 runt,
462 2925 516 2973 et
541 2932 731 2974 errore
754 2917 976 2973 Balaam
1002 2916 1156 2973 cﬁ‘usi
1186 2929 1332 2985 sunt,
1357 2928 1410 2974 et
1435 2918 1866 2974 contradictione

285 3007 423 3066 Core
464 3009 748 3081 perierunt
796 3028 808 3064 :
864 3010 920 3065 bi
963 3020 1091 3066 sunt
1139 3010 1195 3065 in
1241 3010 1414 3083 epulis
1452 3010 1566 3066 suis
1608 3008 1861 3079 maculat,

1974 1817 2041 1871 ad
2069 1816 2219 1878 Abel,
2250 1831 2370 1885 qua:
2398 1825 2480 1871 est
2504 1817 2676 1872 vineis
2703 1819 2931 1882 consita,
2963 1818 3119 1890 plaga
3153 1836 3343 1886 magna
3372 1823 3552 1877 nimis.

1972 1908 2359 1979 llnmiliatiqne
2408 1918 2533 1964 sunt
2584 1909 2677 1963 ﬁlii
2716 1909 2946 1965 Ammon
2995 1927 3025 1966 a
3063 1911 3188 1967 ﬁliis
3231 1913 3414 1968 Israel.
3452 1915 3555 1967 Re-

1973 2001 2200 2053 verten'i
2266 2008 2443 2055 autem
2493 1999 2686 2071 Jephtc
2738 2002 2792 2055 in
2839 2002 3056 2073 Masplta
3106 2003 3326 2059 domum
3377 2021 3551 2063 suam.

1969 2094 2207 2148 occurrit
2252 2094 2525 2162 nnigenita
2580 2095 2685 2148 ﬁlia
2740 2109 2862 2150 cum
2922 2095 3191 2166 tympanis
3234 2103 3289 2151 et
3333 2097 3548 2152 choris:

1969 2201 2074 2240 non
2115 2182 2255 2240 enim
2297 2176 2529 2241 habebat
2563 2188 2698 2242 alios
2733 2188 2947 2242 liberos.
2983 2187 3100 2255 Qua
3124 2187 3238 2241 visa
3275 2189 3437 2243 scidit
3461 2203 3553 2242 νυ-

1970 2278 2223 2332 stimenta
2274 2292 2393 2341 sua,
2424 2286 2478 2332 et
2506 2278 2581 2332 ait
2614 2296 2627 2331 :
2656 2278 2792 2343 l-leu,
2842 2278 2950 2333 ﬁlia
2988 2279 3094 2333 mi!
3135 2279 3397 2347 decepiin
3442 2295 3548 2341 me,

1968 2373 2023 2420 et
2049 2366 2164 2437 ipsa
2191 2367 2411 2436 decepta
2442 2382 2521 2424 cs.
2567 2366 2763 2437 Aperui
2794 2367 2938 2422 enim
2965 2380 3028 2423 os
3057 2382 3235 2422 meum
3268 2369 3334 2422 ad
3359 2366 3547 2421 Domi-

1969 2474 2120 2525 num,
2148 2467 2203 2512 et
2232 2458 2375 2513 aliud
2405 2456 2586 2514 facere
2616 2473 2722 2513 non
2751 2467 2959 2529 potero.
2996 2457 3094 2513 Cui
3124 2458 3211 2512 illa
3239 2458 3547 2528 respondit:

1968 2548 2133 2607 Pater
2174 2552 2267 2615 mi,
2320 2550 2366 2607 si
2408 2551 2667 2623 aperuisti
2711 2567 2773 2607 os
2808 2559 2957 2606 tuum
3007 2551 3073 2606 ad
3102 2550 3409 2615 Dominum,
3464 2549 3549 2605 fac

1968 2643 2098 2698 mibi
2128 2645 2485 2716 quodcunque
2519 2645 2788 2715 pollicitus
2816 2659 2897 2710 cs,
2926 2658 3182 2700 concessa
3217 2645 3310 2699 tibi
3345 2643 3545 2699 ultione

1967 2745 2129 2806 atque
2157 2735 2379 2792 victoria
2411 2737 2476 2792 de
2503 2737 2746 2792 hostibus
2775 2736 2898 2791 tuis.
2931 2735 3182 2805 Dixitque
3205 2734 3272 2789 ad
3296 2742 3507 2804 patrem
3533 2756 3544 2789 ;

1967 2826 2081 2884 Hoc
2126 2829 2297 2885 solum
2336 2830 2469 2885 mihi
2496 2838 2712 2902 praesta,
2744 2828 2885 2899 quod
2928 2838 2978 2883 te
3010 2830 3309 2900 deprecor:
3339 2827 3548 2883 dimitte

1966 2934 2073 2985 me,
2133 2927 2194 2975 ut
2234 2919 2447 2977 duobus
2502 2921 2779 2975 mensibus
2827 2920 3155 2976 circumeam
3204 2926 3441 2982 montes,
3493 2929 3549 2972 et

1965 3011 2213 3084 plangam
2241 2998 2601 3084 virginitatem
2639 3028 2814 3068 meam
2848 3026 2969 3067 cum
2997 3011 3287 3068 sodalibus.
3324 3010 3423 3068 Cui
3453 3011 3544 3066 ille

287 3101 635 3157 convivantes
663 3102 780 3157 sine
820 3101 1038 3167 timore,
1066 3103 1388 3174 semetipsos
1410 3110 1727 3174 pascentes;
1753 3114 1858 3159 nu~
1888 3098 1934 3163 C
1966 3100 2243 3171 respondit
2264 3117 2280 3155 :
2304 3100 2470 3156 Vade.
2523 3102 2591 3156 Et
2616 3102 2818 3158 dimisit
2845 3117 2964 3157 eam
2997 3102 3206 3157 duobus
3236 3103 3541 3165 mensibus;

285 3191 378 3248 bes
400 3193 519 3248 sine
548 3208 707 3264 aqua,
737 3208 857 3264 qua:
893 3209 923 3247 a
955 3193 1130 3251 ventis
1165 3194 1663 3251 circumferuntur:
1705 3195 1863 3251 arbo-

286 3300 370 3340 res
398 3284 764 3351 autumnales,
815 3284 1184 3353 infructuosm,
1212 3286 1315 3342 ‘Bis
1370 3295 1616 3354 mortuae,
1687 3285 1865 3342 cradi-

287 3386 414 3431 cata:
441 3394 454 3430 :
501 3374 699 3431 ﬁuctus
729 3374 831 3431 feri
867 3377 1051 3440 maris,
1085 3384 1140 3432 et
1166 3378 1549 3448 despumautes
1578 3394 1704 3436 suas
1726 3393 1861 3435 con-

286 3468 521 3523 l'usiones
550 3485 563 3520 :
602 3466 782 3522 sidera
814 3467 1079 3533 errantia,
1108 3467 1306 3539 quibus
1343 3469 1580 3538 procella
1615 3469 1864 3524 tenebra-

285 3574 401 3614 rum
426 3560 483 3614 ‘in
508 3567 773 3615 :eternum
796 3567 1007 3614 servata
1041 3567 1144 3614 est.
1182 3578 1200 3612 ι
1245 3559 1344 3615 Via
1368 3559 1499 3615 Cain
1526 3560 1745 3625 abeunt,
1771 3560 1864 3630 qui

286 3660 504 3723 propter
546 3651 806 3706 invidiam
852 3651 1158 3718 meliorum,
1186 3667 1385 3707 nomen
1411 3651 1512 3706 sibi
1541 3651 1820 3706 doctorum
1845 3693 1860 3716 ,

285 3756 388 3810 quo
436 3739 883 3807 houoriﬁcautur,
921 3749 1221 3796 assumunt.
1265 3739 1463 3795 Errore
1491 3739 1709 3794 Balaam
1737 3754 1863 3809 pcr-

285 3846 433 3903 eunt,
464 3837 581 3907 qui,
610 3851 795 3893 amore
826 3837 1165 3893 terrestrium
1199 3834 1629 3899 commodorum,
1662 3835 1864 3890 verita-

289 3939 410 3996 tem,
441 3945 603 4000 quam
635 3929 736 3999 ipsi
774 3937 994 3996 norunt,
1040 3929 1375 4000 impugnant.
1421 3925 1865 3981 Contradictione

286 4019 440 4084 Core,
485 4020 580 4091 qui
631 4021 784 4074 vivus
825 4020 893 4074 ad
946 4018 1157 4074 inferna
1196 4018 1497 4082 descendit,
1546 4019 1858 4081 intereunt,

287 4111 588 4182 quicunque
643 4111 884 4181 appetitu
914 4110 1138 4166 indebiti
1182 4110 1447 4182 primatus
1488 4124 1608 4164 sese
1644 4108 1713 4163 ab
1742 4109 1862 4163 uni-

289 4210 390 4256 tate
415 4210 615 4257 sanctae
645 4201 901 4257 Ecclesia:
942 4208 1259 4273 secernunt,
1284 4200 1625 4271 scientesque
1648 4207 1704 4254 et
1730 4213 1860 4270 prte-

290 4296 542 4356 videntes,
571 4301 835 4364 quantum
873 4292 1000 4347 mali
1027 4300 1217 4364 gerant
1258 4291 1545 4356 scelerum,
1590 4299 1769 4345 tamen
1794 4290 1863 4346 ad

292 4392 485 4438 tartara
528 4384 879 4441 descendunt.
913 4382 979 4438 Et
1022 4383 1240 4454 quidem
1271 4382 1404 4439 Cain
1448 4382 1516 4437 de
1560 4380 1861 4437 fratricidio

1967 3207 2199 3264 cumque
2232 3192 2455 3250 abiisset
2482 3209 2603 3249 cum
2631 3194 2792 3249 sociis
2815 3208 2880 3249 ac
2908 3192 3180 3249 sodalibus
3215 3193 3349 3260 suis,
3384 3192 3550 3249 ﬁebat

1965 3284 2328 3357 virginitatem
2358 3299 2512 3341 suam
2560 3285 2612 3339 in
2644 3283 2935 3339 montibus.
2965 3283 3312 3355 Expletisque
3340 3284 3550 3340 duobus

1966 3375 2244 3431 mensibus
2292 3389 2506 3431 reversa
2552 3383 2637 3431 est
2682 3377 2750 3430 ad
2798 3383 3029 3445 patrem,
3061 3385 3117 3431 et
3159 3374 3288 3430 fecit
3324 3375 3376 3430 ei
3404 3376 3545 3432 sicut

1965 3475 2211 3533 voverat,
2239 3481 2360 3538 quae
2406 3467 2689 3539 ignorabat
2722 3466 2917 3521 virum.
2950 3486 2970 3518 ι
3028 3465 3114 3521 Ad
3159 3467 3277 3522 hate
3309 3465 3437 3536 quid
3463 3480 3548 3521 Pe-

1966 3559 2232 3630 spondent
2259 3558 2346 3614 isti
2377 3558 2536 3615 amici
2566 3559 2690 3625 mei,
2722 3574 2953 3630 quorum
2979 3573 3159 3616 sermo
3189 3566 3332 3615 totus
3358 3574 3549 3615 versus

1965 3659 2050 3705 est
2085 3651 2138 3704 in
2167 3649 2607 3721 suggillationem‘
2626 3650 2834 3706 ordinis
2862 3651 3074 3706 nostri?
3117 3649 3249 3719 Quis
3280 3667 3411 3724 ergo
3438 3661 3547 3706 tam

1966 3741 2163 3796 stultus
2192 3751 2249 3797 et
2276 3748 2386 3797 tam
2412 3756 2700 3811 perversus
2726 3748 2833 3805 est,
2860 3749 2919 3795 ut
2944 3741 3089 3797 hunc
3111 3740 3304 3811 Iephte
3331 3742 3551 3797 sacrile-

1964 3848 2092 3904 gum
2123 3847 2243 3889 esse
2286 3834 2452 3898 dicat,
2493 3844 2591 3903 pro
2629 3847 2695 3887 eo
2724 3832 2868 3902 quod
2907 3831 3074 3888 ﬁliam
3116 3842 3339 3903 propter
3361 3841 3545 3887 votum

1963 3925 2107 3995 quod
2135 3924 2248 3979 Deo
2274 3925 2437 3985 vovit,
2474 3922 2773 3979 obtulerit?
2802 3937 2926 3977 cum
2956 3921 3236 3992 Scriptura
3262 3922 3408 3977 dicat
3443 3923 3548 3977 hoc

1962 4031 2085 4071 eum
2137 4015 2328 4071 fecisse
2379 4014 2525 4071 facto
2573 4030 2735 4085 super
2763 4029 2886 4071 eum
2930 4014 3121 4084 spiritu
3152 4015 3278 4081 Dei;
3310 4014 3547 4070 maxime

1961 4122 2084 4162 cum
2121 4104 2318 4161 Paulus
2347 4106 2623 4176 apostolus
2655 4106 2711 4161 in
2732 4104 2970 4175 Epistula
2998 4120 3159 4175 quam
3197 4106 3265 4161 ad
3294 4104 3547 4161 Hebraeos

1963 4198 2179 4268 scripsit
2230 4194 2353 4252 eum
2403 4198 2457 4251 in
2502 4195 2746 4266 catalogo
2781 4207 3090 4251 sanctorum
3139 4204 3438 4251 enumerat.
3485 4197 3545 4251 Si

1961 4288 2104 4344 enim
2131 4286 2373 4358 patribus
2396 4287 2536 4341 illius
2562 4287 2821 4354 temporis
2845 4286 2998 4341 licuit
3018 4300 3118 4355 per
3147 4284 3348 4341 ferrum
3377 4286 3545 4343 ﬁlium

1965 4386 2060 4433 aut
2087 4378 2253 4431 ﬁliam
2278 4377 2390 4432 Deo
2417 4376 2635 4441 offerre,
2664 4391 2763 4432 cur
2786 4392 2892 4432 non
2923 4377 3083 4442 modo
3106 4376 3230 4433 licet
3263 4378 3419 4434 istius
3444 4382 3546 4434 :evi

290 4476 608 4545 cogitantem
640 4476 902 4533 Dominus
927 4443 1205 4546 corripuit,
1235 4476 1330 4532 sed
1353 4491 1476 4531 eum
1519 4474 1719 4530 invidia
1749 4474 1859 4530 sal-
1888 4443 1940 4499 Ῑ)
1968 4467 2274 4524 hominibus
2317 4467 2556 4522 sobolem
2608 4482 2758 4523 suam
2802 4467 2912 4522 Deo
2952 4467 3307 4537 spiritualiter
3353 4483 3548 4525 conse-

290 4566 398 4620 vari
428 4582 534 4620 non
570 4566 714 4621 sivit.
756 4566 978 4621 Balaam
1020 4567 1280 4623 adversus
1320 4565 1415 4622 Dei
1460 4566 1716 4638 populum
1758 4566 1863 4620 iter

290 4666 528 4728 agentem
578 4658 839 4714 Dominus
865 4659 1081 4713 vetuit:
1142 4658 1237 4714 sed
1280 4674 1434 4713 amor
1476 4656 1743 4727 pecuniae,
1794 4671 1862 4711 ne

290 4752 699 4821 obtemperaret,
741 4752 970 4807 obstitit.
1016 4750 1154 4807 Core
1203 4752 1601 4822 superbientem
1651 4749 1862 4821 Moyses

293 4843 511 4898 Domino
526 4844 580 4897 in
607 4859 667 4899 se
686 4843 936 4913 loquente
957 4842 1126 4897 lenire
1147 4843 1386 4908 curavit;
1410 4840 1505 4896 sed
1527 4855 1652 4896 eum
1674 4839 1856 4904 elatio,

291 4950 405 5005 qua:
446 4935 706 4999 fervebat,
739 4934 1096 4990 insanabilem
1144 4932 1394 4989 reddidit.
1450 4934 1544 4990 Sic
1590 4932 1857 5004 profecto,

291 5027 363 5082 sic
387 5028 592 5085 faciunt
630 5028 893 5093 bteretici,
931 5028 1021 5098 qui
1069 5028 1135 5083 ad
1183 5028 1603 5099 increpationem
1658 5036 1860 5083 sancta:

291 5119 538 5178 Ecclesiae
588 5122 868 5178 emendari
918 5121 1249 5192 despiciunt;
1278 5122 1407 5189 quin
1436 5121 1613 5189 potius
1664 5119 1862 5176 fratres

291 5210 460 5282 gladio
485 5212 642 5268 make
661 5213 941 5277 doctrinae,
967 5212 1110 5266 sicut
1133 5210 1287 5277 Cain,
1326 5208 1666 5275 interﬁcere;
1720 5210 1863 5265 malo

291 5305 510 5361 consilio
535 5304 821 5376 decipere:
839 5304 980 5358 sicut
1007 5302 1226 5356 Balaam
1242 5319 1269 5381 3A
1289 5310 1477 5358 contra
1503 5302 1753 5357 doctores
1772 5317 1861 5357 ca-

291 5399 513 5454 tholicos
559 5413 619 5453 se
667 5397 902 5467 erigere,
952 5395 1092 5453 sicut
1118 5395 1279 5459 Core,
1307 5394 1375 5448 ad
1423 5408 1575 5448 suam
1624 5394 1862 5463 ipsorum

291 5490 640 5558 perditionem
668 5487 1022 5545 contendunt.

357 5580 478 5639 Haec
514 5582 582 5637 de
626 5580 731 5636 illis
781 5578 1025 5648 patribus
1072 5592 1207 5647 quos
1252 5575 1651 5633 Pentateuchus
1696 5576 1865 5646 Moysi

290 5673 497 5743 cupiose
542 5678 845 5735 enumerat,
874 5670 941 5725 ad
978 5668 1432 5738 comprobandum
1480 5675 1654 5722 ratam
1696 5677 1748 5725 ct
1788 5669 1864 5723 le-

726 5763 996 5823 Paruon.
1039 5760 1228 5822 CVII.

1968 4574 2143 4626 crare,
2188 4567 2245 4616 et
2290 4559 2549 4615 exhibere
2590 4559 2825 4615 hostiam
2872 4558 3074 4624 vivam,
3121 4568 3389 4626 sanetam,
3438 4561 3550 4617 Deo

1967 4651 2290 4721 placentem,
2336 4649 2730 4707 rationabiliter
2767 4649 2820 4703 in
2865 4648 3182 4719 obsequium
3214 4648 3454 4706 Christi?
3488 4650 3549 4706 Si

1968 4751 2148 4797 autem
2178 4741 2409 4798 Abrahae
2437 4742 2637 4797 oblatio
2658 4741 2861 4811 placuit
2884 4741 3014 4807 Deo,
3042 4750 3097 4797 et
3125 4739 3317 4810 Iephte
3347 4741 3548 4798 factum

1966 4834 2219 4888 meritum
2266 4831 2570 4887 sanctitatis
2614 4832 2687 4886 illi
2731 4831 3040 4901 acquisivit,
3091 4847 3189 4886 cur
3233 4847 3338 4887 non
3380 4831 3550 4886 multo

1968 4926 2143 4997 magis
2170 4923 2468 4993 spiritualis
2503 4921 2705 4979 oblatio
2735 4938 2834 4993 per
2860 4923 3219 4995 evangelicam
3243 4923 3544 4978 doctrinam

1968 5018 2213 5074 instituta
2260 5016 2372 5071 Deo
2418 5015 2633 5087 placere
2678 5016 2936 5083 credenth
2990 5016 3109 5073 est?
3134 5030 3256 5070 cum
3281 5015 3348 5069 de
3375 5014 3546 5069 Abra-

1968 5112 2093 5166 ham
2120 5109 2353 5164 Jacobus
2381 5107 2654 5179 apostolus
2694 5115 2923 5163 testatus
2960 5108 3032 5162 sit
3056 5108 3239 5162 dicens
3264 5125 3279 5159 :
3308 5125 3327 5157 ‹
3367 5106 3544 5161 Abra-

1966 5202 2092 5257 ham
2123 5208 2278 5271 pater
2301 5209 2505 5264 noster,
2528 5214 2707 5254 nonne
2730 5214 2797 5254 ex
2822 5199 3074 5270 operibus
3089 5196 3417 5269 justiﬁcatus
3439 5208 3545 5260 est.

1967 5292 2201 5349 offerens
2256 5289 2405 5346 Isaac
2459 5290 2628 5345 ﬁlium
2676 5306 2831 5346 suum
2882 5304 3046 5359 super
3101 5288 3349 5344 altare?»
3384 5288 3548 5345 Vides

1967 5386 2220 5457 quoniam
2259 5382 2393 5438 ﬁdes
2416 5381 2811 5453 cooperabatur
2832 5381 3085 5450 operibus
3113 5380 3275 5434 illius.
3307 5380 3384 5434 Ex
3420 5396 3546 5451 ope-

1969 5479 2119 5534 ribus
2144 5477 2288 5533 enim
2337 5475 2480 5530 illius
2511 5474 2644 5529 ﬁdes
2675 5479 3047 5529 consummata
3090 5481 3194 5535 est,
3221 5480 3279 5525 et
3301 5472 3545 5543 suppleta

1969 5580 2052 5626 est
2088 5570 2373 5640 Scriptura
2417 5566 2642 5621 dicens:
2691 5582 2712 5615 ‹
2745 5561 2987 5618 Credidit
3017 5561 3286 5617 Abraham
3319 5562 3446 5625 Deo,
3491 5573 3546 5615 et

1969 5673 2271 5735 repntatum
2298 5668 2380 5717 est
2407 5658 2482 5713 illi
2512 5657 2577 5712 ad
2598 5654 2885 5725 justitiam,
2918 5663 2972 5707 et
2999 5655 3208 5709 amicus
3244 5654 3337 5712 Dei
3367 5659 3543 5722 appet-

3037 5742 3108 5802 Us
