3974 6200
387 289 492 346 4'27

1030 286 1092 343 Β.
1136 286 1388 343 ΒΑΒΑΝΙ
1427 286 1645 342 MAURI
1685 284 2001 341 ARCHIEP.
2047 256 2350 340 hiOGUNT.
2396 283 2677 340 OPERUM
2719 283 2898 339 PARS
2936 285 2974 339 l.

3548 287 3653 345 £28

387 405 531 457 latus
555 407 654 456 est.
695 418 711 450 ι
755 398 821 453 Ει
849 399 912 456 de
946 397 1159 468 Jcpbte,
1187 407 1309 468 post
1341 406 1521 451 votum
1560 398 1702 467 quod
1734 396 1844 452 Deo
1871 411 1963 450 vo-
1995 399 2041 457 Λ
2072 394 2231 460 ferre,
2258 396 2328 450 ita
2356 396 2442 450 hic
2470 404 2523 451 et
2552 397 2667 451 haec
2699 397 2889 451 mulier
2914 408 3103 453 sancta
3126 406 3286 469 atque
3315 400 3654 470 pmphrtissa

386 497 486 558 vit.
514 494 587 548 ita
611 491 872 561 scriptum
901 499 1012 545 est:
1045 510 1061 541 ι
1094 489 1569 559 Transivithphte
1596 490 1663 544 ad
1691 488 1827 543 ﬁlios
1841 488 1968 540 Am-

386 602 532 650 mon,
564 591 913 654 utpugnaret
942 590 1128 638 contra
1156 596 1269 647 eos,
1296 596 1432 650 quos
1459 580 1718 636 Dominus
1748 579 1967 634 tradidit

386 679 437 732 iu
492 688 682 731 manus
735 672 870 742 ejus.
910 693 929 725 ι
968 673 1107 729 Ecce
1143 672 1440 738 Abraham,
1466 671 1742 727 offerendo
1793 670 1961 725 ﬁlium

384 783 560 831 suum,
603 765 896 821 amicitiam
946 764 1037 818 Dei
1082 765 1409 834 promeruit;
1461 762 1673 832 Jephte,
1723 762 1967 817 vovendo

382 862 492 916 Deo
516 869 723 924 votum,
754 856 1036 915 victoriam
1069 859 1135 911 de
1168 855 1403 910 inimicis
1449 854 1565 910 suis
1603 854 1829 923 adeptus
1857 862 1960 907 est.
1997 868 2000 871 λ

379 951 517 1017 Quid
563 956 686 1019 post
724 948 842 1003 haec
883 946 1253 1016 consequitur,
1286 945 1389 1001 nisi
1429 947 1573 1015 quod
1620 944 1694 1000 illi
1736 944 1828 1013 qui
1869 942 1963 997 Dei

377 1041 704 1095 oblationem
746 1046 1028 1109 spernunt,
1063 1045 1133 1091 et’
1150 1036 1256 1091 tale
1285 1036 1485 1091 factum
1534 1043 1843 1091 sanctorum
1871 1048 1966 1103 pa-

380 1142 520 1185 trum
549 1130 949 1193 abominantur,
984 1128 1187 1182 inimici
1218 1127 1314 1183 Dei
1354 1127 1705 1182 nominentur
1730 1141 1793 1180 ac
1819 1125 1957 1190 sint;

379 1231 430 1276 et
449 1221 519 1275 ob
541 1222 642 1276 hoc
668 1218 1038 1287 spiritualibus
1064 1217 1300 1272 inimicis
1329 1232 1435 1271 non
1465 1216 1638 1271 solum
1669 1232 1772 1271 non
1791 1216 1963 1269 domi-

376 1319 591 1374 nentur,
630 1309 964 1365 imo‘merito
996 1323 1106 1363 sua:
1132 1307 1504 1378 perversitatis
1531 1306 1753 1362 omnino
1791 1304 1959 1373 subji—

373 1399 622 1455 ciantur?
676 1398 951 1469 Scriptum
983 1406 1066 1453 est
1094 1398 1237 1451 enim
1264 1414 1277 1451 :
1316 1415 1335 1449 ι
1362 1396 1679 1466 Quicunque
1700 1394 1815 1449 vult
1840 1410 1961 1450 esse

376 1490 582 1545 amicus
607 1488 810 1551 surculi,
843 1488 1092 1544 inimicus
1119 1488 1212 1542 Dei
1237 1488 1601 1544 constituitur.
1628 1506 1646 1540 ι
1681 1487 1792 1542 Deo
1814 1487 1958 1541 enim

372 1578 585 1649 placere
622 1579 864 1642 omnino,
908 1579 1011 1635 nisi
1038 1580 1258 1644 bonum,
1306 1594 1411 1634 non
1441 1587 1636 1648 potest.
1669 1576 1820 1645 Quod
1865 1593 1960 1631 au-

374 1679 480 1722 tem
526 1670 726 1725 bonum
790 1678 874 1724 est
921 1667 1179 1733 facienti,
1233 1671 1307 1723 id.
1338 1670 1589 1724 meritum
1653 1670 1960 1729 sanctitatis

374 1760 628 1829 acquirit.
1986 1749 2033 1807 Β

443 1851 555 1906 lloc
601 1850 765 1903 etiam
805 1850 1000 1919 probat
1030 1848 1200 1905 Annae
1249 1849 1448 1906 factum
1495 1851 1781 1918 laudabile,
1813 1853 1955 1924 quod

370 1942 507 1997 liber
532 1940 800 1996 Samuelis
826 1951 1234 1998 commemorat.
1269 1942 1403 1998 Cum
1432 1945 1575 1999 enim
1600 1946 1806 2002 sterilis
1836 1961 1956 2002 esse

369 2031 726 2096 describatur,
769 2040 825 2085 et
848 2031 918 2085 ob
947 2031 1049 2086 hoc
1076 2033 1143 2086 ab
1168 2033 1360 2087 zezttula
1390 2049 1511 2100 sua,
1545 2035 1715 2090 altera
1746 2037 1956 2093 scilicet

370 2137 538 2177 uxore
560 2121 809 2176 Helenum
836 2122 937 2175 viri
965 2121 1070 2189 sui,
1096 2123 1435 2189 irrideretur,
1463 2127 1530 2179 ad
1558 2127 1953 2195 deprecandum

370 2214 654 2269 hominum
678 2227 939 2269 conversa
964 2222 1080 2279 est;
1110 2229 1211 2269 nec
1234 2213 1503 2270 fraudavit
1526 2233 1647 2272 eam
1677 2234 1799 2288 Spes
1816 2219 1952 2288 ejus,

366 2305 459 2359 sed
490 2305 763 2375 petitionis
791 2320 901 2359 suae
928 2304 1363 2375 consequebatur
1391 2305 1670 2372 effectum;
1704 2310 1783 2364 sic
1811 2313 1954 2366 enim

363 2396 624 2467 scriptum
656 2405 776 2451 est:
807 2415 825 2447 ι
856 2395 989 2451 Cum
1010 2406 1157 2453 esset
1181 2398 1335 2452 Anna
1378 2414 1567 2455 amaro
1595 2402 1803 2467 animo,
1832 2418 1955 2457 ora-

364 2491 442 2544 vit
471 2490 755 2545 Dominum
805 2489 936 2547 ﬂens
967 2490 1213 2562 largiter,
1247 2500 1302 2547 et
1326 2501 1507 2549 votum
1546 2496 1692 2549 vovit
1737 2494 1951 2550 dicens:

369 2583 593 2638 Domine
631 2583 988 2649 exercituum,
1034 2584 1080 2641 si
1126 2586 1424 2656 respiciens
1463 2586 1664 2643 videris
1719 2587 1967 2644 aﬂlictioo.

365 2691 486 2729 nem
510 2674 727 2731 famulae
755 2685 877 2742 tute,
902 2683 956 2732 et
988 2678 1304 2735 recordatus
1332 2680 1437 2736 mei
1468 2680 1658 2746 fueris,
1689 2697 1788 2737 nec
1812 2683 1952 2737 obli-

364 2780 452 2824 tus
489 2770 698 2825 ancilla:
743 2778 869 2836 ture,
922 2771 1243 2844 dederisque
1288 2788 1476 2829 sexum
1523 2775 1733 2832 virilem
1782 2791 1957 2832 serva:

364 2871 490 2928 tu.e,
532 2861 674 2918 dabo
720 2876 846 2917 cum
877 2861 1104 2920 Domino
1149 2880 1339 2921 omnes
1381 2866 1501 2923 dies
1546 2867 1668 2922 vita:
1712 2865 1850 2936 ejus,
1896 2877 1953 2923 et

368 2956 629 3012 novacula
679 2969 786 3011 non
832 2957 1086 3012 ascendet
1138 2973 1301 3029 super
1345 2966 1509 3029 caput
1553 2958 1809 3030 ejus.»Et
1845 2975 1952 3016 non

368 3051 537 3104 multo
551 3057 674 3119 post
689 3067 701 3101 :
716 3047 1275 3117 «Cognovitllelcana,
1292 3051 1487 3122 inquit,
1504 3050 1711 3106 Annam
1721 3066 1951 3106 uxorun

365 3157 540 3207 suam,
582 3149 638 3197 et
664 3140 981 3196 recordatus
1006 3147 1089 3196 est
1138 3140 1255 3210 ejus
1277 3140 1553 3201 Dominus.
1591 3158 1606 3192 ι
1638 3140 1706 3195 Et
1747 3139 1953 3195 factum

370 3240 454 3287 est
482 3240 603 3301 post
636 3230 897 3287 circulum
926 3231 1155 3293 dierum,
1186 3231 1434 3300 concepit
1453 3230 1629 3296 Anna,
1657 3241 1712 3286 et
1743 3233 1957 3301 peperit

368 3325 556 3389 lilium,
602 3324 925 3394 vocavitque
971 3338 1169 3380 nomen
1218 3325 1337 3394 ejus
1362 3323 1601 3391 Samuel,
1633 3341 1700 3382 eo
1728 3326 1871 3396 quod
1920 3342 1952 3381 a

367 3417 593 3472 Domino
630 3415 965 3486 postulasset
992 3430 1138 3470 eum.
1184 3415 1441 3471 Ascendit
1492 3424 1673 3472 autem
1716 3417 1800 3472 vir
1833 3418 1955 3488 ejus

366 3509 620 3574 llelcaua,
648 3514 704 3561 et
727 3506 909 3563 omnis
924 3505 1117 3562 domus
1141 3506 1283 3578 ejus,
1311 3514 1369 3560 ut
1395 3505 1707 3562 immolaret
1726 3508 1953 3564 Domino

369 3600 604 3655 hostiam
634 3597 953 3664 solemnem,
975 3604 1033 3652 et
1070 3606 1253 3652 votum
1297 3612 1474 3653 suum.
1511 3614 1531 3649 ι
1563 3597 1632 3653 Et
1658 3597 1950 3654 Annarnon

368 3690 642 3754 ascendit;
692 3687 830 3743 dixit
876 3687 1024 3743 enim
1063 3687 1184 3744 viro
1227 3687 1511 3743 suozNon
1541 3688 1731 3744 vadam
1781 3690 1955 3745 donec

362 3782 667 3836 obluctetur
716 3778 929 3845 infans,
960 3786 1014 3834 et
1052 3780 1248 3834 ducam
1294 3794 1418 3834 eum
1455 3786 1514 3834 ut
1559 3788 1818 3850 appareat
1863 3796 1953 3836 co-

365 3886 480 3926 ram
505 3870 751 3935 Domino,
781 3877 836 3924 et
864 3876 1079 3925 maneat
1128 3869 1198 3925 ibi
1228 3867 1453 3940 jugiter.
1497 3870 1565 3925 Et
1611 3871 1687 3926 ait
1714 3870 1953 3926 Heleana

364 3964 449 4017 vir
473 3975 649 4017 suus:
682 3960 792 4015 Fac
820 3959 962 4031 quod
1000 3959 1201 4015 bonum
1251 3960 1347 4015 tibi
1386 3960 1621 4025 videtur,
1664 3969 1719 4016 et
1762 3977 1949 4027 mane,

364 4057 535 4111 (teneo
564 4054 800 4110 ablactes
824 4068 982 4119 eum,
1020 4066 1329 4124 precorque
1355 4064 1417 4109 ut
1448 4054 1671 4126 impleat
1692 4056 1953 4114 Dominus

366 4147 588 4203 verbum
620 4162 798 4203 suum.
829 4145 1026 4201 Mansit
1047 4161 1179 4217 ergo
1205 4146 1423 4212 mulier,
1451 4157 1505 4202 et
1534 4146 1756 4204 iactavit
1779 4148 1950 4207 ﬁlium

362 4253 538 4304 suum,
571 4237 742 4292 donec
772 4243 1051 4291 amoveret
1078 4248 1202 4292 eum
1228 4251 1259 4290 a
1291 4235 1449 4292 lacte.
1481 4236 1549 4292 Et
1575 4238 1799 4294 adduxit
1823 4255 1947 4296 eum

362 4342 568 4393 secum,
608 4338 897 4399 postquam
941 4328 1328 4393 ablactavcrat,
1355 4330 1411 4385 in
1440 4330 1623 4386 vitulis
1665 4331 1858 4397 tribus,
1895 4340 1975 4388 et.

364 4422 545 4476 tribus
579 4418 775 4476 modiis
818 4419 1033 4487 farinae,
1061 4429 1117 4475 et
1159 4423 1419 4491 amphora
1466 4423 1599 4488 vini,
1629 4431 1686 4479 et
1722 4423 1949 4479 adduxit
1974 4464 2025 4526 D

362 4526 485 4567 eum
520 4512 593 4566 ad
639 4506 859 4567 domum
885 4511 1096 4566 Domini
1136 4512 1190 4565 in
1227 4511 1371 4582 Sylo.
1418 4512 1560 4568 Puer
1604 4522 1787 4569 autem
1831 4523 1948 4570 erat

365 4602 541 4659 adhde
567 4603 862 4658 infantulus
884 4620 900 4656 :
920 4610 976 4657 et
1009 4602 1424 4657 immolaverunt
1448 4603 1698 4669 vitulum,
1721 4612 1775 4659 et
1797 4605 1950 4662 obtu-

363 4694 541 4748 lerunt
582 4707 806 4763 puerum
839 4691 974 4747 Heli.
1024 4692 1090 4746 Et
1132 4692 1533 4760 ait:0bseero,
1582 4694 1800 4751 domine
1847 4696 1943 4763 mi,

364 4785 515 4839 vivet
554 4784 733 4838 anima
785 4792 873 4837 tua
915 4783 1066 4856 Deo!
1133 4798 1233 4853 ego
1273 4796 1393 4839 sum
1444 4784 1533 4839 illa
1594 4786 1789 4842 mulier
1825 4802 1944 4857 quae

363 4873 487 4926 steti
517 4886 703 4927 coram
732 4880 806 4937 te,
846 4872 936 4927 hic
971 4887 1139 4926 orans
1161 4871 1449 4928 Dominum
1483 4889 1582 4944 pro
1611 4890 1779 4945 puero
1818 4877 1941 4933 isto.

364 4962 559 5026 Oravi,
605 4970 669 5017 et'
710 4962 858 5017 dedit
904 4962 1033 5023 mihi
1079 4962 1338 5017 Dominus
1389 4964 1702 5033 petitionem
1768 4979 1944 5021 meam

364 5068 527 5123 quam
571 5053 813 5123 posuiavi
854 5054 926 5108 ei.
977 5053 1179 5108 Idcirco
1219 5061 1274 5107 et
1317 5069 1416 5123 ego
1451 5069 1573 5108 eum
1604 5056 1939 5110 commodavi

366 5145 591 5200 Domino
627 5145 835 5200 cunctis
863 5145 1051 5199 diebus
1073 5145 1273 5213 quibus
1294 5144 1459 5201 fuerit
1500 5148 1942 5202 accommodatus

369 5238 667 5293 Βοιώτια]
712 5237 911 5292 Vellem
949 5236 1111 5301 scire,
1144 5251 1331 5291 osores
1359 5236 1447 5291 isti
1491 5246 1548 5291 et
1574 5238 1937 5293 contradicto-

298 5368 347 5395 ,κ
366 5345 459 5386 res
481 5331 769 5387 oblationis
795 5329 1077 5401 regularis,
1113 5329 1243 5399 quid
1260 5329 1347 5384 vde
1373 5329 1475 5385 hac
1499 5329 1768 5383 oblatione
1796 5329 1941 5383 dice-

363 5430 506 5487 rent,
556 5436 677 5491 quae
722 5435 853 5491 pene
909 5420 1203 5477 uerisimilis
1245 5427 1328 5475 est
1382 5419 1613 5489 regulari
1657 5420 1936 5479 oblationi.

364 5528 525 5583 quam
548 5512 739 5567 beatus
766 5510 927 5566 Pater
948 5511 1270 5566 Benedictus
1298 5510 1351 5564 in
1388 5524 1480 5564 sua
1518 5509 1714 5580 Regula
1741 5511 1942 5564 consti-

367 5601 468 5663 tuit
505 5642 517 5654 .
546 5602 672 5670 quia
703 5602 842 5657 sicut
884 5601 956 5656 ibi
998 5599 1149 5669 jubet
1179 5607 1430 5670 parentes
1469 5599 1605 5652 ﬁlios
1647 5599 1940 5654 infantulos

363 5678 497 5745 eum
527 5691 797 5746 oblatione
838 5699 997 5758 atque
1042 5691 1297 5761 petitione
1330 5690 1437 5745 Deo
1471 5688 1622 5757 juxta
1658 5690 1827 5744 altare
1859 5691 1938 5746 of-

2068 485 2235 540 ﬁlium
2284 502 2440 541 suum
2492 486 2815 542 infantulum
2868 505 2992 544 cum
3042 492 3313 546 oblatione
3369 491 3557 547 farime
3600 504 3658 547 et

2067 578 2277 633 cmtcris
2314 577 2595 649 speciebus
2643 595 2764 649 qua:
2814 580 2865 635 in
2918 582 3054 637 libro
3086 582 3290 653 Regum
3326 599 3660 639 commemo-

2067 679 2278 735 rantur,
2302 686 2483 727 coram
2514 671 2628 727 Heli
2660 675 2939 729 sacerdote
2968 675 3019 729 iu
3056 677 3401 732 tabernaculo
3424 678 3657 734 Domino

2066 760 2378 816 solemniter
2413 760 2694 818 olferebat.
2747 765 2935 820 Utrum
2968 766 3183 822 Annam
3224 772 3513 840 proterviae
3546 775 3658 842 spi-

2066 851 2173 905 ritu
2220 850 2497 906 incitatam
2551 852 2654 908 hoc
2700 853 2877 925 egisse
2925 856 3257 912 arbitrentur
3304 875 3448 930 quae,
3498 863 3656 930 quasi

2064 940 2296 1011 propria:
2324 942 2611 1011 potestatis
2642 953 2805 1009 esset,
2837 944 2954 999 sine
2982 945 3084 999 viri
3132 948 3357 1001 consilio
3384 963 3475 1003 seu
3510 966 3656 1019 prm—

2064 1042 2220 1105 cepto
2245 1041 2367 1088 ante
2391 1041 2710 1103 conceptum
2740 1035 2889 1105 pueri
2917 1037 3171 1106 primitus
3200 1038 3312 1093 Deo
3344 1047 3528 1093 votum
3556 1057 3656 1093 vo-

2063 1126 2170 1180 vit?
2200 1124 2400 1179 Deinde
2431 1134 2558 1195 post
2584 1126 2922 1182 nativitatem
2952 1128 3091 1199 ejus,
3128 1130 3253 1184 licet
3281 1146 3403 1185 cum
3434 1134 3532 1185 viri
3566 1134 3653 1185 sui

2062 1231 2349 1279 consensa,
2382 1224 2563 1272 tamen
2594 1217 2709 1286 ipsa
2738 1233 2859 1272 eum
2892 1218 3118 1276 Domino
3142 1221 3466 1277 ﬁducialiter
3494 1225 3659 1277 obm-

2062 1309 2143 1375 lit,
2172 1320 2333 1379 atque
2364 1311 2479 1366 [Icli
2511 1314 2776 1367 sacerdoti
2827 1314 3024 1369 ibidem
3070 1324 3239 1370 totum
3267 1317 3512 1372 ordinem
3542 1321 3653 1372 voti

2062 1404 2142 1457 sui
2185 1403 2472 1473 diligenter
2520 1406 2787 1476 exposuit.
2840 1405 2973 1473 Quis
3017 1417 3195 1463 autem
3255 1409 3416 1464 audet
3469 1411 3657 1465 dicere

2061 1493 2346 1553 Dominum
2395 1495 2639 1564 iniquum
2685 1510 2825 1560 esse,
2865 1497 2956 1566 qui
2998 1496 3125 1553 huic
3162 1486 3394 1565 mulieri,
3426 1500 3493 1554 ob
3528 1500 3655 1555 ﬁdei

2061 1590 2321 1645 meritum
2372 1596 2427 1644 et
2479 1604 2690 1660 magna:
2741 1590 3041 1646 devotionis
3094 1590 3362 1656 effectum,
3416 1593 3654 1663 gratiam

2062 1678 2295 1748 Spiritus
2324 1679 2494 1733 sancti
2527 1680 2607 1733 sui
2648 1680 2868 1735 tribuit?
2899 1679 2956 1735 Si
2993 1682 3136 1736 enim
3170 1681 3327 1750 hujus
3359 1683 3654 1737 oblationis

2061 1770 2424 1840 displicuisset
2468 1770 2691 1837 factum,
2728 1787 3071 1842 nequaquam
3123 1782 3245 1843 post
3281 1782 3654 1845 perpetratum

2059 1862 2390 1918 oblationem
2423 1860 2661 1931 Spiritus
2710 1864 2882 1919 sancti
2918 1863 2992 1918 illi
3042 1865 3376 1935 impenderet
3420 1867 3654 1932 donum,

2059 1954 2202 2010 unde
2226 1954 2493 2025 potuisset
2522 1954 2589 2009 de
2619 1954 2800 2009 futuro
2831 1965 3174 2011 sacramento
3203 1958 3466 2013 adventus
3492 1957 3656 2013 Chri—

2058 2044 2152 2111 sti,
2177 2052 2233 2100 ct
2260 2044 2325 2101 de
2354 2045 2651 2100 mutatione
2679 2046 2881 2100 veteris
2911 2048 3223 2111 sacerdotii,
3270 2048 3511 2118 legisque
3540 2050 3650 2119 pri-

2059 2138 2240 2203 stinae,
2264 2152 2364 2192 nec
2388 2153 2496 2191 non
2528 2145 2585 2193 et
2614 2138 2678 2193 de
2708 2137 3009 2205 abjcctiozte
3035 2139 3209 2210 plebis
3233 2140 3541 2206 incredulm,
3573 2152 3659 2196 at-

2058 2243 2163 2299 que
2220 2229 2615 2285 convocatione
2668 2230 2907 2299 gentium
2971 2231 3038 2284 ad
3097 2231 3252 2285 ﬁdem
3303 2233 3655 2302 prophetare.

2057 2319 2347 2390 Postquam
2376 2321 2521 2374 enim
2546 2328 2801 2389 parentes
2826 2322 2968 2375 beati
2992 2321 3261 2378 Samuelis
3286 2324 3657 2378 adoravevunt

2060 2410 2344 2465 Dominum
2382 2411 2433 2465 in
2464 2408 2611 2483 Sylo,
2653 2411 2831 2464 oravit
2858 2411 3038 2476 Anna,
3070 2419 3123 2466 et
3152 2413 3265 2467 ait”:
3297 2432 3315 2464 ς
3347 2413 3656 2468 Essnltavit

2057 2517 2153 2555 cor
2179 2516 2356 2555 meum
2395 2501 2449 2556 in
2476 2502 2724 2563 Domino,
2757 2511 2811 2557 et
2836 2502 3132 2557 exaltatum
3160 2512 3243 2559 est
3271 2510 3657 2561 cornu‘meu‘m

2056 2590 2111 2644 in
2141 2591 2247 2645 Dco
2272 2606 2410 2669 meo,
2444 2610 2460 2641 ι
2493 2600 2597 2646 etc.
2630 2590 2672 2645 E
2705 2591 2980 2648 contrario
2996 2606 3155 2659 'vcro,
3187 2594 3229 2649 si
3261 2596 3531 2649 mundana
3560 2595 3655 2651 lex

2058 2689 2264 2735 tantum
2295 2681 2562 2736 dominari
2592 2682 2815 2737 deberet
2860 2683 2912 2737 in
2943 2683 3088 2739 cultu
3114 2684 3315 2748 divino,
3349 2685 3652 2756 quod'nulli

2054 2786 2176 2824 eam
2213 2771 2516 2840 transgredi
2556 2770 2749 2825 liceret
2784 2772 3070 2828 in-Christl
3109 2758 3285 2829 cilicio
3312 2793 3324 2829 :
3352 2784 3544 2831 auctet
3573 2787 3651 2831 to-

2055 2861 2163 2915 tius
2186 2860 2312 2915 boni
2339 2869 2393 2915 et
2415 2859 2639 2930 justitize
2665 2863 3179 2921 observantissimus
3207 2874 3407 2929 custos,
3442 2868 3508 2923 de
3540 2878 3652 2939 quo

2054 2950 2315 3020 scriptum
2341 2959 2424 3006 est
2452 2966 2465 3005 :
2489 2974 2505 3002 ι
2539 2950 2726 3007 Justus
2754 2953 3033 3017 Dominus,
3063 2962 3118 3010 et
3138 2954 3407 3024 justitiam
3435 2958 3650 3025 dilexit,

2057 3041 2364 3112 atquitatem
2405 3041 2530 3097 coli!
2564 3043 2741 3098 vultus
2784 3045 2958 3115 ejus,»
3019 3052 3217 3115 quemn
3238 3048 3289 3101 io
3329 3048 3382 3102 id
3410 3056 3651 3104 non‘s’uo‘

2057 3132 2367 3189 testimonio
2394 3135 2789 3206 comprobaret,
2819 3144 2982 3208 atque
3007 3138 3261 3192 omnibus
3301 3138 3649 3195 manifestum

2049 3223 2309 3295 judicium
2350 3241 2460 3280 sua:
2489 3226 2783 3281 voluntatis
2829 3228 3138 3297 prmbcrct?
3177 3229 3383 3286 Idcirco
3429 3241 3652 3287 cessent

2056 3313 2344 3385 aliquando
2407 3316 2679 3387 vaniloqui
2746 3318 2832 3373 isti
2892 3329 2944 3374 et
3002 3320 3352 3376 dctraetorcs‘
3396 3322 3649 3393 religioni

2054 3407 2374 3464 Christiana:
2422 3410 2732 3477 detrahere,
2782 3426 2846 3467 ac
2898 3413 3125 3482 gratiam
3178 3412 3401 3478 Christi,
3436 3432 3557 3486 quae
3590 3416 3645 3470 in

2054 3501 2281 3558 diversis
2311 3503 2469 3559 donis
2505 3512 2705 3559 sancta:
2732 3505 2890 3559 matri
2932 3506 3220 3561 distributa
3250 3518 3331 3561 est
3359 3506 3643 3573 Ecclesiae,

2054 3593 2217 3649 dente
2265 3609 2536 3649 venenoso
2586 3594 2863 3650 lacerarc°
2897 3597 3023 3665 quia
3077 3616 3093 3648 ‹
3130 3597 3401 3668 ιῐῖοτῃειιηξρι
3463 3600 3649 3655 Domi-

2054 3700 2177 3749 nus,
2219 3705 2236 3737 ι
2273 3684 2550 3756 Scriptura
2589 3694 2748 3752 teste,
2796 3705 2814 3738 ι
2852 3688 3103 3743 universa
3152 3687 3291 3743 labia
3340 3690 3546 3756 dolosa,
3592 3702 3650 3747 ct

2054 3775 2291 3847 linguam
2325 3780 2745 3849 magniloquam.
2785 3800 2803 3833 ι

2127 3868 2232 3925 Sed
2274 3870 2399 3940 quia
2434 3871 2488 3926 in
2511 3868 2693 3928 Veteri
2727 3871 3075 3928 Testamento
3114 3874 3349 3944 plurima
3392 3877 3645 3946 lmjnsee-

2055 3958 2197 4013 modi
2230 3968 2456 4029 possunt
2484 3960 2713 4015 inveniri
2743 3963 3011 4034 exempla,
3040 3972 3095 4019 et
3131 3965 3185 4019 in
3211 3963 3359 4019 Novo
3387 3966 3644 4020 similiter

2055 4045 2424 4120 hujuscemodi
2456 4054 2680 4110 rationis
2719 4071 2824 4111 non
2850 4071 3017 4126 pauca
3046 4066 3263 4113 exstant
3300 4058 3640 4114 testimonFa:

2053 4156 2122 4197 ne
2144 4133 2285 4197 uitra
2311 4144 2525 4198 modum
2553 4146 2725 4200 oratio
2755 4148 3149 4221 progrediatur,
3176 4149 3375 4202 veteris
3401 4150 3642 4214 omissis,

2053 4232 2121 4289 de
2149 4232 2298 4289 Novo
2328 4236 2571 4306 exempla
2597 4235 2958 4306 proferamus.
2990 4236 3188 4292 Narrat
3215 4239 3358 4292 enim
3391 4250 3641 4295 sanetum

2052 4324 2401 4396 Evangelium
2425 4329 2564 4396 quod
2590 4337 2841 4396 parentes
2872 4326 3169 4384 Salvatoris
3198 4344 3425 4398 puerum
3451 4329 3637 4385 Jesum

2048 4432 2174 4485 cum
2225 4417 2501 4473 oblatione
2542 4420 2835 4473 secundum
2890 4419 3061 4491 legem
3113 4419 3213 4475 sibi
3260 4421 3536 4475 decretam
3587 4422 3639 4476 iu

2053 4507 2253 4577 templo
2283 4508 2538 4563 sisterent
2559 4508 2803 4572 Domino,
2832 4517 2891 4563 ut
2921 4509 3077 4565 dator
3106 4510 3365 4581 le‘gis'suo
3390 4511 3641 4580 exemplo

2050 4614 2170 4653 eam
2202 4599 2583 4669 comprobaret
2617 4607 2778 4668 atque
2810 4599 3177 4662 confirmaret,
3219 4600 3640 4669 ostenderetque

2050 4690 2270 4745 onmiuo
2306 4690 2409 4745 sibi
2444 4706 2551 4746 non
2583 4687 2868 4761 displicere
2916 4690 2969 4744 in
3001 4690 3228 4745 ecclesia
3270 4705 3366 4744 sua
3401 4689 3635 4745 oblatio-

2050 4796 2172 4834 nem
2213 4790 2268 4835 et
2302 4780 2658 4843 devotionem
2684 4780 2941 4834 ﬁdelium.
2989 4780 3047 4834 Si
3090 4780 3232 4834 enim
3279 4776 3439 4834 Iesus
3474 4796 3505 4833 a
3535 4795 3633 4847 pa-

2050 4872 2292 4927 rentibus
2334 4872 2399 4925 ad
2453 4872 2707 4942 templum
2749 4870 2948 4926 deferri
2991 4872 3180 4936 voluit,
3226 4871 3407 4941 ibique
3451 4871 3636 4925 offerri

2052 4980 2150 5036 pro
2180 4979 2239 5018 se
2281 4963 2508 5018 hostiam
2538 4964 2670 5027 Deo,
2706 4963 2828 5032 quis
2856 4970 2941 5017 est
2976 4963 3067 5032 qui
3096 4970 3379 5034 parentum
3406 4963 3637 5016 oblatio-

2052 5071 2174 5110 nem
2215 5056 2268 5109 in
2295 5053 2419 5109 ﬁliis
2452 5055 2564 5107 suis
2601 5053 2999 5123 reprehendere
3025 5062 3339 5124 praesumat,
3371 5062 3426 5108 et
3450 5054 3637 5122 probi—

2050 5145 2177 5218 bere
2204 5144 2345 5214 quod
2374 5161 2478 5200 non
2505 5145 2794 5199 exhibeant
2822 5160 2915 5199 eos
2939 5146 3172 5200 hostiam
3197 5148 3465 5201 viventem
3492 5146 3635 5200 Deo?

2051 5255 2174 5293 nam
2202 5236 2335 5294 fides
2374 5254 2478 5291 non
2519 5239 2692 5294 solum
2728 5238 3055 5304 oblatorum,
3083 5240 3175 5293 sed
3214 5241 3377 5294 etiam
3403 5237 3635 5293 offeren-

2050 5329 2207 5393 tium,
2239 5327 2518 5399 Scriptura
2569 5335 2720 5392 teste,
2754 5328 2864 5382 Deo
2896 5329 3247 5398 acccptabilis
3293 5336 3430 5383 erat.
3483 5322 3633 5382 Unde

2043 5428 2097 5473 et
2148 5421 2201 5473 in
2256 5428 2446 5474 sancta
2489 5418 2729 5473 Ecclesia
2780 5432 2876 5488 per
2929 5427 3211 5489 parentum
3262 5418 3421 5475 ﬁdem
3470 5422 3633 5487 atque

2043 5510 2433 5580 professionem
2460 5509 2747 5565 conﬁcitur
2784 5508 3047 5580 baptisma
3078 5510 3444 5579 parvulorum.
3482 5509 3629 5566 Otre-

2042 5602 2233 5655 rebant
2260 5599 2385 5653 Jesu
2414 5601 2769 5673 paralyticum
2802 5600 2914 5665 alii,
2954 5618 2972 5651 ι
3005 5616 3233 5670 quarunt
3279 5601 3438 5655 ﬁdem
3470 5609 3530 5654 ut
3556 5600 3631 5653 vi-

2041 5692 2115 5745 dit
2137 5733 2151 5758 ,
2182 5692 2314 5746 dixit
2349 5692 2643 5761 paralytico
2684 5708 2695 5744 :
2738 5690 2991 5759 Conﬂsie,
3023 5691 3116 5760 ﬁli,
3151 5693 3500 5747 remittuntur
3518 5690 3632 5746 .tibi
