3974 6200
417 211 484 263 Si
751 223 756 226 ·
1040 203 1101 256 Β.
1143 201 1393 258 RABANI
1436 201 1650 256 MAURI
1690 199 2007 254 ARCHIEP.
2051 196 2358 253 MOGUNT.
2397 191 2682 250 OPERUM
2724 190 2902 246 PARS
2941 189 2980 244 ι.

3543 187 3650 240 4⁷2

391 325 517 370 sunt
545 315 626 369 eis
649 311 948 383 posteriora
975 309 1242 364 deteriora
1267 309 1550 380 prioribus.
1612 308 1799 362 Melius
1821 309 1964 363 enim
1998 317 2039 372 Α
2070 319 2120 361 et
2151 325 2215 362 ex
2246 308 2494 376 gentibus
2539 321 2753 376 quoque
2803 303 3148 358 credentibus
3193 302 3474 372 aequaliter
3518 304 3655 355 rcci-

389 414 506 460 erat
555 404 660 458 illis
707 417 813 457 non
853 415 1147 470 agnoscere
1192 400 1334 454 viam
1374 397 1614 466 iustitim,
1655 413 1816 466 quam
1853 406 1973 466 post

391 495 726 565 agnitionem
756 500 1053 546 retrorsum
1083 489 1326 544 converti
1353 490 1418 543 ab
1449 504 1534 551 eo,
1561 489 1701 556 quod
1733 487 1836 540 illis
1860 497 1972 540 tra—

387 583 565 642 ditum
595 593 699 649 est,
732 591 920 638 sancto
947 581 1218 635 mandato.
1238 599 1256 631 ι
1346 622 1354 644 ,

466 680 590 734 llaec
619 677 833 747 quidem
884 689 1007 728 cum
1051 673 1270 728 auribus
1303 673 1543 742 corporis
1586 671 1972 741 percipiantur,

396 786 494 824 nec
523 783 682 822 aures
709 765 1012 828 interiores,
1042 776 1179 831 quas
1209 761 1460 815 Salvator
1489 761 1542 813 in
1573 749 1863 828 Evangelio
1893 772 1978 811 re-

395 861 583 929 quirit,
611 859 833 913 dicens:
871 874 890 906 ‹
926 855 1026 922 Qui
1062 855 1222 909 habet
1252 868 1410 908 aures
1440 852 1689 908 audiendi
1711 853 1912 916 audiat,
1954 869 1972 897 ι

395 956 690 1020 apponunt,
738 956 799 1000 ut
844 945 1144 1014 intelligant
1191 943 1443 1012 quoniam
1486 942 1576 1010 qui
1611 941 1744 994 talia
1791 948 1976 1008 agunt,

397 1043 543 1113 digni
566 1050 692 1096 sunt
728 1047 902 1093 morte
930 1057 940 1090 :
973 1053 1082 1092 non
1111 1036 1280 1091 solum
1306 1036 1396 1105 qui
1424 1034 1657 1099 faciunt;
1692 1034 1784 1088 sed
1813 1033 1979 1088 etiam

397 1135 487 1202 qui
517 1129 860 1186 consentiunt
887 1127 1224 1189 facientibus,
1257 1141 1422 1195 prava
1464 1125 1760 1180 intentione
1790 1124 1980 1178 decer-

400 1233 536 1288 lant,
567 1221 836 1291 quomodo
872 1221 1138 1281 minuant,
1164 1228 1256 1271 aut
1287 1216 1526 1270 funditus
1570 1223 1818 1270 evertant
1863 1229 1980 1268 mo-

399 1314 660 1367 nasticam
688 1309 1172 1366 conversationem.
1204 1306 1337 1362 Cum
1366 1306 1509 1360 enim
1533 1305 1802 1359 audierint
1831 1318 1984 1372 regu-

401 1405 566 1460 larem
597 1403 920 1459 oblationem
947 1402 1000 1455 in
1039 1400 1221 1470 pueris
1251 1399 1473 1454 minoris
1511 1397 1707 1463 mtatis,
1753 1397 1983 1451 testibus

400 1497 609 1550 idoneis
645 1493 959 1551 conﬁrmari
997 1492 1198 1546 debere
1237 1509 1249 1542 :
1304 1489 1429 1559 quia
1478 1496 1665 1558 aperte
1710 1485 1983 1541 contraire

401 1597 561 1655 atque
596 1586 850 1640 resistere
877 1582 1093 1636 veritati
1117 1595 1222 1635 non
1244 1579 1470 1643 audent;
1495 1594 1560 1633 ex
1589 1577 1808 1645 obliquo
1837 1589 1983 1645 qum-

2077 400 2249 468 piunt,
2273 408 2326 451 ct
2349 399 2400 451 in
2425 412 2650 452 numero
2668 404 2899 464 quatuor
2922 393 3331 463 Evangeliorum
3357 391 3655 446 ascribunt.

2077 490 2216 543 Detts
2271 488 2413 540 enim
2458 500 2743 556 personam
2794 484 3027 537 hominis
3068 497 3173 535 non
3223 481 3438 550 accipit,
3469 482 3562 535 sed
3606 481 3662 533 in

2075 579 2220 632 omni
2247 586 2403 648 gente
2428 585 2480 630 et
2506 574 2810 629 conditione
2838 573 2926 641 qui
2962 572 3114 626 timet
3142 570 3428 625 Dominum
3449 578 3502 623 et
3527 585 3664 638 ope-

2078 677 2228 722 ratur
2251 666 2519 737 justitiam
2546 673 2800 732 acceptus
2833 671 2916 716 cst
2943 663 3036 716 illi.

2149 759 2274 813 llaec
2297 773 2424 812 vero
2443 771 2564 812 cum
2595 771 2652 811 sc
2683 756 2755 809 ita
2781 755 3034 817 habeant,
3053 769 3173 822 qua:
3200 753 3338 807 ratio
3364 761 3448 806 est
3473 768 3668 806 secun-

2077 850 2204 904 dum
2233 851 2420 913 Deum,
2452 856 2543 902 aut
2569 846 2862 902 secundum
2893 847 3158 912 homines,
3183 854 3240 898 ut
3269 844 3358 913 qui
3382 843 3672 897 inferiores

2079 951 2208 998 sunt
2227 943 2423 996 virtute
2445 948 2500 994 et
2523 939 2805 1009 dignitate,
2829 938 3134 1006 superiores
3156 935 3255 989 sibi
3277 943 3329 988 et
3350 935 3671 989 eminentio-

2082 1049 2168 1088 res
2184 1039 2460 1101 spernant,
2485 1037 2539 1082 et
2565 1027 2718 1098 quasi
2747 1028 2992 1097 indignos
3013 1026 3158 1079 omni
3181 1026 3383 1080 honore
3407 1040 3670 1094 respuen—

2081 1135 2162 1180 tes
2199 1123 2472 1191 abjiciant,
2509 1121 2704 1191 quibus
2743 1119 2931 1188 subjici
2984 1117 3302 1186 oportebat?
3341 1117 3474 1183 Quis
3519 1117 3670 1170 enim

2081 1219 2290 1287 ignorat
2335 1216 2433 1268 sub
2471 1215 2572 1268 hac
2601 1213 2754 1282 plaga
2779 1211 2961 1264 mundi
2995 1212 3260 1272 habitans,
3285 1209 3523 1263 Francos
3544 1220 3674 1262 ante

2083 1309 2324 1364 Saxones
2341 1306 2392 1360 in
2411 1304 2729 1360 Christiﬁdc
2751 1312 2913 1372 atque
2930 1302 3184 1372 religione
3206 1301 3386 1364 fuisse,
3408 1317 3542 1370 quos
3565 1300 3670 1370 ipsi

2082 1399 2418 1469 postmodum
2443 1411 2552 1450 sua:
2575 1395 2924 1449 dominationi
2947 1395 3272 1462 subegerunt
3293 1394 3480 1455 armis,
3504 1402 3672 1460 atque

2084 1489 2392 1558 superiores
2439 1484 2636 1548 effecti,
2667 1483 3006 1538 dominorum
3040 1482 3164 1544 ritu,
3211 1482 3316 1534 imo
3353 1481 3520 1550 magis
3571 1498 3675 1551 pa-

2087 1588 2240 1634 terno
2274 1575 2487 1640 affectu,
2516 1575 2583 1628 ab
2625 1574 2887 1628 idolorum
2922 1571 3067 1626 cultu
3103 1571 3494 1634 abstrahentes,
3516 1575 3581 1624 ad
3609 1574 3674 1624 li-

403 1688 527 1732 runt
547 1674 816 1747 quomodo
840 1675 914 1739 id,
937 1674 1078 1743 quod
1106 1686 1356 1741 perversa
1386 1679 1568 1722 mente
1595 1675 1848 1731 tractant,
1883 1668 1984 1721 hoc
2016 1674 2059 1732 Β
2087 1669 2209 1724 dem
2230 1665 2860 1724 Christiconverterunt?
2884 1663 2990 1719 Sed
3017 1679 3158 1717 nunc
3182 1679 3209 1716 a
3226 1664 3549 1732 quibusdam
3564 1664 3672 1732 pri-

402 1776 523 1822 actu
571 1766 805 1821 nefando
851 1763 1135 1833 perﬁciant
1166 1779 1177 1814 :
1211 1761 1478 1814 subtiliter
1515 1765 1978 1828 argumentantur,

401 1867 564 1927 atque
594 1857 696 1911 hoc.
725 1855 779 1908 in
806 1861 1170 1908 commentum
1204 1847 1408 1904 erroris
1437 1847 1521 1901 sui
1545 1855 1846 1910 assumunt,
1876 1861 1984 1915 quo

406 1947 614 2001 facilius
637 1945 844 2016 possint
868 1942 969 1996 sibi
991 1942 1348 2009 obsequentes
1368 1948 1529 2008 atque
1551 1937 1863 1992 obedientcs
1889 1938 1982 1990 tle-

407 2042 588 2096 ludere
614 2057 627 2092 :
657 2037 800 2108 quod
824 2051 928 2090 non
953 2035 1111 2090 liceat
1137 2033 1355 2087 cuilibet
1380 2040 1544 2086 testes
1569 2031 1736 2086 citare
1764 2031 1829 2083 ad
1856 2044 1984 2084 con—

408 2133 724 2187 ﬁrmandam
755 2130 1035 2184 veritatem
1079 2124 1353 2196 religionis
1399 2122 1740 2189 Christiana},
1784 2122 1887 2176 nisi
1920 2122 1986 2176 de

407 2224 620 2293 propria
669 2235 764 2276 sua
806 2226 1005 2290 gente:
1036 2215 1184 2270 verbi
1218 2213 1407 2283 gzatia,
1440 2213 1625 2268 dicunt
1655 2212 1797 2282 quod
1826 2225 1986 2280 super

407 2319 676 2372 Saxonem
705 2312 881 2367 nullus
907 2313 971 2366 de
993 2310 1324 2363 Francorum
1359 2315 1450 2359 aut
1479 2305 1861 2366 Romanorum,
1895 2310 1987 2355 aut

405 2424 472 2461 ex
501 2407 603 2460 alia
634 2403 875 2474 qualibet
908 2409 1088 2472 gente,
1129 2399 1252 2452 licet
1291 2398 1430 2451 inter
1459 2411 1586 2450 suos
1619 2393 1812 2448 nobilis
1856 2401 1987 2446 natu

409 2508 570 2566 atque
611 2497 870 2549 honestus
915 2489 1326 2546 conversatione
1371 2487 1656 2548 habeatur,
1705 2484 1806 2538 nisi
1843 2482 1989 2536 Savo

408 2589 562 2642 testis
589 2600 710 2640 esse
737 2583 925 2652 possit.
961 2580 1073 2635 Hoc
1101 2580 1267 2642 enim,
1295 2577 1465 2642 aiunt,
1489 2575 1659 2647 legem
1687 2573 1860 2645 gentis
1880 2586 1990 2628 suae

408 2681 520 2750 pati
552 2693 654 2732 non
677 2691 860 2745 posse,
901 2683 962 2728 ut
991 2672 1211 2726 alterius
1252 2669 1425 2740 gentis
1455 2669 1616 2723 homo
1655 2667 1710 2721 in
1747 2666 1989 2722 testimo-

412 2774 556 2828 nium
585 2771 781 2826 citetur
811 2767 878 2822 ad
907 2764 1300 2834 infringendam
1330 2761 1498 2832 legem
1546 2759 1811 2814 libertatis
1855 2773 1986 2813 sum.

412 2862 573 2929 Quasi
608 2859 681 2914 illi
719 2859 1019 2912 libertatem
1057 2869 1122 2908 ac
1155 2852 1484 2906 nobilitatem
1515 2850 1729 2922 generis
1758 2849 1840 2903 sui
1867 2863 1993 2917 per-

413 2958 544 3008 dant
581 2952 672 3021 qui
716 2949 992 3005 servitium
1023 2945 1224 3001 Christi
1268 2943 1609 3014 proﬁtentur,
1655 2957 1776 2996 cum
1820 2940 1991 3011 magis

2085 1761 2318 1814 matibus
2338 1760 2404 1813 de
2426 1760 2540 1828 ipsa
2563 1765 2720 1826 gente
2743 1756 3034 1810 secundum
3050 1770 3267 1809 carnem
3288 1754 3674 1824 etiitisingrate

2083 1859 2430 1921 spernuntur,
2480 1865 2544 1905 ac
2587 1856 2773 1903 contra
2815 1847 2904 1916 jus
2943 1847 3060 1901 ςαξιὶ
3091 1857 3386 1916 contraque
3415 1845 3507 1916 jus
3544 1848 3670 1909 fori,

2084 1959 2152 1998 ne
2188 1952 2350 1998 testes
2377 1956 2496 1996 esse
2519 1942 2762 1996 veritatis
2790 1941 3022 2005 valeant,
3055 1940 3269 2010 indigne
3295 1943 3342 1993 a‘
3359 1941 3628 2011 jitiuntur
3657 1961 3667 1993 :

2085 2053 2206 2091 cum
2229 2037 2330 2090 hoc
2361 2051 2460 2090 nec
2489 2035 2626 2088 ratio
2653 2035 2905 2099 humana,
2935 2048 3107 2102 neque
3144 2033 3322 2086 divina
3355 2033 3407 2087 id
3438 2031 3554 2086 ﬁeri
3583 2034 3678 2087 ἀο-

2085 2129 2212 2183 bere
2232 2126 2347 2180 ullo
2368 2126 2526 2179 modo
2551 2125 2738 2187 dictet,
2765 2139 2864 2178 nec
2895 2124 3016 2178 talis
3042 2123 3176 2177 ordo
3197 2139 3435 2192 unquam
3459 2123 3512 2179 in
3539 2124 3674 2178 orlre

2087 2218 2366 2288 triquadro
2389 2217 2568 2271 fuerit.
2591 2216 2821 2270 Narrant
2841 2216 2983 2270 enim
3010 2215 3246 2270 historiae
3268 2224 3436 2269 totam
3461 2215 3673 2277 Asiam.

2086 2308 2187 2362 sub
2239 2316 2455 2362 centum
2511 2307 2696 2377 viginti
2743 2306 2974 2375 satrapis
3025 2307 3411 2371 conStitutam,
3465 2306 3676 2376 legibus

2088 2398 2375 2452 Persarum
2401 2397 2664 2451 obedisse.
2697 2395 2788 2449 Sic
2831 2397 2992 2450 etiam
3034 2395 3394 2450 Romanorum
3425 2395 3677 2448 domina-

2089 2489 2219 2542 tioni
2250 2502 2440 2542 omnes
2467 2494 2652 2557 gentes
2680 2502 2841 2541 censu
2867 2501 2930 2542 ac
2955 2502 3114 2541 sensu
3136 2486 3430 2541 secundum
3461 2488 3677 2540 sancita

2089 2580 2472 2650 imperatorum
2517 2591 2612 2647 per
2643 2577 2884 2633 diversas
2915 2579 3218 2649 provincias
3259 2580 3370 2634 suis
3411 2583 3676 2650 tempori-

2089 2671 2188 2726 bus
2213 2668 2483 2738 subjcctas
2513 2685 2650 2735 esse,
2683 2670 2961 2740 civemque
3005 2668 3305 2724 Romanum
3346 2671 3544 2726 ascribi
3577 2688 3677 2742 pro

2091 2781 2282 2835 magna
2309 2765 2567 2833 dignitate
2591 2778 2653 2817 ac
2680 2765 3023 2818 veneratione
3047 2764 3185 2833 apud
3216 2779 3402 2818 omnes
3427 2765 3678 2819 nationes

2090 2854 2299 2909 haberi.
2325 2852 2430 2908 Sed
2459 2868 2565 2906 non
2596 2853 2789 2906 mirum
2825 2853 2966 2921 quod
2989 2852 3098 2915 isti,
3125 2852 3214 2920 qtti
3243 2851 3452 2922 legibus
3477 2853 3678 2906 divinis

2091 2943 2360 2998 contraria
2409 2943 2670 3006 sentiunt,
2719 2941 2924 2997 fmdera
2961 2942 3100 3011 pacti
3143 2943 3365 2996 humani
3417 2943 3522 2997 rite
3569 2960 3678 2998 non

408 3047 488 3100 illi
525 3043 675 3098 liberi
707 3042 814 3096 sint
841 3040 932 3110 qui
963 3038 1056 3092 uni
1085 3038 1214 3099 Deo,
1243 3051 1402 3104 quam
1448 3034 1539 3103 qui
1583 3033 1811 3089 diversis
1846 3031 1992 3087 vitiis
2021 3039 2064 3100 ρ
2097 3042 2353 3098 servent;
2396 3041 2641 3088 errantes
2683 3033 2847 3097 enim,
2892 3042 2949 3087 et
2987 3033 3038 3086 in
3091 3047 3330 3089 errorem
3377 3035 3675 3098 mittentes.

414 3147 575 3204 atque
596 3132 851 3204 peccatis,
875 3129 1078 3185 servire
1104 3127 1417 3197 probantur.
1446 3124 1594 3178 Hanc
1619 3123 1857 3193 profecto
1883 3137 1990 3178 non

415 3231 486 3285 ob
510 3228 654 3282 aliud
684 3222 1202 3296 argumentationem
1255 3219 1416 3289 igitur
1454 3218 1677 3288 ﬁngunt,
1725 3232 1884 3286 quam
1933 3225 1992 3270 ut

411 3318 767 3378 monasticam
812 3312 1273 3371 conversationem
1313 3326 1377 3366 ac
1417 3309 1715 3378 regularem
1759 3308 1996 3377 discipli-

415 3427 541 3467 nam
573 3410 628 3463 in
657 3407 836 3462 odium
869 3403 1174 3459 hominibus
1205 3408 1438 3465 vertant,
1467 3399 1707 3454 dicentes
1747 3412 1843 3452 eos
1881 3410 1995 3450 ser-

418 3521 512 3561 vos
563 3502 682 3557 ﬁeri
723 3501 814 3570 qui
853 3497 1106 3554 monachi
1149 3496 1314 3559 ﬁunt;
1363 3504 1417 3548 et
1458 3509 1563 3548 non
1609 3492 1911 3561 intelligunt
1937 3505 1995 3544 se

417 3604 604 3651 contra
645 3592 928 3647 Dominum
969 3602 1207 3659 pugnare
1235 3587 1325 3656 qui
1355 3585 1470 3654 ejus
1504 3585 1838 3641 devotionem
1877 3600 1994 3638 ser—

408 3685 533 3739 vitii
558 3683 744 3739 dicunt
769 3694 995 3750 pensum
1043 3692 1163 3732 esse
1193 3685 1422 3739 naturae,
1453 3690 1574 3730 cum
1619 3673 1760 3728 nulla
1789 3674 1861 3728 sit
1886 3687 1998 3728 me-

418 3777 520 3836 lior
562 3773 842 3842 majorque
870 3777 1111 3839 potestas
1151 3783 1313 3838 quam
1345 3767 1548 3822 servire
1586 3766 1716 3830 Deo,
1748 3766 1834 3820 cui
1865 3766 1999 3820 bene

417 3863 585 3921 servit
612 3876 782 3916 amor.
813 3858 870 3914 Si
895 3859 1094 3914 veritas
1125 3873 1156 3911 a
1197 3857 1424 3911 testibus
1453 3857 1752 3926 expetenda
1781 3863 1884 3920 est,
1932 3854 1997 3908 ﬁ-

418 3958 516 4012 des
544 3964 600 4010 et
621 3954 864 4026 probitas
886 3951 1102 4006 testium
1125 3949 1446 4019 requirenda
1474 3957 1617 4004 sunt.
1645 3948 1710 4002 Et
1733 3949 2000 4018 quomodo

419 4046 769 4103 inveniuntur
824 4051 988 4100 testes
1047 4040 1256 4104 idonei,
1311 4039 1415 4094 nisi
1470 4040 1584 4095 hzec
1641 4038 2002 4094 consideratio

419 4138 561 4209 apud
585 4137 876 4208 eligentem
904 4134 1018 4196 ﬁat,
1048 4141 1108 4187 ut
1136 4147 1242 4187 non
1275 4130 1447 4186 solum
1489 4129 1740 4184 nobilitas
1765 4129 1999 4201 generis,

403 4231 516 4287 .sed
541 4231 705 4287 etiam
734 4227 1038 4284 constantia
1080 4225 1275 4280 mentis
1317 4223 1370 4278 in
1415 4224 1494 4278 eis
1527 4223 1887 4293 approbetur?
1925 4223 2005 4290 sic

421 4323 566 4379 enim
611 4322 680 4377 ab
707 4321 860 4376 initio
894 4327 1064 4374 testes
1105 4333 1136 4371 a
1181 4316 1531 4387 prudentibus
1563 4315 1868 4372 hominibus
1910 4331 2005 4369 ex-

2097 3127 2238 3198 apud
2265 3125 2432 3180 Deum
2461 3125 2753 3193 culpabiles
2782 3132 2838 3179 et
2865 3125 3003 3193 apud
3026 3124 3273 3179 homines
3297 3125 3681 3194 vituperabiles

2100 3220 2251 3274 ﬁunt.
2297 3219 2536 3288 Denique
2585 3219 2807 3282 veritas,
2850 3233 2969 3286 qua:
3019 3217 3217 3287 ubique
3256 3227 3465 3288 regnat,
3495 3221 3677 3273 «turnia

2099 3310 2294 3374 vincit;
2343 3308 2467 3363 licet
2510 3309 2709 3362 multos
2758 3309 3005 3362 inimicos
3057 3308 3273 3373 habeat,
3331 3309 3444 3378 ipsa
3497 3319 3681 3364 tamen

2099 3399 2288 3452 victrix
2325 3413 2512 3453 omnes
2541 3399 2724 3454 hostes
2747 3415 2876 3454 suos
2893 3409 3094 3453 aeterna
3121 3400 3397 3470 superabit
3427 3401 3675 3464 victoria,

2100 3487 2252 3556 cujus
2291 3499 2474 3544 sancta
2509 3489 2744 3544 Ecclesia
2787 3490 3094 3546 ﬁdelissima
3121 3491 3454 3546 observatrix
3492 3507 3557 3546 ac
3587 3509 3683 3546 cu-

2101 3589 2235 3643 stos,
2273 3581 2324 3634 in
2356 3581 2625 3636 soliditate
2673 3583 2996 3638 lirttiissima:
3043 3592 3211 3652 petra:
3255 3584 3492 3648 fundata,
3535 3583 3681 3638 nulla

2105 3671 2295 3742 recipit
2322 3673 2592 3728 consortia
2620 3676 2966 3744 perﬁdorum.
3000 3674 3150 3730 Unde
3192 3690 3292 3729 nec
3315 3685 3486 3744 porta:
3523 3674 3682 3730 inferi

2102 3765 2466 3834 prtevalebunt
2497 3767 2752 3821 adversus
2779 3781 2916 3820 eam.

2175 3859 2345 3929 Hujus
2366 3875 2580 3930 quoque
2605 3875 2711 3914 non
2747 3875 2873 3930 pars
2900 3861 3122 3914 minima
3161 3861 3551 3915 monachorum
3591 3874 3686 3914 ex-

2104 3956 2212 4003 stat
2238 3949 2416 4015 turba,
2457 3964 2577 4019 qua:
2613 3949 2846 4004 creatori
2893 3963 2993 4003 suo
3035 3950 3224 4003 devote
3255 3947 3520 4003 famulans
3550 3963 3685 4018 pene

2106 4043 2160 4095 in
2192 4043 2356 4096 totius
2385 4041 2626 4110 partibus
2654 4040 2804 4095 orbis
2831 4054 3020 4112 greges
3053 4056 3179 4096 suos
3208 4041 3427 4110 colligit,
3460 4039 3686 4094 domici-

2105 4133 2177 4188 lia
2224 4133 2505 4196 construit,
2555 4142 2716 4202 atque
2771 4133 2861 4186 uni
2912 4132 3022 4186 Deo
3071 4133 3422 4201 omnipotenti
3472 4140 3686 4202 gratum

2106 4227 2383 4281 servitium
2437 4228 2696 4282 exhibere
2742 4227 3034 4281 contendit.
3090 4227 3218 4282 Haac
3264 4241 3328 4282 ex
3379 4227 3688 4298 apostolica:

2110 4319 2414 4373 traditionis
2434 4334 2622 4373 norma
2645 4319 2902 4381 instituta,
2927 4319 3060 4373 nihil
3084 4319 3359 4389 proprium
3381 4319 3684 4388 possidens,

423 4412 795 4482 quirebanlur.
824 4424 934 4478 pra?
953 4407 1149 4477 quibus
1176 4407 1376 4477 placvit
1406 4415 1532 4462 ante
1559 4405 1739 4461 omnia
1767 4405 2004 4461 inventio
2032 4430 2082 4487 Ι)
2107 4410 2467 4464 communiter
2515 4409 2648 4463 vivit
2697 4411 3031 4480 propriisque
3080 4413 3328 4466 manibus
3351 4412 3454 4467 sibi
3485 4412 3688 4466 victum

425 4502 688 4565 veritatis,
719 4507 776 4554 et
801 4513 908 4553 non
939 4496 1083 4552 ﬁctio
1130 4495 1406 4550 falsitatis.
1439 4494 1496 4550 Si
1540 4503 1720 4549 autem
1749 4508 2005 4564 persona-

427 4606 548 4646 rum
569 4589 826 4658 acceptio,
854 4595 906 4642 et
930 4585 1163 4656 qualitas
1203 4585 1444 4653 gentium
1486 4599 1515 4638 a
1568 4583 1806 4653 quolibet
1831 4584 2008 4638 consi-

431 4681 667 4738 deranda
693 4687 805 4743 est;
836 4686 892 4732 et
919 4683 1083 4731 testes
1107 4673 1454 4744 approbandi,
1484 4683 1544 4728 ut
1564 4689 1670 4728 non
1700 4673 1835 4729 alios
1859 4673 2008 4743 quis-

431 4787 536 4842 que
578 4779 742 4826 testes
772 4768 1013 4838 recipiat,
1057 4766 1160 4820 nisi
1208 4781 1320 4820 sua:
1358 4765 1534 4837 gentis
1580 4766 1842 4831 homines,
1870 4783 2006 4835 quo-

405 4864 587 4924 modo
608 4871 794 4934 gentes
818 4869 1011 4916 natura
1034 4858 1341 4914 Judaeorum
1364 4859 1752 4924 testimonium,
1779 4861 1870 4930 qui
1900 4875 2007 4914 non

401 4955 648 5012 fuerunt
676 4953 934 5024 religione
971 4959 1027 5006 et
1070 4951 1286 5006 natione
1323 4949 1423 5006 sibi
1463 4950 1789 5014 consimiles,
1821 4951 1873 5005 in
1906 4952 2008 5005 ﬁde

427 5048 630 5106 Christi
661 5043 1016 5116 receperunt?
1040 5042 1280 5112 Apostoli
1307 5042 1450 5098 enim
1496 5052 1545 5098 et
1579 5043 1853 5112 propheta:
1892 5059 2008 5098 om-

403 5153 526 5208 ,nes
553 5153 621 5193 ex
649 5134 850 5191 Iudaeis
882 5133 1114 5187 fuerunt.
1155 5131 1263 5186 Aut
1285 5131 1552 5200 quomodo
1581 5130 1747 5186 Judaei
1771 5135 2007 5202 gentium

431 5227 862 5286 testiﬁcationem
908 5227 1149 5294 recipere
1184 5223 1486 5290 voluerunt,
1527 5223 1617 5293 qui
1651 5240 1755 5278 non
1798 5225 2012 5280 fuerunt

432 5322 536 5380 illis
561 5321 665 5376 ritu
697 5337 762 5377 ac
788 5320 1051 5391 dignitate
1077 5317 1413 5388 corequales?
1456 5316 1630 5371 Lucas
1657 5318 1798 5372 enim
1844 5333 2008 5372 evan-

401 5410 618 5480 gelista
663 5409 1061 5472 Antiochenus,
1107 5414 1223 5461 arte
1271 5405 1530 5470 medicus,
1577 5403 1746 5476 Syrus
1789 5405 1908 5467 fuit,
1957 5413 2014 5458 ut

435 5501 705 5564 scribitur,
735 5501 972 5565 natione,
1013 5507 1066 5554 et
1095 5499 1266 5569 magis
1310 5512 1378 5552 ex
1405 5495 1590 5550 auditu
1620 5513 1778 5565 quam
1802 5512 1865 5551 ex
1895 5499 2011 5552 visu

435 5604 586 5642 suum
618 5590 936 5658 conscripsit
962 5590 1304 5662 Evangelium
1324 5607 1336 5640 ε
1357 5587 1499 5656 quod
1529 5595 1704 5641 tamen
1732 5604 1792 5643 ex
1818 5589 2014 5646 Iudicis

2108 4504 2419 4572 qumritans,
2459 4503 2636 4558 Patris
2664 4504 2959 4572 spiritualis
3007 4507 3060 4559 in
3099 4507 3348 4561 omnibus
3374 4507 3536 4577 gestit
3564 4507 3690 4562 obe—

2111 4595 2226 4649 dire
2271 4595 2529 4663 imperio;
2580 4594 2786 4651 nullum
2841 4598 3075 4667 spernit,
3120 4598 3320 4652 nullum
3370 4600 3686 4655 contemnit.

2109 4683 2298 4740 Omnis
2319 4700 2501 4751 sexus,
2530 4687 2704 4742 omnis
2722 4696 2872 4751 tetas,
2897 4689 3072 4742 omnis
3090 4689 3327 4744 conditio
3347 4690 3488 4758 apud
3518 4690 3687 4758 ipsam

2114 4775 2309 4831 habilis
2333 4776 2425 4829 Dei
2449 4776 2670 4831 servitio
2691 4777 2936 4832 habetur.
2968 4777 3121 4832 Unde
3139 4787 3195 4831 et
3220 4779 3408 4847 recipit
3435 4777 3685 4840 infantes,

2113 4867 2313 4937 appetit
2356 4865 2604 4934 juvenes,
2656 4884 2763 4922 non
2806 4869 3008 4938 respuit
3035 4883 3192 4923 senes
3235 4878 3396 4939 atque
3427 4870 3687 4925 inﬁrmos.

2113 4960 2266 5028 Apud
2306 4961 2444 5014 hanc
2484 4959 2659 5015 locum
2697 4962 2858 5016 habet
2885 4962 3196 5020 adolescens
3243 4965 3296 5018 in
3331 4964 3562 5032 pueritia
3586 4963 3691 5018 Deo

2113 5060 2499 5106 consecratus:
2534 5053 2586 5106 in
2636 5054 2737 5108 hac
2769 5056 3061 5111 remedium
3106 5073 3217 5112 sum
3260 5057 3450 5112 salutis
3491 5057 3692 5110 invenit

2105 5139 2341 5208 juvenis,
2371 5157 2466 5210 pro
2498 5145 2733 5210 peccatis
2767 5147 2880 5200 suis
2905 5146 3193 5202 salubriter
3219 5156 3604 5218 compunctus;
3640 5147 3689 5200 in

2115 5231 2202 5284 illa
2241 5247 2401 5286 senex
2436 5232 2516 5286 vcl
2551 5233 2856 5303 decrepitus
2889 5236 3183 5292 undecima:
3213 5238 3356 5294 hora
3385 5253 3490 5292 non
3516 5236 3691 5307 perdit

2117 5325 2375 5390 laborem,
2415 5341 2512 5380 nec
2554 5327 2730 5395 perdit
2763 5343 2883 5382 sero
2925 5329 3234 5384 conversus.
3279 5330 3381 5384 Per
3427 5329 3596 5398 ipsam
3639 5336 3688 5382 et

2119 5415 2282 5470 David
2310 5423 2494 5470 noster
2519 5432 2614 5471 eos
2640 5431 2775 5485 quos
2804 5419 3033 5474 mundus
3059 5436 3156 5489 pro
3182 5421 3476 5478 sceleribus
3501 5419 3586 5475 vel
3613 5419 3688 5472 in-

2119 5504 2371 5560 ﬁrmitate
2393 5521 2650 5576 corporea
2691 5509 2992 5578 despiciens
3015 5513 3229 5581 abjccit,
3257 5513 3575 5583 rccolligens
3603 5528 3687 5567 re.-

2119 5597 2263 5664 fccit,
2291 5606 2452 5668 atque
2492 5599 2655 5654 duces
2691 5599 2897 5656 itineris
2946 5604 3025 5657 sui
3059 5601 3200 5658 fecit.
3255 5603 3402 5660 Unde
3435 5603 3689 5673 plurimos
