3974 6200
308 409 411 463 655

1344 406 1544 461 LIBER
1584 405 1673 461 DE
1714 404 2102 473 OBLATIONE
2134 404 2543 462 .PUERORUM.

3465 408 3571 469 45$

308 528 359 583 iu
393 526 616 582 Patrum
640 521 1032 581 Cullatiouibus
1064 537 1129 577 ac
1177 522 1294 575 Vita
1338 521 1641 591 descriptos
1678 518 1886 573 inveni-
1917 522 1966 581 Α
1994 532 2062 572 ex
2087 535 2182 575 ore
2212 529 2304 574 tuo
2334 519 2547 576 loculus
2570 534 2649 574 es.
2684 538 2700 571 ι
2733 518 2866 574 Nam
2905 527 2959 575 ct
2993 518 3276 574 Psalmista
3325 518 3575 577 similiter

299 636 446 683 mus,
473 619 567 688 qui
590 617 660 672 ad
691 614 1021 686 propositum
1052 614 1408 670 monasticam
1431 613 1752 669 servandum
1777 612 1887 681 spi-

308 714 417 767 ritu
445 711 536 766 Dei
561 709 854 780 instigante
892 708 1261 773 deﬂuxerunt;
1312 706 1593 777 plurimos,
1635 705 1729 776 qui
1761 719 1889 760 suos

308 802 446 857 ﬁlios
472 800 541 855 ad
574 800 670 855 Dei
698 799 979 855 servilium
1004 798 1320 854 nutriendos
1346 797 1704 853 tradiderunt.
1733 794 1888 860 Quod

307 901 359 947 et
380 893 573 949 beatus
599 905 739 962 papa
765 889 1059 961 Gregorius
1100 889 1241 957 apud
1270 886 1632 944 venerabilem
1672 885 1887 949 Patrem

305 983 677 1045 Benedictum,
705 979 857 1047 cujus
879 980 1055 1035 Vitam
1079 979 1191 1048 ipse
1212 978 1518 1047 descripsit,
1543 993 1607 1032 ac
1626 972 1886 1047 Regulam

307 1071 662 1133 institutionis
685 1070 803 1139 ejus
831 1068 1150 1123 mirabiliter
1174 1068 1387 1132 laudat,
1412 1067 1486 1121 ita
1516 1065 1708 1122 fecisse
1739 1065 1793 1120 in
1819 1065 1886 1119 li-

307 1163 420 1217 bris
442 1161 787 1229 Dialogorum
806 1158 1276 1222 commemoravit,
1297 1157 1481 1213 diccns
1509 1174 1523 1210 :
1552 1174 1571 1207 ι
1607 1155 1741 1210 Cum
1767 1170 1889 1210 san—

306 1262 427 1308 ctus
457 1252 540 1306 vir
566 1250 795 1305 Domino
822 1249 874 1302 in
903 1248 1093 1303 eadem
1139 1246 1428 1301 solitudine
1475 1244 1769 1300 virtutibus
1811 1244 1888 1305 si-

304 1344 533 1413 gnisque
558 1348 945 1405 succresceret,
989 1338 1141 1394 multi
1181 1339 1249 1393 ab
1289 1352 1354 1394 eo
1384 1337 1436 1392 in
1462 1336 1581 1392 loco
1605 1337 1795 1392 eodem
1821 1336 1891 1391 ad

306 1432 693 1502 omnipotentis
741 1430 834 1485 Dei
864 1438 993 1485 sunt
1036 1429 1317 1490 servitium
1356 1427 1705 1500 congregati,
1729 1427 1801 1482 ita
1833 1433 1893 1480 ut

309 1524 417 1579 illic
455 1523 736 1578 duodecim
777 1520 1132 1587 monasteria,
1179 1535 1302 1575 cum
1343 1520 1727 1589 omnipotentis
1763 1518 1892 1575 .lesu

308 1614 505 1670 Christi
546 1613 758 1669 Domini
804 1612 979 1668 nostri
1021 1610 1394 1680 opitulatione,
1427 1617 1808 1665 construeret:
1835 1608 1891 1663 in

308 1707 504 1776 quibus
533 1705 751 1761 statutis
779 1703 1023 1775 patribus
1040 1703 1318 1758 duodenos
1345 1702 1637 1758 monachos
1663 1701 1891 1770 deputa-

308 1798 408 1862 vit,
430 1812 630 1868 paucos
659 1811 791 1851 vero
832 1810 1015 1852 secum
1039 1793 1302 1861 detinuit,
1341 1808 1477 1863 quos
1504 1792 1678 1849 adhuc
1708 1792 1763 1846 in
1794 1806 1890 1846 sua

1989 612 2327 678 exhortatur,
2362 613 2585 669 dicens:
2621 632 2639 665 ς
2676 614 2875 669 Vovete
2904 621 2961 668 et
2984 612 3190 668 reddite
3217 611 3444 669 Domino
3463 613 3575 669 Deo

1988 712 2195 768 vestro,
2216 718 2406 759 omnes
2431 704 2521 773 qui
2552 703 2606 758 in
2628 704 2859 759 circuitu
2890 704 3010 775 ejus
3038 703 3244 759 aﬁ‘ertis
3273 718 3516 759 munera.
3551 725 3569 758 ι

1990 792 2207 862 Suoque
2233 793 2481 864 exemplo
2514 795 2618 849 hoc
2663 796 3043 865 comprobans,
3081 794 3187 850 alio
3228 795 3350 850 loco
3389 795 3522 850 dicit
3561 813 3573 850 :

1995 902 2013 934 ι
2032 884 2184 939 .Vota
2210 899 2329 939 mea
2357 883 2583 940 Domino
2610 887 2826 941 reddam
2853 887 2905 940 in
2935 887 3092 941 atriis
3122 886 3314 942 doinus
3341 888 3574 951 Domini,

1989 972 2042 1027 in
2072 982 2363 1043 conspectu
2401 973 2576 1029 omnis
2603 975 2783 1045 populi
2819 972 2972 1048 ejus,
2992 975 3046 1029 in
3085 976 3261 1032 medio
3292 976 3389 1041 tui,
3421 976 3579 1049 Jerue-

1989 1065 2178 1120 salem.
2216 1086 2234 1118 ι
2268 1065 2335 1120 Ει
2374 1066 2542 1122 item:
2573 1086 2591 1119 ‹
2636 1067 2726 1122 Sic
2772 1067 3035 1137 psalmum
3082 1068 3290 1133 dicam,
3326 1089 3343 1120 δ
3382 1069 3576 1139 inquit,

1998 1175 2015 1207 ‹
2050 1157 2252 1211 nomini
2285 1166 2396 1222 tuo,
2428 1159 2588 1220 Deus,
2633 1159 2685 1213 in
2734 1158 2987 1214 saeculum
3033 1160 3234 1224 saaculi,
3263 1168 3321 1213 ut
3355 1162 3577 1235 reddam

1990 1256 2113 1302 vota
2138 1262 2257 1303 mea
2280 1249 2345 1303 de
2372 1248 2457 1303 die
2487 1249 2541 1303 in
2571 1248 2733 1303 diem.
2770 1269 2788 1302 ι
2820 1248 2957 1304 Hinc
2982 1256 3038 1303 et
3073 1249 3432 1306 Ecclesiastes
3456 1251 3533 1305 ait
3564 1270 3577 1304 :

1998 1357 2016 1389 ι
2052 1336 2108 1393 Si
2137 1338 2265 1407 quid
2293 1339 2485 1393 vovisti
2517 1340 2768 1405 Domino,
2817 1354 2886 1394 ne
2924 1340 3152 1396 moreris
3178 1341 3404 1397 reddere
3431 1356 3447 1396 :
3473 1341 3582 1409 dis,-

1990 1427 2155 1500 plicet
2196 1430 2340 1483 enim
2383 1430 2432 1483 ei
2481 1429 2709 1485 inﬁdelis
2750 1430 3060 1503 promissio,
3111 1431 3205 1487 sed
3247 1446 3583 1502 qumcunque

1993 1520 2205 1575 voveris
2249 1521 2411 1576 redde
2447 1538 2460 1574 :
2511 1520 2787 1590 multoque
2833 1521 3047 1591 melius
3084 1528 3166 1578 est
3209 1536 3319 1576 non
3364 1537 3580 1583 vovere.

1991 1628 2155 1683 quam
2200 1621 2322 1683 post
2360 1623 2544 1670 votum
2582 1616 2850 1684 promissa
2881 1631 2989 1671 non
3025 1616 3267 1672 reddere.
3307 1636 3326 1668 ι
3367 1617 3501 1673 Nam
3529 1628 3584 1672 et

1994 1702 2227 1773 idipsum
2263 1701 2510 1759 Salvator
2543 1705 2595 1759 in
2629 1703 2922 1775 Evangelio
2949 1705 3048 1761 sub
3074 1707 3307 1778 quadam
3338 1708 3585 1763 similitu-

1994 1792 2120 1848 dine
2144 1794 2437 1863 expressit,
2459 1795 2643 1851 dicens
2669 1814 2681 1849 ε
2707 1814 2725 1845 ς
2755 1794 2924 1850 Nemo
2948 1795 3168 1852 mittens
3186 1812 3404 1853 manum
3425 1814 3578 1855 suam

309 1888 591 1958 prasentia
643 1887 825 1956 aptius
870 1885 1133 1954 judicavit
1179 1885 1402 1940 erudiri.
1456 1884 1679 1954 Cmpere
1724 1883 1888 1939 etiam
1921 1891 1965 1949 Β
1994 1884 2048 1937 in
2071 1892 2333 1949 aratrum,
2359 1891 2411 1939 et
2445 1886 2713 1955 aspiciens
2735 1895 2901 1953 retro,
2924 1894 3082 1957 aptus
3105 1894 3190 1943 est
3209 1902 3376 1959 regno
3405 1887 3519 1944 Dei.
3558 1909 3583 1940 ι

310 1988 435 2034 tunc
461 1977 528 2032 ad
551 1993 676 2033 eum
710 1976 965 2033 Romanae
992 1977 1142 2037 urbis
1169 1975 1381 2031 nobiles
1402 1983 1456 2032 et
1495 1974 1729 2044 religiosi
1763 1990 1890 2030 con~

311 2084 547 2134 currere,
572 2083 807 2147 suosque
834 2068 973 2123 ﬁlios
1009 2068 1079 2131 ei,
1119 2068 1476 2137 omnipotenti
1507 2067 1616 2123 Deo
1650 2068 1894 2122 nutrien-

311 2161 408 2216 dos
425 2159 575 2214 dare.
607 2159 760 2215 Tunc
782 2173 998 2230 quoque
1023 2159 1176 2215 bona:
1203 2158 1316 2228 spei
1339 2172 1467 2214 suas
1486 2156 1699 2213 soboles
1722 2156 1877 2226 Equi-

312 2253 416 2305 tius
437 2249 700 2312 Maurum,
731 2248 1004 2305 Tertullus
1030 2264 1160 2307 vero
1187 2249 1447 2319 patricius
1473 2247 1749 2304 Placidum
1783 2258 1893 2301 tra-

312 2342 476 2398 didit:
509 2357 542 2398 e
584 2343 783 2412 quibus
826 2342 1044 2398 Maurus
1081 2341 1285 2411 junior,
1327 2358 1452 2399 cum
1477 2343 1637 2398 bonis
1669 2342 1894 2413 polleret

314 2435 570 2506 moribus,
598 2435 842 2506 magistri
870 2432 1084 2504 adjutor
1109 2435 1275 2505 cthit
1295 2449 1416 2491 esse
1444 2453 1457 2490 :
1486 2433 1739 2490 Placidus
1764 2448 1892 2490 vero

312 2504 534 2597 puerilis
570 2504 747 2583 adhuc
772 2526 990 2583 ‘indolis
1043 2504 1264 2597 gerebat
1309 2541 1500 2581 annos.
1550 2546 1569 2579 ι
1604 2525 1892 2583 Enimvero

316 2626 525 2674 sanctus
566 2617 880 2689 Gregorius,
935 2618 1024 2688 qui
1074 2617 1361 2688 praesulatu
1394 2617 1706 2688 apostolica:
1746 2618 1891 2675 sedis

316 2712 522 2766 functus
548 2712 605 2767 in
625 2710 939 2782 pontiﬁcum
958 2712 1149 2767 ordine
1174 2711 1538 2767 nobilissimus
1568 2711 1887 2774 habebatur,

315 2806 399 2874 qui
428 2813 485 2860 et
511 2804 657 2860 inter
683 2804 972 2875 magistros
998 2804 1250 2860 Ecclesia:
1276 2805 1595 2875 prazcipuos,
1632 2806 1777 2860 omni
1804 2818 1896 2859 ve-

317 2896 591 2952 neratione
618 2896 812 2967 dignus
840 2911 976 2965 pene
1023 2896 1078 2951 in
1110 2897 1379 2952 totoorbe
1404 2896 1730 2962 celebratur,
1759 2912 1895 2966 quo-

316 2986 467 3041 modo
493 2986 668 3041 sancti
696 2985 797 3040 viri
838 2994 986 3055 gesta
1021 2985 1380 3042 describenth
1423 3002 1713 3056 puerorum
1742 2985 1894 3041 obla-

317 3078 510 3132 tionem
535 3076 606 3131 ad
632 3076 1017 3146 omnipotentis
1045 3076 1140 3131 Dei
1178 3076 1457 3137 servitium
1476 3076 1893 3133 nutriendorum

318 3167 411 3221 rite
436 3168 552 3223 ﬁeri
585 3175 993 3233 commemorat,
1033 3168 1078 3223 si
1118 3182 1231 3233 non
1259 3167 1373 3236 ipsa
1406 3166 1606 3223 oblatio
1630 3175 1769 3234 rata,
1799 3167 1893 3221 scd

1993 1971 2057 2027 Et
2103 1972 2271 2027 item:
2305 1993 2324 2025 ι
2356 1974 2456 2041 Qui
2501 1973 2684 2040 fuerit,
2724 1995 2744 2028 ι
2778 1976 2972 2046 inquit,
3012 1995 3032 2028 ι
3078 1976 3132 2031 in
3177 1985 3342 2044 tecto,
3371 1987 3426 2033 et
3453 1996 3582 2036 vasa

1993 2062 2110 2133 ejus
2152 2065 2205 2120 in
2241 2058 2419 2129 domo,
2470 2081 2539 2121 ne
2581 2066 2874 2122 descendat
2913 2067 3098 2124 tollere
3131 2068 3241 2135 illa,
3289 2080 3347 2126 ct
3389 2072 3479 2141 qui
3526 2072 3580 2126 in

1993 2173 2125 2229 agro
2185 2158 2455 2213 similiter.
2512 2158 2775 2214 Memores
2826 2166 3000 2215 estote
3051 2163 3237 2217 uxoris
3285 2162 3406 2217 Let.
3450 2164 3583 2232 Qui-

1992 2264 2207 2318 cunque
2265 2249 2544 2321 quaasierit
2599 2250 2855 2317 animam‘
2888 2266 3041 2306 suam
3095 2252 3299 2308 salvam
3359 2252 3575 2317 facere,

1992 2341 2182 2411 perdet
2224 2340 2404 2406 illam;
2442 2349 2498 2395 et
2536 2341 2845 2412 quicunque
2882 2344 3177 2413 perdiderit
3208 2343 3374 2409 illam,
3407 2346 3582 2402 viviti-

1992 2433 2136 2489 cabit
2161 2447 2302 2487 eam.
2343 2452 2362 2486 ι
2396 2432 2532 2489 Hinc
2563 2442 2619 2490 et
2646 2435 2836 2491 doctor
2862 2435 3101 2504 gentium
3142 2435 3194 2491 in
3235 2436 3475 2507 Epistula
3513 2440 3582 2493 ad

1992 2525 2266 2592 Hebraeos,
2297 2527 2552 2583 admonet
2587 2528 2813 2583 dicens:
2852 2547 2870 2580 ‹
2908 2526 3083 2583 Nolite
3122 2528 3326 2599 itaque,
3361 2528 3580 2595 fratres.

1992 2616 2242 2673 amittere
2265 2616 2645 2672 conﬁdentiam
2674 2626 2931 2683 vestram,
2974 2633 3096 2686 qua:
3130 2634 3379 2689 magnam
3417 2620 3583 2675 habet

1994 2709 2507 2765 remunerationem.
2551 2708 2818 2763 Patientia
2871 2708 3013 2764 enim
3075 2706 3223 2764 vobis
3274 2710 3581 2765 necessaria

1993 2807 2097 2865 est,
2120 2808 2180 2854 ut
2208 2799 2538 2855 voluntatem
2570 2799 2665 2854 Dei
2701 2798 2984 2865 facientes,
3023 2799 3311 2870 reportetis
3351 2802 3581 2870 promis-

1992 2891 2220 2947 sionem.
2268 2889 2458 2957 Adhue
2497 2892 2643 2946 enim
2698 2891 2969 2947 modicum
3021 2876 3443 2961 aliquantulum,
3488 2893 3580 2962 qui

1993 2991 2252 3038 venturus
2288 2991 2372 3038 est
2406 2983 2608 3048 veniet,
2648 2992 2703 3038 et
2738 2999 2845 3038 non
2884 2981 3139 3056 tardabit.
3175 2980 3362 3038 Justus
3399 2992 3580 3039 autem

1996 3091 2149 3131 meus
2177 3089 2246 3130 ex
2266 3073 2371 3131 ﬁde
2392 3075 2545 3129 vivit.
2574 3073 2726 3141 Quod
2758 3075 2804 3131 si
2831 3073 3167 3133 subtraxerit
3215 3090 3294 3140 se,
3334 3089 3441 3129 non
3464 3074 3582 3144 pla-

1996 3167 2139 3223 cebit
2163 3166 2358 3225 animm
2387 3180 2538 3223 mete.
2575 3185 2592 3218 ο
2630 3165 2766 3222 Ηὶηο
2803 3174 2859 3221 et
2884 3172 3071 3235 pastor
3103 3164 3363 3220 Ecclesia:
3399 3166 3585 3220 horta-

318 3258 579 3315 contraria
600 3258 815 3317 veritati
837 3273 902 3313 ac
920 3257 1113 3313 diVitKB
1129 3257 1436 3314 auctoritati
1458 3258 1726 3314 credenda
1747 3258 1889 3313 erit?
1915 3254 1960 3319 Ε
1993 3264 2102 3323 tur,
2130 3258 2317 3337 dicens
2341 3277 2354 3313 :
2387 3277 2406 3310 ι
2449 3257 2723 3314 Succincti
2768 3258 2981 3314 lumbos
3019 3258 3217 3313 mentis
3251 3267 3463 3325 vestrae,
3490 3274 3550 3313 so
3568 3289 3580 3298 ο

321 3350 425 3405 Non
454 3351 598 3405 enim
642 3359 727 3405 est
760 3359 977 3405 sanctus
1014 3350 1105 3418 qui
1132 3350 1340 3404 actibus
1363 3359 1446 3404 est
1472 3350 1762 3419 reprobus;
1794 3364 1895 3405 nec

323 3439 465 3493 laude
491 3440 706 3510 dignus,
736 3439 827 3510 qui
854 3440 1049 3495 divinis
1078 3439 1284 3511 legibus
1315 3439 1584 3495 invenitur
1619 3456 1739 3497 esse
1764 3456 1895 3497 con-

324 3532 531 3587 trarius.
581 3532 920 3604 Quapropter
958 3534 1179 3587 videant
1216 3532 1292 3598 hi,
1324 3548 1555 3602 quorum
1591 3549 1782 3589 sensus
1829 3549 1895 3589 ac

323 3637 489 3675 scrmo
516 3622 714 3677 divinis
735 3622 1231 3688 constitutionibus,
1259 3632 1423 3693 atque
1454 3632 1765 3679 sanctorum
1792 3623 1894 3679 Pa-

326 3720 455 3766 trum
485 3713 745 3783 exemplis
779 3714 1073 3779 discordat,
1112 3730 1180 3770 ne
1204 3715 1497 3785 cupiditate
1528 3724 1739 3771 terrena
1774 3731 1894 3772 cor-

328 3801 474 3871 rupti,
505 3811 559 3856 et
579 3802 634 3856 in
657 3803 770 3873 suis
791 3804 1153 3875 voluptatibus
1180 3804 1571 3862 abominabiles
1596 3806 1746 3873 facti,
1775 3823 1895 3863 san-

326 3894 517 3948 uitatis
545 3895 795 3950 meritum
826 3896 926 3950 sibi
955 3898 1225 3963 minuant,
1247 3914 1313 3954 ac
1339 3901 1616 3969 prtemium
1645 3901 1890 3971 perdant.

328 3986 472 4050 Quia,
501 3986 667 4043 Paulo
693 3995 852 4053 teste,
885 4006 905 4041 ί
940 3988 1081 4043 Deus
1117 4004 1225 4044 non
1261 3989 1537 4045 irridetur.
1582 3989 1712 4059 Qus:
1750 3991 1893 4046 enim

328 4076 659 4130 seminaverit
703 4079 885 4142 homo,
917 4078 1035 4132 haec
1058 4086 1113 4131 et
1138 4087 1321 4145 metet,
1365 4063 1623 4150 quoniam
1661 4081 1753 4150 qui
1804 4097 1894 4137 se-

331 4163 486 4216 minat
510 4165 563 4217 in
583 4180 746 4221 carne.
775 4182 892 4229 sua,
918 4165 985 4221 de
1005 4181 1170 4221 carne
1190 4176 1244 4221 et
1271 4177 1436 4225 metet
1455 4169 1890 4240 corruptionem;

330 4254 409 4322 qui
437 4263 609 4309 autem
630 4256 874 4310 seminat
902 4255 955 4311 in
982 4258 1193 4327 spiritu,
1223 4260 1290 4313 de
1322 4259 1514 4330 Spiritu
1539 4270 1705 4316 metet
1728 4260 1893 4327 vitam

327 4354 591 4401 mternam.
633 4367 652 4399 ι
716 4412 723 4417 _
1826 4360 1867 4406 ά

390 4440 490 4495 Sed
511 4438 627 4508 jam
664 4441 729 4495 ad
758 4441 1084 4498 oblationem
1130 4444 1431 4513 regularem
1465 4444 1894 4501 conﬁrmandam

325 4532 580 4599 prudenti,
609 4547 675 4587 ac
703 4547 894 4587 sanum
932 4533 1184 4604 sapienti,
1206 4534 1260 4589 in
1293 4536 1376 4589 his
1404 4550 1525 4606 qua:
1563 4535 1800 4594 breviter
1825 4536 1893 4591 de

1995 3350 2101 3405 brii
2152 3348 2390 3420 perfecte
2434 3358 2649 3420 sperate
2698 3350 2751 3405 in
2793 3366 2947 3416 eam,
2990 3365 3111 3419 qua:
3148 3349 3300 3404 vobis
3337 3348 3581 3406 ollertur.

1994 3440 2245 3512 gratiam,
2275 3441 2330 3496 in
2361 3440 2754 3497 resurrectione
2804 3440 3017 3497 Domini
3057 3441 3228 3496 nostri
3261 3438 3390 3497 Jesu
3421 3440 3582 3497 Chri-

1994 3532 2087 3587 sti.
2119 3552 2138 3583 ι
2173 3530 2326 3588 Unde
2348 3528 2585 3587 Joannes
2618 3532 2892 3605 apostolus
2932 3531 2985 3586 in
3019 3530 3258 3603 Epistola
3298 3548 3391 3589 sua
3441 3534 3584 3588 salu-

1995 3620 2168 3676 briter
2212 3620 2584 3691 persuadendo
2632 3636 2729 3677 nos
2786 3623 3081 3687 instruens,
3122 3623 3298 3679 dicit:
3337 3642 3355 3675 ι
3395 3622 3584 3683 Videte

1995 3711 2376 3782 vosmetipsos,
2415 3727 2485 3767 ne
2526 3714 2764 3783 perdatis
2808 3729 2929 3783 quae
2963 3714 3172 3784 operati
3211 3714 3362 3779 estis,
3399 3715 3493 3770 sed
3529 3725 3587 3769 ut

1994 3802 2300 3859 mercedem
2326 3804 2541 3874 plenam
2570 3806 2866 3876 accipiatis.
2898 3826 2915 3859 ι
2949 3805 3046 3862 His
3073 3822 3204 3879 ergo
3226 3816 3282 3862 et
3313 3807 3583 3871 similibus

1997 3892 2295 3965 Scriptura:
2335 3896 2660 3951 testimoniis
2689 3911 2861 3952 sacra:
2902 3897 3240 3962 instruimur,
3286 3912 3357 3953 ne
3399 3906 3582 3961 votum

1995 3985 2140 4056 quod
2186 3986 2298 4042 Deo
2337 3986 2608 4054 vovimur,
2640 3987 2867 4045 reddere
2908 3988 3262 4062 negligamus,
3302 3988 3429 4061 quia
3474 4005 3584 4043 non

1997 4077 2216 4133 habebit
2244 4077 2391 4137 hunc
2417 4076 2686 4135 insentem
2716 4079 2997 4145 Dominus,
3024 4080 3117 4150 qui
3144 4080 3195 4136 ei
3220 4079 3438 4137 mentiri
3476 4096 3584 4134 non

1995 4168 2345 4238 pertimescit.
2374 4166 2499 4234 Sed,
2543 4168 2681 4239 proh
2706 4167 2888 4224 dolor!
2918 4169 3157 4237 quidam,
3190 4170 3581 4240 parvipcnden-

1995 4267 2078 4314 tes
2098 4258 2440 4333 fmdusgquod
2477 4275 2601 4315 cum
2644 4258 2755 4314 Deo
2795 4259 3051 4327 inierunt,
3082 4261 3239 4331 quasi
3285 4261 3404 4323 sine
3441 4264 3583 4332 peri-

1994 4338 2127 4411 culo
2143 4352 2318 4412 deseri
2353 4351 2542 4422 possit,
2581 4353 2794 4424 ingrate
2833 4352 3061 4409 omnino
3097 4353 3386 4425 abjiciunt,
3419 4364 3583 4425 atque

1993 4442 2287 4499 amicitiam
2316 4444 2476 4516 hujus
2499 4443 2683 4498 mundi
2715 4451 3053 4514 appetentes,
3089 4444 3295 4501 inimici
3330 4446 3425 4502 Dei
3466 4447 3582 4521 ﬁeri

1993 4546 2100 4592 non
2142 4536 2549 4606 pertimescunt.
2580 4533 2683 4602 Qui
2721 4534 2869 4590 enim
2895 4534 3010 4590 vult
3037 4536 3244 4592 amicus
3273 4551 3394 4594 esse
3422 4535 3581 4606 hujus

326 4622 608 4695 Scripturis
631 4626 802 4682 sacris
829 4636 1096 4698 excerpta.
1126 4628 1424 4698 posuimus,
1460 4627 1597 4683 satis
1619 4644 1738 4683 esse
1769 4644 1889 4685 cre-
1913 4614 1966 4673 Ῑ)
1988 4626 2207 4699 saeculi,
2254 4626 2505 4682 inimicus
2533 4626 2649 4682 ‘Dei
2707 4626 3074 4683 constituitur.
3130 4626 3579 4700 Quandoquidem

323 4715 517 4791 dentes;
557 4734 702 4775 nunc
722 4720 790 4775 de
810 4726 955 4786 voto,
973 4719 1116 4791 quod
1134 4719 1243 4776 Deo
1258 4726 1504 4785 vovetur,
1526 4719 1887 4789 adimplendo,

320 4823 471 4878 quam
496 4809 863 4866 necessarium
892 4810 982 4876 sit,
1004 4824 1069 4865 ex
1099 4811 1288 4867 eadem
1315 4808 1615 4879 Scriptura,
1647 4809 1890 4867 testimo-

318 4902 417 4957 niis
441 4903 626 4972 paucis
642 4902 1016 4976 ostendemus.
1043 4901 1308 4973 Loquitur
1332 4902 1593 4958 Dominus
1622 4916 1720 4971 per
1741 4900 1889 4972 Μογ-

317 5005 406 5046 seu
427 4991 483 5047 in
513 4991 630 5064 lege
663 4992 738 5050 ita
760 4993 982 5049 dicens:
1016 5011 1035 5044 ι
1064 4991 1123 5048 Si
1149 4993 1273 5064 quis
1294 4994 1533 5049 virorum
1562 5001 1749 5049 votum
1768 4990 1888 5048 ’Βο-

314 5081 456 5137 mino
490 5082 734 5157 vovet-it,
762 5091 857 5137 aut
901 5098 961 5138 se
999 5082 1387 5139 constrinxerit
1408 5082 1739 5152 juramento,
1779 5096 1887 5137 non

317 5169 472 5229 faciet
492 5174 706 5233 irritum
725 5176 950 5231 verbum
975 5191 1155 5241 suum,
1179 5175 1274 5231 sed
1294 5190 1454 5231 omne
1477 5175 1621 5245 quod
1641 5174 1893 5243 promisit

317 5261 570 5333 implebit.
605 5286 626 5319 ι
666 5266 733 5321 Et
761 5267 889 5322 item
922 5284 934 5320 :
980 5285 998 5318 ς
1030 5265 1164 5322 Cum
1188 5250 1418 5329 voveris,
1456 5286 1475 5318 ι
1511 5266 1705 5336 inquit,
1750 5284 1768 5316 ι
1795 5280 1895 5320 vo-

317 5358 427 5408 tum
466 5353 696 5412 Domino
737 5354 848 5412 Deo
895 5364 1009 5423 tuo,
1064 5371 1172 5412 non
1212 5355 1453 5415 tardabis
1490 5356 1734 5418 reddere,
1761 5355 1888 5424 quia

317 5446 548 5516 requiret
588 5447 720 5504 illud
756 5448 1016 5504 Dominus
1050 5448 1193 5505 Deus
1244 5459 1368 5506 tuus
1403 5466 1416 5504 :
1450 5457 1519 5517 et,
1553 5448 1599 5504 si
1648 5455 1889 5503 moratus

316 5534 495 5603 fueris,
540 5540 879 5608 reputabitur
930 5541 1152 5596 tuncin
1196 5548 1499 5611 peccatum.
1549 5537 1605 5593 Si
1652 5538 1891 5594 nolueris

316 5632 568 5705 polliceri,
612 5636 820 5706 absque
860 5645 1084 5707 peccato
1126 5637 1237 5692 eris
1272 5655 1285 5690 :
1320 5634 1464 5706 quod
1503 5642 1683 5690 autem
1724 5634 1891 5689 semel

317 5739 583 5794 egressum
604 5737 691 5784 est
725 5729 791 5784 de
814 5728 969 5785 labiis
992 5730 1119 5794 tuis,
1143 5728 1482 5794 observabis,
1507 5734 1561 5781 et
1590 5725 1757 5782 facies
1786 5726 1891 5782 sic-

322 5824 375 5871 ut
410 5819 700 5890 promisisti
749 5821 972 5879 Domino
1022 5822 1130 5877 Deo
1160 5828 1249 5876 tuo
1298 5840 1308 5874 :
1351 5818 1570 5891 propria
1613 5815 1891 5872 voluntate

1989 4717 2312 4788 perfectiora
2363 4718 2519 4788 sequi
2564 4733 2681 4774 sua.
2708 4726 2898 4788 sponte
2939 4718 3242 4789 elegerunt,
3274 4727 3327 4775 et
3368 4721 3437 4776 ob
3477 4720 3583 4774 hoc

1990 4810 2199 4866 animas
2236 4825 2386 4877 suas,
2409 4819 2592 4866 votum
2631 4812 2893 4878 vovendo,
2924 4811 3036 4868 Deo
3075 4822 3486 4879 consecrarunt,
3520 4823 3580 4869 ut

1989 4901 2039 4956 ei
2069 4916 2165 4973 per
2192 4901 2373 4959 omnia
2410 4900 2707 4971 placerent,
2749 4902 2838 4956 cui
2884 4918 2944 4959 se
2993 4904 3198 4959 servire
3239 4904 3576 4959 solummodo

1988 4992 2393 5061 probaverunt:
2426 4991 2681 5062 paulatim
2719 5007 2816 5061 per
2849 4992 3111 5049 desidiam
3153 4993 3219 5046 ad
3267 4993 3395 5046 vitia
3435 4992 3575 5046 rela-

1992 5083 2205 5150 bentes,
2241 5092 2435 5140 contra
2475 5085 2847 5156 Evangelium,
2877 5086 3075 5141 mundo
3106 5084 3264 5140 simul
3294 5100 3357 5139 ac
3382 5085 3491 5138 Deo
3518 5100 3576 5165 sc

1991 5175 2198 5232 servire
2241 5190 2400 5246 posse
2440 5175 2795 5242 arbitrantur,
2837 5193 2961 5231 cuzn
3008 5176 3258 5231 Salvator
3295 5173 3577 5228 manifeste

1991 5265 2173 5337 dicat:
2208 5284 2228 5318 ι
2256 5265 2476 5325 Duobus
2504 5265 2737 5321 dominis
2778 5281 2936 5322 nemo
2977 5265 3197 5339 servire
3228 5272 3426 5335 potest,
3472 5264 3575 5318 hoc

1989 5365 2074 5412 est
2108 5357 2220 5414 Deo
2258 5365 2315 5412 et
2353 5372 2693 5413 mammonae.
2731 5344 3061 5412 iFalluntur
3097 5371 3227 5427 ergo
3265 5354 3573 5425 hujnsmodi

1991 5448 2252 5506 habentes
2280 5448 2700 5516 damnationem,
2725 5448 2981 5517 quoniam
3006 5446 3237 5517 primam
3261 5445 3419 5500 ﬁdem
3451 5446 3578 5501 irri~

1993 5550 2102 5596 tam
2135 5540 2397 5605 fecerunt,
2420 5550 2475 5596 et
2494 5542 2538 5596 si
2568 5557 2671 5594 non
2704 5538 2950 5593 conversi
2981 5538 3178 5602 denuo,
3208 5537 3282 5601 id,
3307 5536 3449 5605 quod
3476 5538 3571 5591 dc-

1988 5644 2322 5697 struxerunt,
2358 5649 2457 5703 pro
2483 5634 2687 5688 viribus
2711 5639 3018 5686 restaurare
3046 5630 3384 5691 sluduerint,
3427 5629 3569 5684 salu-

1994 5731 2101 5778 tein
2129 5723 2384 5793 consequi
2410 5736 2513 5777 non
2537 5727 2808 5792 poterunt.
3107 5722 3113 5727 “

2069 5814 2173 5870 Sed
2199 5815 2322 5883 quia
2350 5822 2477 5868 sunt
2509 5812 2723 5883 quidam
2755 5810 2844 5879 qui
2893 5812 3265 5868 monachicam
3289 5811 3451 5866 vitam
3484 5808 3580 5862 de-
