3958 6204
398 387 505 445 1⁸55
1030 388 1091 445 Β.
1133 388 1389 445 MBAN]
1420 384 1647 446 MABN
1672 384 2002 444 ‘ARGIHEP.
2038 384 2682 443 MOGUNT.-ORERUM
2721 386 2902 443 PARS
2943 388 2983 443 l.
3554 390 3667 448 436

398 514 679 572 testantes,
719 506 1196 563 constitutionibus
1224 516 1441 563 sanctze
1452 507 1673 579 Reguhc
1702 504 1978 563 contradi-
2004 508 2055 563 Α
2080 503 2572 576 ϋεηιε,ιθοςτοςαιί
2600 520 2650 559 -a
2677 505 3016 562 credentium
3043 507 3257 575 turbis,
3288 509 3427 564 θύω
3453 512 3602 581 quod
3620 528 3671 568 .a

397 603 558 659 cunt,
598 594 1067 666 despicientesque
1110 611 1255 665 eam,
1310 598 1701 652 murmurando
1748 596 1982 651 invicem

2082 593 2349 665 coniugiis
2384 593 2756 661 abstinerent,
2800 603 2856 649 et
2880 605 3262 666 .anparentmn
3304 612 3369 654 se
3394 604 3671 663 «usumin

395 694 708 752 susurrant,
755 686 901 757 quod
927 686 1198 756 superﬂua
1236 689 1311 743 sit
1347 688 1879 758 sanctioreguiaris,
1917 695 1985 742 ct

395 792 503 832 non
533 776 877 845 necessaria;
926 779 1209 850 magisque
1255 778 1773 844 humanm-ﬁctioni,
1816 793 1980 848 quant

395 868 713 923 auctoritati
737 868 930 925 divina:
957 883 1076 925 eam
1116 870 1312 925 inniti:
1362 870 1629 940 primum,
1684 870 1980 924 secundum

394 974 584 1016 corum
611 973 827 1015 sensum
869 960 961 1031 qui
987 1001 1002 1025 ,
1046 960 1312 1017 catholica
1350 961 1598 1016 veritate
1642 960 1869 1025 imbuti,
1915 960 1982 1015 de

390 1048 556 1120 hujus
598 1052 805 1108 ordinis
831 1052 987 1109 initio
1033 1061 1089 1110 et
1135 1055 1346 1109 ratione
1376 1052 1699 1124 plenissime
1749 1053 1983 1122 scripseo

394 1152 544 1211 runt,
593 1144 941 1203 ostendemus
970 1148 1328 1203 monasticam
1363 1145 1826 1203 conversationem
1848 1146 1982 1200 ~Deo

396 1243 617 1291 auctore
636 1250 735 1306 per
756 1234 1315 1292 sanctorum'Patrum
1342 1237 1489 1293 dicta
1528 1236 1613 1291 vel
1638 1235 1782 1292 facta
1814 1235 1982 1290 insti-

395 1333 567 1381 tutam
589 1341 749 1392 esse;
800 1328 994 1384 dehinc
1015 1327 1399 1401 subjungernus
1437 1344 1503 1384 ex
1549 1344 1757 1384 canone
1796 1327 1983 1384 divino

395 1417 707 1474 testimonia
752 1419 877 1476 huic
900 1420 1203 1492 disciplina}
1225 1422 1599 1478 convenientia
1624 1440 1637 1476 :
1668 1430 1727 1476 ut
1752 1421 1845 1492 qui
1869 1420 1982 1491 jam

394 1507 602 1563 diutius
627 1510 758 1565 huic
794 1511 968 1566 errori
997 1512 1327 1579 deserviunt,
1379 1511 1590 1575 saltem,
1623 1510 1893 1583 patefacta
1929 1511 1983 1566 in

394 1599 650 1655 omnibus
675 1603 905 1658 veritate
935 1604 1200 1674 superati,
1242 1619 1383 1660 vana
1406 1605 1615 1677 garrire
1633 1604 1980 1661 erubescant.

376 1690 584 1761 itaque
610 1693 1007 1749 coeuobitarum
1038 1695 1323 1766 disciplina
1373 1711 1404 1751 a
1450 1706 1692 1766 tempore
1724 1695 1985 1764 praedica-

400 1783 562 1838 tionis
583 1785 890 1855 apostoliczc
914 1788 1146 1858 sumpsit
1168 1788 1469 1844 exordium.
1500 1789 1637 1843 Nam
1667 1789 1792 1844 talis
1814 1790 1982 1845 exsti-

2077 682 2387 752 muudique.
2403 683 2561 739 istius
2585 685 2996 740 conversatione
3010 696 3391 755 secernerent,
3418 694 3670 748 monachi

2077 772 2197 828 sive
2220 802 2225 812 ι
2247 781 2620 839 menssantes,
2646 774 2762 830 .bec
2812 784 2916 842 est,
2946 777 3286 847 singulares,
3328 795 3369 834 a
3414 781 3674 839 solitaria:

2078 864 2586 922 vikedistrietione
2612 866 2897 923 nominati
2940 877 3091 924 sunt.
3144 869 3293 927 Unde
3331 887 3674 945 consequens

2078 955 2182 1011 iuit
2212 964 2275 1012 ut
2296 971 2361 1011 ex
2389 957 2769 1015 communione
2794 959 3063 1015 consortii.
3084 961 3387 1026 cmuobitte,
3414 964 3673 1036 cellaeque

2080 1064 2147 1104 ac
2166 1048 2463 1105 diversoria
2480 1063 2675 1104 eorum
2703 1049 2951 1106 cmuobia
2991 1061 3334 1111 vocarentur.
3352 1054 3517 1111 ulstud
3532 1073 3674 1128 ergo

2082 1138 2256 1193 solum
2286 1139 2403 1194 fuito
2416 1140 2852 1209 antiquissimum
2892 1144 3283 1200 monachorum
3302 1154 3673 1220 genus,th

2080 1246 2197 1286 non
2214 1231 2374 1288 modo
2399 1239 2664 1315 tempore,
2693 1235 2979 1290 sed-etiam
2996 1237 3241 1304 primum
3284 1248 3391 1305 est,
3420 1245 3677 1314 quodque

2074 1337 2181 1392 per
2219 1335 2392 1377 annos
2422 1322 2687 1394 plurimos
2713 1324 2903 1381 solum
2936 1340 3110 1398 usque
3142 1329 3225 1383 ad
3258 1330 3474 1386 abbatis
3499 1331 3675 1389 iPanii

2070 1412 2168 1466 -vel
2196 1411 2415 1468 Antonii
2461 1414 2676 1469 dimovit
2716 1421 2929 1470 atatem
2956 1435 2969 1470 :
2998 1417 3373 1488 ettjusetiam
3396 1436 3547 1478 nunc
3575 1425 3676 1478 ad-

2070 1506 2191 1561 ~hnc
2214 1507 2268 1562 in
2310 1506 2574 1562 districtis
2602 1507 2885 1565 cantabiis
2916 1510 3206 1566 cernimus
3224 1512 3479 1570 residere
3492 1518 3675 1573 vesti-

2085 1599 2192 1670 gia.
2247 1598 2323 1657 De
2348 1600 2452 1656 hoc
2487 1600 2791 1671 priscorum
2823 1592 3070 1669 numero,
3101 1611 3175 1668 et,
3201 1605 3673 1675 utin-dixerim,

2067 1688 2470 1744 fecundissima
2489 1690 2690 1754 radice,
2710 1699 3027 1745 sanctorum
3040 1693 3674 1753 etiamanachoretarum

2085 1788 2221 1849 post
2237 1780 2354 1835 haec
2368 1778 2900 1851 ~ﬂeresifructusque
2938 1781 3132 1851 prolati
3163 1794 3324 1839 sunt:
3368 1785 3527 1856 cujus
3553 1802 3676 1857 pro-

398 1875 464 1927 tit
492 1873 549 1928 in
587 1873 942 1947 Jcrosolymis
962 1877 1140 1933 omnis
1184 1877 1275 1933 illa
1303 1879 1639 1935 credentium
1675 1880 1980 1945 multitudo,

2090 1868 2341 1927 fessionis
2378 1871 2652 1941 principes
2680 1872 2798 1936 hes,
2824 1874 3153 1943 quoslpaulo
3182 1883 3324 1931 ante
3352 1880 3678 1934 memoravi-

397 1978 518 2033 quaa
542 1964 598 2019 in
615 1963 855 2022 'Actibus
877 1966 1244 2039 apostolorum
1279 1969 1353 2023 ita
1390 1969 1717 2025 describitur
1748 1989 1759 2026 :
1800 1970 1987 2039 «Μαι-

400 2056 648 2114 ιὶωάὶηἰε
696 2066 875 2115 autem
905 2060 1243 2117 credentium
1295 2071 1416 2118 erat
1439 2078 1534 2119 cor
1562 2068 1615 2119 et
1638 2064 1817 2119 anima
1853 2079 1983 2129 una,

401 2164 501 2205 nec
524 2150 810 2221 quisquam
849 2167 1061 2219 eorum,
1095 2168 1215 2233 qua:
1241 2154 1572 2224 possidebat,
1602 2155 1804 2226 aliquid
1829 2171 1986 2212 suum

398 2255 523 2296 esse
548 2241 783 2311 'dicebat,
830 2244 924 2300 sed
946 2252 1105 2300 erant
1135 2244 1241 2300 illis
1266 2246 1447 2300 omnia
1482 2246 1812 2301 communia.
1842 2246 1988 2303 'Pos-

397 2335 668 2391 sessiones
694 2344 749 2391 et
780 2336 1112 2393 substantias
1141 2338 1464 2405 vendebant,
1492 2348 1547 2394 et
1578 2339 1888 2397 dividebant
1924 2357 1986 2397 ca

398 2424 671 2490 omnibus,
702 2433 865 2497 prout
888 2427 1085 2498 cuique
1113 2443 1246 2499 opus
1266 2438 1403 2484 erat.
1435 2449 1453 2480 ι
1473 2429 1564 2485 ‘Et
1589 2428 1719 2486 item
1747 2449 1761 2485 :
1825 2451 1844 2484 ι
1878 2430 1986 2488 Ne-

378 2530 503 2583 que
524 2516 669 2571 enim
696 2517 982 2588 quisquam
1007 2532 1170 2591 egens
1197 2529 1314 2575 erat
1361 2519 1505 2576 inter
1527 2520 1649 2577 illos
1678 2540 1692 2575 :
1723 2530 1990 2594 quotquot

398 2604 542 2660 enim
570 2607 953 2677 possessiones
970 2623 1224 2680 agrorum
1258 2607 1343 2665 vel
1364 2608 1652 2666 domorum
1675 2620 1833 2667 erant
1856 2627 1989 2669 ven-

394 2695 608 2763 dentes,
630 2695 931 2755 oﬂ‘erebant
956 2698 1238 2770 pecuniam
1262 2713 1472 2766 eorum,
1518 2716 1639 2771 quas
1656 2702 1984 2768 vendebant,

399 2796 455 2844 et
486 2791 763 2861 ponebant
807 2798 934 2848 ante
968 2791 1149 2862 'pedes
1186 2793 1575 2862 apostolorum.
1622 2793 1991 2849 'Dividebatur

400 2888 580 2935 autem
612 2881 858 2951 singulis,
910 2892 1071 2954 prout
1097 2883 1293 2955 cuique
1327 2898 1463 2954 opus
1488 2892 1625 2940 erat.
1665 2902 1682 2938 ι
1722 2884 1868 2943 Talis
1894 2886 1991 2941 ita-

2088 1972 2514 2029 mus,~sanctum
2540 1963 3127 2022 -scilicet:Panlum-vel
3166 1966 3489 2034 Antonium,
3520 1971 3676 2024 novi-

2066 2070 2210 2112 ‘mus
2266 2057 2577 2123 exstitisse,
2632 2057 2726 2128 qui
2781 2073 2889 2114 non
2931 2058 3157 2128 quidem
3214 2060 3681 2130 pusillanimitatis

2089 2162 2251 2203 causa
2281 2162 2383 2203 nec
2417 2148 2768 2220 impatientia:
2815 2150 3027 2215 morbo,
3078 2151 3172 2206 scd
3202 2152 3488 2209 desiderio
3514 2154 3680 2209 subli-

2088 2238 2278 2293 mioris
2304 2238 2582 2308 profectus
2605 2241 3185 2312 contemplationisque
3198 2243 3427 2309 diviuzn,
3485 2245 3677 2301 solitu-

2087 2327 2230 2383 dinis
2253 2337 2464 2384 secreta
2491 2330 2683 2385 sectati
2731 2339 2876 2395 sunt,
2918 2330 3259 2387 licet-eorum
3278 2334 3459 2403 prior,
3480 2351 3682 2391 neces

2066 2418 2266 2474 sitatis
2288 2420 2532 2485 obtentu,
2568 2421 2695 2475 dum
2720 2428 2965 2491 tempore
3002 2424 3399 2492 persecutionis
3412 2427 3679 2507 .aliinium

2070 2526 2313 2566 suomm
2330 2511 2536 2567 devitat
2557 2512 2803 2576 insidias,
2826 2527 3081 2568 cremant
3099 2524 3415 2584 penetrasse
3436 2516 3679 2573 dicatur.

2061 2599 2164 2655 cita
2185 2590 2611 2672 ergo-processit
2630 2616 2699 2656 ex
2720 2601 2835 2667 illa,
2885 2618 3047 2672 quam
3072 2604 3351 2670 diximus,
3376 2605 3681 2677 disciplina

2066 2688 2235 2744 .aliud
2257 2689 2610 2760 perfectionis
2636 2706 2853 2762 genus,
2903 2692 3059 2762 cujus
3086 2702 3392 2757 sectatores
3427 2700 3680 2753 anacho-

2062 2790 2240 2847 -retm,
2293 2781 2482 2847 idest,
2522 2797 2865 2849 secesseres,
2909 2786 3105 2843 merito
3146 2796 3577 2858 nuncupantur:
3614 2807 3683 2846 eo

2084 2875 2232 2945 thd
2252 2889 2601 2946 nequaquam
2628 2878 2882 2932 contenti
2900 2878 3255 2937 bacvietoria
3280 2895 3400 2951 qua.
3414 2882 3564 2937 inter
3582 2885 3680 2939 ho-

397 2987 505 3043 quc
532 2982 652 3029 erat
678 2982 806 3030 tunc
833 2975 1011 3030 omnis
1037 2974 1277 3032 Ecclesia
1302 3017 1318 3043 ,
1365 2977 1555 3047 quales
1579 2993 1724 3034 nunc
1751 2993 1983 3049 perpau-

2089 2969 2262 3024 mines
2279 2968 2526 3025 occultas
2558 2969 2782 3025 insidias
2832 2971 3030 3027 diaboli
3077 2972 3441 3040 calcaverunt,
3490 2986 3682 3046 aperto

397 3079 492 3121 cos
520 3065 573 3119 in
603 3065 867 3122 coenobiis
892 3065 1379 3124 invenire'diliicile
1409 3076 1512 3125 est.
1536 3068 1665 3125 'Sed
1705 3084 1828 3126 cum
1854 3085 1986 3140 apo-
2089 3066 2390 3123 certamine
2439 3080 2505 3122 ac
2556 3067 2846 3124 manifesto
2880 3067 3130 3125 conﬂictu
3152 3071 3248 3126 vde
3266 3073 3526 3129 omnibus
3552 3092 3681 3131 eon-

394 3157 656 3213 stolorum
681 3166 803 3229 post
827 3172 1110 3214 excessum
1161 3166 1440 3230 tepescere
1482 3162 1737 3232 erupisset
1761 3164 2055 3241 creden-m
2089 3157 2238 3228 gredi
2280 3158 2561 3229 cupientes
2587 3199 2601 3223 ,
2652 3168 2832 3216 vastos
2880 3161 3053 3216 eremi
3102 3175 3349 3218 recessus
3394 3174 3683 3234 penetrare

393 3248 529 3302 tium
562 3248 870 3313 multitudo,
900 3262 963 3304 ea
995 3248 1079 3303 vel
1108 3250 1364 3317 maxime,
1406 3266 1527 3322 qua:
1553 3254 1621 3308 ad
1642 3252 1799 3308 fidem
1822 3252 1981 3309 Chri-
2015 3248 2057 3272 “"
2090 3265 2196 3305 non
2223 3250 2473 3315 timeant.
2494 3250 2561 3305 ad
2591 3250 2947 3308 imitationem
2974 3254 3383 3311 sancti-Joannis
3400 3256 3680 3328 Baptista»,

395 3339 465 3396 sti
490 3339 569 3395 ‘dc
608 3338 937 3411 alienigenis
951 3355 1014 3396 ac
1036 3341 1281 3398 diversis
1305 3344 1555 3415 gentibus
1585 3343 1906 3411 conﬂuebat,
1953 3362 1984 3402 a
2088 3340 2262 3410 quiin
2287 3355 2472 3396 eremo
2507 3350 2618 3396 ιοῑὶι
2643 3352 2805 3397 alia!!!
2829 3344 3158 3413 ρθτηιειιιείις
3206 3345 3336 3402 Elite
3369 3363 3587 3419 quoque
3618 3368 3684 3407 ac

384 3433 593 3503 quibus
620 3433 867 3505 apostoli,
884 3448 1017 3506 pra:
1042 3434 1175 3504 ipsis
1194 3434 1322 3491 fidei
1353 3435 1675 3493 rudimentis
1702 3445 1756 3492 et
1778 3438 1983 3494 invete-

398 3523 875 3597 rattergentilitatis
903 3524 1293 3581 consuetudine
1316 3565 1331 3591 ,
1372 3524 1507 3581 nihil
1541 3526 1773 3597 amplius
1821 3543 1986 3600 cxpe-

395 3615 604 3682 tcbant,
654 3614 857 3681 nisiut
885 3614 973 3671 ab,
1003 3615 1540 3687 ipsisimmolatitiis
1590 3617 1878 3684 idolorum,
1930 3628 1987 3676 et

395 3706 774 3773 fornicatione,
805 3716 861 3763 et
882 3706 1177 3776 suﬂ'ocatis,
1205 3716 1260 3764 et
1284 3708 1549 3779 sanguine
1574 3717 1980 3781 temperarent:

395 3811 557 3872 atque
588 3800 690 3856 ista
722 3799 968 3867 libertas,
996 3816 1118 3871 quae
1163 3799 1413 3872 gentibus
1445 3808 1670 3871 propter
1700 3801 1986 3857 infirmita-

395 3905 502 3950 tem
542 3895 732 3966 prima:
754 3893 1090 3949 credulitatis
1133 3893 1338 3949 indulta
1364 3900 1468 3960 est,
1513 3892 1677 3948 etiam
1707 3892 1861 3951 illius‘
1878 3894 1981 3951 Ec-

394 3968 572 4042 etesiae
610 3983 1031 4055 perfectionem,
1074 3998 1206 4055 quas
1250 3980 1603 4056 Jerosolymis
1631 3984 1981 4053 consistebat,

394 4077 652 4150 paulatim
679 4076 1037 4139 contaminari
1069 4062 1344 4149 cmpisset,
1400 4083 1456 4133 et
1483 4086 1762 4133 crescente
1803 4080 1984 4149 quoti-

393 4170 481 4223 die
506 4169 590 4224 vel
616 4168 993 4238 indigenarum
1025 4182 1273 4237 numero,
1300 4167 1385 4223 vel
1411 4168 1761 4235 advenarum,
1794 4171 1984 4242 prima:

392 4259 537 4316 illius
585 4258 708 4315 fidei
748 4258 1123 4332 refrigesceret
1160 4257 1384 4325 fervor;
1430 4274 1537 4315 non
1583 4260 1757 4315 solum
1806 4261 1861 4316 hi
1891 4262 1982 4332 qui

393 4354 462 4408 ad
496 4352 653 4411 iidem
684 4351 889 4415 Christi
916 4350 1308 4416 conﬂuxerant,
1364 4366 1554 4407 verum
1569 4353 1745 4408 etiam
1781 4351 1858 4407 illi
1889 4354 1981 4424 qui

390 4450 558 4503 erant
576 4440 837 4503 Ecclesite
864 4440 1158 4511 principes,
1204 4439 1273 4495 ab
1302 4440 1797 4511 ipsa‘districtionc‘
1816 4441 1981 4498 laxati

389 4540 559 4598 sunt;
609 4529 850 4593 nonnulli
887 4530 1220 4585 aestimantes
1248 4530 1304 4584 id
1349 4531 1491 4601 quod
1519 4531 1995 4599 vi::lebant-gcnti-,

389 4624 494 4678 ltus
524 4638 637 4693 pra:
681 4620 996 4676 infirmitate
1050 4634 1389 4687 concessum,
1419 4620 1522 4676 sibi
1556 4621 1977 4689 etiam'licitum,

390 4716 526 4773 nihil
556 4730 615 4772 se
642 4713 949 4771 detrimenti
978 4714 1186 4785 perpeti
1213 4712 1583 4781 crediderunt,
1630 4715 1674 4771 si
1698 4731 1819 4771 cum
1848 4717 1978 4773 sub-

390 4808 702 4869 stantiisac
743 4805 1093 4869 facultatibus
1117 4805 1231 4861 suis
1255 4804 1414 4860 fidem
1445 4804 1646 4861 Christi
1678 4805 1977 4862 confessio-

389 4916 623 4972 nemque
668 4905 1041 4969 sequerentur.
1087 4895 1150 4951 lli
1202 4906 1383 4952 autem
1413 4897 1610 4967 quibus
1655 4895 1982 4973 apostolicus

390 4995 568 5050 adhuc
602 4992 779 5053 inerat
812 4988 1015 5055 fervor,
1058 4987 1757 5058 memoresilliusvpristina:
1796 4985 1978 5057 perfe-

389 5085 610 5150 ctionis,
652 5081 994 5139 discedentes
1042 5095 1073 5134 a
1125 5079 1436 5135 civitatibus
1483 5081 1617 5145 suis,
1646 5079 1978 5149 illorumque

388 5176 686 5241 consortio,
731 5174 828 5247 ψιὶ
862 5172 965 5229 sibi
992 5171 1077 5229 vel
1108 5171 1363 5227 Ecclesiae
1387 5171 1479 5228 Dei
1505 5173 1829 5229 remissioris
1856 5173 1979 5228 vine

386 5270 766 5343 negligentiam
797 5282 917 5323 esse
943 5264 1255 5332 credebant,
1302 5265 1576 5322 multoties
1610 5266 1975 5321 suburbanum

388 5363 867 5423 ac.sccrctioribus
890 5375 1261 5424 commancre,
1294 5366 1349 5415 ct
1390 5374 1453 5413 ca
1474 5375 1593 5430 qum
1624 5359 1691 5415 ab
1719 5358 1977 5429 apostolis

388 5474 490 5530 per.
515 5459 825 5514 universum
872 5471 1069 5526 corpus
1118 5452 1752 5523 Ecclesizegcncruliter
1781 5452 1973 5507 memi-

387 5556 583 5604 nerant
631 5546 1191 5623 institutahprivatim
1238 5560 1302 5598 ac
1345 5541 1690 5613 peculiariter
1716 5554 1972 5595 cxcrccrc

387 5648 682 5708 eruperunt.
724 5640 902 5708 Atque
929 5639 1002 5692 ita
1028 5636 1330 5695 coadolevit
1376 5634 1500 5697 ista,
1528 5647 1688 5702 quant
1716 5631 1969 5695 diximus,

389 5730 799 5799 discipulorum,
826 5730 927 5799 ,qui
960 5745 1017 5783 se
1059 5729 1126 5783 ab
1157 5742 1345 5782 eorum
1375 5724 1624 5795 contagio
1664 5731 1970 5793 scquestra-
2026 5772 2030 5781 λ

389 5831 619 5885 verum,
669 5820 985 5889 disciplina,
1042 5821 1129 5890 qui
1166 5819 1465 5889 paulatim,
1513 5825 1752 5889 tempore
1782 5832 1969 5888 procc-

2056 3430 2270 3497 ‘Elisei,
2306 3439 2470 3502 atque
2495 3431 2711 3488 illorum
2741 3434 2813 3490 de
2835 3434 3030 3504 quibus
3051 3436 3275 3505 apostoli
3310 3438 3387 3493 ita
3418 3441 3684 3498 memine-

2087 3532 2209 3578 runt
2239 3542 2251 3578 :
2314 3524 2721 3581 rCir-cuierunt‘
2741 3526 2795 3581 in
2814 3527 3054 3594 melotis,
3078 3538 3137 3584 et
3158 3529 3211 3583 in
3244 3531 3475 3599 pellibus
3503 3537 3685 3605 capri-

2086 3615 2192 3680 nis,
2228 3616 2545 3688 angustiati,
2582 3615 2787 3683 amicti,
2818 3627 3074 3690 egentes,
3110 3620 3305 3691 quibus
3324 3622 3530 3693 dignus
3572 3641 3680 3679 non

2085 3715 2205 3761 erat
2238 3707 2486 3773 mundus,
2518 3708 2572 3762 in
2602 3707 2980 3765 solitudinibus
3010 3719 3365 3775 errantes,.et
3400 3714 3682 3769 montibus

2076 3808 2140 3857 -ει
2159 3799 2450 3870 speluncis,
2484 3801 2618 3856 etin
2647 3802 2901 3857 caVernis
2916 3810 3097 3858 terrm.
3128 3822 3148 3856 ι
3184 3803 3263 3859 De
3281 3805 3478 3874 quibus
3506 3806 3678 3861 etiam

2055 3890 2391 3963 "ﬁguraliter"
2408 3891 2941 3948 Dominus'ad'iob:
2997 3912 3017 3944 σ
3052 3894 3185 3960 Quis
3232 3903 3414 3951 autem
3441 3906 3546 3961 est,
3584 3897 3679 3968 qui

2074 3988 2290 4044 dimisit
2320 4002 2582 4059 onagrum
2614 3987 2873 4050 liberum,
2907 3994 2962 4042 et
2990 3984 3204 4043 vincula
3239 3986 3356 4057 ejus
3405 3989 3679 4045 resolvit?

2083 4080 2266 4151 posuit
2311 4078 2676 4133 habitaculum
2720 4076 2839 4146 ejus
2866 4078 3138 4132 desertum
3167 4119 3182 4143 ,
3238 4086 3293 4133 et
3322 4079 3677 4134 tabernacula

2054 4169 2200 4240 sejus
2220 4170 2577 4240 salsuginem,
2610 4168 2842 4223 irridens
2870 4167 3267 4223 multitudinem
3313 4168 3572 4235 civitatis,
3621 4180 3679 4226 et

2084 4261 2359 4332 querelam
2413 4259 2685 4315 exactoris
2736 4274 2845 4315 non
2899 4258 3216 4314 exaudiens.
3288 4258 3677 4316 Consideravit

2085 4357 2296 4404 montes
2322 4363 2536 4419 pascua:
2558 4363 2691 4413 sum,
2739 4356 2794 4403 et
2833 4356 2956 4419 post
2982 4362 3145 4403 omne
3194 4347 3370 4403 viride
3399 4350 3614 4418 qumrit.
3650 4370 3671 4402 ι

2084 4437 2140 4493 ln
2162 4437 2381 4509 psalmis
2404 4452 2620 4508 quoque
2644 4436 2905 4508 scriptum
2934 4444 3020 4491 est
3051 4455 3064 4491 :
3102 4455 3122 4488 ι
3160 4437 3356 4492 Dicant
3392 4453 3538 4494 nunc
3582 4442 3679 4509 qui

2086 4531 2349 4602 redempti
2384 4538 2510 4585 sunt
2534 4546 2565 4585 a
2594 4530 2842 4594 Domino,
2872 4544 3010 4599 quos
3037 4528 3264 4585 redemit
3282 4530 3365 4586 'de
3385 4546 3551 4586 manu
3581 4532 3684 4587 ini-

2086 4622 2232 4678 mici.
2268 4642 2286 4675 r
2347 4622 2413 4676 Et
2439 4629 2563 4692 post
2587 4635 2797 4692 pauca:
2854 4620 3678 4685 c-Erravemnt-insolitudiuc,

2052 4732 2059 4753 τ
2084 4714 2137 4769 in
2165 4714 2594 4780 siccitate,-viarn
2612 4713 2851 4768 civitatis
2875 4712 3165 4767 habitaculi
3182 4727 3299 4767 non
3322 4711 3676 4767 invenerunt.

2075 4803 2401 4859 'Esur'icntes
2424 4802 2772 4866 etsitientes,
2813 4803 3298 4856 et'eanirnaeorum
3322 4800 3389 4854 in
3427 4800 3565 4871 ipsis
3578 4800 3681 4857 dc-

2084 4896 2230 4951 fccit.
2279 4894 2347 4949 Et
2372 4894 2745 4949 clmuavemnt
2768 4891 3157 4949 adﬁctum
3184 4905 3331 4947 cum
3347 4891 3681 4949 tribulam-

2084 4996 2191 5051 tur,
2220 4997 2275 5041 ct
2304 4988 2371 5042 de
2404 4984 2821 5041 necessitatibus
2837 4981 3437 5039 eorumliberavitees.
3477 4999 3509 5033 »ι
3530 4980 3683 5048 Quos

2080 5080 2245 5136 etiam
2276 5077 2559 5133 'Jcrcmias
2578 5076 2658 5132 ita
2678 5074 2964 5151 describit,
2982 5074 3181 5130 dicens
3198 5091 3226 5129 .:
3280 5074 3551 5137 «Beatus,
3576 5071 3679 5142 qui

2082 5173 2196 5227 tulit
2226 5172 2470 5243 jugum-a
2492 5169 2776 5238 iuventute
2806 5182 2901 5224 sua
2931 5184 2946 5231 ;
2975 5167 3189 5223 sedebit
3211 5166 3489 5223 solitarius
3520 5175 3575 5221 et
3598 5175 3681 5219 ta-

2081 5264 2245 5329 cchit,
2274 5263 2413 5333 quia'
2432 5262 2631 5317 levabit
2666 5277 2725 5316 se
2755 5274 3055 5330 super—sc.»
3074 5270 3111 5311 ν
3128 5257 3339 5328 Quique
3366 5258 3419 5311 id
3447 5256 3678 5312 Psalmi-

2080 5364 2178 5412 stze
2235 5355 2426 5410 affectu
2473 5362 2531 5410 ct
2578 5368 2740 5424 opere
2780 5351 3133 5407 coniiciunt:
3190 5367 3209 5399 ι
3236 5348 3457 5405 Similis
3497 5348 3679 5403 factus

2083 5462 2201 5502 sum
2230 5446 2493 5516 pellicano
2516 5442 2845 5507 solitudinis,
2870 5440 3103 5511 vigilavi,
3135 5447 3191 5494 et
3212 5436 3401 5492 factus
3416 5435 3681 5493 sumsic-

2081 5550 2141 5596 ut
2177 5555 2366 5610 passer
2392 5537 2765 5594 solitariusin
2792 5543 2953 5591 tecto.
2991 5554 3010 5587 ι
3050 5530 3340 5603 lgiturqui
3367 5530 3681 5600 rlespicieu-

2081 5632 2206 5685 dam
2238 5629 2593 5684 monasticam
2626 5625 2961 5695 disciplinam
3004 5622 3349 5679 arbitrantur
3370 5661 3384 5683 ,
3414 5620 3680 5689 ~primum

2080 5729 2293 5792 Oportet
2330 5730 2390 5775 ut
2418 5720 2698 5775 attendant
2722 5733 2849 5788 quae
2866 5717 2939 5772 sit
2970 5710 3326 5781 virtus-hujus
3344 5718 3682 5764 muniant-

2080 5831 2182 5889 quc
2215 5813 2678 5879 commsatiouis;
2734 5822 2783 5866 et
2816 5811 2858 5864 si
2889 5804 3262 5880 perspexeriut
3309 5801 3517 5873 legibus
3570 5798 3677 5853 Dei
