3958 6204
397 246 503 303 437

1427 249 1627 307 LIBER
1668 252 1754 307 nr.
1794 220 2185 309 ouLartoNE
2223 253 2632 314 PUERORUM.

3565 260 3672 321 453

392 378 511 415 eam
538 378 664 418 esse
708 362 1052 429 concordem,
1098 363 1347 419 desinant
1376 380 1495 420 eam
1527 367 1666 421 odiis
1693 366 1969 431 inscctari,
2002 371 2048 428 Α
2078 367 2294 436 spiritu,
2353 370 2609 438 quoniam
2660 370 2899 440 ipsorum
2955 356 3040 427 est
3099 386 3322 446 regnum
3379 376 3664 434 caelorum.

390 454 658 507 ursis-tant
679 467 773 508 ore
815 452 1129 523 blasphemo
1150 454 1409 522 lacerare,
1438 457 1565 527 quia
1596 473 1703 512 non
1731 457 1836 512 erit
1880 458 1981 512 im-

388 541 612 609 punitus
638 543 730 610 qui
760 543 917 597 donis
966 544 1055 598 Dei
1085 559 1182 614 per
1224 544 1479 600 invidiam
1530 545 1768 616 perfidus
1801 556 1980 602 exstat

388 631 658 687 inimicus.
685 632 847 688 Unde
860 633 1118 689 Dominus
1139 649 1238 704 per
1258 635 1607 705 prophetam:
1642 656 1660 688 ‹
1688 638 1779 692 Vae
1798 639 1973 702 vobis,

385 724 476 793 qui
499 724 683 780 dicitis
716 726 915 780 malum
943 728 1165 792 bonum,
1198 736 1252 782 et
1278 729 1478 784 bonum
1507 729 1735 784 malum:
1769 745 1971 800 poncn-
2004 774 2009 779 .

383 823 466 869 tes
498 814 751 870 tenebras
800 815 998 881 lucem,
1034 824 1091 870 et
1142 816 1316 872 lucem
1371 819 1624 873 tenebras
1654 805 1974 886 Lponentes

382 920 631 958 amarum
663 906 716 960 in
746 906 923 969 dulce,
974 914 1030 961 et
1063 907 1218 963 dulce
1256 908 1308 962 in
1363 923 1629 963 amarum.
1671 908 1968 963 rMonachi

379 1000 525 1054 enim
549 1001 885 1071 propositum
916 1009 998 1057 est
1029 1009 1087 1057 ut
1127 1004 1469 1060 abrenuntiet
1517 1005 1713 1061 saeculo
1740 1016 1793 1061 et
1813 1006 1967 1061 volu-

379 1089 659 1159 ptatibus,
710 1092 1055 1147 continentiae
1106 1108 1170 1149 ac
1217 1095 1407 1165 quieti,
1457 1095 1776 1150 ohetlientize
1808 1105 1969 1167 atque

377 1179 671 1234 humilitati
700 1195 919 1250 operam
949 1181 1062 1245 det,
1103 1182 1581 1254 tribulationesque
1618 1193 1781 1254 atque
1802 1200 1969 1255 angu-

377 1269 512 1323 stias
533 1272 818 1340 prmsentis
847 1270 968 1325 vitm
1010 1274 1280 1343 patienter
1301 1272 1538 1331 sufferat.
1583 1282 1639 1328 et
1686 1275 1964 1343 praemium

373 1360 616 1416 cmlcstis
649 1363 838 1432 gratia:
867 1378 1027 1434 super
1050 1365 1229 1417 omnia
1256 1372 1494 1432 expetat.
1544 1364 1698 1419 Unde
1724 1364 1962 1418 conside—

373 1468 559 1509 remus
589 1455 633 1508 si
666 1456 781 1510 haec
811 1471 876 1511 ex
913 1455 1110 1511 divinis
1166 1457 1586 1526 comprobantur
1615 1456 1958 1511 testimoniis.

360 1543 507 1598 Nam
532 1544 781 1601 Salvator
809 1547 862 1601 in
890 1547 1179 1618 Evangelio
1209 1546 1285 1601 ait
1310 1564 1322 1599 :
1360 1565 1379 1598 ι
1417 1546 1518 1614 Qui
1546 1562 1651 1601 non
1680 1548 1959 1602 renuntia-

370 1631 790 1691 verit‘omnihus
831 1651 951 1706 qua:
993 1637 1253 1706 possidet,
1296 1651 1400 1691 non
1444 1645 1621 1707 potest
1638 1652 1801 1692 .meus
1840 1651 1960 1692 esse

2080 456 2229 512 Beati
2260 460 2452 523 mites,
2483 460 2739 529 quoniam
2766 460 2871 530 ipsi
2899 461 3255 530 possidebunt
3285 474 3503 529 terram.
3546 488 3565 519 ι
3600 469 3666 523 Et

2080 547 2275 602 iterum
2299 563 2314 601 :
2341 548 2490 603 (Non
2519 551 2658 613 veni,
2691 550 2886 621 inquit,
2911 552 3089 608 facere
3111 552 3441 617 voluntatem
3465 574 3662 623 meam,

2078 639 2172 693 sed
2209 635 2347 707 ejus,
2376 639 2468 708 qui
2488 640 2644 696 misit
2676 655 2785 705 me,
2834 641 3086 698 Patris-»
3112 642 3263 700 ,lliuc
3293 654 3348 703 et
3379 646 3665 718 ApOStolus

2077 730 2189 783 ait:
2250 749 2269 779 ε
2304 729 2552 787 Christus
2580 731 2761 787 factus
2785 740 2869 787 est
2902 738 3000 803 pro
3042 735 3203 793 nobis
3230 736 3500 799 obediens.
3515 720 3661 794 Patri

2075 833 2244 889 usque
2266 818 2333 872 ad
2358 828 2605 884 mortem,
2639 831 2867 877 niortem
2896 830 3076 877 autem
3107 824 3306 891 crucis,
3337 844 3356 877 ι
3392 835 3499 881 etc.
3529 825 3660 885 Nam

2073 918 2128 964 et
2155 911 2208 965 in
2248 910 2635 983 libroxliegum
2660 911 2895 968 Samuel
2940 912 3402 986 adSaulrcgem
3434 932 3661 987 peccan-

2048 1008 2181 1054 .tem
2210 1001 2327 1055 ait:
2362 1020 2382 1052 ‹
2418 1001 2667 1071 Nunquid
2702 1002 2814 1058 vult
2842 1003 3101 1063 Dominus
3138 1007 3533 1076 holocaustum,
3565 1020 3659 1069 aut

2070 1088 2350 1153 victimas,
2393 1098 2451 1144 et
2486 1090 2800 1158 nonpotius
2826 1100 2888 1147 ut
2917 1093 3203 1151 obediatur
3249 1097 3369 1153 voci
3400 1097 3610 1161 Domini
3636 1101 3658 1153 'l

2069 1177 2256 1231 Melior
2284 1187 2369 1232 est
2394 1179 2537 1233 enim
2566 1179 2870 1251 obedientia
2892 1198 3052 1251 quam
3081 1185 3331 1251 victimae,
3367 1197 3423 1242 et
3442 1191 3658 1244 auscul~

2044 1268 2385 1336 .taretnagis
2403 1283 2563 1337 quam
2603 1268 2799 1325 oifcrre
2847 1271 3055 1339 adipem
3084 1264 3317 1328 arietum
3347 1291 3362 1330 :
3388 1254 3652 1346 quoniam

2066 1355 2220 1423 quasi
2248 1364 2527 1424 peccatum
2562 1357 2861 1414 hariolandi
2899 1367 2988 1414 est
3024 1376 3328 1433 repugnare
3353 1404 3369 1431 ,
3418 1348 3472 1421 et
3500 1370 3653 1435 quasi

2044 1446 2241 1501 scelus
2262 1446 2579 1501 idololatria:
2612 1447 2755 1503 nolle
2786 1449 3151 1518 acquiescere.
3186 1472 3205 1503 ι
3250 1453 3328 1510 De
3355 1455 3656 1510 tribulatio-

2062 1538 2148 1593 nis
2175 1548 2353 1593 autem
2384 1538 2668 1595 tolerantia
2705 1549 2759 1594 ct
2790 1541 3050 1611 patientia
3084 1542 3199 1613 ipsa
3236 1542 3448 1601 Veritas
3472 1548 3549 1601 ait
3576 1548 3653 1602 di-

2064 1627 2284 1697 seipulis
2313 1647 2325 1681 :
2367 1646 2384 1679 ι
2426 1628 2483 1682 In
2517 1630 2718 1683 mundo
2758 1645 3068 1699 pressuram
3094 1632 3384 1700 habebitis,
3409 1634 3503 1690 sed
3525 1651 3653 1691 con—

362 1726 684 1797 discipulus.
718 1728 785 1782 Et
812 1728 987 1782 omnis
1015 1729 1107 1798 qui
1158 1728 1438 1798 reliquerit
1469 1728 1713 1794 domum,
1745 1728 1830 1783 vel
1851 1727 1959 1781 fra-
1989 1717 2033 1777 B
2064 1719 2228 1783 ﬁdite,
2278 1720 2404 1788 quia
2438 1734 2540 1790 ego
2588 1720 2691 1774 vici
2745 1721 3024 1779 mundum.
3065 1722 3124 1776 In
3173 1724 3434 1795 patientia
3474 1738 3651 1784 vestra

370 1825 497 1879 tres,
527 1825 879 1883 autsorores,
907 1828 1000 1872 aut
1022 1827 1255 1888 patrem,
1289 1826 1385 1872 aut
1413 1826 1664 1883 matrem,
1699 1826 1794 1872 aut
1822 1833 1955 1872 uxo—

368 1921 500 1969 rem,
533 1914 630 1961 aut
650 1905 811 1971 ﬁlios,
842 1914 936 1961 aut
962 1922 1120 1980 agros
1146 1915 1368 1978 propter
1389 1922 1585 1962 nomen
1607 1922 1811 1973 meum,
1832 1920 1954 1962 cen-

364 1999 571 2070 tuplum
600 1999 851 2070 accipiet,
893 2007 949 2055 et
971 2001 1136 2055 vitam
1180 2008 1439 2055 mternam
1462 1999 1778 2070 possidebit.
1818 2018 1836 2052 ι
1887 1999 1955 2053 Et

365 2091 491 2145 item
524 2108 538 2144 :
580 2109 600 2142 ι
630 2091 735 2159 Qui
768 2091 897 2157 vult,
933 2111 952 2144 ι
988 2092 1181 2162 inquit,
1239 2109 1258 2143 ι
1293 2092 1480 2146 venire
1507 2099 1632 2161 post
1656 2105 1761 2157 me,
1789 2091 1954 2146 abne-

362 2190 450 2251 get
478 2183 855 2252 semetipsum,
881 2190 937 2237 et
962 2181 1111 2237 tollat
1136 2197 1352 2237 crucem
1381 2196 1534 2236 suam
1558 2210 1561 2215 ~
1585 2180 1846 2251 quotidie,
1899 2189 1953 2235 et

361 2284 622 2343 sequatur
660 2289 767 2329 me.
805 2294 824 2326 ι
882 2273 1017 2328 llinc
1040 2283 1097 2329 et
1132 2274 1281 2328 diviti
1309 2275 1374 2329 de
1411 2273 1584 2328 salute
1610 2288 1707 2328 sua
1728 2272 1953 2327 sollicite

358 2367 626 2436 quaerenti
648 2367 762 2437 ipsa
794 2368 1007 2423 Veritas
1039 2367 1330 2436 respondit,
1363 2368 1547 2422 dicens
1574 2385 1587 2421 :
1634 2365 1692 2421 Si
1724 2366 1806 2422 vis
1828 2382 1949 2436 per-

361 2454 535 2509 fectus
561 2467 706 2519 esse,
759 2453 916 2518 vade,
950 2457 1125 2509 vende
1151 2454 1333 2509 omnia
1372 2469 1502 2524 quae
1550 2454 1718 2510 habes
1743 2493 1758 2519 ,
1799 2462 1854 2509 et
1883 2454 1948 2508 da

358 2549 714 2619 pauperibus,
748 2559 802 2604 et
828 2550 1400 2611 babebisthesaurum
1427 2552 1480 2613 in
1502 2551 1640 2608 cado
1663 2592 1678 2618 ,
1710 2558 1764 2607 et
1803 2553 1946 2619 verni.

352 2648 585 2709 sequere
627 2656 734 2696 me.
777 2661 795 2693 ι
851 2640 989 2696 llinc
1015 2649 1070 2696 et
1095 2642 1634 2712 adapostolosait:
1690 2660 1707 2693 ‹
1738 2642 1949 2699 ηΕειοιθ

357 2732 585 2801 perfecti
626 2735 770 2789 sicut
802 2743 857 2790 et
881 2734 1043 2791 Pater
1070 2744 1251 2791 vester
1284 2736 1521 2791 caelestis
1544 2733 1817 2806 perfectus
1841 2744 1944 2791 est.

357 2825 531 2882 Nolite
557 2828 775 2884 solliciti
806 2844 929 2885 esse
977 2830 1221 2886 dicentes
1246 2849 1279 2884 :~
1301 2829 1438 2897 Quid
1478 2829 1945 2897 mandueabimus,

356 2919 611 2993 aut'quid
644 2920 910 2991 bibemus,
948 2930 1043 2976 aut
1066 2937 1176 2992 quo
1204 2920 1555 2992 operiemur?
1600 2921 1717 2977 lucc
1760 2919 1943 2974 omnia

353 3012 878 3082 gentesinquirunt.
934 3012 1048 3067 Scit
1081 3012 1225 3068 enim
1278 3012 1438 3067 Pater
1470 3018 1651 3067 vester
1678 3011 1805 3080 quia
1859 3010 1944 3065 bis

353 3102 606 3157 omnibus
660 3102 931 3174 indigetis.
974 3102 1213 3170 Quzerite
1249 3103 1763 3173 primumregnum
1800 3080 2013 3166 .Dci,C

353 3202 406 3248 et
429 3193 698 3265 justitiam
723 3192 869 3262 ejus,
924 3201 979 3250 et
1016 3184 1131 3249 haec
1177 3194 1361 3249 omnia
1415 3191 1739 3262 adjicientur
1769 3192 1939 3248 vobis.

359 3284 584 3354 \‘igilate
621 3286 804 3356 itaque
843 3285 990 3340 omni
1018 3294 1260 3356 tempore
1284 3292 1528 3349 orantes,
1576 3291 1636 3338 ut
1667 3282 1811 3353 digni
1843 3282 1943 3336 ba-

352 3377 587 3431 beamini
611 3376 799 3449 fugere
820 3378 922 3432 ista
947 3377 1130 3431 omnia
1150 3392 1270 3447 quae
1289 3384 1516 3430 ventura
1542 3381 1687 3439 sunt,
1715 3381 1771 3429 et
1797 3381 1944 3428 stare

353 3478 476 3522 ante
506 3468 702 3522 Filium
726 3468 979 3524 hominis.
1007 3467 1176 3522 Amen
1204 3467 1323 3522 dico
1344 3465 1496 3521 vobis
1518 3464 1645 3534 quia
1662 3462 1945 3533 plorabitis

354 3568 405 3612 et
447 3556 650 3612 ﬂebitis
683 3572 800 3623 vos,
836 3558 1068 3611 mundus
1095 3564 1276 3610 autem
1314 3554 1590 3625 gaudebit,
1637 3568 1735 3608 vos
1761 3561 1943 3608 autem

353 3648 832 3712 contristabimini,
882 3647 977 3702 sed
1002 3647 1223 3701 tristitia
1251 3653 1428 3700 vestra
1455 3651 1699 3699 vertetur
1727 3644 1782 3698 in
1812 3659 1944 3715 gau-

354 3741 522 3795 dium.
560 3739 713 3795 Beati
740 3740 831 3809 qui
854 3739 1037 3811 lugent
1061 3732 1231 3804 nunc,
1257 3737 1512 3808 quoniam
1544 3735 1648 3805 ipsi
1692 3733 1942 3791 consola-

354 3831 573 3886 buntur.
606 3850 626 3883 ι
670 3828 930 3901 Sequenti
956 3842 1090 3901 ergo
1109 3844 1285 3899 opera.
1298 3827 1475 3883 danda
1508 3826 1674 3882 Isaias
1703 3825 1946 3882 ostendit

355 3920 581 3976 dicens:
621 3941 639 3971 ι
677 3917 1233 3989 Eritopusjustitize,
1282 3934 1383 3989 pax
1413 3927 1471 3973 et
1496 3917 1675 3973 cultus
1691 3914 1938 3984 justiti-le,

356 4011 629 4067 silentium
655 4022 712 4068 et
740 4013 1008 4068 securitas
1032 4024 1205 4081 usque
1226 4011 1281 4066 in
1301 4011 1710 4081 sempiternum.
1748 4029 1766 4063 ι
1805 4008 1941 4064 Item

356 4120 452 4177 per
476 4103 770 4162 lcremiam
796 4104 1028 4161 dicitur:
1067 4123 1086 4156 ι
1116 4105 1325 4161 Bonum
1361 4112 1451 4161 est
1468 4102 1771 4173 prmstolari
1816 4117 1941 4157 cum

357 4197 569 4255 silentio
594 4197 834 4253 salutare
857 4197 1071 4254 Domini
1096 4216 1110 4252 :
1139 4198 1341 4253 bonum
1372 4206 1457 4257 est
1484 4195 1623 4261 viro,
1653 4209 1793 4250 cum.
1816 4209 1941 4264 por-

358 4287 553 4342 taverit
570 4286 763 4358 jugum
788 4287 857 4343 ab
877 4286 1245 4344 adolescentia
1261 4300 1378 4343 sua.
1425 4284 1649 4341 Sedebit
1670 4284 1942 4340 solitarius

358 4385 411 4432 et
436 4380 656 4445 tacebit,
687 4379 814 4450 quia
839 4379 1038 4434 levabit
1063 4393 1122 4434 se
1141 4394 1304 4449 super
1328 4393 1425 4445 se;
1454 4385 1619 4448 ponet
1636 4377 1690 4431 in
1718 4375 1939 4446 pulvere

358 4485 420 4525 os
448 4486 627 4537 suum,
660 4473 705 4526 si
734 4471 873 4526 forte
909 4472 980 4527 sit
1009 4486 1134 4541 spes
1154 4512 1169 4538 ,
1216 4470 1367 4526 dabit
1395 4468 1716 4541 percutienti
1746 4466 1941 4523 maxil-

360 4563 485 4629 lam,
516 4562 848 4619 saturabitur
873 4562 1222 4633 opprobriis,
1273 4563 1402 4633 quia
1456 4577 1563 4618 non
1613 4560 1836 4631 repellet
1886 4559 1943 4613 in

363 4656 747 4726 sempiternum
781 4655 1062 4710 Dominus.
1121 4654 1225 4721 Qui
1272 4654 1462 4709 dilexit
1510 4667 1731 4709 movere
1777 4653 1943 4722 pedes

364 4764 505 4814 suos,
540 4757 594 4804 et
630 4763 739 4805 non
764 4749 990 4819 quievit,
1019 4756 1074 4803 et
1100 4748 1329 4803 Domino
1359 4764 1466 4803 non
1491 4747 1714 4818 placuit.
1752 4765 1772 4799 ι
1807 4746 1944 4801 Hinc

363 4850 418 4894 et
440 4838 639 4896 Paulus
675 4840 743 4895 ad
776 4838 1298 4895 'Thessalonieenses
1334 4839 1450 4893 ait:
1487 4856 1506 4890 ε
1538 4837 1813 4908 Rogamus
1844 4853 1943 4891 au-

366 4942 470 4988 tem
500 4948 616 4999 vos,
648 4932 868 5000 fratres,
905 4943 966 4988 ut
994 4932 1281 4987 abundetis
1305 4932 1480 5002 magis
1500 4938 1556 4986 et
1594 4946 1813 5003 operam
1841 4930 1939 4985 de-

367 5025 454 5090 tis,
481 5033 540 5080 ut
562 5025 727 5096 quieti
751 5025 893 5090 sitis,
928 5033 983 5079 et
1012 5032 1074 5078 ut
1098 5031 1341 5079 vestrum
1362 5022 1636 5094 negotium
1662 5021 1852 5092 agatis,
1887 5027 1943 5075 et

366 5115 689 5184 cperemini,
739 5115 882 5170 sicut
913 5114 1269 5184 praecepimus
1303 5112 1481 5175 vobis,
1506 5120 1585 5167 .et
1614 5118 1676 5165 ut
1719 5110 1943 5166 honeste

369 5206 649 5263 ambuletis
673 5205 742 5261 ad
763 5219 876 5272 eos,
904 5205 997 5276 qui
1027 5204 1160 5259 foris
1188 5210 1336 5269 sunt,
1358 5202 1556 5258 nullius
1577 5200 1781 5272 aliquid
1798 5201 1943 5257 desi-

369 5297 582 5355 deretis.
613 5314 634 5350 ι
691 5295 770 5353 De
821 5295 1126 5351 humilitate
1163 5302 1375 5359 autem,
1431 5303 1486 5349 et
1531 5292 1942 5349 mansuetudine

369 5397 523 5458 atque
544 5388 851 5446 obedientia
881 5387 997 5458 ipse
1024 5385 1275 5442 Salvator
1301 5383 1686 5455 inEvangelio
1727 5399 1828 5440 nos
1856 5383 1942 5437 in-

372 5481 520 5535 struit
548 5482 742 5539 ,diccns
775 5495 790 5534 :
849 5498 867 5530 ι
909 5479 1109 5535 Discite
1146 5493 1177 5533 a
1216 5492 1302 5533 me
1330 5518 1345 5544 ,
1382 5478 1509 5548 quia
1549 5476 1696 5531 mitis
1744 5490 1863 5531 sum
1889 5484 1945 5528 et

374 5572 578 5630 humilis
610 5573 792 5630 corde.
846 5572 1035 5630 Omnis
1076 5586 1204 5643 ergo
1237 5571 1329 5641 qui
1357 5586 1417 5627 se
1453 5570 1656 5625 exultat
1697 5568 1946 5624 humilia-

374 5665 529 5734 bitur,
560 5674 612 5721 et
641 5665 731 5737 qui
754 5679 811 5721 se
834 5664 1099 5730 humiliat,
1129 5661 1469 5717 exaltabitur.
1501 5660 1649 5716 Beati
1682 5673 1945 5730 pauperes

2055 1814 2400 1885 possidebitis
2420 1814 2629 1869 animas
2661 1824 2890 1870 vestras.
2932 1834 2951 1867 ι
2995 1815 3063 1870 Ει
3092 1817 3221 1889 quia
3245 1820 3496 1876 monachi
3516 1836 3651 1894 opus

2054 1915 2140 1961 est
2160 1905 2336 1961 oratio
2370 1914 2424 1961 et
2435 1903 2721 1976 jejunium,
2753 1907 3101 1961 commendat
3122 1950 3125 1951 ν
3148 1908 3252 1963 hoc
3272 1916 3435 1980 atque
3457 1927 3651 1983 appro—

2052 2004 2145 2058 bat
2170 2002 2312 2057 idem
2335 2001 2601 2057 Mediator
2624 2003 2723 2057 Dei
2741 2002 3154 2074 hominumque,
3186 2018 3310 2060 cum
3333 2003 3644 2075 suggillanti

2052 2095 2323 2165 apostolos
2343 2095 2409 2150 de
2437 2094 2768 2151 daamoniaco
2796 2094 2865 2153 ab
2888 2096 2970 2151 eis
2997 2111 3106 2151 non
3130 2103 3325 2165 sanato
3346 2097 3643 2167 respondit,

2052 2189 2238 2244 dicens
2263 2205 2280 2244 :
2348 2205 2368 2238 ‹
2400 2186 2515 2243 Hoc
2542 2202 2711 2259 genus
2736 2202 2767 2242 a
2790 2186 2937 2243 nullo
2984 2195 3166 2258 potest
3211 2189 3386 2255 exire,
3413 2188 3527 2245 nisi
3546 2205 3644 2259 per

2050 2280 2352 2337 orationem
2384 2290 2439 2335 et
2461 2278 2751 2351 jejunium.
2792 2299 2810 2332 ο
2852 2279 3015 2336 .Ecce
3059 2281 3449 2341 monachorum
3492 2280 3643 2336 ordi-

2050 2388 2173 2427 nem
2196 2386 2262 2427 ac
2281 2372 2472 2438 vitam,
2504 2387 2630 2429 cum
2654 2372 2790 2441 .ipse
2825 2371 3086 2429 Dominus
3108 2373 3222 2431 suis
3251 2372 3537 2429 sententiis
3582 2387 3645 2426 ac

2047 2464 2434 2536 prophetarum
2483 2471 2645 2535 atque
2713 2463 3077 2534 apostolorum
3147 2480 3369 2520 suorum
3425 2464 3645 2535 scriptis

2048 2553 2383 2629 comprobet,
2414 2557 2537 2628 quis
2561 2567 2643 2613 est
2671 2558 2762 2627 qui
2818 2572 2935 2611 eam
2968 2557 3366 2629 reprehendere
3422 2557 3639 2619 amicat,

2048 2632 2274 2725 nisiqu
2300 2647 2525 2703 insanus
2553 2661 2649 2701 ore
2673 2654 2727 2702 et
2777 2646 2942 2701 corde
2977 2648 3083 2711 eist,
3109 2653 3166 2701 et
3189 2645 3259 2702 ob
3286 2646 3391 2702 hoc
3433 2645 3643 2718 legibus

2045 2739 2139 2794 Dei
2171 2739 2522 2795 contrarius?
2551 2736 2667 2795 Non
2697 2747 2781 2792 est
2809 2753 2939 2809 ergo
2971 2738 3086 2793 leve
3106 2737 3329 2802 crimen,
3353 2745 3517 2807 atque
3542 2737 3645 2791 mi-

2044 2830 2343 2886 nusculum.
2356 2838 2641 2901 peccatum
2653 2869 2670 2894 ,
2688 2828 2839 2895 Vitelle
2857 2829 3183 2901 mendacem
3219 2827 3400 2883 facere
3427 2826 3631 2884 Verita-

2044 2931 2175 2987 tem,
2204 2928 2261 2977 et
2288 2920 2577 2976 Dominum
2611 2920 2856 2990 iniquum
2894 2918 3096 2988 tingere
3118 2958 3134 2983 ,
3181 2932 3306 2974 cum
3336 2918 3441 2977 hoc
3490 2918 3635 2988 quod

2022 3050 2027 3059 .
2044 3012 2166 3084 ipse
2185 3011 2371 3077 laudat
2388 3010 2709 3081 istemititur
2738 3006 3206 3080 improbare.~Sed
3226 2999 3299 3065 si.
3314 3008 3418 3067 iste
3446 3008 3641 3063 adver—

2044 3106 2221 3167 sarius
2266 3112 2455 3171 uoster
2490 3104 2668 3173 adhuc
2716 3101 3119 3177 perstiterit.th
3173 3090 3414 3171 nequitia
3468 3098 3638 3161 semel

2043 3203 2328 3265 concepta,
2355 3204 2412 3251 et
2432 3194 2631 3251 dixerit
2650 3194 2767 3250 sine
2793 3192 3044 3248 monachi
3066 3200 3192 3247 voto
3213 3191 3461 3246 homines
3479 3203 3639 3259 posse

2042 3288 2240 3344 salvari
2281 3307 2294 3342 :
2327 3302 2434 3345 non
2461 3287 2566 3343 hoc
2592 3301 2873 3358 negamus,
2915 3283 3007 3341 sed
3052 3281 3403 3355 perfectionis
3432 3281 3636 3338 tramiti

2043 3380 2329 3436 detrahere
2363 3394 2470 3435 non
2497 3377 2779 3433 audemus.

2114 3471 2241 3527 Haec
2266 3486 2419 3541 ergo,
2446 3477 2610 3541 prout
2646 3467 2943 3540 potuimus,
2983 3479 3049 3521 ex
3081 3463 3266 3519 multis
3294 3475 3465 3533 pauca
3497 3459 3633 3517 liba-

2041 3564 2255 3627 vimus;
2287 3563 2381 3618 sed
2411 3560 2457 3616 si
2506 3568 2690 3616 nostra
2722 3558 2925 3628 scripta
2971 3554 3191 3610 fastidio
3221 3552 3399 3619 ducit,
3450 3549 3636 3605 audiat

2041 3655 2170 3724 quid
2224 3652 2413 3707 beatus
2462 3649 2857 3720 Hieronymus,
2918 3647 2971 3700 in
3013 3644 3151 3700 libro
3209 3656 3370 3712 quem
3412 3639 3632 3710 scripsit
3688 3708 3697 3715 ,

2041 3745 2300 3801 adversus
2336 3741 2683 3813 Vigilantiam
2708 3780 2724 3805 ,
2754 3737 3068 3793 monachos
3094 3732 3255 3791 simili
3293 3730 3629 3801 blasphemia

2041 3835 2401 3899 lacerantem,
2429 3831 2681 3889 senserit.
2716 3848 2734 3881 ‹
2758 3829 2921 3896 Quod
2946 3834 3130 3885 autem
3168 3822 3396 3888 asseris,
3426 3821 3626 3892 inquit,

2041 3926 2234 3982 melius
2270 3925 2453 3981 facere
2489 3939 2584 3981 eos
2621 3923 2713 3994 qui
2738 3930 2957 3977 utantur
2978 3920 3140 3975 rebus
3170 3916 3303 3982 suis,
3345 3923 3400 3972 et
3442 3913 3629 3987 paula-

2043 4018 2139 4072 tim
2159 4016 2375 4072 l‘ructus.
2395 4015 2793 4086 possessionum
2823 4011 3146 4084 pauperibus
3177 4007 3439 4074 dividant,
3463 4022 3624 4077 quam

2038 4107 2161 4162 illos
2178 4106 2282 4176 .qui
2306 4146 2322 4172 ,
2365 4102 2799 4177 possessionibus
2830 4099 3168 4158 venundatis
3197 4138 3213 4165 ,
3242 4095 3413 4153 semel
3441 4096 3621 4152 omnia

2041 4198 2342 4268 largiuntur
2373 4215 2387 4251 :
2438 4212 2547 4253 non
2582 4210 2613 4248 a
2639 4209 2729 4248 me
2749 4192 2853 4257 eis,
2883 4190 2978 4249 sed
3011 4205 3044 4244 a
3071 4188 3299 4245 Domino
3334 4188 3627 4258 responde-

2039 4290 2187 4345 bitur
2211 4303 2280 4342 :.¢
2306 4288 2461 4344 Sivis
2485 4299 2605 4342 esse
2622 4279 3282 4355 perfectus,vade,vende
3301 4278 3485 4336 omnia
3511 4293 3631 4348 qua:

2046 4379 2237 4451 habes,
2316 4389 2369 4434 et
2402 4378 2471 4434 da
2492 4375 2840 4448 pauperibus,
2860 4382 2916 4428 et
2940 4373 3085 4439 veni,
3108 4385 3335 4442 sequere
3361 4384 3465 4424 me.
3498 4388 3516 4422 ι
3545 4367 3629 4425 Ad

2042 4487 2166 4528 eum
2197 4471 2438 4542 loquitur
2458 4470 2556 4540 qui
2587 4467 2703 4523 vult
2729 4482 2857 4524 esse.
2878 4463 3151 4537 perfectus
3178 4481 3191 4519 :
3224 4463 3317 4535 qui
3352 4478 3474 4519 cum
3500 4477 3629 4534 apo-

2039 4564 2195 4620 stolis
2219 4572 2455 4633 patrem,
2479 4559 2803 4626 naviculam,
2827 4566 2885 4613 et
2912 4569 3026 4614 rete
3049 4556 3289 4614 dimittit.
3312 4554 3440 4621 iste,
3468 4568 3630 4624 quem

2041 4663 2100 4708 tu
2128 4653 2338 4718 laudas,
2380 4653 2669 4717 secundus,
2701 4649 2785 4705 vel
2811 4650 3224 4719 tertiusgradus
3254 4656 3549 4717 est,.quem
3574 4653 3630 4699 et

2043 4762 2144 4804 nos
2177 4746 2489 4816 recipimus,
2520 4742 2812 4800 dummodo
2835 4741 3071 4797 sciamus
3096 4739 3269 4810 prima
3301 4733 3551 4792 secundis
3578 4742 3631 4786 ct

2020 4839 2221 4900 tertiis
2255 4835 2609 4908 praeferenda.
2651 4833 2762 4889 Nec
2785 4842 2904 4888 astu
2954 4841 3050 4889 tuo
3076 4846 3139 4887 ac
3176 4829 3354 4885 studio
3380 4826 3628 4882 monachi

2041 4927 2350 4985 deterrendi
2396 4934 2542 4991 sunt,
2594 4932 2714 4979 arte
2746 4923 2943 4994 linguze
2964 4922 3197 4992 viperea:
3222 4927 3277 4975 et
3304 4931 3487 4987 morsu
3530 4929 3629 4967 scc-

2038 5019 2299 5084 vissimo;
2333 5018 2400 5074 de
2427 5016 2624 5088 quibus
2649 5012 3048 5087 argumentaris
3066 5020 3124 5068 et
3136 5008 3280 5065 dicis
3307 5023 3321 5059 :
3356 5006 3414 5062 Si
3440 5019 3629 5063 omnes

2022 5126 2101 5167 .se
2121 5108 2457 5172 recluserint,
2495 5114 2553 5163 et
2579 5106 2779 5162 fuerint
2808 5104 2864 5160 in
2893 5101 3202 5165 solitudine,
3243 5098 3365 5167 quis
3390 5094 3627 5154 celebra-

2040 5201 2124 5256 bit
2142 5199 2421 5263 ecclesias,
2440 5197 2568 5267 quis
2588 5194 2874 5251 szeculares
2886 5190 3139 5248 homines
3156 5183 3477 5249 luerifaciet,
3501 5185 3625 5254 quis

2045 5300 2359 5360 peccatores
2384 5270 2463 5344 ad
2488 5289 2716 5343 virtutes
2752 5283 2951 5356 poterit
2979 5276 3296 5337 coarctare?
3342 5275 3450 5332 hoc
3477 5275 3624 5331 enim

2046 5382 2239 5446 modo,
2270 5379 2316 5435 si
2342 5393 2533 5435 oumes
2561 5386 2742 5435 tecum
2762 5372 2898 5427 fatui
2929 5376 3074 5435 sunt,
3113 5366 3329 5437 sapiens
3354 5378 3474 5421 esse
3503 5366 3626 5436 quis

2044 5472 2283 5546 poterit?
2326 5471 2393 5527 Et
2435 5469 2717 5540 virginitas
2759 5480 2865 5525 non
2897 5471 2980 5518 est
3005 5459 3389 5531 approbanda:
3434 5459 3478 5514 si
3509 5474 3626 5513 om—

2046 5581 2144 5621 nes
2175 5563 2409 5634 virgines
2434 5559 2655 5623 fuerint,
2696 5565 2875 5628 nuptm
2896 5570 3006 5617 non
3035 5560 3213 5619 erunt,
3246 5551 3485 5608 interibit
3530 5551 3625 5605 hu-

2051 5671 2266 5711 manum
2293 5669 2481 5725 genus,
2521 5648 2752 5705 infantes
2790 5648 2845 5705 in
2873 5649 3027 5704 cunis
3057 5662 3161 5703 non
3192 5646 3427 5718 vagieut,
3456 5648 3623 5699 obste-
