  <div class='ocr_page' id='page_1' title='image "/cluster/home/n/w/nwhite01/storage/ocr_20150623/107/hvd.32044054759725/225.png"; bbox 0 0 3974 6200; ppageno 0'>
   <div class='ocr_carea' id='block_1_1' title="bbox 326 1564 366 1581">
    <p class='ocr_par' dir='ltr' id='par_1_1' title="bbox 326 1564 366 1581">
     <span class='ocr_line' id='line_1_1' title="bbox 326 1564 366 1581; baseline 0 -2"><span class='ocrx_word' id='word_1_1' title='bbox 326 1564 366 1581; x_wconf 67' lang='grc' dir='ltr'><strong><em>Ι</em></strong></span> 
     </span>
    </p>
   </div>
   <div class='ocr_carea' id='block_1_2' title="bbox 421 365 532 422">
    <p class='ocr_par' dir='ltr' id='par_1_2' title="bbox 421 365 532 422">
     <span class='ocr_line' id='line_1_2' title="bbox 421 365 532 422; baseline 0 0"><span class='ocrx_word' id='word_1_2' title='bbox 421 365 532 422; x_wconf 66' lang='grc'><strong>459</strong></span> 
     </span>
    </p>
   </div>
   <div class='ocr_carea' id='block_1_3' title="bbox 1067 368 3018 429">
    <p class='ocr_par' dir='ltr' id='par_1_3' title="bbox 1067 368 3018 429">
     <span class='ocr_line' id='line_1_3' title="bbox 1067 368 3018 429; baseline 0.002 -6"><span class='ocrx_word' id='word_1_3' title='bbox 1067 368 1127 423; x_wconf 89' lang='grc' dir='ltr'><strong>Β.</strong></span> <span class='ocrx_word' id='word_1_4' title='bbox 1171 369 1426 426; x_wconf 69' lang='grc' dir='ltr'><strong>ΒΑΒΑΝΙ</strong></span> <span class='ocrx_word' id='word_1_5' title='bbox 1463 370 1683 429; x_wconf 78' lang='lat' dir='ltr'><strong>MAURI</strong></span> <span class='ocrx_word' id='word_1_6' title='bbox 1722 368 2041 429; x_wconf 74' lang='lat' dir='ltr'><strong>ARClllEP.</strong></span> <span class='ocrx_word' id='word_1_7' title='bbox 2088 368 2395 425; x_wconf 78' lang='lat' dir='ltr'><strong>MOGUNT.</strong></span> <span class='ocrx_word' id='word_1_8' title='bbox 2438 368 2722 428; x_wconf 74' lang='lat' dir='ltr'><strong>OPERUM</strong></span> <span class='ocrx_word' id='word_1_9' title='bbox 2761 372 2940 429; x_wconf 72' lang='lat' dir='ltr'><strong>PARS</strong></span> <span class='ocrx_word' id='word_1_10' title='bbox 2974 373 3018 427; x_wconf 92' lang='lat' dir='ltr'><strong>l.</strong></span> 
     </span>
    </p>
   </div>
   <div class='ocr_carea' id='block_1_4' title="bbox 3578 385 3688 443">
    <p class='ocr_par' dir='ltr' id='par_1_4' title="bbox 3578 385 3688 443">
     <span class='ocr_line' id='line_1_4' title="bbox 3578 385 3688 443; baseline -0.027 0"><span class='ocrx_word' id='word_1_11' title='bbox 3578 385 3688 443; x_wconf 63' lang='grc'><strong>450</strong></span> 
     </span>
    </p>
   </div>
   <div class='ocr_carea' id='block_1_5' title="bbox 417 480 3687 564">
    <p class='ocr_par' dir='ltr' id='par_1_5' title="bbox 417 480 3687 564">
     <span class='ocr_line' id='line_1_5' title="bbox 417 480 3687 564; baseline 0.005 -29"><span class='ocrx_word' id='word_1_12' title='bbox 417 481 583 538; x_wconf 76' lang='lat' dir='ltr'><strong>tricas</strong></span> <span class='ocrx_word' id='word_1_13' title='bbox 611 481 817 555; x_wconf 79' lang='lat' dir='ltr'><strong>absque</strong></span> <span class='ocrx_word' id='word_1_14' title='bbox 857 481 1196 538; x_wconf 85' lang='lat' dir='ltr'><strong>mercedibus</strong></span> <span class='ocrx_word' id='word_1_15' title='bbox 1235 482 1623 539; x_wconf 80' lang='lat' dir='ltr'><strong>mendicabunt</strong></span> <span class='ocrx_word' id='word_1_16' title='bbox 1651 502 1665 536; x_wconf 86' lang='lat'>:</span> <span class='ocrx_word' id='word_1_17' title='bbox 1702 492 1756 538; x_wconf 91' lang='lat' dir='ltr'><strong>et</strong></span> <span class='ocrx_word' id='word_1_18' title='bbox 1783 481 2000 537; x_wconf 82' lang='lat' dir='ltr'><strong>validis-</strong></span> <span class='ocrx_word' id='word_1_19' title='bbox 2033 483 2083 542; x_wconf 82' lang='lat' dir='ltr'><strong>A</strong></span> <span class='ocrx_word' id='word_1_20' title='bbox 2107 480 2339 535; x_wconf 87' lang='lat' dir='ltr'><strong>devitavi</strong></span> <span class='ocrx_word' id='word_1_21' title='bbox 2369 498 2382 547; x_wconf 89' lang='lat'><strong>;</strong></span> <span class='ocrx_word' id='word_1_22' title='bbox 2413 482 2460 537; x_wconf 88' lang='lat' dir='ltr'><strong>si</strong></span> <span class='ocrx_word' id='word_1_23' title='bbox 2483 490 2662 539; x_wconf 91' lang='lat' dir='ltr'><strong>autem</strong></span> <span class='ocrx_word' id='word_1_24' title='bbox 2688 491 2907 549; x_wconf 86' lang='lat' dir='ltr'><strong>stetero,</strong></span> <span class='ocrx_word' id='word_1_25' title='bbox 2947 493 3041 538; x_wconf 89' lang='lat' dir='ltr'><strong>aut</strong></span> <span class='ocrx_word' id='word_1_26' title='bbox 3067 487 3387 544; x_wconf 68' lang='lat' dir='ltr'><strong>vincendum</strong></span> <span class='ocrx_word' id='word_1_27' title='bbox 3422 493 3548 548; x_wconf 86' lang='lat' dir='ltr'><strong>mihi</strong></span> <span class='ocrx_word' id='word_1_28' title='bbox 3576 509 3687 564; x_wconf 81' lang='lat' dir='ltr'><strong>est,</strong></span> 
     </span>
    </p>
   </div>
   <div class='ocr_carea' id='block_1_6' title="bbox 416 569 3683 657">
    <p class='ocr_par' dir='ltr' id='par_1_6' title="bbox 416 569 3683 657">
     <span class='ocr_line' id='line_1_6' title="bbox 416 569 3683 657; baseline 0.005 -29"><span class='ocrx_word' id='word_1_29' title='bbox 416 573 557 629; x_wconf 82' lang='lat' dir='ltr'><strong>simo</strong></span> <span class='ocrx_word' id='word_1_30' title='bbox 592 569 794 644; x_wconf 77' lang='lat' dir='ltr'><strong>frigore</strong></span> <span class='ocrx_word' id='word_1_31' title='bbox 844 570 992 628; x_wconf 89' lang='lat' dir='ltr'><strong>solus</strong></span> <span class='ocrx_word' id='word_1_32' title='bbox 1036 579 1200 643; x_wconf 88' lang='lat' dir='ltr'><strong>atque</strong></span> <span class='ocrx_word' id='word_1_33' title='bbox 1247 581 1563 629; x_wconf 86' lang='lat' dir='ltr'><strong>contractus</strong></span> <span class='ocrx_word' id='word_1_34' title='bbox 1606 571 1998 627; x_wconf 84' lang='lat' dir='ltr'><strong>Dormitantius</strong></span> <span class='ocrx_word' id='word_1_35' title='bbox 2103 581 2198 629; x_wconf 90' lang='lat' dir='ltr'><strong>aut</strong></span> <span class='ocrx_word' id='word_1_36' title='bbox 2222 574 2541 629; x_wconf 84' lang='lat' dir='ltr'><strong>cadendum.</strong></span> <span class='ocrx_word' id='word_1_37' title='bbox 2571 575 2709 643; x_wconf 86' lang='lat' dir='ltr'><strong>Quid</strong></span> <span class='ocrx_word' id='word_1_38' title='bbox 2741 587 2922 631; x_wconf 87' lang='lat' dir='ltr'><strong>autem</strong></span> <span class='ocrx_word' id='word_1_39' title='bbox 2953 594 3172 635; x_wconf 88' lang='lat' dir='ltr'><strong>necesse</strong></span> <span class='ocrx_word' id='word_1_40' title='bbox 3209 591 3357 637; x_wconf 88' lang='lat' dir='ltr'><strong>certa</strong></span> <span class='ocrx_word' id='word_1_41' title='bbox 3388 584 3683 657; x_wconf 83' lang='lat' dir='ltr'><strong>dimittere,</strong></span> 
     </span>
    </p>
   </div>
   <div class='ocr_carea' id='block_1_7' title="bbox 414 659 3688 742">
    <p class='ocr_par' dir='ltr' id='par_1_7' title="bbox 414 659 3688 742">
     <span class='ocr_line' id='line_1_7' title="bbox 414 659 3688 742; baseline 0.006 -29"><span class='ocrx_word' id='word_1_42' title='bbox 414 660 658 732; x_wconf 75' lang='lat' dir='ltr'><strong>vigilabit</strong></span> <span class='ocrx_word' id='word_1_43' title='bbox 690 659 746 716; x_wconf 92' lang='lat' dir='ltr'><strong>in</strong></span> <span class='ocrx_word' id='word_1_44' title='bbox 775 659 933 716; x_wconf 89' lang='lat' dir='ltr'><strong>lecto.</strong></span> <span class='ocrx_word' id='word_1_45' title='bbox 979 661 1137 717; x_wconf 87' lang='lat' dir='ltr'><strong>Clara</strong></span> <span class='ocrx_word' id='word_1_46' title='bbox 1181 672 1266 718; x_wconf 88' lang='lat' dir='ltr'><strong>est</strong></span> <span class='ocrx_word' id='word_1_47' title='bbox 1300 663 1494 727; x_wconf 89' lang='lat' dir='ltr'><strong>virtus,</strong></span> <span class='ocrx_word' id='word_1_48' title='bbox 1544 677 1644 719; x_wconf 90' lang='lat' dir='ltr'><strong>nec</strong></span> <span class='ocrx_word' id='word_1_49' title='bbox 1678 678 1708 716; x_wconf 90' lang='lat' dir='ltr'><strong>a</strong></span> <span class='ocrx_word' id='word_1_50' title='bbox 1752 661 1998 734; x_wconf 82' lang='lat' dir='ltr'><strong>pluribus</strong></span> <span class='ocrx_word' id='word_1_51' title='bbox 2100 671 2155 718; x_wconf 91' lang='lat' dir='ltr'><strong>et</strong></span> <span class='ocrx_word' id='word_1_52' title='bbox 2183 664 2391 719; x_wconf 87' lang='lat' dir='ltr'><strong>incerta</strong></span> <span class='ocrx_word' id='word_1_53' title='bbox 2419 667 2660 720; x_wconf 86' lang='lat' dir='ltr'><strong>sectari?</strong></span> <span class='ocrx_word' id='word_1_54' title='bbox 2713 675 2809 721; x_wconf 91' lang='lat' dir='ltr'><strong>aut</strong></span> <span class='ocrx_word' id='word_1_55' title='bbox 2851 678 3026 735; x_wconf 88' lang='lat' dir='ltr'><strong>scuto,</strong></span> <span class='ocrx_word' id='word_1_56' title='bbox 3061 680 3156 725; x_wconf 87' lang='lat' dir='ltr'><strong>aut</strong></span> <span class='ocrx_word' id='word_1_57' title='bbox 3191 673 3419 742; x_wconf 80' lang='lat' dir='ltr'><strong>pedibus</strong></span> <span class='ocrx_word' id='word_1_58' title='bbox 3449 679 3582 734; x_wconf 84' lang='lat' dir='ltr'><strong>meis</strong></span> <span class='ocrx_word' id='word_1_59' title='bbox 3609 683 3688 734; x_wconf 80' lang='lat' dir='ltr'><strong>vi-</strong></span> 
     </span>
    </p>
   </div>
   <div class='ocr_carea' id='block_1_8' title="bbox 412 752 1997 824">
    <p class='ocr_par' dir='ltr' id='par_1_8' title="bbox 412 752 1997 824">
     <span class='ocr_line' id='line_1_8' title="bbox 412 752 1997 824; baseline 0 -18"><span class='ocrx_word' id='word_1_60' title='bbox 412 753 724 824; x_wconf 88' lang='lat' dir='ltr'><strong>appetitur,</strong></span> <span class='ocrx_word' id='word_1_61' title='bbox 783 760 945 822; x_wconf 90' lang='lat' dir='ltr'><strong>atque</strong></span> <span class='ocrx_word' id='word_1_62' title='bbox 989 752 1195 808; x_wconf 77' lang='lat' dir='ltr'><strong>utinam</strong></span> <span class='ocrx_word' id='word_1_63' title='bbox 1238 768 1429 810; x_wconf 86' lang='lat' dir='ltr'><strong>omnes</strong></span> <span class='ocrx_word' id='word_1_64' title='bbox 1478 753 1583 809; x_wconf 85' lang='lat' dir='ltr'><strong>hoc</strong></span> <span class='ocrx_word' id='word_1_65' title='bbox 1626 761 1809 809; x_wconf 84' lang='lat' dir='ltr'><strong>essent</strong></span> <span class='ocrx_word' id='word_1_66' title='bbox 1852 753 1997 822; x_wconf 89' lang='lat' dir='ltr'><strong>quod</strong></span> 
     </span>
    </p>
   </div>
   <div class='ocr_carea' id='block_1_9' title="bbox 409 841 1995 914">
    <p class='ocr_par' dir='ltr' id='par_1_9' title="bbox 409 841 1995 914">
     <span class='ocr_line' id='line_1_9' title="bbox 409 841 1995 914; baseline -0.001 -17"><span class='ocrx_word' id='word_1_67' title='bbox 409 841 568 911; x_wconf 88' lang='lat' dir='ltr'><strong>pauci</strong></span> <span class='ocrx_word' id='word_1_68' title='bbox 593 850 742 907; x_wconf 83' lang='lat' dir='ltr'><strong>sunt,</strong></span> <span class='ocrx_word' id='word_1_69' title='bbox 777 842 846 897; x_wconf 88' lang='lat' dir='ltr'><strong>de</strong></span> <span class='ocrx_word' id='word_1_70' title='bbox 873 842 1068 913; x_wconf 84' lang='lat' dir='ltr'><strong>quibus</strong></span> <span class='ocrx_word' id='word_1_71' title='bbox 1093 842 1323 899; x_wconf 90' lang='lat' dir='ltr'><strong>dicitur:</strong></span> <span class='ocrx_word' id='word_1_72' title='bbox 1369 862 1388 895; x_wconf 76' lang='grc' dir='ltr'><strong>ι</strong></span> <span class='ocrx_word' id='word_1_73' title='bbox 1422 843 1572 899; x_wconf 84' lang='lat' dir='ltr'><strong>Multi</strong></span> <span class='ocrx_word' id='word_1_74' title='bbox 1601 844 1809 910; x_wconf 77' lang='lat' dir='ltr'><strong>vocati,</strong></span> <span class='ocrx_word' id='word_1_75' title='bbox 1837 842 1995 914; x_wconf 84' lang='lat' dir='ltr'><strong>pauci</strong></span> 
     </span>
    </p>
   </div>
   <div class='ocr_carea' id='block_1_10' title="bbox 410 931 1993 1000">
    <p class='ocr_par' dir='ltr' id='par_1_10' title="bbox 410 931 1993 1000">
     <span class='ocr_line' id='line_1_10' title="bbox 410 931 1993 1000; baseline 0.001 -12"><span class='ocrx_word' id='word_1_76' title='bbox 410 939 593 988; x_wconf 86' lang='lat' dir='ltr'><strong>autem</strong></span> <span class='ocrx_word' id='word_1_77' title='bbox 637 931 835 1000; x_wconf 80' lang='lat' dir='ltr'><strong>electi;</strong></span> <span class='ocrx_word' id='word_1_78' title='bbox 874 954 894 985; x_wconf 76' lang='grc' dir='ltr'><strong>ι</strong></span> <span class='ocrx_word' id='word_1_79' title='bbox 944 934 1098 989; x_wconf 77' lang='lat' dir='ltr'><strong>vacui</strong></span> <span class='ocrx_word' id='word_1_80' title='bbox 1148 944 1330 991; x_wconf 83' lang='lat' dir='ltr'><strong>essent</strong></span> <span class='ocrx_word' id='word_1_81' title='bbox 1369 950 1639 991; x_wconf 85' lang='lat' dir='ltr'><strong>carceres.</strong></span> <span class='ocrx_word' id='word_1_82' title='bbox 1699 934 1993 990; x_wconf 73' lang='lat' dir='ltr'><strong>Monachus</strong></span> 
     </span>
    </p>
   </div>
   <div class='ocr_carea' id='block_1_11' title="bbox 407 1021 1990 1099">
    <p class='ocr_par' dir='ltr' id='par_1_11' title="bbox 407 1021 1990 1099">
     <span class='ocr_line' id='line_1_11' title="bbox 407 1021 1990 1099; baseline -0.001 -17"><span class='ocrx_word' id='word_1_83' title='bbox 407 1035 590 1085; x_wconf 88' lang='lat' dir='ltr'><strong>autem</strong></span> <span class='ocrx_word' id='word_1_84' title='bbox 618 1042 725 1085; x_wconf 86' lang='lat' dir='ltr'><strong>non</strong></span> <span class='ocrx_word' id='word_1_85' title='bbox 776 1021 1015 1084; x_wconf 83' lang='lat' dir='ltr'><strong>doctoris</strong></span> <span class='ocrx_word' id='word_1_86' title='bbox 1050 1026 1230 1098; x_wconf 86' lang='lat' dir='ltr'><strong>hujus,</strong></span> <span class='ocrx_word' id='word_1_87' title='bbox 1286 1028 1381 1084; x_wconf 88' lang='lat' dir='ltr'><strong>sed</strong></span> <span class='ocrx_word' id='word_1_88' title='bbox 1402 1028 1709 1099; x_wconf 81' lang='lat' dir='ltr'><strong>plangentis</strong></span> <span class='ocrx_word' id='word_1_89' title='bbox 1734 1026 1990 1093; x_wconf 80' lang='lat' dir='ltr'><strong>cilicium,</strong></span> 
     </span>
    </p>
   </div>
   <div class='ocr_carea' id='block_1_12' title="bbox 406 1117 1990 1189">
    <p class='ocr_par' dir='ltr' id='par_1_12' title="bbox 406 1117 1990 1189">
     <span class='ocr_line' id='line_1_12' title="bbox 406 1117 1990 1189; baseline -0.001 -15"><span class='ocrx_word' id='word_1_90' title='bbox 406 1118 501 1189; x_wconf 85' lang='lat' dir='ltr'><strong>qui</strong></span> <span class='ocrx_word' id='word_1_91' title='bbox 526 1117 612 1175; x_wconf 85' lang='lat' dir='ltr'><strong>vel</strong></span> <span class='ocrx_word' id='word_1_92' title='bbox 655 1132 735 1185; x_wconf 88' lang='lat' dir='ltr'><strong>se,</strong></span> <span class='ocrx_word' id='word_1_93' title='bbox 766 1117 852 1174; x_wconf 90' lang='lat' dir='ltr'><strong>vel</strong></span> <span class='ocrx_word' id='word_1_94' title='bbox 876 1118 1135 1172; x_wconf 90' lang='lat' dir='ltr'><strong>mundum</strong></span> <span class='ocrx_word' id='word_1_95' title='bbox 1157 1117 1359 1188; x_wconf 85' lang='lat' dir='ltr'><strong>lugeat,</strong></span> <span class='ocrx_word' id='word_1_96' title='bbox 1408 1125 1464 1173; x_wconf 88' lang='lat' dir='ltr'><strong>et</strong></span> <span class='ocrx_word' id='word_1_97' title='bbox 1509 1118 1990 1187; x_wconf 84' lang='lat' dir='ltr'><strong>Dominipavidus</strong></span> 
     </span>
    </p>
   </div>
   <div class='ocr_carea' id='block_1_13' title="bbox 404 1208 1985 1291">
    <p class='ocr_par' dir='ltr' id='par_1_13' title="bbox 404 1208 1985 1291">
     <span class='ocr_line' id='line_1_13' title="bbox 404 1208 1985 1291; baseline -0.003 -25"><span class='ocrx_word' id='word_1_98' title='bbox 404 1210 748 1279; x_wconf 66' lang='lat' dir='ltr'><strong>praestoletur</strong></span> <span class='ocrx_word' id='word_1_99' title='bbox 804 1210 1139 1291; x_wconf 68' lang='lat' dir='ltr'><strong>adventum;</strong></span> <span class='ocrx_word' id='word_1_100' title='bbox 1192 1211 1283 1280; x_wconf 85' lang='lat' dir='ltr'><strong>qui</strong></span> <span class='ocrx_word' id='word_1_101' title='bbox 1330 1210 1507 1267; x_wconf 88' lang='lat' dir='ltr'><strong>sciens</strong></span> <span class='ocrx_word' id='word_1_102' title='bbox 1566 1208 1985 1264; x_wconf 83' lang='lat' dir='ltr'><strong>imbecillitatem</strong></span> 
     </span>
    </p>
   </div>
   <div class='ocr_carea' id='block_1_14' title="bbox 403 1300 1984 1374">
    <p class='ocr_par' dir='ltr' id='par_1_14' title="bbox 403 1300 1984 1374">
     <span class='ocr_line' id='line_1_14' title="bbox 403 1300 1984 1374; baseline -0.003 -15"><span class='ocrx_word' id='word_1_103' title='bbox 403 1319 581 1369; x_wconf 89' lang='lat' dir='ltr'><strong>suam,</strong></span> <span class='ocrx_word' id='word_1_104' title='bbox 629 1312 686 1360; x_wconf 87' lang='lat' dir='ltr'><strong>et</strong></span> <span class='ocrx_word' id='word_1_105' title='bbox 714 1319 809 1359; x_wconf 92' lang='lat' dir='ltr'><strong>vas</strong></span> <span class='ocrx_word' id='word_1_106' title='bbox 836 1302 1024 1374; x_wconf 88' lang='lat' dir='ltr'><strong>fragile</strong></span> <span class='ocrx_word' id='word_1_107' title='bbox 1057 1302 1201 1372; x_wconf 91' lang='lat' dir='ltr'><strong>quod</strong></span> <span class='ocrx_word' id='word_1_108' title='bbox 1247 1310 1466 1373; x_wconf 90' lang='lat' dir='ltr'><strong>portat,</strong></span> <span class='ocrx_word' id='word_1_109' title='bbox 1498 1304 1651 1358; x_wconf 88' lang='lat' dir='ltr'><strong>timet</strong></span> <span class='ocrx_word' id='word_1_110' title='bbox 1689 1300 1984 1364; x_wconf 80' lang='lat' dir='ltr'><strong>oﬂ&#39;endere,</strong></span> 
     </span>
    </p>
   </div>
   <div class='ocr_carea' id='block_1_15' title="bbox 400 1392 1986 1468">
    <p class='ocr_par' dir='ltr' id='par_1_15' title="bbox 400 1392 1986 1468">
     <span class='ocr_line' id='line_1_15' title="bbox 400 1392 1986 1468; baseline -0.004 -17"><span class='ocrx_word' id='word_1_111' title='bbox 400 1410 471 1452; x_wconf 91' lang='lat' dir='ltr'><strong>ne</strong></span> <span class='ocrx_word' id='word_1_112' title='bbox 512 1396 773 1468; x_wconf 76' lang='lat' dir='ltr'><strong>impingat</strong></span> <span class='ocrx_word' id='word_1_113' title='bbox 822 1405 878 1450; x_wconf 88' lang='lat' dir='ltr'><strong>et</strong></span> <span class='ocrx_word' id='word_1_114' title='bbox 914 1404 1132 1451; x_wconf 85' lang='lat' dir='ltr'><strong>corruat</strong></span> <span class='ocrx_word' id='word_1_115' title='bbox 1168 1401 1236 1449; x_wconf 83' lang='lat' dir='ltr'><strong>‘ut</strong></span> <span class='ocrx_word' id='word_1_116' title='bbox 1263 1393 1560 1465; x_wconf 82' lang='lat' dir='ltr'><strong>frangatur.</strong></span> <span class='ocrx_word' id='word_1_117' title='bbox 1606 1392 1758 1449; x_wconf 86' lang='lat' dir='ltr'><strong>Unde</strong></span> <span class='ocrx_word' id='word_1_118' title='bbox 1787 1399 1842 1447; x_wconf 89' lang='lat' dir='ltr'><strong>et</strong></span> <span class='ocrx_word' id='word_1_119' title='bbox 1869 1408 1986 1446; x_wconf 78' lang='lat' dir='ltr'><strong>mu-</strong></span> 
     </span>
    </p>
   </div>
   <div class='ocr_carea' id='block_1_16' title="bbox 397 1488 1981 1560">
    <p class='ocr_par' dir='ltr' id='par_1_16' title="bbox 397 1488 1981 1560">
     <span class='ocr_line' id='line_1_16' title="bbox 397 1488 1981 1560; baseline -0.003 -16"><span class='ocrx_word' id='word_1_120' title='bbox 397 1489 613 1558; x_wconf 88' lang='lat' dir='ltr'><strong>lierum,</strong></span> <span class='ocrx_word' id='word_1_121' title='bbox 666 1491 1005 1560; x_wconf 82' lang='lat' dir='ltr'><strong>maximeque</strong></span> <span class='ocrx_word' id='word_1_122' title='bbox 1053 1488 1597 1551; x_wconf 88' lang='lat' dir='ltr'><strong>adolescentularum,</strong></span> <span class='ocrx_word' id='word_1_123' title='bbox 1649 1488 1785 1542; x_wconf 83' lang='lat' dir='ltr'><strong>vitat</strong></span> <span class='ocrx_word' id='word_1_124' title='bbox 1823 1501 1981 1556; x_wconf 82' lang='lat' dir='ltr'><strong>aspe-</strong></span> 
     </span>
    </p>
   </div>
   <div class='ocr_carea' id='block_1_17' title="bbox 398 1579 1981 1651">
    <p class='ocr_par' dir='ltr' id='par_1_17' title="bbox 398 1579 1981 1651">
     <span class='ocr_line' id='line_1_17' title="bbox 398 1579 1981 1651; baseline -0.002 -16"><span class='ocrx_word' id='word_1_125' title='bbox 398 1591 568 1647; x_wconf 87' lang='lat' dir='ltr'><strong>ctum,</strong></span> <span class='ocrx_word' id='word_1_126' title='bbox 606 1580 738 1636; x_wconf 92' lang='lat' dir='ltr'><strong>etin</strong></span> <span class='ocrx_word' id='word_1_127' title='bbox 776 1590 983 1636; x_wconf 88' lang='lat' dir='ltr'><strong>tantum</strong></span> <span class='ocrx_word' id='word_1_128' title='bbox 1007 1581 1304 1651; x_wconf 80' lang='lat' dir='ltr'><strong>castigator</strong></span> <span class='ocrx_word' id='word_1_129' title='bbox 1336 1581 1418 1635; x_wconf 92' lang='lat' dir='ltr'><strong>sui</strong></span> <span class='ocrx_word' id='word_1_130' title='bbox 1442 1588 1545 1646; x_wconf 82' lang='lat' dir='ltr'><strong>est,</strong></span> <span class='ocrx_word' id='word_1_131' title='bbox 1571 1588 1630 1634; x_wconf 93' lang='lat' dir='ltr'><strong>ut</strong></span> <span class='ocrx_word' id='word_1_132' title='bbox 1668 1579 1831 1634; x_wconf 76' lang='lat' dir='ltr'><strong>etiam</strong></span> <span class='ocrx_word' id='word_1_133' title='bbox 1861 1593 1981 1647; x_wconf 62' lang='lat' dir='ltr'><strong>quae</strong></span> 
     </span>
    </p>
   </div>
   <div class='ocr_carea' id='block_1_18' title="bbox 398 1670 1980 1741">
    <p class='ocr_par' dir='ltr' id='par_1_18' title="bbox 398 1670 1980 1741">
     <span class='ocr_line' id='line_1_18' title="bbox 398 1670 1980 1741; baseline 0 -17"><span class='ocrx_word' id='word_1_134' title='bbox 398 1678 512 1725; x_wconf 89' lang='lat' dir='ltr'><strong>tuta</strong></span> <span class='ocrx_word' id='word_1_135' title='bbox 540 1679 667 1726; x_wconf 87' lang='lat' dir='ltr'><strong>sunt</strong></span> <span class='ocrx_word' id='word_1_136' title='bbox 694 1671 1063 1741; x_wconf 80' lang='lat' dir='ltr'><strong>pertimescat.</strong></span> <span class='ocrx_word' id='word_1_137' title='bbox 1116 1671 1247 1736; x_wconf 87' lang='lat' dir='ltr'><strong>Cur,</strong></span> <span class='ocrx_word' id='word_1_138' title='bbox 1299 1671 1531 1740; x_wconf 82' lang='lat' dir='ltr'><strong>inquies,</strong></span> <span class='ocrx_word' id='word_1_139' title='bbox 1565 1671 1744 1741; x_wconf 80' lang='lat' dir='ltr'><strong>pergis</strong></span> <span class='ocrx_word' id='word_1_140' title='bbox 1773 1670 1840 1723; x_wconf 81' lang='lat' dir='ltr'><strong>ad</strong></span> <span class='ocrx_word' id='word_1_141' title='bbox 1862 1685 1980 1724; x_wconf 87' lang='lat' dir='ltr'><strong>ere-</strong></span> 
     </span>
    </p>
   </div>
   <div class='ocr_carea' id='block_1_19' title="bbox 396 1753 2024 1824">
    <p class='ocr_par' dir='ltr' id='par_1_19' title="bbox 396 1753 2024 1824">
     <span class='ocr_line' id='line_1_19' title="bbox 396 1753 2024 1824; baseline 0.001 -12"><span class='ocrx_word' id='word_1_142' title='bbox 396 1759 590 1815; x_wconf 86' lang='lat' dir='ltr'><strong>mum?</strong></span> <span class='ocrx_word' id='word_1_143' title='bbox 624 1753 885 1814; x_wconf 80' lang='lat' dir='ltr'><strong>Videlicet</strong></span> <span class='ocrx_word' id='word_1_144' title='bbox 928 1769 987 1814; x_wconf 92' lang='lat' dir='ltr'><strong>ut</strong></span> <span class='ocrx_word' id='word_1_145' title='bbox 1013 1767 1064 1815; x_wconf 92' lang='lat' dir='ltr'><strong>te</strong></span> <span class='ocrx_word' id='word_1_146' title='bbox 1089 1776 1192 1813; x_wconf 92' lang='lat' dir='ltr'><strong>non</strong></span> <span class='ocrx_word' id='word_1_147' title='bbox 1230 1761 1467 1824; x_wconf 85' lang='lat' dir='ltr'><strong>audiam,</strong></span> <span class='ocrx_word' id='word_1_148' title='bbox 1497 1775 1601 1813; x_wconf 86' lang='lat' dir='ltr'><strong>non</strong></span> <span class='ocrx_word' id='word_1_149' title='bbox 1633 1759 1865 1823; x_wconf 79' lang='lat' dir='ltr'><strong>Videam,</strong></span> <span class='ocrx_word' id='word_1_150' title='bbox 1922 1770 1980 1813; x_wconf 90' lang='lat' dir='ltr'><strong>ut</strong></span> <span class='ocrx_word' id='word_1_151' title='bbox 2016 1816 2024 1823; x_wconf 67' lang='grc'><em>,</em></span> 
     </span>
    </p>
   </div>
   <div class='ocr_carea' id='block_1_20' title="bbox 2100 758 3683 838">
    <p class='ocr_par' dir='ltr' id='par_1_20' title="bbox 2100 758 3683 838">
     <span class='ocr_line' id='line_1_20' title="bbox 2100 758 3683 838; baseline 0.01 -27"><span class='ocrx_word' id='word_1_152' title='bbox 2100 758 2262 813; x_wconf 90' lang='lat' dir='ltr'><strong>tanda</strong></span> <span class='ocrx_word' id='word_1_153' title='bbox 2285 766 2389 814; x_wconf 90' lang='lat' dir='ltr'><strong>est.</strong></span> <span class='ocrx_word' id='word_1_154' title='bbox 2438 759 2517 813; x_wconf 88' lang='lat' dir='ltr'><strong>&#39;l‘u</strong></span> <span class='ocrx_word' id='word_1_155' title='bbox 2542 759 2634 829; x_wconf 89' lang='lat' dir='ltr'><strong>qui</strong></span> <span class='ocrx_word' id='word_1_156' title='bbox 2665 776 2888 832; x_wconf 86' lang='lat' dir='ltr'><strong>pugnas,</strong></span> <span class='ocrx_word' id='word_1_157' title='bbox 2929 771 2983 817; x_wconf 88' lang='lat' dir='ltr'><strong>et</strong></span> <span class='ocrx_word' id='word_1_158' title='bbox 3015 767 3258 834; x_wconf 85' lang='lat' dir='ltr'><strong>superari</strong></span> <span class='ocrx_word' id='word_1_159' title='bbox 3290 777 3445 838; x_wconf 89' lang='lat' dir='ltr'><strong>potes</strong></span> <span class='ocrx_word' id='word_1_160' title='bbox 3480 779 3539 825; x_wconf 87' lang='lat' dir='ltr'><strong>et</strong></span> <span class='ocrx_word' id='word_1_161' title='bbox 3560 774 3683 827; x_wconf 85' lang='lat' dir='ltr'><strong>vin-</strong></span> 
     </span>
    </p>
   </div>
   <div class='ocr_carea' id='block_1_21' title="bbox 2096 849 3679 933">
    <p class='ocr_par' dir='ltr' id='par_1_21' title="bbox 2096 849 3679 933">
     <span class='ocr_line' id='line_1_21' title="bbox 2096 849 3679 933; baseline 0.009 -30"><span class='ocrx_word' id='word_1_162' title='bbox 2096 863 2239 903; x_wconf 90' lang='lat' dir='ltr'><strong>cere.</strong></span> <span class='ocrx_word' id='word_1_163' title='bbox 2277 849 2389 920; x_wconf 86' lang='lat' dir='ltr'><strong>Ego</strong></span> <span class='ocrx_word' id='word_1_164' title='bbox 2416 865 2538 905; x_wconf 87' lang='lat' dir='ltr'><strong>cum</strong></span> <span class='ocrx_word' id='word_1_165' title='bbox 2572 849 2737 922; x_wconf 80' lang='lat' dir='ltr'><strong>fugio,</strong></span> <span class='ocrx_word' id='word_1_166' title='bbox 2788 868 2893 908; x_wconf 94' lang='lat' dir='ltr'><strong>non</strong></span> <span class='ocrx_word' id='word_1_167' title='bbox 2923 854 3113 911; x_wconf 86' lang='lat' dir='ltr'><strong>vincor</strong></span> <span class='ocrx_word' id='word_1_168' title='bbox 3139 857 3193 911; x_wconf 92' lang='lat' dir='ltr'><strong>in</strong></span> <span class='ocrx_word' id='word_1_169' title='bbox 3226 873 3292 914; x_wconf 90' lang='lat' dir='ltr'><strong>eo</strong></span> <span class='ocrx_word' id='word_1_170' title='bbox 3317 861 3459 928; x_wconf 85' lang='lat' dir='ltr'><strong>quod</strong></span> <span class='ocrx_word' id='word_1_171' title='bbox 3508 860 3679 933; x_wconf 85' lang='lat' dir='ltr'><strong>fugio,</strong></span> 
     </span>
    </p>
   </div>
   <div class='ocr_carea' id='block_1_22' title="bbox 2096 938 3678 1011">
    <p class='ocr_par' dir='ltr' id='par_1_22' title="bbox 2096 938 3678 1011">
     <span class='ocr_line' id='line_1_22' title="bbox 2096 938 3678 1011; baseline 0.011 -19"><span class='ocrx_word' id='word_1_172' title='bbox 2096 938 2188 993; x_wconf 88' lang='lat' dir='ltr'><strong>sed</strong></span> <span class='ocrx_word' id='word_1_173' title='bbox 2219 938 2338 994; x_wconf 91' lang='lat' dir='ltr'><strong>ideo</strong></span> <span class='ocrx_word' id='word_1_174' title='bbox 2366 939 2514 1011; x_wconf 85' lang='lat' dir='ltr'><strong>fugio</strong></span> <span class='ocrx_word' id='word_1_175' title='bbox 2560 956 2628 996; x_wconf 90' lang='lat' dir='ltr'><strong>ne</strong></span> <span class='ocrx_word' id='word_1_176' title='bbox 2678 941 2880 997; x_wconf 90' lang='lat' dir='ltr'><strong>vincar.</strong></span> <span class='ocrx_word' id='word_1_177' title='bbox 2946 942 3102 1000; x_wconf 86' lang='lat' dir='ltr'><strong>Nulla</strong></span> <span class='ocrx_word' id='word_1_178' title='bbox 3147 949 3412 1006; x_wconf 81' lang='lat' dir='ltr'><strong>securitas</strong></span> <span class='ocrx_word' id='word_1_179' title='bbox 3446 962 3528 1008; x_wconf 89' lang='lat' dir='ltr'><strong>est</strong></span> <span class='ocrx_word' id='word_1_180' title='bbox 3557 970 3678 1008; x_wconf 84' lang='lat' dir='ltr'><strong>ser-</strong></span> 
     </span>
    </p>
   </div>
   <div class='ocr_carea' id='block_1_23' title="bbox 2094 1030 3681 1108">
    <p class='ocr_par' dir='ltr' id='par_1_23' title="bbox 2094 1030 3681 1108">
     <span class='ocr_line' id='line_1_23' title="bbox 2094 1030 3681 1108; baseline 0.013 -25"><span class='ocrx_word' id='word_1_181' title='bbox 2094 1038 2253 1108; x_wconf 86' lang='lat' dir='ltr'><strong>pente</strong></span> <span class='ocrx_word' id='word_1_182' title='bbox 2284 1030 2460 1086; x_wconf 86' lang='lat' dir='ltr'><strong>vicino</strong></span> <span class='ocrx_word' id='word_1_183' title='bbox 2488 1032 2744 1098; x_wconf 84' lang='lat' dir='ltr'><strong>dormire.</strong></span> <span class='ocrx_word' id='word_1_184' title='bbox 2797 1034 2984 1092; x_wconf 88' lang='lat' dir='ltr'><strong>Potest</strong></span> <span class='ocrx_word' id='word_1_185' title='bbox 3027 1038 3143 1094; x_wconf 85' lang='lat' dir='ltr'><strong>ﬁeri</strong></span> <span class='ocrx_word' id='word_1_186' title='bbox 3186 1050 3245 1106; x_wconf 88' lang='lat' dir='ltr'><strong>ut</strong></span> <span class='ocrx_word' id='word_1_187' title='bbox 3275 1058 3361 1097; x_wconf 89' lang='lat' dir='ltr'><strong>me</strong></span> <span class='ocrx_word' id='word_1_188' title='bbox 3392 1060 3500 1101; x_wconf 88' lang='lat' dir='ltr'><strong>non</strong></span> <span class='ocrx_word' id='word_1_189' title='bbox 3532 1063 3681 1104; x_wconf 87' lang='lat' dir='ltr'><strong>mor-</strong></span> 
     </span>
    </p>
   </div>
   <div class='ocr_carea' id='block_1_24' title="bbox 2093 1122 3539 1197">
    <p class='ocr_par' dir='ltr' id='par_1_24' title="bbox 2093 1122 3539 1197">
     <span class='ocr_line' id='line_1_24' title="bbox 2093 1122 3539 1197; baseline 0.009 -21"><span class='ocrx_word' id='word_1_190' title='bbox 2093 1122 2237 1186; x_wconf 89' lang='lat' dir='ltr'><strong>deat,</strong></span> <span class='ocrx_word' id='word_1_191' title='bbox 2271 1131 2448 1178; x_wconf 88' lang='lat' dir='ltr'><strong>tamen</strong></span> <span class='ocrx_word' id='word_1_192' title='bbox 2484 1130 2662 1194; x_wconf 85' lang='lat' dir='ltr'><strong>potest</strong></span> <span class='ocrx_word' id='word_1_193' title='bbox 2688 1124 2803 1179; x_wconf 82' lang='lat' dir='ltr'><strong>ﬁeri</strong></span> <span class='ocrx_word' id='word_1_194' title='bbox 2829 1133 2885 1180; x_wconf 91' lang='lat' dir='ltr'><strong>ut</strong></span> <span class='ocrx_word' id='word_1_195' title='bbox 2911 1127 3201 1197; x_wconf 87' lang='lat' dir='ltr'><strong>aliquando</strong></span> <span class='ocrx_word' id='word_1_196' title='bbox 3226 1134 3487 1188; x_wconf 87' lang='lat' dir='ltr'><strong>mordeat.</strong></span> <span class='ocrx_word' id='word_1_197' title='bbox 3520 1156 3539 1189; x_wconf 82' lang='grc'>›</span> 
     </span>
    </p>
   </div>
   <div class='ocr_carea' id='block_1_25' title="bbox 2163 1214 3672 1295">
    <p class='ocr_par' dir='ltr' id='par_1_25' title="bbox 2163 1214 3672 1295">
     <span class='ocr_line' id='line_1_25' title="bbox 2163 1214 3672 1295; baseline 0.011 -26"><span class='ocrx_word' id='word_1_198' title='bbox 2163 1214 2302 1269; x_wconf 88' lang='lat' dir='ltr'><strong>Sunt</strong></span> <span class='ocrx_word' id='word_1_199' title='bbox 2345 1223 2604 1285; x_wconf 66' lang='lat' dir='ltr'><strong>praeterea</strong></span> <span class='ocrx_word' id='word_1_200' title='bbox 2651 1224 2708 1272; x_wconf 88' lang='lat' dir='ltr'><strong>et</strong></span> <span class='ocrx_word' id='word_1_201' title='bbox 2745 1217 2837 1272; x_wconf 89' lang='lat' dir='ltr'><strong>alii</strong></span> <span class='ocrx_word' id='word_1_202' title='bbox 2884 1221 3058 1275; x_wconf 89' lang='lat' dir='ltr'><strong>sancti</strong></span> <span class='ocrx_word' id='word_1_203' title='bbox 3110 1221 3301 1278; x_wconf 83' lang='lat' dir='ltr'><strong>Patres</strong></span> <span class='ocrx_word' id='word_1_204' title='bbox 3358 1226 3672 1295; x_wconf 73' lang='lat' dir='ltr'><strong>orthodoxi.</strong></span> 
     </span>
    </p>
   </div>
   <div class='ocr_carea' id='block_1_26' title="bbox 2088 1306 3674 1378">
    <p class='ocr_par' dir='ltr' id='par_1_26' title="bbox 2088 1306 3674 1378">
     <span class='ocr_line' id='line_1_26' title="bbox 2088 1306 3674 1378; baseline 0.01 -19"><span class='ocrx_word' id='word_1_205' title='bbox 2088 1322 2317 1377; x_wconf 86' lang='lat' dir='ltr'><strong>quorum</strong></span> <span class='ocrx_word' id='word_1_206' title='bbox 2339 1320 2500 1375; x_wconf 83' lang='lat' dir='ltr'><strong>super</strong></span> <span class='ocrx_word' id='word_1_207' title='bbox 2528 1306 2631 1362; x_wconf 88' lang='lat' dir='ltr'><strong>bac</strong></span> <span class='ocrx_word' id='word_1_208' title='bbox 2656 1323 2715 1363; x_wconf 90' lang='lat' dir='ltr'><strong>re</strong></span> <span class='ocrx_word' id='word_1_209' title='bbox 2750 1324 2849 1378; x_wconf 88' lang='lat' dir='ltr'><strong>par</strong></span> <span class='ocrx_word' id='word_1_210' title='bbox 2889 1326 3079 1367; x_wconf 88' lang='lat' dir='ltr'><strong>sensus</strong></span> <span class='ocrx_word' id='word_1_211' title='bbox 3104 1322 3157 1367; x_wconf 91' lang='lat' dir='ltr'><strong>et</strong></span> <span class='ocrx_word' id='word_1_212' title='bbox 3185 1315 3374 1373; x_wconf 80' lang='lat' dir='ltr'><strong>similis</strong></span> <span class='ocrx_word' id='word_1_213' title='bbox 3399 1321 3674 1375; x_wconf 73' lang='lat' dir='ltr'><strong>sententia</strong></span> 
     </span>
    </p>
   </div>
   <div class='ocr_carea' id='block_1_27' title="bbox 2088 1396 3673 1475">
    <p class='ocr_par' dir='ltr' id='par_1_27' title="bbox 2088 1396 3673 1475">
     <span class='ocr_line' id='line_1_27' title="bbox 2088 1396 3673 1475; baseline 0.008 -24"><span class='ocrx_word' id='word_1_214' title='bbox 2088 1406 2205 1462; x_wconf 81' lang='lat' dir='ltr'><strong>est,</strong></span> <span class='ocrx_word' id='word_1_215' title='bbox 2251 1396 2628 1451; x_wconf 82' lang='lat' dir='ltr'><strong>allirmantium</strong></span> <span class='ocrx_word' id='word_1_216' title='bbox 2655 1413 2899 1454; x_wconf 88' lang='lat' dir='ltr'><strong>normam</strong></span> <span class='ocrx_word' id='word_1_217' title='bbox 2931 1401 3192 1471; x_wconf 85' lang='lat' dir='ltr'><strong>regularis</strong></span> <span class='ocrx_word' id='word_1_218' title='bbox 3235 1404 3532 1475; x_wconf 77' lang='lat' dir='ltr'><strong>disciplina:</strong></span> <span class='ocrx_word' id='word_1_219' title='bbox 3557 1408 3673 1463; x_wconf 86' lang='lat' dir='ltr'><strong>Deo</strong></span> 
     </span>
    </p>
   </div>
   <div class='ocr_carea' id='block_1_28' title="bbox 2088 1487 3673 1566">
    <p class='ocr_par' dir='ltr' id='par_1_28' title="bbox 2088 1487 3673 1566">
     <span class='ocr_line' id='line_1_28' title="bbox 2088 1487 3673 1566; baseline 0.008 -25"><span class='ocrx_word' id='word_1_220' title='bbox 2088 1496 2308 1542; x_wconf 87' lang='lat' dir='ltr'><strong>auctore</strong></span> <span class='ocrx_word' id='word_1_221' title='bbox 2336 1502 2434 1557; x_wconf 90' lang='lat' dir='ltr'><strong>per</strong></span> <span class='ocrx_word' id='word_1_222' title='bbox 2468 1487 2816 1558; x_wconf 84' lang='lat' dir='ltr'><strong>apostolicam</strong></span> <span class='ocrx_word' id='word_1_223' title='bbox 2847 1489 3147 1546; x_wconf 84' lang='lat' dir='ltr'><strong>doctrinam</strong></span> <span class='ocrx_word' id='word_1_224' title='bbox 3173 1492 3476 1549; x_wconf 85' lang='lat' dir='ltr'><strong>institutam</strong></span> <span class='ocrx_word' id='word_1_225' title='bbox 3503 1507 3673 1566; x_wconf 84' lang='lat' dir='ltr'><strong>atque</strong></span> 
     </span>
    </p>
   </div>
   <div class='ocr_carea' id='block_1_29' title="bbox 2086 1576 3666 1652">
    <p class='ocr_par' dir='ltr' id='par_1_29' title="bbox 2086 1576 3666 1652">
     <span class='ocr_line' id='line_1_29' title="bbox 2086 1576 3666 1652; baseline 0.008 -22"><span class='ocrx_word' id='word_1_226' title='bbox 2086 1576 2361 1631; x_wconf 78' lang='lat' dir='ltr'><strong>fundatam</strong></span> <span class='ocrx_word' id='word_1_227' title='bbox 2389 1591 2528 1632; x_wconf 88' lang='lat' dir='ltr'><strong>esse.</strong></span> <span class='ocrx_word' id='word_1_228' title='bbox 2564 1576 2668 1631; x_wconf 85' lang='lat' dir='ltr'><strong>Sed</strong></span> <span class='ocrx_word' id='word_1_229' title='bbox 2695 1577 2821 1647; x_wconf 90' lang='lat' dir='ltr'><strong>quia</strong></span> <span class='ocrx_word' id='word_1_230' title='bbox 2851 1578 2971 1633; x_wconf 90' lang='lat' dir='ltr'><strong>libri</strong></span> <span class='ocrx_word' id='word_1_231' title='bbox 3012 1596 3317 1638; x_wconf 86' lang='lat' dir='ltr'><strong>mensuram</strong></span> <span class='ocrx_word' id='word_1_232' title='bbox 3357 1585 3666 1652; x_wconf 78' lang='lat' dir='ltr'><strong>excederet,</strong></span> 
     </span>
    </p>
   </div>
   <div class='ocr_carea' id='block_1_30' title="bbox 2085 1668 3666 1742">
    <p class='ocr_par' dir='ltr' id='par_1_30' title="bbox 2085 1668 3666 1742">
     <span class='ocr_line' id='line_1_30' title="bbox 2085 1668 3666 1742; baseline 0.007 -19"><span class='ocrx_word' id='word_1_233' title='bbox 2085 1670 2129 1723; x_wconf 88' lang='lat' dir='ltr'><strong>si</strong></span> <span class='ocrx_word' id='word_1_234' title='bbox 2152 1683 2338 1724; x_wconf 91' lang='lat' dir='ltr'><strong>eorum</strong></span> <span class='ocrx_word' id='word_1_235' title='bbox 2367 1668 2596 1739; x_wconf 90' lang='lat' dir='ltr'><strong>plurima</strong></span> <span class='ocrx_word' id='word_1_236' title='bbox 2633 1668 2775 1723; x_wconf 88' lang='lat' dir='ltr'><strong>dicta</strong></span> <span class='ocrx_word' id='word_1_237' title='bbox 2806 1668 2859 1725; x_wconf 91' lang='lat' dir='ltr'><strong>in</strong></span> <span class='ocrx_word' id='word_1_238' title='bbox 2892 1670 2994 1726; x_wconf 88' lang='lat' dir='ltr'><strong>hoc</strong></span> <span class='ocrx_word' id='word_1_239' title='bbox 3023 1675 3338 1742; x_wconf 85' lang='lat' dir='ltr'><strong>opusculum</strong></span> <span class='ocrx_word' id='word_1_240' title='bbox 3371 1675 3530 1737; x_wconf 77' lang='lat' dir='ltr'><strong>velim</strong></span> <span class='ocrx_word' id='word_1_241' title='bbox 3576 1695 3666 1733; x_wconf 87' lang='lat' dir='ltr'><strong>eo-</strong></span> 
     </span>
    </p>
   </div>
   <div class='ocr_carea' id='block_1_31' title="bbox 2084 1760 3659 1845">
    <p class='ocr_par' dir='ltr' id='par_1_31' title="bbox 2084 1760 3659 1845">
     <span class='ocr_line' id='line_1_31' title="bbox 2084 1760 3659 1845; baseline 0.006 -31"><span class='ocrx_word' id='word_1_242' title='bbox 2084 1776 2358 1827; x_wconf 81' lang='lat' dir='ltr'><strong>acervarc,</strong></span> <span class='ocrx_word' id='word_1_243' title='bbox 2377 1761 2646 1816; x_wconf 72' lang='lat' dir='ltr'><strong>sufficiant</strong></span> <span class='ocrx_word' id='word_1_244' title='bbox 2663 1760 2778 1816; x_wconf 65' lang='lat' dir='ltr'><strong>hmc</strong></span> <span class='ocrx_word' id='word_1_245' title='bbox 2799 1761 2978 1817; x_wconf 86' lang='lat' dir='ltr'><strong>sobrio</strong></span> <span class='ocrx_word' id='word_1_246' title='bbox 3000 1764 3183 1819; x_wconf 81' lang='lat' dir='ltr'><strong>lectori</strong></span> <span class='ocrx_word' id='word_1_247' title='bbox 3209 1782 3325 1845; x_wconf 68' lang='lat' dir='ltr'><strong>qua:</strong></span> <span class='ocrx_word' id='word_1_248' title='bbox 3347 1769 3487 1823; x_wconf 88' lang='lat' dir='ltr'><strong>dicta</strong></span> <span class='ocrx_word' id='word_1_249' title='bbox 3511 1779 3659 1824; x_wconf 84' lang='lat' dir='ltr'><strong>sunt.</strong></span> 
     </span>
    </p>
   </div>
   <div class='ocr_carea' id='block_1_32' title="bbox 394 1845 3659 1929">
    <p class='ocr_par' dir='ltr' id='par_1_32' title="bbox 394 1845 3659 1929">
     <span class='ocr_line' id='line_1_32' title="bbox 394 1845 3659 1929; baseline 0.005 -29"><span class='ocrx_word' id='word_1_250' title='bbox 394 1858 488 1904; x_wconf 76' lang='lat' dir='ltr'><strong>t-io</strong></span> <span class='ocrx_word' id='word_1_251' title='bbox 516 1848 700 1905; x_wconf 83' lang='lat' dir='ltr'><strong>furore</strong></span> <span class='ocrx_word' id='word_1_252' title='bbox 727 1865 833 1904; x_wconf 92' lang='lat' dir='ltr'><strong>non</strong></span> <span class='ocrx_word' id='word_1_253' title='bbox 864 1864 1100 1913; x_wconf 87' lang='lat' dir='ltr'><strong>movear,</strong></span> <span class='ocrx_word' id='word_1_254' title='bbox 1135 1858 1194 1903; x_wconf 89' lang='lat' dir='ltr'><strong>ut</strong></span> <span class='ocrx_word' id='word_1_255' title='bbox 1227 1858 1315 1904; x_wconf 85' lang='lat' dir='ltr'><strong>tua</strong></span> <span class='ocrx_word' id='word_1_256' title='bbox 1356 1850 1491 1904; x_wconf 80' lang='lat' dir='ltr'><strong>bella</strong></span> <span class='ocrx_word' id='word_1_257' title='bbox 1524 1866 1629 1903; x_wconf 86' lang='lat' dir='ltr'><strong>non</strong></span> <span class='ocrx_word' id='word_1_258' title='bbox 1660 1849 1857 1918; x_wconf 80' lang='lat' dir='ltr'><strong>patiar,</strong></span> <span class='ocrx_word' id='word_1_259' title='bbox 1910 1864 1977 1904; x_wconf 91' lang='lat' dir='ltr'><strong>ne</strong></span> <span class='ocrx_word' id='word_1_260' title='bbox 2010 1845 2051 1901; x_wconf 82' lang='grc' dir='ltr'><strong><em>Β</em></strong></span> <span class='ocrx_word' id='word_1_261' title='bbox 2080 1855 2365 1919; x_wconf 64' lang='lat' dir='ltr'><strong>Caeterum,</strong></span> <span class='ocrx_word' id='word_1_262' title='bbox 2394 1855 2486 1925; x_wconf 91' lang='lat' dir='ltr'><strong>qui</strong></span> <span class='ocrx_word' id='word_1_263' title='bbox 2513 1854 2668 1924; x_wconf 88' lang='lat' dir='ltr'><strong>plura</strong></span> <span class='ocrx_word' id='word_1_264' title='bbox 2716 1870 2781 1911; x_wconf 89' lang='lat' dir='ltr'><strong>ac</strong></span> <span class='ocrx_word' id='word_1_265' title='bbox 2811 1854 3012 1923; x_wconf 78' lang='lat' dir='ltr'><strong>majora</strong></span> <span class='ocrx_word' id='word_1_266' title='bbox 3048 1859 3344 1926; x_wconf 70' lang='lat' dir='ltr'><strong>quarsierit,</strong></span> <span class='ocrx_word' id='word_1_267' title='bbox 3383 1871 3438 1916; x_wconf 90' lang='lat' dir='ltr'><strong>et</strong></span> <span class='ocrx_word' id='word_1_268' title='bbox 3467 1873 3659 1929; x_wconf 77' lang='lat' dir='ltr'><strong>nostra</strong></span> 
     </span>
    </p>
   </div>
   <div class='ocr_carea' id='block_1_33' title="bbox 392 1938 1972 2011">
    <p class='ocr_par' dir='ltr' id='par_1_33' title="bbox 392 1938 1972 2011">
     <span class='ocr_line' id='line_1_33' title="bbox 392 1938 1972 2011; baseline 0 -19"><span class='ocrx_word' id='word_1_269' title='bbox 392 1956 479 1995; x_wconf 85' lang='lat' dir='ltr'><strong>me</strong></span> <span class='ocrx_word' id='word_1_270' title='bbox 507 1940 687 2011; x_wconf 82' lang='lat' dir='ltr'><strong>capiat</strong></span> <span class='ocrx_word' id='word_1_271' title='bbox 711 1939 898 1995; x_wconf 89' lang='lat' dir='ltr'><strong>oculus</strong></span> <span class='ocrx_word' id='word_1_272' title='bbox 934 1940 1238 1995; x_wconf 70' lang='lat' dir='ltr'><strong>meretricis</strong></span> <span class='ocrx_word' id='word_1_273' title='bbox 1261 1982 1275 2005; x_wconf 94' lang='lat'><strong>,</strong></span> <span class='ocrx_word' id='word_1_274' title='bbox 1314 1956 1378 1993; x_wconf 85' lang='lat' dir='ltr'><strong>ne</strong></span> <span class='ocrx_word' id='word_1_275' title='bbox 1411 1938 1582 1994; x_wconf 88' lang='lat' dir='ltr'><strong>forma</strong></span> <span class='ocrx_word' id='word_1_276' title='bbox 1614 1939 1972 2010; x_wconf 69' lang='lat' dir='ltr'><strong>pulcherrima</strong></span> 
     </span>
    </p>
   </div>
   <div class='ocr_carea' id='block_1_34' title="bbox 390 2028 1969 2100">
    <p class='ocr_par' dir='ltr' id='par_1_34' title="bbox 390 2028 1969 2100">
     <span class='ocr_line' id='line_1_34' title="bbox 390 2028 1969 2100; baseline 0.001 -19"><span class='ocrx_word' id='word_1_277' title='bbox 390 2031 457 2083; x_wconf 74' lang='grc' dir='ltr'>,ιιι</span> <span class='ocrx_word' id='word_1_278' title='bbox 484 2030 698 2086; x_wconf 85' lang='lat' dir='ltr'><strong>illicitos</strong></span> <span class='ocrx_word' id='word_1_279' title='bbox 725 2030 887 2085; x_wconf 87' lang='lat' dir='ltr'><strong>ducat</strong></span> <span class='ocrx_word' id='word_1_280' title='bbox 932 2029 1230 2100; x_wconf 72' lang='lat' dir='ltr'><strong>amplexus.</strong></span> <span class='ocrx_word' id='word_1_281' title='bbox 1276 2029 1682 2100; x_wconf 80' lang='lat' dir='ltr'><strong>Respondebis:</strong></span> <span class='ocrx_word' id='word_1_282' title='bbox 1727 2028 1839 2083; x_wconf 83' lang='lat' dir='ltr'><strong>Hoc</strong></span> <span class='ocrx_word' id='word_1_283' title='bbox 1865 2044 1969 2082; x_wconf 89' lang='lat' dir='ltr'><strong>non</strong></span> 
     </span>
    </p>
   </div>
   <div class='ocr_carea' id='block_1_35' title="bbox 388 2119 1971 2194">
    <p class='ocr_par' dir='ltr' id='par_1_35' title="bbox 388 2119 1971 2194">
     <span class='ocr_line' id='line_1_35' title="bbox 388 2119 1971 2194; baseline -0.003 -17"><span class='ocrx_word' id='word_1_284' title='bbox 388 2129 475 2177; x_wconf 88' lang='lat' dir='ltr'><strong>est</strong></span> <span class='ocrx_word' id='word_1_285' title='bbox 512 2135 792 2194; x_wconf 83' lang='lat' dir='ltr'><strong>pugnare,</strong></span> <span class='ocrx_word' id='word_1_286' title='bbox 837 2119 933 2177; x_wconf 87' lang='lat' dir='ltr'><strong>sed</strong></span> <span class='ocrx_word' id='word_1_287' title='bbox 964 2119 1185 2191; x_wconf 81' lang='lat' dir='ltr'><strong>fugere;</strong></span> <span class='ocrx_word' id='word_1_288' title='bbox 1241 2127 1331 2176; x_wconf 90' lang='lat' dir='ltr'><strong>sta-</strong></span> <span class='ocrx_word' id='word_1_289' title='bbox 1368 2119 1420 2174; x_wconf 87' lang='lat' dir='ltr'><strong>in</strong></span> <span class='ocrx_word' id='word_1_290' title='bbox 1462 2121 1618 2176; x_wconf 84' lang='lat' dir='ltr'><strong>acie:</strong></span> <span class='ocrx_word' id='word_1_291' title='bbox 1662 2119 1971 2176; x_wconf 79' lang='lat' dir='ltr'><strong>adversario</strong></span> 
     </span>
    </p>
   </div>
   <div class='ocr_carea' id='block_1_36' title="bbox 387 2208 1970 2282">
    <p class='ocr_par' dir='ltr' id='par_1_36' title="bbox 387 2208 1970 2282">
     <span class='ocr_line' id='line_1_36' title="bbox 387 2208 1970 2282; baseline -0.003 -16"><span class='ocrx_word' id='word_1_292' title='bbox 387 2219 627 2268; x_wconf 86' lang='lat' dir='ltr'><strong>armatus</strong></span> <span class='ocrx_word' id='word_1_293' title='bbox 648 2211 872 2277; x_wconf 89' lang='lat' dir='ltr'><strong>obsiste,</strong></span> <span class='ocrx_word' id='word_1_294' title='bbox 904 2218 963 2266; x_wconf 89' lang='lat' dir='ltr'><strong>ut</strong></span> <span class='ocrx_word' id='word_1_295' title='bbox 984 2220 1269 2282; x_wconf 89' lang='lat' dir='ltr'><strong>postquam</strong></span> <span class='ocrx_word' id='word_1_296' title='bbox 1295 2210 1512 2276; x_wconf 83' lang='lat' dir='ltr'><strong>viceris,</strong></span> <span class='ocrx_word' id='word_1_297' title='bbox 1536 2211 1834 2266; x_wconf 90' lang='lat' dir='ltr'><strong>coroneris.</strong></span> <span class='ocrx_word' id='word_1_298' title='bbox 1869 2208 1970 2263; x_wconf 80' lang='lat' dir='ltr'><strong>Fa-</strong></span> 
     </span>
    </p>
   </div>
   <div class='ocr_carea' id='block_1_37' title="bbox 386 2301 1971 2383">
    <p class='ocr_par' dir='ltr' id='par_1_37' title="bbox 386 2301 1971 2383">
     <span class='ocr_line' id='line_1_37' title="bbox 386 2301 1971 2383; baseline -0.001 -26"><span class='ocrx_word' id='word_1_299' title='bbox 386 2311 503 2357; x_wconf 88' lang='lat' dir='ltr'><strong>teor</strong></span> <span class='ocrx_word' id='word_1_300' title='bbox 520 2301 943 2358; x_wconf 86' lang='lat' dir='ltr'><strong>imbecillitatem</strong></span> <span class='ocrx_word' id='word_1_301' title='bbox 977 2317 1153 2383; x_wconf 49' lang='lat' dir='ltr'><strong>ageam</strong></span> <span class='ocrx_word' id='word_1_302' title='bbox 1186 2322 1199 2357; x_wconf 93' lang='lat'><strong>:</strong></span> <span class='ocrx_word' id='word_1_303' title='bbox 1242 2302 1366 2360; x_wconf 89' lang='lat' dir='ltr'><strong>nolo</strong></span> <span class='ocrx_word' id='word_1_304' title='bbox 1392 2318 1487 2373; x_wconf 86' lang='lat' dir='ltr'><strong>spe</strong></span> <span class='ocrx_word' id='word_1_305' title='bbox 1527 2317 1758 2373; x_wconf 81' lang='lat' dir='ltr'><strong>pugnam</strong></span> <span class='ocrx_word' id='word_1_306' title='bbox 1802 2302 1971 2356; x_wconf 89' lang='lat' dir='ltr'><strong>victo-</strong></span> 
     </span>
    </p>
   </div>
   <div class='ocr_carea' id='block_1_38' title="bbox 385 2388 1967 2466">
    <p class='ocr_par' dir='ltr' id='par_1_38' title="bbox 385 2388 1967 2466">
     <span class='ocr_line' id='line_1_38' title="bbox 385 2388 1967 2466; baseline 0.001 -21"><span class='ocrx_word' id='word_1_307' title='bbox 385 2392 501 2458; x_wconf 68' lang='lat' dir='ltr'><strong>ria,</strong></span> <span class='ocrx_word' id='word_1_308' title='bbox 536 2406 607 2447; x_wconf 89' lang='lat' dir='ltr'><strong>ne</strong></span> <span class='ocrx_word' id='word_1_309' title='bbox 632 2390 856 2464; x_wconf 85' lang='lat' dir='ltr'><strong>perdam</strong></span> <span class='ocrx_word' id='word_1_310' title='bbox 876 2388 1036 2448; x_wconf 85' lang='lat' dir='ltr'><strong>aliam</strong></span> <span class='ocrx_word' id='word_1_311' title='bbox 1068 2394 1347 2450; x_wconf 83' lang='lat' dir='ltr'><strong>victoriam</strong></span> <span class='ocrx_word' id='word_1_312' title='bbox 1375 2413 1389 2461; x_wconf 87' lang='lat'><strong>;</strong></span> <span class='ocrx_word' id='word_1_313' title='bbox 1423 2395 1467 2449; x_wconf 91' lang='lat' dir='ltr'><strong>si</strong></span> <span class='ocrx_word' id='word_1_314' title='bbox 1493 2394 1701 2465; x_wconf 88' lang='lat' dir='ltr'><strong>fugero,</strong></span> <span class='ocrx_word' id='word_1_315' title='bbox 1734 2393 1967 2466; x_wconf 87' lang='lat' dir='ltr'><strong>gladium</strong></span> 
     </span>
    </p>
   </div>
   <div class='ocr_carea' id='block_1_39' title="bbox 2075 1944 3657 2017">
    <p class='ocr_par' dir='ltr' id='par_1_39' title="bbox 2075 1944 3657 2017">
     <span class='ocr_line' id='line_1_39' title="bbox 2075 1944 3657 2017; baseline 0.008 -18"><span class='ocrx_word' id='word_1_316' title='bbox 2075 1946 2279 2016; x_wconf 86' lang='lat' dir='ltr'><strong>scripta</strong></span> <span class='ocrx_word' id='word_1_317' title='bbox 2328 1944 2543 2001; x_wconf 87' lang='lat' dir='ltr'><strong>fastidio</strong></span> <span class='ocrx_word' id='word_1_318' title='bbox 2580 1945 2816 2011; x_wconf 80' lang='lat' dir='ltr'><strong>duxerit,</strong></span> <span class='ocrx_word' id='word_1_319' title='bbox 2870 1947 3007 2017; x_wconf 81' lang='lat' dir='ltr'><strong>legat</strong></span> <span class='ocrx_word' id='word_1_320' title='bbox 3048 1950 3436 2009; x_wconf 78' lang='lat' dir='ltr'><strong>catholicorum</strong></span> <span class='ocrx_word' id='word_1_321' title='bbox 3466 1955 3657 2011; x_wconf 88' lang='lat' dir='ltr'><strong>docto-</strong></span> 
     </span>
    </p>
   </div>
   <div class='ocr_carea' id='block_1_40' title="bbox 2079 2035 3657 2107">
    <p class='ocr_par' dir='ltr' id='par_1_40' title="bbox 2079 2035 3657 2107">
     <span class='ocr_line' id='line_1_40' title="bbox 2079 2035 3657 2107; baseline 0.008 -17"><span class='ocrx_word' id='word_1_322' title='bbox 2079 2053 2193 2091; x_wconf 88' lang='lat' dir='ltr'><strong>rum</strong></span> <span class='ocrx_word' id='word_1_323' title='bbox 2246 2035 2559 2107; x_wconf 89' lang='lat' dir='ltr'><strong>multiplicia</strong></span> <span class='ocrx_word' id='word_1_324' title='bbox 2609 2036 2903 2103; x_wconf 85' lang='lat' dir='ltr'><strong>volumina,</strong></span> <span class='ocrx_word' id='word_1_325' title='bbox 2939 2047 3015 2104; x_wconf 88' lang='lat' dir='ltr'><strong>et,</strong></span> <span class='ocrx_word' id='word_1_326' title='bbox 3059 2047 3117 2092; x_wconf 90' lang='lat' dir='ltr'><strong>ut</strong></span> <span class='ocrx_word' id='word_1_327' title='bbox 3167 2042 3350 2105; x_wconf 87' lang='lat' dir='ltr'><strong>credo,</strong></span> <span class='ocrx_word' id='word_1_328' title='bbox 3402 2061 3434 2097; x_wconf 70' lang='grc' dir='ltr'>τι</span> <span class='ocrx_word' id='word_1_329' title='bbox 3468 2054 3657 2102; x_wconf 88' lang='lat' dir='ltr'><strong>nostro</strong></span> 
     </span>
    </p>
   </div>
   <div class='ocr_carea' id='block_1_41' title="bbox 2072 2128 3657 2198">
    <p class='ocr_par' dir='ltr' id='par_1_41' title="bbox 2072 2128 3657 2198">
     <span class='ocr_line' id='line_1_41' title="bbox 2072 2128 3657 2198; baseline 0.008 -18"><span class='ocrx_word' id='word_1_330' title='bbox 2072 2129 2323 2197; x_wconf 71' lang='lat' dir='ltr'><strong>praesenti</strong></span> <span class='ocrx_word' id='word_1_331' title='bbox 2355 2128 2459 2183; x_wconf 82' lang='lat' dir='ltr'><strong>hoc</strong></span> <span class='ocrx_word' id='word_1_332' title='bbox 2488 2128 2751 2198; x_wconf 88' lang='lat' dir='ltr'><strong>opusculo</strong></span> <span class='ocrx_word' id='word_1_333' title='bbox 2802 2144 2989 2185; x_wconf 90' lang='lat' dir='ltr'><strong>eorum</strong></span> <span class='ocrx_word' id='word_1_334' title='bbox 3041 2145 3260 2187; x_wconf 81' lang='lat' dir='ltr'><strong>sensum</strong></span> <span class='ocrx_word' id='word_1_335' title='bbox 3290 2149 3399 2189; x_wconf 90' lang='lat' dir='ltr'><strong>non</strong></span> <span class='ocrx_word' id='word_1_336' title='bbox 3443 2135 3657 2193; x_wconf 86' lang='lat' dir='ltr'><strong>discre—</strong></span> 
     </span>
    </p>
   </div>
   <div class='ocr_carea' id='block_1_42' title="bbox 2071 2216 2449 2288">
    <p class='ocr_par' dir='ltr' id='par_1_42' title="bbox 2071 2216 2449 2288">
     <span class='ocr_line' id='line_1_42' title="bbox 2071 2216 2449 2288; baseline -0.003 -16"><span class='ocrx_word' id='word_1_337' title='bbox 2071 2233 2201 2288; x_wconf 89' lang='lat' dir='ltr'><strong>pare</strong></span> <span class='ocrx_word' id='word_1_338' title='bbox 2230 2216 2449 2273; x_wconf 85' lang='lat' dir='ltr'><strong>videbit.</strong></span> 
     </span>
    </p>
   </div>
   <div class='ocr_carea' id='block_1_43' title="bbox 2732 2309 2985 2381">
    <p class='ocr_par' dir='ltr' id='par_1_43' title="bbox 2732 2309 2985 2381">
     <span class='ocr_line' id='line_1_43' title="bbox 2732 2309 2985 2381; baseline -0.004 -18"><span class='ocrx_word' id='word_1_339' title='bbox 2732 2309 2985 2381; x_wconf 70' lang='lat' dir='ltr'><strong>Explicit.</strong></span> 
     </span>
    </p>
   </div>
   <div class='ocr_carea' id='block_1_44' title="bbox 963 2573 3048 2817">
    <p class='ocr_par' dir='ltr' id='par_1_44' title="bbox 963 2573 3048 2817">
     <span class='ocr_line' id='line_1_44' title="bbox 963 2573 3048 2817; baseline 0.001 -51"><span class='ocrx_word' id='word_1_340' title='bbox 963 2655 1532 2769; x_wconf 71' lang='lat' dir='ltr'><strong>annm</strong></span> <span class='ocrx_word' id='word_1_341' title='bbox 1606 2655 2347 2769; x_wconf 64' lang='lat' dir='ltr'><strong>nanum</strong></span> <span class='ocrx_word' id='word_1_342' title='bbox 2418 2657 3048 2771; x_wconf 68' lang='lat' dir='ltr'><strong>meum</strong></span> 
     </span>
    </p>
   </div>
   <div class='ocr_carea' id='block_1_45' title="bbox 1098 2865 2919 2927">
    <p class='ocr_par' dir='ltr' id='par_1_45' title="bbox 1098 2865 2919 2927">
     <span class='ocr_line' id='line_1_45' title="bbox 1098 2865 2919 2927; baseline 0.001 -5"><span class='ocrx_word' id='word_1_343' title='bbox 1098 2865 1484 2924; x_wconf 80' lang='lat' dir='ltr'><strong>FULDENSIS</strong></span> <span class='ocrx_word' id='word_1_344' title='bbox 1521 2866 1813 2923; x_wconf 80' lang='lat' dir='ltr'><strong>ABBATIS</strong></span> <span class='ocrx_word' id='word_1_345' title='bbox 1852 2867 1941 2922; x_wconf 86' lang='lat' dir='ltr'><strong>ET</strong></span> <span class='ocrx_word' id='word_1_346' title='bbox 1979 2866 2363 2927; x_wconf 80' lang='lat' dir='ltr'><strong>MOGUNTINI</strong></span> <span class='ocrx_word' id='word_1_347' title='bbox 2400 2867 2919 2925; x_wconf 81' lang='lat' dir='ltr'><strong>ARClIlEPlSCOPl</strong></span> 
     </span>
    </p>
   </div>
   <div class='ocr_carea' id='block_1_46' title="bbox 483 3020 3538 3239">
    <p class='ocr_par' dir='ltr' id='par_1_46' title="bbox 483 3020 3538 3239">
     <span class='ocr_line' id='line_1_46' title="bbox 483 3020 3538 3239; baseline 0.001 -34"><span class='ocrx_word' id='word_1_348' title='bbox 483 3029 2276 3239; x_wconf 80' lang='lat' dir='ltr'><strong>COMMENTARIORUM</strong></span> <span class='ocrx_word' id='word_1_349' title='bbox 2386 3056 2587 3205; x_wconf 88' lang='lat' dir='ltr'><strong>IN</strong></span> <span class='ocrx_word' id='word_1_350' title='bbox 2696 3020 3538 3209; x_wconf 86' lang='lat' dir='ltr'><strong>GENESIM</strong></span> 
     </span>
    </p>
   </div>
   <div class='ocr_carea' id='block_1_47' title="bbox 1431 3318 2585 3403">
    <p class='ocr_par' dir='ltr' id='par_1_47' title="bbox 1431 3318 2585 3403">
     <span class='ocr_line' id='line_1_47' title="bbox 1431 3318 2585 3403; baseline 0.003 -24"><span class='ocrx_word' id='word_1_351' title='bbox 1431 3319 1643 3380; x_wconf 82' lang='lat' dir='ltr'><strong>LIBRI</strong></span> <span class='ocrx_word' id='word_1_352' title='bbox 1696 3318 2101 3392; x_wconf 74' lang='lat' dir='ltr'><strong>QUATUOR.</strong></span> <span class='ocrx_word' id='word_1_353' title='bbox 2142 3320 2383 3401; x_wconf 83' lang='lat' dir='ltr'><strong>(ANNO</strong></span> <span class='ocrx_word' id='word_1_354' title='bbox 2417 3323 2585 3403; x_wconf 75' lang='lat'><strong>819.)</strong></span> 
     </span>
    </p>
   </div>
   <div class='ocr_carea' id='block_1_48' title="bbox 2312 3432 2343 3456">
    <p class='ocr_par' dir='ltr' id='par_1_48' title="bbox 2312 3432 2343 3456">
     <span class='ocr_line' id='line_1_48' title="bbox 2312 3432 2343 3456; baseline 0 0"><span class='ocrx_word' id='word_1_355' title='bbox 2312 3432 2343 3456; x_wconf 61' lang='grc' dir='ltr'>δ</span> 
     </span>
    </p>
   </div>
   <div class='ocr_carea' id='block_1_49' title="bbox 1282 3556 2731 3619">
    <p class='ocr_par' dir='ltr' id='par_1_49' title="bbox 1282 3556 2731 3619">
     <span class='ocr_line' id='line_1_49' title="bbox 1282 3556 2731 3619; baseline 0.004 -8"><span class='ocrx_word' id='word_1_356' title='bbox 1282 3556 1738 3615; x_wconf 80' lang='lat' dir='ltr'><strong>FBECULPHUS</strong></span> <span class='ocrx_word' id='word_1_357' title='bbox 1777 3558 2152 3617; x_wconf 85' lang='lat' dir='ltr'><strong>EPISCOPUS</strong></span> <span class='ocrx_word' id='word_1_358' title='bbox 2192 3559 2434 3618; x_wconf 81' lang='lat' dir='ltr'><strong>MAURO</strong></span> <span class='ocrx_word' id='word_1_359' title='bbox 2467 3562 2731 3619; x_wconf 82' lang='lat' dir='ltr'><strong>ABBATI.</strong></span> 
     </span>
    </p>
   </div>
   <div class='ocr_carea' id='block_1_50' title="bbox 1826 3706 1947 3721">
    <p class='ocr_par' dir='ltr' id='par_1_50' title="bbox 1826 3706 1947 3721">
     <span class='ocr_line' id='line_1_50' title="bbox 1826 3706 1947 3721; baseline 0 -1"><span class='ocrx_word' id='word_1_360' title='bbox 1826 3706 1947 3721; x_wconf 42' lang='lat' dir='ltr'><strong>ﬂ</strong></span> 
     </span>
    </p>
   </div>
   <div class='ocr_carea' id='block_1_51' title="bbox 441 3777 3643 3862">
    <p class='ocr_par' dir='ltr' id='par_1_51' title="bbox 441 3777 3643 3862">
     <span class='ocr_line' id='line_1_51' title="bbox 441 3777 3643 3862; baseline 0.005 -28"><span class='ocrx_word' id='word_1_361' title='bbox 441 3779 794 3834; x_wconf 65' lang='lat' dir='ltr'><strong>Faecunruus</strong></span> <span class='ocrx_word' id='word_1_362' title='bbox 839 3777 1214 3848; x_wconf 86' lang='lat' dir='ltr'><strong>episcopon</strong></span> <span class='ocrx_word' id='word_1_363' title='bbox 1244 3777 1483 3844; x_wconf 83' lang='lat' dir='ltr'><strong>intimus,</strong></span> <span class='ocrx_word' id='word_1_364' title='bbox 1517 3778 1813 3834; x_wconf 85' lang='lat' dir='ltr'><strong>venerabili</strong></span> <span class='ocrx_word' id='word_1_365' title='bbox 1844 3780 1943 3835; x_wconf 88' lang='lat' dir='ltr'><strong>ab-</strong></span> <span class='ocrx_word' id='word_1_366' title='bbox 1978 3780 2037 3844; x_wconf 15' lang='lat' dir='ltr'><strong>C,‘</strong></span> <span class='ocrx_word' id='word_1_367' title='bbox 2059 3782 2498 3853; x_wconf 88' lang='lat' dir='ltr'><strong>compendiosum</strong></span> <span class='ocrx_word' id='word_1_368' title='bbox 2546 3786 2663 3841; x_wconf 76' lang='lat' dir='ltr'><strong>fieri</strong></span> <span class='ocrx_word' id='word_1_369' title='bbox 2707 3786 3032 3860; x_wconf 81' lang='lat' dir='ltr'><strong>ﬂagitamus,</strong></span> <span class='ocrx_word' id='word_1_370' title='bbox 3080 3800 3139 3845; x_wconf 90' lang='lat' dir='ltr'><strong>ut</strong></span> <span class='ocrx_word' id='word_1_371' title='bbox 3174 3792 3405 3862; x_wconf 82' lang='lat' dir='ltr'><strong>primum</strong></span> <span class='ocrx_word' id='word_1_372' title='bbox 3446 3809 3643 3851; x_wconf 87' lang='lat' dir='ltr'><strong>sensus</strong></span> 
     </span>
    </p>
   </div>
   <div class='ocr_carea' id='block_1_52' title="bbox 372 3866 1949 3935">
    <p class='ocr_par' dir='ltr' id='par_1_52' title="bbox 372 3866 1949 3935">
     <span class='ocr_line' id='line_1_52' title="bbox 372 3866 1949 3935; baseline 0 -12"><span class='ocrx_word' id='word_1_373' title='bbox 372 3868 484 3924; x_wconf 87' lang='lat' dir='ltr'><strong>hati</strong></span> <span class='ocrx_word' id='word_1_374' title='bbox 518 3866 713 3926; x_wconf 53' lang='lat' dir='ltr'><strong>Manno</strong></span> <span class='ocrx_word' id='word_1_375' title='bbox 745 3875 802 3924; x_wconf 90' lang='lat' dir='ltr'><strong>et</strong></span> <span class='ocrx_word' id='word_1_376' title='bbox 831 3866 1227 3935; x_wconf 87' lang='lat' dir='ltr'><strong>consacerdoti,</strong></span> <span class='ocrx_word' id='word_1_377' title='bbox 1274 3867 1329 3923; x_wconf 90' lang='lat' dir='ltr'><strong>iu</strong></span> <span class='ocrx_word' id='word_1_378' title='bbox 1378 3866 1596 3923; x_wconf 87' lang='lat' dir='ltr'><strong>Christo</strong></span> <span class='ocrx_word' id='word_1_379' title='bbox 1646 3867 1741 3923; x_wconf 89' lang='lat' dir='ltr'><strong>Dei</strong></span> <span class='ocrx_word' id='word_1_380' title='bbox 1795 3867 1949 3934; x_wconf 88' lang='lat' dir='ltr'><strong>Filio,</strong></span> 
     </span>
    </p>
   </div>
   <div class='ocr_carea' id='block_1_53' title="bbox 373 3960 1332 4039">
    <p class='ocr_par' dir='ltr' id='par_1_53' title="bbox 373 3960 1332 4039">
     <span class='ocr_line' id='line_1_53' title="bbox 373 3960 1332 4039; baseline 0.001 -25"><span class='ocrx_word' id='word_1_381' title='bbox 373 3960 624 4020; x_wconf 87' lang='lat' dir='ltr'><strong>salutem.</strong></span> <span class='ocrx_word' id='word_1_382' title='bbox 1329 4035 1332 4039; x_wconf 18' lang='lat'><strong><em>‘</em></strong></span> 
     </span>
    </p>
   </div>
   <div class='ocr_carea' id='block_1_54' title="bbox 443 4050 1954 4119">
    <p class='ocr_par' dir='ltr' id='par_1_54' title="bbox 443 4050 1954 4119">
     <span class='ocr_line' id='line_1_54' title="bbox 443 4050 1954 4119; baseline 0.002 -13"><span class='ocrx_word' id='word_1_383' title='bbox 443 4050 629 4119; x_wconf 83' lang='lat' dir='ltr'><strong>Novit,</strong></span> <span class='ocrx_word' id='word_1_384' title='bbox 667 4052 743 4107; x_wconf 90' lang='lat' dir='ltr'><strong>mi</strong></span> <span class='ocrx_word' id='word_1_385' title='bbox 782 4051 1150 4118; x_wconf 87' lang='lat' dir='ltr'><strong>dilectissime,</strong></span> <span class='ocrx_word' id='word_1_386' title='bbox 1179 4060 1287 4108; x_wconf 68' lang='lat' dir='ltr'><strong>tuae</strong></span> <span class='ocrx_word' id='word_1_387' title='bbox 1314 4053 1604 4110; x_wconf 89' lang='lat' dir='ltr'><strong>cbaritatis</strong></span> <span class='ocrx_word' id='word_1_388' title='bbox 1632 4052 1954 4110; x_wconf 86' lang='lat' dir='ltr'><strong>benevolen-</strong></span> 
     </span>
    </p>
   </div>
   <div class='ocr_carea' id='block_1_55' title="bbox 372 4142 1953 4215">
    <p class='ocr_par' dir='ltr' id='par_1_55' title="bbox 372 4142 1953 4215">
     <span class='ocr_line' id='line_1_55' title="bbox 372 4142 1953 4215; baseline 0 -17"><span class='ocrx_word' id='word_1_389' title='bbox 372 4144 446 4199; x_wconf 88' lang='lat' dir='ltr'><strong>tia</strong></span> <span class='ocrx_word' id='word_1_390' title='bbox 478 4143 534 4198; x_wconf 92' lang='lat' dir='ltr'><strong>in</strong></span> <span class='ocrx_word' id='word_1_391' title='bbox 557 4142 786 4200; x_wconf 85' lang='lat' dir='ltr'><strong>occiduo</strong></span> <span class='ocrx_word' id='word_1_392' title='bbox 825 4143 1010 4200; x_wconf 88' lang='lat' dir='ltr'><strong>littore</strong></span> <span class='ocrx_word' id='word_1_393' title='bbox 1044 4142 1268 4211; x_wconf 89' lang='lat' dir='ltr'><strong>Oceani,</strong></span> <span class='ocrx_word' id='word_1_394' title='bbox 1300 4144 1547 4215; x_wconf 85' lang='lat' dir='ltr'><strong>quamvis</strong></span> <span class='ocrx_word' id='word_1_395' title='bbox 1569 4143 1731 4199; x_wconf 90' lang='lat' dir='ltr'><strong>nullis</strong></span> <span class='ocrx_word' id='word_1_396' title='bbox 1757 4143 1953 4199; x_wconf 81' lang='lat' dir='ltr'><strong>suﬂ‘ra-</strong></span> 
     </span>
    </p>
   </div>
   <div class='ocr_carea' id='block_1_56' title="bbox 371 4233 1949 4305">
    <p class='ocr_par' dir='ltr' id='par_1_56' title="bbox 371 4233 1949 4305">
     <span class='ocr_line' id='line_1_56' title="bbox 371 4233 1949 4305; baseline -0.001 -16"><span class='ocrx_word' id='word_1_397' title='bbox 371 4234 623 4305; x_wconf 78' lang='lat' dir='ltr'><strong>gentibus</strong></span> <span class='ocrx_word' id='word_1_398' title='bbox 657 4234 888 4301; x_wconf 90' lang='lat' dir='ltr'><strong>meritis,</strong></span> <span class='ocrx_word' id='word_1_399' title='bbox 920 4233 1249 4305; x_wconf 78' lang='lat' dir='ltr'><strong>pastoralem</strong></span> <span class='ocrx_word' id='word_1_400' title='bbox 1277 4249 1365 4290; x_wconf 90' lang='lat' dir='ltr'><strong>me</strong></span> <span class='ocrx_word' id='word_1_401' title='bbox 1390 4233 1697 4305; x_wconf 84' lang='lat' dir='ltr'><strong>suscepisse</strong></span> <span class='ocrx_word' id='word_1_402' title='bbox 1712 4248 1910 4290; x_wconf 88' lang='lat' dir='ltr'><strong>.curam</strong></span> <span class='ocrx_word' id='word_1_403' title='bbox 1934 4247 1949 4288; x_wconf 88' lang='lat'><strong>:</strong></span> 
     </span>
    </p>
   </div>
   <div class='ocr_carea' id='block_1_57' title="bbox 374 4323 1950 4396">
    <p class='ocr_par' dir='ltr' id='par_1_57' title="bbox 374 4323 1950 4396">
     <span class='ocr_line' id='line_1_57' title="bbox 374 4323 1950 4396; baseline -0.002 -16"><span class='ocrx_word' id='word_1_404' title='bbox 374 4324 465 4380; x_wconf 90' lang='lat' dir='ltr'><strong>ubi</strong></span> <span class='ocrx_word' id='word_1_405' title='bbox 495 4325 752 4395; x_wconf 89' lang='lat' dir='ltr'><strong>populum</strong></span> <span class='ocrx_word' id='word_1_406' title='bbox 785 4323 984 4380; x_wconf 82' lang='lat' dir='ltr'><strong>famem</strong></span> <span class='ocrx_word' id='word_1_407' title='bbox 1018 4339 1239 4396; x_wconf 90' lang='lat' dir='ltr'><strong>passum</strong></span> <span class='ocrx_word' id='word_1_408' title='bbox 1279 4323 1429 4379; x_wconf 89' lang='lat' dir='ltr'><strong>verbi</strong></span> <span class='ocrx_word' id='word_1_409' title='bbox 1472 4323 1726 4380; x_wconf 88' lang='lat' dir='ltr'><strong>salutaris</strong></span> <span class='ocrx_word' id='word_1_410' title='bbox 1751 4325 1950 4394; x_wconf 88' lang='lat' dir='ltr'><strong>reperi,</strong></span> 
     </span>
    </p>
   </div>
   <div class='ocr_carea' id='block_1_58' title="bbox 376 4414 1951 4473">
    <p class='ocr_par' dir='ltr' id='par_1_58' title="bbox 376 4414 1951 4473">
     <span class='ocr_line' id='line_1_58' title="bbox 376 4414 1951 4473; baseline -0.003 0"><span class='ocrx_word' id='word_1_411' title='bbox 376 4418 472 4473; x_wconf 89' lang='lat' dir='ltr'><strong>sed</strong></span> <span class='ocrx_word' id='word_1_412' title='bbox 518 4417 742 4472; x_wconf 89' lang='lat' dir='ltr'><strong>minime</strong></span> <span class='ocrx_word' id='word_1_413' title='bbox 781 4432 936 4473; x_wconf 90' lang='lat' dir='ltr'><strong>suam</strong></span> <span class='ocrx_word' id='word_1_414' title='bbox 976 4416 1301 4473; x_wconf 88' lang='lat' dir='ltr'><strong>sentientem</strong></span> <span class='ocrx_word' id='word_1_415' title='bbox 1350 4416 1604 4471; x_wconf 90' lang='lat' dir='ltr'><strong>inediam.</strong></span> <span class='ocrx_word' id='word_1_416' title='bbox 1649 4415 1765 4471; x_wconf 89' lang='lat' dir='ltr'><strong>Non</strong></span> <span class='ocrx_word' id='word_1_417' title='bbox 1805 4414 1951 4470; x_wconf 91' lang='lat' dir='ltr'><strong>enim</strong></span> 
     </span>
    </p>
   </div>
   <div class='ocr_carea' id='block_1_59' title="bbox 377 4504 1950 4576">
    <p class='ocr_par' dir='ltr' id='par_1_59' title="bbox 377 4504 1950 4576">
     <span class='ocr_line' id='line_1_59' title="bbox 377 4504 1950 4576; baseline -0.002 -15"><span class='ocrx_word' id='word_1_418' title='bbox 377 4504 689 4576; x_wconf 77' lang='lat' dir='ltr'><strong>spirituales</strong></span> <span class='ocrx_word' id='word_1_419' title='bbox 739 4506 1028 4563; x_wconf 88' lang='lat' dir='ltr'><strong>esuriendo</strong></span> <span class='ocrx_word' id='word_1_420' title='bbox 1079 4505 1420 4561; x_wconf 88' lang='lat' dir='ltr'><strong>desiderabat</strong></span> <span class='ocrx_word' id='word_1_421' title='bbox 1469 4507 1666 4576; x_wconf 88' lang='lat' dir='ltr'><strong>dapes,</strong></span> <span class='ocrx_word' id='word_1_422' title='bbox 1719 4519 1950 4576; x_wconf 90' lang='lat' dir='ltr'><strong>quarum</strong></span> 
     </span>
    </p>
   </div>
   <div class='ocr_carea' id='block_1_60' title="bbox 369 4597 1951 4671">
    <p class='ocr_par' dir='ltr' id='par_1_60' title="bbox 369 4597 1951 4671">
     <span class='ocr_line' id='line_1_60' title="bbox 369 4597 1951 4671; baseline -0.003 -16"><span class='ocrx_word' id='word_1_423' title='bbox 369 4599 655 4655; x_wconf 85' lang='lat' dir='ltr'><strong>suavitatis</strong></span> <span class='ocrx_word' id='word_1_424' title='bbox 683 4608 899 4671; x_wconf 89' lang='lat' dir='ltr'><strong>gustum</strong></span> <span class='ocrx_word' id='word_1_425' title='bbox 929 4597 1157 4653; x_wconf 85' lang='lat' dir='ltr'><strong>necdum</strong></span> <span class='ocrx_word' id='word_1_426' title='bbox 1185 4605 1440 4667; x_wconf 83' lang='lat' dir='ltr'><strong>expertus</strong></span> <span class='ocrx_word' id='word_1_427' title='bbox 1465 4604 1621 4662; x_wconf 89' lang='lat' dir='ltr'><strong>erat;</strong></span> <span class='ocrx_word' id='word_1_428' title='bbox 1654 4611 1814 4666; x_wconf 87' lang='lat' dir='ltr'><strong>quem</strong></span> <span class='ocrx_word' id='word_1_429' title='bbox 1840 4598 1951 4666; x_wconf 82' lang='lat' dir='ltr'><strong>pri-</strong></span> 
     </span>
    </p>
   </div>
   <div class='ocr_carea' id='block_1_61' title="bbox 374 4685 1946 4757">
    <p class='ocr_par' dir='ltr' id='par_1_61' title="bbox 374 4685 1946 4757">
     <span class='ocr_line' id='line_1_61' title="bbox 374 4685 1946 4757; baseline -0.002 -13"><span class='ocrx_word' id='word_1_430' title='bbox 374 4703 523 4744; x_wconf 90' lang='lat' dir='ltr'><strong>mum</strong></span> <span class='ocrx_word' id='word_1_431' title='bbox 553 4688 693 4745; x_wconf 83' lang='lat' dir='ltr'><strong>lacte</strong></span> <span class='ocrx_word' id='word_1_432' title='bbox 718 4687 990 4753; x_wconf 88' lang='lat' dir='ltr'><strong>alendum,</strong></span> <span class='ocrx_word' id='word_1_433' title='bbox 1025 4700 1130 4742; x_wconf 92' lang='lat' dir='ltr'><strong>non</strong></span> <span class='ocrx_word' id='word_1_434' title='bbox 1169 4685 1340 4743; x_wconf 87' lang='lat' dir='ltr'><strong>solido</strong></span> <span class='ocrx_word' id='word_1_435' title='bbox 1369 4686 1553 4741; x_wconf 91' lang='lat' dir='ltr'><strong>censui</strong></span> <span class='ocrx_word' id='word_1_436' title='bbox 1585 4685 1726 4741; x_wconf 85' lang='lat' dir='ltr'><strong>cibo.</strong></span> <span class='ocrx_word' id='word_1_437' title='bbox 1759 4686 1946 4757; x_wconf 88' lang='lat' dir='ltr'><strong>Igitur,</strong></span> 
     </span>
    </p>
   </div>
   <div class='ocr_carea' id='block_1_62' title="bbox 370 4778 1947 4852">
    <p class='ocr_par' dir='ltr' id='par_1_62' title="bbox 370 4778 1947 4852">
     <span class='ocr_line' id='line_1_62' title="bbox 370 4778 1947 4852; baseline 0.001 -16"><span class='ocrx_word' id='word_1_438' title='bbox 370 4788 646 4837; x_wconf 87' lang='lat' dir='ltr'><strong>annuente</strong></span> <span class='ocrx_word' id='word_1_439' title='bbox 700 4780 948 4846; x_wconf 90' lang='lat' dir='ltr'><strong>Domino,</strong></span> <span class='ocrx_word' id='word_1_440' title='bbox 998 4794 1178 4834; x_wconf 87' lang='lat' dir='ltr'><strong>escam</strong></span> <span class='ocrx_word' id='word_1_441' title='bbox 1199 4778 1312 4849; x_wconf 83' lang='lat' dir='ltr'><strong>jam</strong></span> <span class='ocrx_word' id='word_1_442' title='bbox 1342 4779 1586 4834; x_wconf 89' lang='lat' dir='ltr'><strong>ambiunt</strong></span> <span class='ocrx_word' id='word_1_443' title='bbox 1611 4780 1947 4852; x_wconf 90' lang='lat' dir='ltr'><strong>contingere,</strong></span> 
     </span>
    </p>
   </div>
   <div class='ocr_carea' id='block_1_63' title="bbox 371 4870 1945 4943">
    <p class='ocr_par' dir='ltr' id='par_1_63' title="bbox 371 4870 1945 4943">
     <span class='ocr_line' id='line_1_63' title="bbox 371 4870 1945 4943; baseline -0.001 -15"><span class='ocrx_word' id='word_1_444' title='bbox 371 4881 427 4929; x_wconf 88' lang='lat' dir='ltr'><strong>et</strong></span> <span class='ocrx_word' id='word_1_445' title='bbox 459 4873 708 4943; x_wconf 88' lang='lat' dir='ltr'><strong>quamvis</strong></span> <span class='ocrx_word' id='word_1_446' title='bbox 755 4872 933 4928; x_wconf 91' lang='lat' dir='ltr'><strong>adhuc</strong></span> <span class='ocrx_word' id='word_1_447' title='bbox 970 4871 1201 4943; x_wconf 89' lang='lat' dir='ltr'><strong>parvuli,</strong></span> <span class='ocrx_word' id='word_1_448' title='bbox 1250 4886 1445 4943; x_wconf 88' lang='lat' dir='ltr'><strong>panem</strong></span> <span class='ocrx_word' id='word_1_449' title='bbox 1484 4870 1586 4926; x_wconf 92' lang='lat' dir='ltr'><strong>sibi</strong></span> <span class='ocrx_word' id='word_1_450' title='bbox 1625 4870 1739 4926; x_wconf 89' lang='lat' dir='ltr'><strong>dari</strong></span> <span class='ocrx_word' id='word_1_451' title='bbox 1778 4870 1945 4942; x_wconf 82' lang='lat' dir='ltr'><strong>depo-</strong></span> 
     </span>
    </p>
   </div>
   <div class='ocr_carea' id='block_1_64' title="bbox 372 4963 1946 5035">
    <p class='ocr_par' dir='ltr' id='par_1_64' title="bbox 372 4963 1946 5035">
     <span class='ocr_line' id='line_1_64' title="bbox 372 4963 1946 5035; baseline -0.003 -13"><span class='ocrx_word' id='word_1_452' title='bbox 372 4974 573 5022; x_wconf 87' lang='lat' dir='ltr'><strong>scunt:</strong></span> <span class='ocrx_word' id='word_1_453' title='bbox 606 4965 701 5022; x_wconf 88' lang='lat' dir='ltr'><strong>sed</strong></span> <span class='ocrx_word' id='word_1_454' title='bbox 741 4972 803 5020; x_wconf 91' lang='lat' dir='ltr'><strong>ut</strong></span> <span class='ocrx_word' id='word_1_455' title='bbox 830 4965 912 5021; x_wconf 91' lang='lat' dir='ltr'><strong>eis</strong></span> <span class='ocrx_word' id='word_1_456' title='bbox 956 4963 1259 5035; x_wconf 88' lang='lat' dir='ltr'><strong>frangatur,</strong></span> <span class='ocrx_word' id='word_1_457' title='bbox 1305 4972 1361 5019; x_wconf 92' lang='lat' dir='ltr'><strong>et</strong></span> <span class='ocrx_word' id='word_1_458' title='bbox 1401 4964 1455 5019; x_wconf 90' lang='lat' dir='ltr'><strong>in</strong></span> <span class='ocrx_word' id='word_1_459' title='bbox 1499 4964 1707 5021; x_wconf 87' lang='lat' dir='ltr'><strong>viscera</strong></span> <span class='ocrx_word' id='word_1_460' title='bbox 1734 4979 1946 5020; x_wconf 88' lang='lat' dir='ltr'><strong>eorum</strong></span> 
     </span>
    </p>
   </div>
   <div class='ocr_carea' id='block_1_65' title="bbox 369 5055 1943 5128">
    <p class='ocr_par' dir='ltr' id='par_1_65' title="bbox 369 5055 1943 5128">
     <span class='ocr_line' id='line_1_65' title="bbox 369 5055 1943 5128; baseline -0.001 -15"><span class='ocrx_word' id='word_1_461' title='bbox 369 5057 666 5115; x_wconf 88' lang='lat' dir='ltr'><strong>salubriter</strong></span> <span class='ocrx_word' id='word_1_462' title='bbox 693 5055 1000 5128; x_wconf 86' lang='lat' dir='ltr'><strong>trajiciatur</strong></span> <span class='ocrx_word' id='word_1_463' title='bbox 1024 5055 1231 5125; x_wconf 87' lang='lat' dir='ltr'><strong>absque</strong></span> <span class='ocrx_word' id='word_1_464' title='bbox 1274 5055 1590 5111; x_wconf 89' lang='lat' dir='ltr'><strong>discrimine</strong></span> <span class='ocrx_word' id='word_1_465' title='bbox 1632 5057 1943 5128; x_wconf 84' lang='lat' dir='ltr'><strong>strangula-</strong></span> 
     </span>
    </p>
   </div>
   <div class='ocr_carea' id='block_1_66' title="bbox 2056 3872 3643 3951">
    <p class='ocr_par' dir='ltr' id='par_1_66' title="bbox 2056 3872 3643 3951">
     <span class='ocr_line' id='line_1_66' title="bbox 2056 3872 3643 3951; baseline 0.009 -25"><span class='ocrx_word' id='word_1_466' title='bbox 2056 3872 2252 3930; x_wconf 68' lang='lat' dir='ltr'><strong>litterte</strong></span> <span class='ocrx_word' id='word_1_467' title='bbox 2297 3875 2596 3931; x_wconf 83' lang='lat' dir='ltr'><strong>acdeinde</strong></span> <span class='ocrx_word' id='word_1_468' title='bbox 2635 3876 2933 3946; x_wconf 91' lang='lat' dir='ltr'><strong>spiritualis</strong></span> <span class='ocrx_word' id='word_1_469' title='bbox 2976 3880 3347 3951; x_wconf 72' lang='lat' dir='ltr'><strong>intelligentia:</strong></span> <span class='ocrx_word' id='word_1_470' title='bbox 3385 3894 3643 3940; x_wconf 84' lang='lat' dir='ltr'><strong>accurate</strong></span> 
     </span>
    </p>
   </div>
   <div class='ocr_carea' id='block_1_67' title="bbox 2057 3964 3641 4042">
    <p class='ocr_par' dir='ltr' id='par_1_67' title="bbox 2057 3964 3641 4042">
     <span class='ocr_line' id='line_1_67' title="bbox 2057 3964 3641 4042; baseline 0.006 -23"><span class='ocrx_word' id='word_1_471' title='bbox 2057 3964 2266 4019; x_wconf 90' lang='lat' dir='ltr'><strong>succisa</strong></span> <span class='ocrx_word' id='word_1_472' title='bbox 2301 3964 2611 4035; x_wconf 80' lang='lat' dir='ltr'><strong>prolixitate</strong></span> <span class='ocrx_word' id='word_1_473' title='bbox 2637 3964 2901 4036; x_wconf 78' lang='lat' dir='ltr'><strong>pandetur</strong></span> <span class='ocrx_word' id='word_1_474' title='bbox 2928 3987 2941 4023; x_wconf 94' lang='lat'>:</span> <span class='ocrx_word' id='word_1_475' title='bbox 2967 3978 3022 4023; x_wconf 91' lang='lat' dir='ltr'><strong>et</strong></span> <span class='ocrx_word' id='word_1_476' title='bbox 3049 3971 3382 4042; x_wconf 89' lang='lat' dir='ltr'><strong>singulorum</strong></span> <span class='ocrx_word' id='word_1_477' title='bbox 3420 3975 3641 4030; x_wconf 82' lang='lat' dir='ltr'><strong>nomina</strong></span> 
     </span>
    </p>
   </div>
   <div class='ocr_carea' id='block_1_68' title="bbox 2056 4057 3641 4134">
    <p class='ocr_par' dir='ltr' id='par_1_68' title="bbox 2056 4057 3641 4134">
     <span class='ocr_line' id='line_1_68' title="bbox 2056 4057 3641 4134; baseline 0.006 -24"><span class='ocrx_word' id='word_1_478' title='bbox 2056 4064 2340 4114; x_wconf 89' lang='lat' dir='ltr'><strong>auctorum</strong></span> <span class='ocrx_word' id='word_1_479' title='bbox 2388 4058 2441 4113; x_wconf 92' lang='lat' dir='ltr'><strong>in</strong></span> <span class='ocrx_word' id='word_1_480' title='bbox 2491 4057 2669 4115; x_wconf 83' lang='lat' dir='ltr'><strong>fronte</strong></span> <span class='ocrx_word' id='word_1_481' title='bbox 2715 4067 2979 4115; x_wconf 85' lang='lat' dir='ltr'><strong>notentur</strong></span> <span class='ocrx_word' id='word_1_482' title='bbox 3020 4061 3276 4132; x_wconf 76' lang='lat' dir='ltr'><strong>pagellze,</strong></span> <span class='ocrx_word' id='word_1_483' title='bbox 3323 4079 3391 4119; x_wconf 77' lang='lat' dir='ltr'><strong>ex</strong></span> <span class='ocrx_word' id='word_1_484' title='bbox 3439 4065 3641 4134; x_wconf 87' lang='lat' dir='ltr'><strong>quibus</strong></span> 
     </span>
    </p>
   </div>
   <div class='ocr_carea' id='block_1_69' title="bbox 2053 4151 3638 4226">
    <p class='ocr_par' dir='ltr' id='par_1_69' title="bbox 2053 4151 3638 4226">
     <span class='ocr_line' id='line_1_69' title="bbox 2053 4151 3638 4226; baseline 0.003 -22"><span class='ocrx_word' id='word_1_485' title='bbox 2053 4159 2347 4221; x_wconf 61' lang='lat' dir='ltr'><strong>praesentes</strong></span> <span class='ocrx_word' id='word_1_486' title='bbox 2391 4151 2774 4222; x_wconf 89' lang='lat' dir='ltr'><strong>decerpseritis</strong></span> <span class='ocrx_word' id='word_1_487' title='bbox 2814 4153 3132 4209; x_wconf 87' lang='lat' dir='ltr'><strong>sententias.</strong></span> <span class='ocrx_word' id='word_1_488' title='bbox 3180 4154 3404 4226; x_wconf 81' lang='lat' dir='ltr'><strong>Insuper</strong></span> <span class='ocrx_word' id='word_1_489' title='bbox 3442 4171 3638 4224; x_wconf 84' lang='lat' dir='ltr'><strong>preca-</strong></span> 
     </span>
    </p>
   </div>
   <div class='ocr_carea' id='block_1_70' title="bbox 2054 4242 3640 4318">
    <p class='ocr_par' dir='ltr' id='par_1_70' title="bbox 2054 4242 3640 4318">
     <span class='ocr_line' id='line_1_70' title="bbox 2054 4242 3640 4318; baseline 0.004 -22"><span class='ocrx_word' id='word_1_490' title='bbox 2054 4257 2177 4296; x_wconf 91' lang='lat' dir='ltr'><strong>mur</strong></span> <span class='ocrx_word' id='word_1_491' title='bbox 2203 4242 2401 4299; x_wconf 78' lang='lat' dir='ltr'><strong>obnixe</strong></span> <span class='ocrx_word' id='word_1_492' title='bbox 2429 4252 2490 4299; x_wconf 91' lang='lat' dir='ltr'><strong>ut</strong></span> <span class='ocrx_word' id='word_1_493' title='bbox 2509 4242 2769 4313; x_wconf 89' lang='lat' dir='ltr'><strong>quidquid</strong></span> <span class='ocrx_word' id='word_1_494' title='bbox 2801 4243 3037 4314; x_wconf 87' lang='lat' dir='ltr'><strong>Spiritus</strong></span> <span class='ocrx_word' id='word_1_495' title='bbox 3067 4252 3310 4310; x_wconf 85' lang='lat' dir='ltr'><strong>sanctus,</strong></span> <span class='ocrx_word' id='word_1_496' title='bbox 3335 4247 3427 4316; x_wconf 91' lang='lat' dir='ltr'><strong>qui</strong></span> <span class='ocrx_word' id='word_1_497' title='bbox 3457 4247 3640 4318; x_wconf 82' lang='lat' dir='ltr'><strong>loque-</strong></span> 
     </span>
    </p>
   </div>
   <div class='ocr_carea' id='block_1_71' title="bbox 2053 4333 3639 4407">
    <p class='ocr_par' dir='ltr' id='par_1_71' title="bbox 2053 4333 3639 4407">
     <span class='ocr_line' id='line_1_71' title="bbox 2053 4333 3639 4407; baseline 0.003 -18"><span class='ocrx_word' id='word_1_498' title='bbox 2053 4334 2216 4389; x_wconf 87' lang='lat' dir='ltr'><strong>batur</strong></span> <span class='ocrx_word' id='word_1_499' title='bbox 2241 4333 2371 4390; x_wconf 90' lang='lat' dir='ltr'><strong>olim</strong></span> <span class='ocrx_word' id='word_1_500' title='bbox 2417 4334 2472 4388; x_wconf 93' lang='lat' dir='ltr'><strong>in</strong></span> <span class='ocrx_word' id='word_1_501' title='bbox 2514 4334 2649 4390; x_wconf 87' lang='lat' dir='ltr'><strong>viris</strong></span> <span class='ocrx_word' id='word_1_502' title='bbox 2691 4334 2802 4390; x_wconf 89' lang='lat' dir='ltr'><strong>Deo</strong></span> <span class='ocrx_word' id='word_1_503' title='bbox 2846 4335 3068 4401; x_wconf 90' lang='lat' dir='ltr'><strong>deditis,</strong></span> <span class='ocrx_word' id='word_1_504' title='bbox 3098 4344 3153 4391; x_wconf 90' lang='lat' dir='ltr'><strong>et</strong></span> <span class='ocrx_word' id='word_1_505' title='bbox 3181 4336 3359 4392; x_wconf 89' lang='lat' dir='ltr'><strong>adhuc</strong></span> <span class='ocrx_word' id='word_1_506' title='bbox 3394 4337 3639 4407; x_wconf 78' lang='lat' dir='ltr'><strong>loquitur</strong></span> 
     </span>
    </p>
   </div>
   <div class='ocr_carea' id='block_1_72' title="bbox 2052 4424 3639 4500">
    <p class='ocr_par' dir='ltr' id='par_1_72' title="bbox 2052 4424 3639 4500">
     <span class='ocr_line' id='line_1_72' title="bbox 2052 4424 3639 4500; baseline 0.001 -19"><span class='ocrx_word' id='word_1_507' title='bbox 2052 4434 2108 4481; x_wconf 89' lang='lat' dir='ltr'><strong>et</strong></span> <span class='ocrx_word' id='word_1_508' title='bbox 2140 4424 2411 4496; x_wconf 87' lang='lat' dir='ltr'><strong>loquetur,</strong></span> <span class='ocrx_word' id='word_1_509' title='bbox 2444 4434 2627 4500; x_wconf 88' lang='lat' dir='ltr'><strong>vestro</strong></span> <span class='ocrx_word' id='word_1_510' title='bbox 2655 4426 2920 4482; x_wconf 87' lang='lat' dir='ltr'><strong>benevolo</strong></span> <span class='ocrx_word' id='word_1_511' title='bbox 2959 4434 3017 4480; x_wconf 91' lang='lat' dir='ltr'><strong>et</strong></span> <span class='ocrx_word' id='word_1_512' title='bbox 3055 4425 3249 4482; x_wconf 86' lang='lat' dir='ltr'><strong>devoto</strong></span> <span class='ocrx_word' id='word_1_513' title='bbox 3286 4427 3639 4496; x_wconf 86' lang='lat' dir='ltr'><strong>inspiraverit</strong></span> 
     </span>
    </p>
   </div>
   <div class='ocr_carea' id='block_1_73' title="bbox 2053 4516 3632 4589">
    <p class='ocr_par' dir='ltr' id='par_1_73' title="bbox 2053 4516 3632 4589">
     <span class='ocr_line' id='line_1_73' title="bbox 2053 4516 3632 4589; baseline 0.001 -18"><span class='ocrx_word' id='word_1_514' title='bbox 2053 4516 2266 4583; x_wconf 90' lang='lat' dir='ltr'><strong>animo,</strong></span> <span class='ocrx_word' id='word_1_515' title='bbox 2317 4517 2418 4573; x_wconf 89' lang='lat' dir='ltr'><strong>sub</strong></span> <span class='ocrx_word' id='word_1_516' title='bbox 2459 4517 2607 4589; x_wconf 87' lang='lat' dir='ltr'><strong>nullo</strong></span> <span class='ocrx_word' id='word_1_517' title='bbox 2646 4518 2920 4575; x_wconf 76' lang='lat' dir='ltr'><strong>reticentis</strong></span> <span class='ocrx_word' id='word_1_518' title='bbox 2964 4518 3181 4573; x_wconf 90' lang='lat' dir='ltr'><strong>silentio</strong></span> <span class='ocrx_word' id='word_1_519' title='bbox 3207 4537 3220 4572; x_wconf 76' lang='grc' dir='ltr'>ε</span> <span class='ocrx_word' id='word_1_520' title='bbox 3246 4517 3340 4575; x_wconf 86' lang='lat' dir='ltr'><strong>sed</strong></span> <span class='ocrx_word' id='word_1_521' title='bbox 3392 4518 3632 4573; x_wconf 88' lang='lat' dir='ltr'><strong>litteram</strong></span> 
     </span>
    </p>
   </div>
   <div class='ocr_carea' id='block_1_74' title="bbox 2050 4606 3637 4677">
    <p class='ocr_par' dir='ltr' id='par_1_74' title="bbox 2050 4606 3637 4677">
     <span class='ocr_line' id='line_1_74' title="bbox 2050 4606 3637 4677; baseline 0.001 -16"><span class='ocrx_word' id='word_1_522' title='bbox 2050 4606 2398 4676; x_wconf 66' lang='lat' dir='ltr'><strong>praenominis</strong></span> <span class='ocrx_word' id='word_1_523' title='bbox 2443 4607 2609 4662; x_wconf 85' lang='lat' dir='ltr'><strong>vestri</strong></span> <span class='ocrx_word' id='word_1_524' title='bbox 2650 4607 2884 4677; x_wconf 90' lang='lat' dir='ltr'><strong>primam</strong></span> <span class='ocrx_word' id='word_1_525' title='bbox 2936 4623 3181 4665; x_wconf 86' lang='lat' dir='ltr'><strong>seorsum</strong></span> <span class='ocrx_word' id='word_1_526' title='bbox 3234 4609 3527 4676; x_wconf 87' lang='lat' dir='ltr'><strong>aduotetis,</strong></span> <span class='ocrx_word' id='word_1_527' title='bbox 3574 4621 3637 4664; x_wconf 92' lang='lat' dir='ltr'><strong>ut</strong></span> 
     </span>
    </p>
   </div>
   <div class='ocr_carea' id='block_1_75' title="bbox 2050 4696 3632 4769">
    <p class='ocr_par' dir='ltr' id='par_1_75' title="bbox 2050 4696 3632 4769">
     <span class='ocr_line' id='line_1_75' title="bbox 2050 4696 3632 4769; baseline 0.001 -19"><span class='ocrx_word' id='word_1_528' title='bbox 2050 4696 2376 4751; x_wconf 88' lang='lat' dir='ltr'><strong>eminentius</strong></span> <span class='ocrx_word' id='word_1_529' title='bbox 2403 4696 2568 4751; x_wconf 85' lang='lat' dir='ltr'><strong>etiam</strong></span> <span class='ocrx_word' id='word_1_530' title='bbox 2599 4697 2666 4757; x_wconf 91' lang='lat' dir='ltr'><strong>de</strong></span> <span class='ocrx_word' id='word_1_531' title='bbox 2690 4697 2911 4769; x_wconf 92' lang='lat' dir='ltr'><strong>proprio</strong></span> <span class='ocrx_word' id='word_1_532' title='bbox 2949 4697 3185 4767; x_wconf 87' lang='lat' dir='ltr'><strong>gaudere</strong></span> <span class='ocrx_word' id='word_1_533' title='bbox 3221 4696 3502 4753; x_wconf 86' lang='lat' dir='ltr'><strong>valeamus</strong></span> <span class='ocrx_word' id='word_1_534' title='bbox 3534 4713 3632 4768; x_wconf 87' lang='lat' dir='ltr'><strong>pa-</strong></span> 
     </span>
    </p>
   </div>
   <div class='ocr_carea' id='block_1_76' title="bbox 2051 4788 3629 4860">
    <p class='ocr_par' dir='ltr' id='par_1_76' title="bbox 2051 4788 3629 4860">
     <span class='ocr_line' id='line_1_76' title="bbox 2051 4788 3629 4860; baseline 0.001 -16"><span class='ocrx_word' id='word_1_535' title='bbox 2051 4789 2185 4844; x_wconf 89' lang='lat' dir='ltr'><strong>riter</strong></span> <span class='ocrx_word' id='word_1_536' title='bbox 2214 4788 2376 4845; x_wconf 91' lang='lat' dir='ltr'><strong>dono.</strong></span> <span class='ocrx_word' id='word_1_537' title='bbox 2410 4788 2507 4845; x_wconf 82' lang='lat' dir='ltr'><strong>His</strong></span> <span class='ocrx_word' id='word_1_538' title='bbox 2535 4803 2749 4859; x_wconf 89' lang='lat' dir='ltr'><strong>quoque</strong></span> <span class='ocrx_word' id='word_1_539' title='bbox 2774 4788 3089 4860; x_wconf 80' lang='lat' dir='ltr'><strong>praelibatis,</strong></span> <span class='ocrx_word' id='word_1_540' title='bbox 3122 4801 3183 4844; x_wconf 89' lang='lat' dir='ltr'><strong>ut</strong></span> <span class='ocrx_word' id='word_1_541' title='bbox 3212 4788 3475 4859; x_wconf 84' lang='lat' dir='ltr'><strong>fuerimus</strong></span> <span class='ocrx_word' id='word_1_542' title='bbox 3495 4790 3629 4845; x_wconf 87' lang='lat' dir='ltr'><strong>odo-</strong></span> 
     </span>
    </p>
   </div>
   <div class='ocr_carea' id='block_1_77' title="bbox 2049 4880 3632 4953">
    <p class='ocr_par' dir='ltr' id='par_1_77' title="bbox 2049 4880 3632 4953">
     <span class='ocr_line' id='line_1_77' title="bbox 2049 4880 3632 4953; baseline -0.001 -17"><span class='ocrx_word' id='word_1_543' title='bbox 2049 4881 2201 4936; x_wconf 89' lang='lat' dir='ltr'><strong>ribus</strong></span> <span class='ocrx_word' id='word_1_544' title='bbox 2240 4880 2477 4953; x_wconf 86' lang='lat' dir='ltr'><strong>respersi</strong></span> <span class='ocrx_word' id='word_1_545' title='bbox 2511 4880 2848 4952; x_wconf 86' lang='lat' dir='ltr'><strong>dapibusque</strong></span> <span class='ocrx_word' id='word_1_546' title='bbox 2887 4880 3099 4946; x_wconf 85' lang='lat' dir='ltr'><strong>refecti,</strong></span> <span class='ocrx_word' id='word_1_547' title='bbox 3136 4888 3377 4936; x_wconf 88' lang='lat' dir='ltr'><strong>vertetur</strong></span> <span class='ocrx_word' id='word_1_548' title='bbox 3404 4895 3632 4936; x_wconf 87' lang='lat' dir='ltr'><strong>occasus</strong></span> 
     </span>
    </p>
   </div>
   <div class='ocr_carea' id='block_1_78' title="bbox 2050 4970 3632 5042">
    <p class='ocr_par' dir='ltr' id='par_1_78' title="bbox 2050 4970 3632 5042">
     <span class='ocr_line' id='line_1_78' title="bbox 2050 4970 3632 5042; baseline 0 -18"><span class='ocrx_word' id='word_1_549' title='bbox 2050 4978 2234 5027; x_wconf 90' lang='lat' dir='ltr'><strong>noster</strong></span> <span class='ocrx_word' id='word_1_550' title='bbox 2277 4971 2332 5026; x_wconf 89' lang='lat' dir='ltr'><strong>in</strong></span> <span class='ocrx_word' id='word_1_551' title='bbox 2366 4970 2671 5026; x_wconf 89' lang='lat' dir='ltr'><strong>orientem:</strong></span> <span class='ocrx_word' id='word_1_552' title='bbox 2702 4978 2759 5026; x_wconf 90' lang='lat' dir='ltr'><strong>et</strong></span> <span class='ocrx_word' id='word_1_553' title='bbox 2802 4971 2950 5042; x_wconf 87' lang='lat' dir='ltr'><strong>regio</strong></span> <span class='ocrx_word' id='word_1_554' title='bbox 2994 4970 3245 5041; x_wconf 89' lang='lat' dir='ltr'><strong>contigua</strong></span> <span class='ocrx_word' id='word_1_555' title='bbox 3285 4970 3371 5024; x_wconf 80' lang='lat' dir='ltr'><strong>axi</strong></span> <span class='ocrx_word' id='word_1_556' title='bbox 3403 4970 3632 5026; x_wconf 89' lang='lat' dir='ltr'><strong>occiduo</strong></span> 
     </span>
    </p>
   </div>
   <div class='ocr_carea' id='block_1_79' title="bbox 2050 5059 3625 5131">
    <p class='ocr_par' dir='ltr' id='par_1_79' title="bbox 2050 5059 3625 5131">
     <span class='ocr_line' id='line_1_79' title="bbox 2050 5059 3625 5131; baseline -0.001 -16"><span class='ocrx_word' id='word_1_557' title='bbox 2050 5059 2143 5115; x_wconf 78' lang='lat' dir='ltr'><strong>fiet</strong></span> <span class='ocrx_word' id='word_1_558' title='bbox 2155 5059 2358 5125; x_wconf 68' lang='lat' dir='ltr'><strong>Iudaea,</strong></span> <span class='ocrx_word' id='word_1_559' title='bbox 2376 5061 2659 5131; x_wconf 84' lang='lat' dir='ltr'><strong>nostrique</strong></span> <span class='ocrx_word' id='word_1_560' title='bbox 2670 5060 2951 5117; x_wconf 89' lang='lat' dir='ltr'><strong>Britonum</strong></span> <span class='ocrx_word' id='word_1_561' title='bbox 2974 5061 3135 5117; x_wconf 89' lang='lat' dir='ltr'><strong>vicini</strong></span> <span class='ocrx_word' id='word_1_562' title='bbox 3165 5072 3323 5117; x_wconf 92' lang='lat' dir='ltr'><strong>erunt</strong></span> <span class='ocrx_word' id='word_1_563' title='bbox 3348 5061 3625 5117; x_wconf 71' lang='lat' dir='ltr'><strong>lsraclitae.</strong></span> 
     </span>
    </p>
   </div>
   <div class='ocr_carea' id='block_1_80' title="bbox 373 5137 3631 5224">
    <p class='ocr_par' dir='ltr' id='par_1_80' title="bbox 373 5137 3631 5224">
     <span class='ocr_line' id='line_1_80' title="bbox 373 5137 3631 5224; baseline -0.001 -17"><span class='ocrx_word' id='word_1_564' title='bbox 373 5151 557 5218; x_wconf 89' lang='lat' dir='ltr'><strong>tionis,</strong></span> <span class='ocrx_word' id='word_1_565' title='bbox 592 5159 775 5207; x_wconf 87' lang='lat' dir='ltr'><strong>vestro</strong></span> <span class='ocrx_word' id='word_1_566' title='bbox 814 5150 1117 5223; x_wconf 90' lang='lat' dir='ltr'><strong>indigemus</strong></span> <span class='ocrx_word' id='word_1_567' title='bbox 1155 5150 1369 5215; x_wconf 86' lang='lat' dir='ltr'><strong>solatio,</strong></span> <span class='ocrx_word' id='word_1_568' title='bbox 1412 5150 1645 5206; x_wconf 80' lang='lat' dir='ltr'><strong>maxime</strong></span> <span class='ocrx_word' id='word_1_569' title='bbox 1675 5160 1853 5207; x_wconf 90' lang='lat' dir='ltr'><strong>autem</strong></span> <span class='ocrx_word' id='word_1_570' title='bbox 1889 5153 1943 5208; x_wconf 91' lang='lat' dir='ltr'><strong>in</strong></span> <span class='ocrx_word' id='word_1_571' title='bbox 1970 5137 2025 5197; x_wconf 83' lang='lat' dir='ltr'><strong>D</strong></span> <span class='ocrx_word' id='word_1_572' title='bbox 2049 5152 2195 5224; x_wconf 88' lang='lat' dir='ltr'><strong>Ergo</strong></span> <span class='ocrx_word' id='word_1_573' title='bbox 2231 5153 2277 5207; x_wconf 92' lang='lat' dir='ltr'><strong>si</strong></span> <span class='ocrx_word' id='word_1_574' title='bbox 2313 5152 2521 5223; x_wconf 89' lang='lat' dir='ltr'><strong>aliquas</strong></span> <span class='ocrx_word' id='word_1_575' title='bbox 2562 5154 2932 5210; x_wconf 82' lang='lat' dir='ltr'><strong>excusationis</strong></span> <span class='ocrx_word' id='word_1_576' title='bbox 2970 5154 3305 5224; x_wconf 71' lang='lat' dir='ltr'><strong>pra-tendere</strong></span> <span class='ocrx_word' id='word_1_577' title='bbox 3336 5154 3631 5209; x_wconf 86' lang='lat' dir='ltr'><strong>tentaveris</strong></span> 
     </span>
    </p>
   </div>
   <div class='ocr_carea' id='block_1_81' title="bbox 372 5239 1949 5313">
    <p class='ocr_par' dir='ltr' id='par_1_81' title="bbox 372 5239 1949 5313">
     <span class='ocr_line' id='line_1_81' title="bbox 372 5239 1949 5313; baseline 0 -16"><span class='ocrx_word' id='word_1_578' title='bbox 372 5242 761 5299; x_wconf 86' lang='lat' dir='ltr'><strong>Pentateucbo.</strong></span> <span class='ocrx_word' id='word_1_579' title='bbox 797 5240 898 5309; x_wconf 85' lang='lat' dir='ltr'><strong>Qui</strong></span> <span class='ocrx_word' id='word_1_580' title='bbox 927 5241 1136 5297; x_wconf 90' lang='lat' dir='ltr'><strong>scilicet</strong></span> <span class='ocrx_word' id='word_1_581' title='bbox 1162 5239 1484 5313; x_wconf 86' lang='lat' dir='ltr'><strong>legislatoris</strong></span> <span class='ocrx_word' id='word_1_582' title='bbox 1514 5241 1639 5296; x_wconf 89' lang='lat' dir='ltr'><strong>libri</strong></span> <span class='ocrx_word' id='word_1_583' title='bbox 1670 5242 1949 5298; x_wconf 87' lang='lat' dir='ltr'><strong>humiliter</strong></span> 
     </span>
    </p>
   </div>
   <div class='ocr_carea' id='block_1_82' title="bbox 370 5330 1949 5418">
    <p class='ocr_par' dir='ltr' id='par_1_82' title="bbox 370 5330 1949 5418">
     <span class='ocr_line' id='line_1_82' title="bbox 370 5330 1949 5418; baseline 0.001 -33"><span class='ocrx_word' id='word_1_584' title='bbox 370 5331 709 5418; x_wconf 64' lang='lat' dir='ltr'><strong>deposcimus</strong></span> <span class='ocrx_word' id='word_1_585' title='bbox 737 5340 797 5389; x_wconf 90' lang='lat' dir='ltr'><strong>ut</strong></span> <span class='ocrx_word' id='word_1_586' title='bbox 824 5332 899 5388; x_wconf 90' lang='lat' dir='ltr'><strong>ita</strong></span> <span class='ocrx_word' id='word_1_587' title='bbox 914 5340 1100 5388; x_wconf 89' lang='lat' dir='ltr'><strong>vestro</strong></span> <span class='ocrx_word' id='word_1_588' title='bbox 1128 5330 1402 5388; x_wconf 89' lang='lat' dir='ltr'><strong>succincte</strong></span> <span class='ocrx_word' id='word_1_589' title='bbox 1427 5331 1790 5388; x_wconf 89' lang='lat' dir='ltr'><strong>dilucidentur</strong></span> <span class='ocrx_word' id='word_1_590' title='bbox 1834 5340 1949 5388; x_wconf 84' lang='lat' dir='ltr'><strong>stu-</strong></span> 
     </span>
    </p>
   </div>
   <div class='ocr_carea' id='block_1_83' title="bbox 370 5422 1951 5498">
    <p class='ocr_par' dir='ltr' id='par_1_83' title="bbox 370 5422 1951 5498">
     <span class='ocr_line' id='line_1_83' title="bbox 370 5422 1951 5498; baseline 0.001 -18"><span class='ocrx_word' id='word_1_591' title='bbox 370 5426 494 5490; x_wconf 90' lang='lat' dir='ltr'><strong>dio,</strong></span> <span class='ocrx_word' id='word_1_592' title='bbox 533 5444 593 5483; x_wconf 67' lang='lat' dir='ltr'><strong>ut</strong></span> <span class='ocrx_word' id='word_1_593' title='bbox 637 5427 879 5498; x_wconf 83' lang='lat' dir='ltr'><strong>priorum</strong></span> <span class='ocrx_word' id='word_1_594' title='bbox 916 5425 1307 5498; x_wconf 81' lang='lat' dir='ltr'><strong>pet-scrutando</strong></span> <span class='ocrx_word' id='word_1_595' title='bbox 1350 5422 1645 5481; x_wconf 85' lang='lat' dir='ltr'><strong>conferatis</strong></span> <span class='ocrx_word' id='word_1_596' title='bbox 1693 5433 1951 5481; x_wconf 87' lang='lat' dir='ltr'><strong>tractato-</strong></span> 
     </span>
    </p>
   </div>
   <div class='ocr_carea' id='block_1_84' title="bbox 367 5512 1952 5585">
    <p class='ocr_par' dir='ltr' id='par_1_84' title="bbox 367 5512 1952 5585">
     <span class='ocr_line' id='line_1_84' title="bbox 367 5512 1952 5585; baseline 0.001 -17"><span class='ocrx_word' id='word_1_597' title='bbox 367 5529 486 5570; x_wconf 89' lang='lat' dir='ltr'><strong>rum</strong></span> <span class='ocrx_word' id='word_1_598' title='bbox 511 5513 756 5581; x_wconf 84' lang='lat' dir='ltr'><strong>labores;</strong></span> <span class='ocrx_word' id='word_1_599' title='bbox 790 5523 846 5571; x_wconf 92' lang='lat' dir='ltr'><strong>et</strong></span> <span class='ocrx_word' id='word_1_600' title='bbox 869 5514 1016 5569; x_wconf 89' lang='lat' dir='ltr'><strong>velut</strong></span> <span class='ocrx_word' id='word_1_601' title='bbox 1044 5529 1108 5569; x_wconf 75' lang='lat' dir='ltr'><strong>ex</strong></span> <span class='ocrx_word' id='word_1_602' title='bbox 1133 5514 1304 5585; x_wconf 89' lang='lat' dir='ltr'><strong>pratis</strong></span> <span class='ocrx_word' id='word_1_603' title='bbox 1323 5512 1675 5568; x_wconf 87' lang='lat' dir='ltr'><strong>vernantibus</strong></span> <span class='ocrx_word' id='word_1_604' title='bbox 1702 5513 1952 5569; x_wconf 72' lang='lat' dir='ltr'><strong>amnis-</strong></span> 
     </span>
    </p>
   </div>
   <div class='ocr_carea' id='block_1_85' title="bbox 367 5601 1949 5673">
    <p class='ocr_par' dir='ltr' id='par_1_85' title="bbox 367 5601 1949 5673">
     <span class='ocr_line' id='line_1_85' title="bbox 367 5601 1949 5673; baseline 0.002 -17"><span class='ocrx_word' id='word_1_605' title='bbox 367 5618 475 5671; x_wconf 87' lang='lat' dir='ltr'><strong>que</strong></span> <span class='ocrx_word' id='word_1_606' title='bbox 502 5601 663 5657; x_wconf 83' lang='lat' dir='ltr'><strong>ilores</strong></span> <span class='ocrx_word' id='word_1_607' title='bbox 696 5602 977 5658; x_wconf 79' lang='lat' dir='ltr'><strong>mellilluos</strong></span> <span class='ocrx_word' id='word_1_608' title='bbox 1002 5603 1291 5673; x_wconf 88' lang='lat' dir='ltr'><strong>carpendo,</strong></span> <span class='ocrx_word' id='word_1_609' title='bbox 1320 5616 1478 5672; x_wconf 89' lang='lat' dir='ltr'><strong>apum</strong></span> <span class='ocrx_word' id='word_1_610' title='bbox 1509 5617 1658 5658; x_wconf 85' lang='lat' dir='ltr'><strong>more</strong></span> <span class='ocrx_word' id='word_1_611' title='bbox 1688 5603 1741 5657; x_wconf 91' lang='lat' dir='ltr'><strong>in</strong></span> <span class='ocrx_word' id='word_1_612' title='bbox 1770 5604 1949 5659; x_wconf 85' lang='lat' dir='ltr'><strong>alvea-</strong></span> 
     </span>
    </p>
   </div>
   <div class='ocr_carea' id='block_1_86' title="bbox 372 5692 1949 5760">
    <p class='ocr_par' dir='ltr' id='par_1_86' title="bbox 372 5692 1949 5760">
     <span class='ocr_line' id='line_1_86' title="bbox 372 5692 1949 5760; baseline 0.004 -17"><span class='ocrx_word' id='word_1_613' title='bbox 372 5705 523 5744; x_wconf 81' lang='lat' dir='ltr'><strong>reum</strong></span> <span class='ocrx_word' id='word_1_614' title='bbox 576 5700 879 5760; x_wconf 87' lang='lat' dir='ltr'><strong>congestos,</strong></span> <span class='ocrx_word' id='word_1_615' title='bbox 921 5692 1074 5746; x_wconf 88' lang='lat' dir='ltr'><strong>nobis</strong></span> <span class='ocrx_word' id='word_1_616' title='bbox 1114 5693 1291 5747; x_wconf 83' lang='lat' dir='ltr'><strong>favum</strong></span> <span class='ocrx_word' id='word_1_617' title='bbox 1329 5709 1450 5747; x_wconf 86' lang='lat' dir='ltr'><strong>cum</strong></span> <span class='ocrx_word' id='word_1_618' title='bbox 1492 5694 1649 5749; x_wconf 89' lang='lat' dir='ltr'><strong>melle</strong></span> <span class='ocrx_word' id='word_1_619' title='bbox 1679 5696 1949 5751; x_wconf 81' lang='lat' dir='ltr'><strong>odorifero</strong></span> 
     </span>
    </p>
   </div>
   <div class='ocr_carea' id='block_1_87' title="bbox 366 5774 1935 5854">
    <p class='ocr_par' dir='ltr' id='par_1_87' title="bbox 366 5774 1935 5854">
     <span class='ocr_line' id='line_1_87' title="bbox 366 5774 1935 5854; baseline 0.007 -24"><span class='ocrx_word' id='word_1_620' title='bbox 366 5777 645 5846; x_wconf 86' lang='lat' dir='ltr'><strong>porrigere</strong></span> <span class='ocrx_word' id='word_1_621' title='bbox 666 5793 772 5832; x_wconf 90' lang='lat' dir='ltr'><strong>non</strong></span> <span class='ocrx_word' id='word_1_622' title='bbox 797 5776 1094 5847; x_wconf 79' lang='lat' dir='ltr'><strong>negligatis.</strong></span> <span class='ocrx_word' id='word_1_623' title='bbox 1121 5778 1260 5850; x_wconf 81' lang='lat' dir='ltr'><strong>Ergo</strong></span> <span class='ocrx_word' id='word_1_624' title='bbox 1290 5781 1470 5851; x_wconf 83' lang='lat' dir='ltr'><strong>itaque</strong></span> <span class='ocrx_word' id='word_1_625' title='bbox 1496 5785 1652 5839; x_wconf 90' lang='lat' dir='ltr'><strong>modo</strong></span> <span class='ocrx_word' id='word_1_626' title='bbox 1678 5774 1809 5854; x_wconf 74' lang='lat' dir='ltr'><strong>opus</strong></span> <span class='ocrx_word' id='word_1_627' title='bbox 1836 5786 1935 5841; x_wconf 86' lang='lat' dir='ltr'><strong>hoc</strong></span> 
     </span>
    </p>
   </div>
   <div class='ocr_carea' id='block_1_88' title="bbox 2045 5243 3631 5316">
    <p class='ocr_par' dir='ltr' id='par_1_88' title="bbox 2045 5243 3631 5316">
     <span class='ocr_line' id='line_1_88' title="bbox 2045 5243 3631 5316; baseline -0.001 -17"><span class='ocrx_word' id='word_1_628' title='bbox 2045 5245 2383 5311; x_wconf 88' lang='lat' dir='ltr'><strong>occasiones,</strong></span> <span class='ocrx_word' id='word_1_629' title='bbox 2414 5259 2484 5299; x_wconf 90' lang='lat' dir='ltr'><strong>nc</strong></span> <span class='ocrx_word' id='word_1_630' title='bbox 2514 5252 2676 5299; x_wconf 61' lang='lat' dir='ltr'><strong>tanta</strong></span> <span class='ocrx_word' id='word_1_631' title='bbox 2703 5245 2862 5299; x_wconf 90' lang='lat' dir='ltr'><strong>molis</strong></span> <span class='ocrx_word' id='word_1_632' title='bbox 2894 5259 3031 5315; x_wconf 89' lang='lat' dir='ltr'><strong>opus</strong></span> <span class='ocrx_word' id='word_1_633' title='bbox 3060 5244 3399 5316; x_wconf 87' lang='lat' dir='ltr'><strong>ingentisque</strong></span> <span class='ocrx_word' id='word_1_634' title='bbox 3428 5243 3631 5300; x_wconf 80' lang='lat' dir='ltr'><strong>laboris</strong></span> 
     </span>
    </p>
   </div>
   <div class='ocr_carea' id='block_1_89' title="bbox 2047 5325 3627 5408">
    <p class='ocr_par' dir='ltr' id='par_1_89' title="bbox 2047 5325 3627 5408">
     <span class='ocr_line' id='line_1_89' title="bbox 2047 5325 3627 5408; baseline -0.001 -18"><span class='ocrx_word' id='word_1_635' title='bbox 2047 5335 2264 5401; x_wconf 89' lang='lat' dir='ltr'><strong>subeas,</strong></span> <span class='ocrx_word' id='word_1_636' title='bbox 2311 5342 2366 5391; x_wconf 91' lang='lat' dir='ltr'><strong>et</strong></span> <span class='ocrx_word' id='word_1_637' title='bbox 2409 5337 2735 5405; x_wconf 88' lang='lat' dir='ltr'><strong>respondere</strong></span> <span class='ocrx_word' id='word_1_638' title='bbox 2764 5337 2913 5392; x_wconf 89' lang='lat' dir='ltr'><strong>nisus</strong></span> <span class='ocrx_word' id='word_1_639' title='bbox 2948 5336 3117 5393; x_wconf 87' lang='lat' dir='ltr'><strong>fueris</strong></span> <span class='ocrx_word' id='word_1_640' title='bbox 3139 5352 3240 5392; x_wconf 91' lang='lat' dir='ltr'><strong>cur</strong></span> <span class='ocrx_word' id='word_1_641' title='bbox 3268 5325 3372 5392; x_wconf 87' lang='lat' dir='ltr'><strong>non</strong></span> <span class='ocrx_word' id='word_1_642' title='bbox 3406 5337 3627 5408; x_wconf 86' lang='lat' dir='ltr'><strong>proprio</strong></span> 
     </span>
    </p>
   </div>
   <div class='ocr_carea' id='block_1_90' title="bbox 2047 5425 3626 5498">
    <p class='ocr_par' dir='ltr' id='par_1_90' title="bbox 2047 5425 3626 5498">
     <span class='ocr_line' id='line_1_90' title="bbox 2047 5425 3626 5498; baseline 0.001 -18"><span class='ocrx_word' id='word_1_643' title='bbox 2047 5425 2244 5481; x_wconf 90' lang='lat' dir='ltr'><strong>sudore</strong></span> <span class='ocrx_word' id='word_1_644' title='bbox 2272 5441 2367 5483; x_wconf 90' lang='lat' dir='ltr'><strong>eos</strong></span> <span class='ocrx_word' id='word_1_645' title='bbox 2402 5425 2630 5498; x_wconf 86' lang='lat' dir='ltr'><strong>legendo</strong></span> <span class='ocrx_word' id='word_1_646' title='bbox 2662 5427 2933 5497; x_wconf 88' lang='lat' dir='ltr'><strong>perlustro</strong></span> <span class='ocrx_word' id='word_1_647' title='bbox 2978 5426 3145 5483; x_wconf 89' lang='lat' dir='ltr'><strong>libros</strong></span> <span class='ocrx_word' id='word_1_648' title='bbox 3179 5444 3245 5483; x_wconf 80' lang='lat' dir='ltr'><strong>ex</strong></span> <span class='ocrx_word' id='word_1_649' title='bbox 3279 5428 3478 5498; x_wconf 85' lang='lat' dir='ltr'><strong>quibus</strong></span> <span class='ocrx_word' id='word_1_650' title='bbox 3513 5428 3626 5484; x_wconf 73' lang='lat' dir='ltr'><strong>hzuc</strong></span> 
     </span>
    </p>
   </div>
   <div class='ocr_carea' id='block_1_91' title="bbox 2048 5515 3629 5589">
    <p class='ocr_par' dir='ltr' id='par_1_91' title="bbox 2048 5515 3629 5589">
     <span class='ocr_line' id='line_1_91' title="bbox 2048 5515 3629 5589; baseline 0.001 -18"><span class='ocrx_word' id='word_1_651' title='bbox 2048 5515 2164 5571; x_wconf 78' lang='lat' dir='ltr'><strong>ﬁeri</strong></span> <span class='ocrx_word' id='word_1_652' title='bbox 2205 5516 2424 5581; x_wconf 89' lang='lat' dir='ltr'><strong>mando,</strong></span> <span class='ocrx_word' id='word_1_653' title='bbox 2455 5524 2510 5572; x_wconf 88' lang='lat' dir='ltr'><strong>et</strong></span> <span class='ocrx_word' id='word_1_654' title='bbox 2536 5532 2765 5589; x_wconf 73' lang='lat' dir='ltr'><strong>quaeque</strong></span> <span class='ocrx_word' id='word_1_655' title='bbox 2807 5517 3062 5573; x_wconf 87' lang='lat' dir='ltr'><strong>libuerint</strong></span> <span class='ocrx_word' id='word_1_656' title='bbox 3098 5518 3438 5589; x_wconf 88' lang='lat' dir='ltr'><strong>decerpendo</strong></span> <span class='ocrx_word' id='word_1_657' title='bbox 3481 5517 3629 5573; x_wconf 80' lang='lat' dir='ltr'><strong>colli-</strong></span> 
     </span>
    </p>
   </div>
   <div class='ocr_carea' id='block_1_92' title="bbox 2048 5602 3623 5680">
    <p class='ocr_par' dir='ltr' id='par_1_92' title="bbox 2048 5602 3623 5680">
     <span class='ocr_line' id='line_1_92' title="bbox 2048 5602 3623 5680; baseline 0 -19"><span class='ocrx_word' id='word_1_658' title='bbox 2048 5622 2192 5675; x_wconf 84' lang='lat' dir='ltr'><strong>gam,</strong></span> <span class='ocrx_word' id='word_1_659' title='bbox 2221 5607 2289 5663; x_wconf 90' lang='lat' dir='ltr'><strong>ad</strong></span> <span class='ocrx_word' id='word_1_660' title='bbox 2321 5608 2435 5663; x_wconf 68' lang='lat' dir='ltr'><strong>haec</strong></span> <span class='ocrx_word' id='word_1_661' title='bbox 2463 5616 2662 5663; x_wconf 73' lang='lat' dir='ltr'><strong>vestrae</strong></span> <span class='ocrx_word' id='word_1_662' title='bbox 2706 5602 2993 5664; x_wconf 78' lang='lat' dir='ltr'><strong>charitatis</strong></span> <span class='ocrx_word' id='word_1_663' title='bbox 3030 5609 3309 5680; x_wconf 85' lang='lat' dir='ltr'><strong>vigilantia</strong></span> <span class='ocrx_word' id='word_1_664' title='bbox 3354 5608 3623 5670; x_wconf 77' lang='lat' dir='ltr'><strong>intendat,</strong></span> 
     </span>
    </p>
   </div>
   <div class='ocr_carea' id='block_1_93' title="bbox 2055 5697 3626 5770">
    <p class='ocr_par' dir='ltr' id='par_1_93' title="bbox 2055 5697 3626 5770">
     <span class='ocr_line' id='line_1_93' title="bbox 2055 5697 3626 5770; baseline -0.003 -18"><span class='ocrx_word' id='word_1_665' title='bbox 2055 5699 2309 5767; x_wconf 83' lang='lat' dir='ltr'><strong>quoniam</strong></span> <span class='ocrx_word' id='word_1_666' title='bbox 2360 5698 2503 5754; x_wconf 86' lang='lat' dir='ltr'><strong>nulla</strong></span> <span class='ocrx_word' id='word_1_667' title='bbox 2547 5698 2700 5753; x_wconf 89' lang='lat' dir='ltr'><strong>nobis</strong></span> <span class='ocrx_word' id='word_1_668' title='bbox 2743 5698 3003 5754; x_wconf 86' lang='lat' dir='ltr'><strong>librorum</strong></span> <span class='ocrx_word' id='word_1_669' title='bbox 3030 5700 3188 5770; x_wconf 84' lang='lat' dir='ltr'><strong>copia</strong></span> <span class='ocrx_word' id='word_1_670' title='bbox 3218 5709 3273 5754; x_wconf 90' lang='lat' dir='ltr'><strong>ut</strong></span> <span class='ocrx_word' id='word_1_671' title='bbox 3302 5698 3419 5753; x_wconf 66' lang='lat' dir='ltr'><strong>hare</strong></span> <span class='ocrx_word' id='word_1_672' title='bbox 3448 5697 3626 5752; x_wconf 82' lang='lat' dir='ltr'><strong>facere</strong></span> 
     </span>
    </p>
   </div>
   <div class='ocr_carea' id='block_1_94' title="bbox 2047 5787 3627 5859">
    <p class='ocr_par' dir='ltr' id='par_1_94' title="bbox 2047 5787 3627 5859">
     <span class='ocr_line' id='line_1_94' title="bbox 2047 5787 3627 5859; baseline 0.001 -18"><span class='ocrx_word' id='word_1_673' title='bbox 2047 5787 2331 5855; x_wconf 82' lang='lat' dir='ltr'><strong>possimus,</strong></span> <span class='ocrx_word' id='word_1_674' title='bbox 2366 5791 2687 5857; x_wconf 76' lang='lat' dir='ltr'><strong>suppeditat,</strong></span> <span class='ocrx_word' id='word_1_675' title='bbox 2720 5790 2930 5843; x_wconf 74' lang='lat' dir='ltr'><strong>etiamsi</strong></span> <span class='ocrx_word' id='word_1_676' title='bbox 2958 5789 3197 5859; x_wconf 81' lang='lat' dir='ltr'><strong>parvitas</strong></span> <span class='ocrx_word' id='word_1_677' title='bbox 3221 5788 3397 5844; x_wconf 86' lang='lat' dir='ltr'><strong>obtusi</strong></span> <span class='ocrx_word' id='word_1_678' title='bbox 3427 5803 3627 5844; x_wconf 80' lang='lat' dir='ltr'><strong>sensus</strong></span> 
     </span>
    </p>
   </div>
  </div>
