3958 6204
197 396 278 455 ιιι
1251 431 1257 435 .
1413 374 1767 446 ϐὺΜΜΕΝΤ.
1808 388 1876 444 lN
1914 389 2238 448 GENESIM.
3345 394 3450 448 “2

199 506 347 567 nostri
394 505 626 576 vigeret,
670 505 795 560 dum
839 504 892 558 in
936 501 1213 573 episcopio
1261 510 1463 556 nostrze
1507 502 1762 572 parvitati
1790 499 1840 565 Α
1868 505 1979 559 cies
2007 512 2257 560 teruntur
2291 507 2575 572 mortario,
2605 514 2913 578 coquuntur
2952 508 3097 577 igne,
3138 508 3324 577 sicque
3368 523 3452 564 se-

196 598 467 658 oommisso
495 611 593 654 nec
622 593 781 682 ipsos.
797 595 931 652 Novi
962 596 1281 665 Veterisque
1310 594 1644 650 Testamenti
1671 609 1761 649 ca-
1866 596 2111 651 micoctte
2133 596 2383 653 famelico
2408 598 2572 683 anxio
2597 608 2936 668 opponantur
2966 617 2979 652 :
3013 613 3240 669 quaeque
3262 600 3451 654 imma—

196 692 398 749 nonicos
439 690 617 760 reperi
656 689 846 754 libros,
889 688 1060 743 multo
1098 688 1278 743 minus
1312 687 1508 741 borum
1547 686 1763 756 exposi-
1866 693 1989 740 ture
2024 694 2151 742 sunt
2187 697 2457 743 consecue
2492 703 2598 742 non
2631 697 2841 758 gratum
2870 704 3119 760 saporem
3144 690 3448 759 percipien-

195 783 380 846 tiones;
429 796 534 836 nec
580 780 746 835 etiam
797 779 902 847 hoc
947 788 1185 833 vestram
1235 777 1576 847 prudentiam
1632 777 1763 831 latet
1863 775 2010 831 tibus
2071 786 2351 848 praestant.
2408 778 2753 849 Quapropter
2792 795 2852 835 ea
2878 796 2999 851 quae
3043 796 3162 836 mea
3207 782 3450 850 part-itas

195 870 317 942 quod
340 869 514 926 multo
542 869 765 925 suavius
787 869 859 924 ab
885 869 1158 924 esuriente
1200 868 1289 923 hic
1327 868 1564 922 sumitur
1603 866 1760 923 cibus
1864 878 2061 925 vestrae
2102 871 2332 942 injungit
2372 872 2720 939 fraternitati,
2750 875 2841 945 qui
2870 875 3121 933 fiduciam
3144 877 3210 930 de
3241 886 3329 932 tua
3359 878 3444 931 di—

194 962 412 1031 quicum
442 957 739 1030 fragrantia
764 958 1129 1029 pretiosorum
1161 957 1577 1028 pigmentorum,
1621 964 1759 1009 tem-
1862 958 2096 1017 lectione
2140 964 2300 1018 simul
2337 973 2391 1020 et
2437 966 2745 1021 obedientia
2786 966 2979 1033 habeo,
3021 978 3080 1023 ut
3121 970 3272 1025 ocius
3312 972 3447 1024 tanti

192 1064 313 1120 pore.
338 1056 669 1120 opportuno,
708 1046 776 1101 ab
817 1046 999 1117 aliquo
1040 1046 1436 1101 rationabiliter
1457 1051 1542 1099 est
1567 1043 1755 1099 condi-
1840 1052 2043 1123 -0peris
2082 1054 2321 1108 studium
2359 1056 2640 1122 adhibeas,
2676 1057 2997 1115 fiducialitcr
3027 1060 3252 1130 impero.
3281 1061 3444 1126 Bene,

195 1148 279 1204 tus,
305 1154 472 1208 quam
501 1138 594 1192 ille
620 1137 713 1208 qui
736 1138 894 1192 inerti
916 1137 1191 1207 colligitur
1217 1137 1436 1192 labore:
1461 1145 1516 1192 et
1538 1135 1755 1206 quando
1866 1142 2054 1209 frater,
2082 1145 2284 1212 valeas,
2309 1147 2591 1216 nostrique
2620 1150 2836 1205 assidue
2874 1165 3081 1205 memor
3112 1150 3227 1206 (ius,

186 1225 278 1294 jam
304 1233 439 1288 hora
470 1232 720 1288 vescendi
765 1239 871 1297 est,
913 1239 1028 1286 tum
1073 1232 1308 1300 primum
1355 1230 1582 1286 diversa:
1633 1242 1754 1299 spe-

1702 1366 2055 1380 *—

1336 1445 1703 1510 BABANUS
1754 1444 2254 1534 FnECULeHO.
2344 1503 2353 1512 .

246 1720 721 1778 Reverendissimo
749 1709 921 1796 atque
952 1720 1299 1776 sanctissimo
1337 1719 1487 1776 Patri
1515 1720 1750 1776 Fnecrzn-
1776 1724 1823 1784 B
1853 1729 2000 1778 trum
2032 1723 2321 1778 traditione
2344 1723 2590 1789 haberet,
2618 1732 2674 1779 et
2699 1737 2818 1793 quae
2843 1735 2908 1778 ex
2938 1721 3205 1793 parvitate
3233 1732 3441 1789 nostra,

182 1828 289 1877 eno,
320 1811 583 1870 Deidono
608 1812 887 1884 episcopo,
910 1811 1163 1869 RABANUS
1183 1821 1436 1883 peccator
1458 1813 1513 1868 in
1530 1812 1752 1869 Christo
1854 1813 1983 1870 licet
2025 1829 2275 1870 sermone
2320 1815 2546 1880 rustico,
2585 1823 2787 1881 tamen,
2834 1824 2893 1870 ut
2938 1816 3120 1881 credo,
3161 1831 3319 1872 sensu
3347 1834 3440 1873 ca-

188 1905 415 1961 salutem.
1330 1894 1335 1897 ’
1382 1890 1387 1899 ’
1852 1904 2056 1960 tholico
2080 1905 2324 1976 exposita
2354 1905 2639 1961 inveniret.
2671 1904 2844 1970 Unde,
2875 1905 3044 1961 frater
3073 1907 3441 1972 sanctissime,

243 1994 550 2066 Magnorum
589 1994 831 2049 virorum
877 2007 1142 2049 conamen
1189 1993 1488 2063 antiquitus
1528 1991 1648 2057 fuit.
1687 2000 1748 2047 ιιι
1851 1997 2052 2053 obnixe
2086 1997 2346 2067 deprecor
2385 2005 2446 2051 ut
2488 2012 2625 2065 opus
2648 1997 2791 2066 quod
2819 1996 2984 2051 nimia
3017 1997 3381 2067 postulatione
3411 2015 3441 2053 a

190 2085 394 2140 invicem
439 2084 760 2150 scribendo,
799 2099 893 2140 sua
923 2091 1283 2154 provocarent
1306 2083 1484 2139 studia
1515 2097 1570 2137 ct
1591 2098 1750 2138 cxcr—
1852 2104 1940 2144 me
1969 2088 2271 2154 extorsisti,
2297 2089 2385 2159 pia
2415 2089 2713 2143 intentione
2745 2087 2970 2158 relegas,
3000 2088 3285 2158 diligenter
3313 2106 3441 2145 exa-

188 2183 354 2230 cerent
381 2175 617 2246 ingenia.
643 2175 798 2243 Quod
841 2174 967 2232 licet
1001 2182 1188 2233 eorum
1218 2174 1463 2244 exemplo
1493 2175 1751 2229 moderno
1852 2180 2025 2235 mines
2055 2199 2066 2233 :
2098 2187 2155 2234 ct
2198 2179 2371 2235 sicubi
2410 2179 2750 2234 correctione
2785 2194 2920 2249 Opus
2956 2180 3047 2246 sit,
3079 2178 3324 2235 fraterno
3355 2181 3437 2234 af-

188 2277 411 2337 tempore
442 2281 619 2339 agere
667 2267 994 2334 decreveris,
1040 2275 1219 2321 tamen
1248 2265 1530 2321 mirandus
1560 2266 1612 2319 in
1648 2265 1751 2319 hoc
1851 2267 1993 2323 fectu
2027 2269 2129 2324 hoc
2157 2267 2289 2324 mihi
2330 2269 2583 2324 intimare
2616 2284 2725 2324 non
2754 2270 2954 2333 tardes,
3000 2278 3059 2324 ut
3103 2284 3167 2325 ea
3216 2286 3335 2340 qua:
3382 2270 3435 2326 in

187 2372 235 2413 es
259 2358 839 2428 quod-convenientem
867 2373 1155 2427 personam
1199 2357 1269 2411 ad
1307 2357 1448 2413 istud
1486 2371 1749 2412 conamen

1874 2360 2016 2416 rariis
2054 2362 2501 2433 occupationibus
2539 2353 2792 2418 detentus"
2818 2362 3043 2418 forsitan
3076 2363 3288 2418 incaute
3311 2378 3437 2432 pro-

189 2465 278 2503 non
299 2448 613 2520 quaesieris:
644 2463 766 2504 cum
800 2456 909 2503 tam
938 2447 1097 2502 vilem
1137 2455 1300 2517 atque
1349 2446 1639 2502 inhabilem
1681 2446 1750 2499 ad
1850 2451 1968 2516 tuli,
1996 2462 2086 2507 tua
2112 2451 2479 2507 admonitione
2502 2460 2826 2519 conventus,
2856 2453 3129 2523 corrigere
3156 2451 3434 2508 studeam:

191 2540 276 2595 hoc
318 2536 552 2595 cilicium
602 2538 878 2615 hominem
933 2537 1183 2609 elegeris,
1229 2537 1326 2623 cui.
1359 2551 1461 2592 nec
1507 2535 1750 2591 scientiae
1851 2549 1909 2595 ut
1938 2549 1993 2595 et
2019 2542 2112 2611 qui
2143 2542 2405 2608 seminat,
2436 2542 2597 2598 simul
2626 2544 2877 2615 gaudeat,
2915 2551 2971 2600 et
2998 2544 3090 2614 qui
3120 2544 3293 2609 metit,
3325 2543 3438 2599 fru-
3514 2535 3521 2542 ’

190 2644 318 2700 opes,
340 2646 438 2687 nec
459 2630 782 2701 eloquentiae
800 2629 1030 2697 facultas
1055 2630 1198 2685 vires
1225 2629 1750 2685 tribuunt:maxime
1848 2637 2104 2702 clumque
2158 2632 2365 2701 pariter
2431 2630 2759 2705 congregent
2818 2635 3226 2705 sempiternum.
3293 2635 3436 2706 Lege

192 2736 295 2776 cum
316 2722 370 2777 in
395 2723 611 2778 deserto
654 2720 821 2775 rurali
863 2736 1027 2791 opere
1076 2721 1249 2792 magis
1297 2720 1577 2775 institutus
1620 2719 1744 2783 sim,
1848 2732 1979 2789 ergo
2003 2728 2248 2776 veterum
2276 2721 2460 2787 libros,
2495 2732 2551 2778 et
2578 2723 2712 2795 legis
2738 2725 2833 2780 Dei
2867 2725 3107 2780 intentus
3144 2725 3435 2780 meditator

193 2810 374 2866 victum
401 2811 636 2883 propriis
669 2812 920 2867 manibus
947 2826 1212 2882 quaarcre,
1242 2826 1404 2881 quam
1436 2811 1642 2868 urbana
1666 2809 1746 2864 fa-
1849 2809 2043 2876 existe,
2070 2809 2431 2882 doctorisque,
2457 2812 2599 2868 sicut
2621 2814 2718 2869 tibi
2750 2813 3047 2884 iniunctum
3063 2823 3167 2880 est,
3190 2814 3436 2870 ministe-

161 2896 366 2955 ‘cnndia
386 2898 551 2957 libros
578 2901 832 2956 condere.
889 2900 1167 2970 lnjunxisti
1211 2902 1357 2957 enim
1406 2901 1539 2956 mihi
1586 2916 1746 2971 nego—
1849 2901 1991 2956 rium
2027 2909 2248 2958 strenue
2277 2918 2497 2974 perage.
2522 2902 2590 2959 Et
2610 2904 2848 2975 primum
2882 2921 2945 2960 ex
2972 2905 3110 2960 libro
3140 2904 3431 2967 Geneseos,

193 2989 309 3044 tium
333 2990 470 3045 ultra
495 2992 753 3046 virtutem
776 3007 950 3047 meam
978 3010 991 3046 :
1024 2999 1079 3047 ul
1103 2990 1530 3047 Pentateuchum
1552 2990 1742 3063 Moysi,
1850 3006 1948 3063 per
1971 3007 2152 3049 rerum
2178 2994 2524 3051 invisibilium
2554 2997 2882 3051 creationem
2906 2997 3255 3051 invisibilium
3269 2997 3436 3052 medi-

193 3080 418 3152 perlectis
472 3094 786 3153 sanctorum
834 3084 1056 3141 Patrum
1114 3099 1500 3156 usquequaque
1553 3083 1745 3149 dictis,
1774 3076 1820 3139 C
1852 3086 1987 3141 teris
2001 3084 2368 3154 eﬂ'ectum,‘ac
2381 3088 2446 3143 de
2469 3089 2718 3144 machina
2740 3086 3038 3157 corporalis
3060 3087 3244 3141 mundi
3269 3086 3432 3156 spiri-

192 3176 332 3231 simul
374 3192 592 3233 sensum
633 3177 826 3233 litterae
865 3192 930 3232 ac
973 3176 1270 3247 spiritualis
1294 3175 1661 3247 intelligentia:
1690 3175 1746 3229 in
1852 3177 2049 3233 tualem
2090 3178 2316 3248 exquire
2363 3177 2805 3251 intelligentiam;
2860 3178 3046 3248 sicque
3096 3177 3289 3232 deinde
3339 3191 3435 3245 per

193 3266 440 3324 volumine
479 3268 781 3339 digererem
809 3287 823 3323 :
849 3276 905 3325 et
939 3283 1005 3325 ea
1057 3284 1177 3339 quae
1220 3269 1289 3324 ab
1336 3267 1455 3322 aliis
1502 3266 1746 3337 exposita
1849 3265 2074 3322 Patrum
2130 3269 2445 3324 historicam
2506 3272 2914 3341 generationem
2983 3276 3185 3324 sanctae
3240 3267 3430 3321 Eccle-

194 3372 286 3412 non
326 3358 619 3415 invenirem
669 3361 892 3432 proprio
937 3359 1120 3416 labore
1157 3358 1444 3415 enucleare
1474 3374 1743 3415 curarem.
1850 3359 1945 3414 sia:
1996 3358 2281 3430 mysticam
2320 3361 2500 3416 edisce
2540 3360 2925 3416 fecunditatem
2952 3400 2966 3425 ,
3017 3359 3315 3429 moralique
3351 3358 3431 3412 in-

196 3448 373 3505 Verum
398 3452 514 3508 bzec
531 3461 794 3525 quantum
829 3466 1003 3507 meam
1037 3450 1458 3522 possibilitatem
1484 3451 1751 3507 excedant
1813 3470 1823 3477 ·
1852 3449 2067 3506 tellectu
2128 3448 2460 3506 sufﬁcienter
2521 3451 2819 3507 instructus
2841 3491 2857 3518 ,
2943 3466 3042 3521 per
3098 3450 3431 3521 patriarcha-

199 3545 245 3590 ιιι
271 3540 450 3596 melius
474 3542 639 3609 nosti,
671 3557 793 3597 cum
822 3541 877 3596 in
903 3539 1215 3597 difﬁcillimo
1249 3539 1369 3596 loco
1398 3554 1753 3604 conversaris,
1850 3556 1969 3595 rum
2001 3539 2067 3596 de
2087 3540 2207 3596 loco
2248 3540 2302 3595 in
2335 3541 2512 3597 locum
2550 3542 3076 3613 transmigrationem
3111 3550 3352 3597 nostram
3379 3542 3432 3596 in

195 3641 395 3703 propter
436 3650 625 3690 curam
672 3634 855 3706 gregis
892 3633 1178 3698 Dominici,
1231 3647 1301 3688 ne
1345 3624 1396 3687 ei
1442 3631 1748 3688 necessaria
1852 3632 1956 3686 hoc
1974 3631 2175 3687 mundo
2198 3633 2481 3688 considera
2502 3633 3238 3704 peregrinationem:quibus
3254 3635 3431 3689 hrere-

196 3722 350 3778 desint
376 3732 578 3780 tantum
605 3736 898 3795 occupatus
943 3724 1067 3791 sim,
1118 3732 1180 3778 ut
1217 3738 1319 3779 nec
1354 3723 1583 3779 aliorum
1605 3723 1749 3779 dicta
1851 3723 1993 3780 ditas
2020 3738 2126 3778 non
2150 3724 2205 3779 in
2227 3725 2506 3794 prmsenti,
2529 3726 2623 3780 sed
2639 3726 2701 3780 in
2722 3724 2902 3779 futura
2936 3725 3045 3778 vita
3074 3725 3428 3794 promittitur,

194 3813 467 3884 perlegere,
499 3829 601 3871 nec
626 3815 848 3885 propria
889 3814 1201 3886 excogitare
1243 3813 1420 3869 liceat.
1471 3812 1580 3870 Sed
1623 3814 1747 3883 quia
1851 3813 1980 3884 quia
2002 3813 2144 3868 Deus
2168 3814 2396 3869 Deorum
2419 3814 2677 3869 videbitur
2702 3815 2756 3867 in
2784 3813 2936 3869 Sion.
2962 3812 3039 3867 De
3068 3824 3265 3867 caetero
3300 3829 3428 3882 quo-

196 3910 289 3957 tuaa
310 3905 548 3961 charitati
577 3906 780 3976 aliquid
807 3906 1074 3977 denegare
1104 3920 1212 3961 non
1237 3906 1429 3971 audeo,
1458 3919 1559 3960 nec
1582 3906 1749 3960 etiam
1850 3921 1956 3976 que
1980 3906 2209 3962 obsecro
2235 3915 2294 3960 ut
2317 3906 2666 3961 commissum
2691 3906 2786 3960 tibi
2812 3920 2948 3975 opus
2980 3920 3044 3960 ea
3074 3913 3255 3959 mente
3282 3904 3428 3958 acci-

197 4003 291 4048 tum
332 3998 594 4053 sanctitati
644 3997 961 4054 inobediens
999 4012 1121 4054 esse
1161 3997 1342 4063 velim,
1386 3997 1591 4053 arctius
1622 3997 1748 4053 huic
1847 4002 1967 4073 pias
1996 4016 2101 4073 qua
2129 4002 2225 4057 tibi
2256 4001 2522 4057 directum
2559 4008 2667 4068 est,
2715 4008 2771 4056 et
2806 4009 2917 4055 tam
2948 4001 3052 4055 tuis
3075 4015 3235 4070 quam
3262 3998 3425 4052 etiam

197 4100 274 4141 me
297 4089 435 4157 operi
464 4074 791 4159 mancipavi,
836 4097 897 4144 ut
929 4098 1193 4159 quantum
1233 4090 1491 4153 valerem,
1529 4098 1634 4144 tute
1662 4103 1744 4145 sa-
1850 4103 2061 4148 tuorum
2101 4092 2425 4166 utilitatibus
2463 4093 2636 4164 ipsum
2673 4091 3049 4148 accommodes
3082 4108 3094 4144 :
3129 4104 3229 4143 nec
3258 4089 3422 4144 etiam

196 4173 474 4234 tislacerem
506 4178 793 4245 voluntati,
828 4195 933 4234 non
967 4180 1113 4250 quod
1143 4180 1296 4245 mihi,
1330 4180 1423 4235 sed
1457 4180 1600 4248 quod
1626 4178 1748 4233 aliis
1849 4186 1895 4241 si
1918 4184 2078 4240 alicui
2110 4184 2177 4240 de
2205 4183 2454 4239 affinibus
2488 4183 2594 4238 tuis
2627 4183 2754 4238 illud
2781 4181 3066 4252 placuerit,
3093 4186 3350 4251 prtestare
3376 4180 3427 4233 ei

197 4264 313 4322 utile
341 4268 424 4333 sit,
456 4270 831 4331 considerans.
859 4269 984 4324 Feci
1011 4271 1155 4325 enim
1186 4271 1327 4325 sicut
1351 4269 1658 4340 postulasti,
1692 4278 1747 4324 et
1849 4277 2102 4349 deneges,
2140 4286 2200 4333 ut
2233 4287 2337 4349 ιυω
2374 4276 2677 4331 dilectionis
2697 4274 2942 4339 affectus,
2976 4289 3040 4328 ac
3068 4273 3239 4329 nostri
3269 4271 3420 4326 labo-

194 4366 477 4414 “mwmm
516 4360 738 4416 Pam’m
785 4361 975 4427 libros,
1021 4362 1077 4417 in
1119 4361 1314 4431 (Ιυίδυε
1348 4361 1511 4417 rebar
1546 4360 1747 4431 διὶίιιιίά
1773 4431 1818 4443 _
1851 4373 1927 4428 ris
1950 4371 2192 4439 effectus,
2224 4372 2601 4443 plurimorum,
2635 4368 2730 4424 Dei
2759 4369 2805 4424 si
2834 4367 3084 4422 voluntas
3109 4365 3200 4430 sit,
3232 4379 3426 4419 consu-

195 4445 539 4506 dcsententiis
582 4450 717 4520 legis
756 4466 1074 4522 expressum
1112 4466 1254 4517 esse,
1302 4458 1562 4521 quantum
1594 4451 1746 4506 licuit

1862 4466 1925 4519 lat
1952 4431 2191 4528 utilitati,
2225 4431 2496 4532 quatenus
2524 4431 2697 4531 magis
2721 4476 2819 4531 pro
2849 4473 3086 4531 expenso
3116 4456 3318 4511 talento
3348 4454 3425 4507 lu-

194 4539 373 4612 perlegi
401 4564 414 4595 ;
443 4551 499 4598 et
537 4543 747 4615 singula
781 4546 1078 4600 secundum
1120 4544 1575 4615 opportunitatem
1616 4544 1741 4611 loci,

1861 4568 1945 4612 cro
1982 4554 2287 4610 mercedem
2328 4551 2674 4623 accipiamus,
2728 4566 2892 4622 quam
2937 4550 3153 4605 detento
3179 4546 3424 4617 atquein

194 4639 338 4695 Ρτουῑ
393 4634 523 4689 mihi
566 4636 700 4691 satis
748 4651 872 4691 esse
921 4636 1237 4701 Videhalm‘.
1292 4636 1518 4702 insemi.
1554 4651 1742 4692 eorum
1851 4656 2051 4704 terram
2073 4645 2305 4712 defosso,
2322 4646 2577 4701 damnum
2599 4659 2700 4714 pro
2722 4643 2986 4714 parcitate
3008 4649 3190 4698 nostra
3215 4640 3415 4696 sentia-

193 4722 475 4780 nominibus
535 4734 661 4782 ante
719 4727 772 4781 in
834 4727 1030 4798 pagina
1086 4728 1421 4797 pramotatis.
1488 4727 1545 4781 Si
1612 4726 1742 4796 quid

1858 4757 1987 4797 mus.
2003 4741 2397 4800 Beatitudinem
2418 4748 2566 4795 tuam
2580 4740 2727 4795 omni
2746 4747 2985 4809 tempore
3004 4737 3141 4793 bene
3154 4734 3421 4790 valentem

194 4823 308 4867 vero
334 4817 498 4886 gratia
540 4818 721 4873 divina
774 4818 995 4889 indigno
1042 4819 1177 4874 mihi
1213 4820 1485 4876 elucidare
1522 4820 1742 4891 dignata

1856 4832 2028 4888 divina
2088 4831 2261 4902 gratia
2304 4828 2606 4897 custodiat,
2653 4837 2840 4886 sancte
2885 4827 3066 4893 Pater,
3124 4839 3419 4882 memorem

194 4910 286 4967 εει,
320 4905 370 4961 iu
410 4906 540 4970 locis
586 4911 912 4966 necessariis
936 4911 1098 4966 simul
1130 4927 1253 4973 cum
1280 4920 1406 4967 nota
1441 4912 1745 4982 agnominis
1846 4926 2037 4985 nostri.

194 4994 290 5050 luci
331 4997 638 5074 interposui,
686 5010 954 5073 quatenus
997 5003 1160 5060 sciret
1204 5003 1377 5060 lector
1405 5017 1527 5074 quae
1551 5018 1617 5058 ex
1641 5003 1744 5059 Pa-
