3974 6200
1214 360 1276 416 Β.
1317 357 1574 414 RABANI
1611 355 1831 414 MAUﬁl
1865 353 2188 414 ARCHIEP.
2228 355 2542 414 MOGUNT.
2581 355 2867 414 OPEBUM
2891 353 3071 411 PARS
3108 355 3148 410 Ι.
3685 362 3770 414 ιιι

1960 582 2366 694 INCIPIUNT

1113 806 2179 926 CGMMENTARIA
2269 805 2414 920 IN
2487 732 3166 920 sorua-sm.

1787 1168 2090 1244 LIBER
2160 1164 2576 1244 PRIMUS.

1013 1457 1238 1513 CAPUT
1305 1453 1595 1510 PRIMUM.

919 1550 996 1604 De
1030 1551 1291 1602 creatione
1319 1547 1430 1601 caeli
1453 1558 1498 1600 et
1529 1556 1698 1600 terra’.

593 1644 747 1714 (CAP.
778 1643 844 1714 l.)
871 1642 934 1700 In
954 1641 1208 1712 principio
1229 1639 1418 1700 creavit
1445 1635 1864 1697 Deusccehunet
1889 1647 2102 1690 terram.

524 1732 737 1806 (Beda.)
765 1733 996 1786 Plurima
1019 1745 1188 1800 super.
1206 1744 1384 1794 rerum
1411 1727 1930 1808 naturaphilosophi
1959 1725 2108 1781 Grec-

523 1841 712 1884 conun
753 1825 1198 1894 disputaverunt;
1227 1818 1337 1875 -scd
1384 1817 1744 1888 millusapnd
1791 1833 1884 1871 eos
1930 1823 2108 1870 sermo

529 1918 672 1972 fixus
728 1913 958 1969 habetur
995 1921 1070 1966 .et
1135 1910 1385 1975 stabilis,
1439 1909 1620 1980 priore
1680 1923 1895 1977 semper
1939 1923 1968 1961 a
2019 1922 2105 1962 sc-

436 2045 454 2060 .
523 2015 724 2075 quente
775 2005 1005 2075 dejecto.
1058 2002 1076 2072 (
1094 2001 1369 2072 Ambros.)
1437 1999 1615 2068 Aliqui
1664 2001 1807 2060 enim
1863 1999 2109 2054 homines

524 2099 630 2152 tria
663 2093 1214 2166 principiaoumium,
1258 2091 1425 2147 Deum
1451 2099 1505 2145 et
1524 2091 1799 2160 exemplar
1834 2098 1888 2144 et
1933 2097 2106 2144 mate-

501 2187 679 2251 riam,
708 2183 1022 2247 sicutPlato
1045 2181 1398 2252 discipulique
1425 2180 1662 2251 ejus;.et
1681 2196 1744 2236 ea
1775 2180 2103 2250 incorrupta.

521 2287 576 2332 et
627 2279 864 2334 increata
895 2317 908 2341 ,
962 2284 1018 2330 et
1061 2275 1178 2330 sine
1231 2273 1384 2328 initio
1431 2287 1552 2326 esse
1601 2279 2099 2326 asseveraveram:

498 2371 799 2438 .Dcumque
835 2382 942 2421 non
971 2375 1226 2434 tanquam
1252 2372 1568 2421 creatorem.
1588 2362 1847 2428 materiae,
1874 2362 1966 2417 sed
1990 2368 2107 2417 tan-

519 2474 684 2529 «piam
709 2457 994 2513 artiﬁcem.
1023 2454 1346 2512 Aristoteles
1371 2469 1500 2510 vero
1531 2453 1635 2508 duo
1655 2452 1922 2524 principia
1950 2449 2108 2522 puta-

520 2557 618 2611 vn,
665 2540 948 2602 materiam
979 2553 1032 2599 et
1060 2545 1315 2615 speciem,
1343 2553 1398 2599 et
1427 2544 1646 2598 tertium
1676 2559 1799 2599 cum
1828 2544 1933 2609 his,
1963 2543 2106 2615 quod

495 2637 889 2707 ,Operatorium
915 2637 1134 2702 dicitur,
1163 2637 1248 2694 cui
1275 2643 1587 2706 suppeteret
1605 2643 1972 2704 competenter
1999 2633 2108 2689 etii-

519 2743 642 2784 eere
661 2729 817 2799 λιιιοΔ
849 2743 880 2783 a
904 2729 1496 2802 'oriendumzpntasset.
1533 2728 1607 2782 Ex
1629 2742 1740 2798 quo
1769 2727 1967 2783 factum
1997 2735 2102 2792 est,

2131 1463 2176 1520 Α
2204 1467 2354 1507 cens:
2372 1451 2498 1522 quia
2514 1451 2651 1507 Deus
2663 1452 2782 1522 fecit
2795 1450 2979 1505 cretum
2991 1460 3038 1504 et
3051 1461 3264 1506 terram.
3282 1452 3486 1510 Audisti
3499 1465 3776 1527 auctorem,

2185 1544 2456 1604 dubitare
2470 1561 2576 1600 non
2595 1545 2778 1600 debes.
2795 1545 2928 1614 Quis
2941 1546 3147 1601 dubitet
3160 1547 3284 1616 quia
3298 1549 3437 1607 Deus
3451 1551 3569 1633 haec
3589 1554 3778 1622 fecerit,

2207 1636 2304 1714 qui.
2322 1651 2416 1706 per
2439 1635 2759 1705 Prophetam
2780 1634 2990 1691 locutus
3011 1637 3088 1691 ait
3113 1635 3284 1714 :lQuis
3306 1656 3516 1696 mensus
3540 1655 3617 1698 est
3635 1663 3776 1702 manu

2209 1743 2428 1798 aquam,
2463 1736 2508 1780 et
2537 1725 2720 1780 cwlam
2756 1725 2950 1798 palmo,
2981 1735 3028 1781 et
3059 1727 3352 1784 universam
3380 1739 3576 1788 terram
3615 1735 3777 1792 ciausn

2209 1833 2368 1871 manu
2385 1817 2409 1870 .9
2433 1814 2563 1882 Quis
2581 1815 2762 1869 statuit
2791 1823 2994 1870 montes
3009 1817 3065 1871 in
3085 1814 3226 1871 libra
3241 1827 3295 1872 et
3313 1837 3464 1892 rupes
3480 1823 3540 1876 in
3562 1829 3779 1881 statera!

2211 1905 2345 1979 (Isa.
2374 1903 2541 1978 saw.)
2557 1903 2635 1960 De
2659 1921 2765 1976 quo
2783 1906 2950 1961 etiam
2975 1906 3098 1961 alibi
3124 1905 3348 1978 legimus
3371 1927 3385 1963 :
3406 1909 3664 1976 Quiane!
3689 1916 3778 1968 cir-

2209 1998 2407 2052 cuitum
2441 2006 2614 2063 terrm,
2642 2005 2692 2052 et
2715 2003 2909 2052 terram
2954 1997 3087 2053 velut
3119 1999 3340 2054 nihilum
3359 2001 3655 2080 τεθειαρ.
3677 2007 3774 2076 ιι).

2209 2089 2276 2146 Ει
2305 2089 2686 2146 Jeremiasait:
2711 2090 2814 2154 Dii,
2839 2091 2930 2158 qui
2940 2108 3042 2145 non
3058 2091 3292 2162 fecerunt
3317 2094 3500 2148 (mium
3515 2107 3564 2151 et
3577 2109 3777 2164 terram,
3810 2137 3816 2143 -

2207 2190 2419 2251 pereant
2447 2198 2478 2234 η
2506 2190 2665 2243 terra,
2691 2189 2739 2235 et
2766 2181 2831 2235 de
2855 2181 2936 2235 Itis
2958 2197 3075 2251 quin
3098 2191 3219 2236 sunt
3245 2183 3340 2236 sub
3366 2184 3509 2239 emta.
3543 2187 3780 2242 Dominus

2208 2273 2298 2343 qui
2321 2271 2440 2341 fecit
2463 2281 2658 2326 terram
2680 2273 2734 2325 in
2758 2272 2950 2326 virtute
2965 2289 3084 2338 sua,
3110 2283 3158 2326 et
3181 2276 3402 2329 correxit
3414 2277 3607 2332 .orbern
3635 2279 3685 2334 in
3705 2297 3781 2334 sa-

2208 2363 2404 2432 pientia
2431 2379 2548 2428 sua,
2589 2371 2638 2415 et
2678 2362 2731 2414 in
2772 2379 2868 2416 sua
2909 2363 3188 2432 prudentia
3233 2365 3466 2420 extendit
3503 2367 3707 2431 omium,
3738 2379 3784 2424 et

2209 2453 2597 2509 multitudinem
2645 2471 2795 2526 aqum
2831 2455 2887 2509 in
2932 2454 3059 2511 coelo
3111 2453 3328 2528 (let-em.
3352 2459 3430 2530 κ).
3463 2459 3781 2533 Principium

2211 2552 2392 2599 autem
2420 2542 2656 2600 refertur
2679 2545 2746 2599 ad
2781 2552 3014 2614 tempus,
3045 2539 3139 2601 aut
3167 2547 3573 2616 ad‘numerum,
3611 2562 3702 2606 aut
3723 2553 3783 2608 ad

2210 2635 2642 2692 fundamentum.
2685 2635 2767 2690 Ad
2818 2643 3030 2706 tempus
3074 2636 3330 2705 refertur,
3357 2639 3404 2694 si
3425 2639 3563 2696 velis
3582 2642 3779 2708 dicere,

2209 2725 2264 2781 in
2301 2742 2410 2796 quo
2443 2735 2684 2798 tempore
2723 2725 2852 2782 fecit
2885 2726 3026 2782 Deus
3052 2727 3246 2782 coelum
3273 2737 3328 2784 et
3352 2739 3576 2797 terram,
3605 2733 3660 2788 id
3676 2743 3784 2795 est,

516 2834 580 2879 ιιι
626 2827 812 2891 partes
858 2819 1043 2876 mundi
1097 2819 1228 2876 deos
1255 2836 1375 2876 esse
1402 2819 1708 2886 crederent,
1754 2820 2003 2895 quamvis
2038 2820 2106 2876 de
2135 2819 2181 2878 Β
2211 2816 2264 2871 ἰιι
2285 2816 2512 2872 exordio
2537 2817 2722 2873 mundi
2750 2819 2966 2889 quando
3005 2817 3122 2874 ﬁeri
3171 2821 3354 2892 θωρῆ.
3396 2821 3478 2877 Ad
3508 2840 3784 2878 numerum

515 2909 638 2978 ipso
681 2909 882 2964 mundo
925 2925 1030 2964 non
1084 2909 1368 2965 mediocris
1425 2910 1568 2966 inter
1593 2925 1704 2967 eos
1731 2910 1980 2980 ,quzestio
2012 2911 2104 2966 sit.

521 3001 654 3061 Nam
685 3000 1023 3072 Pythagoras
1051 3019 1216 3056 unum
1258 3003 1516 3056 mundum
1560 3002 1754 3057 asserit
1783 3021 1795 3056 :
1825 3002 1924 3073 alii
1954 3003 2108 3064 innu-

521 3095 812 3153 merabiles
845 3110 965 3152 esse
997 3095 1182 3160 dicunt
1210 3079 1459 3161 mundos,
1503 3105 1562 3149 ut
1599 3095 1790 3152 scribit
1823 3095 2104 3156 Democri-

522 3198 626 3254 tus,
672 3189 762 3244 cui
810 3189 1102 3258 plurimum
1129 3191 1202 3247 de.
1229 3189 1466 3261 physicis
1497 3189 1838 3250 auctoritatis
1865 3199 2106 3248 vetustas

519 3280 728 3338 detulit.
778 3280 1374 3350 Ipsumque.mumlum
1420 3294 1635 3350 semper
1686 3279 1850 3336 fuisse
1889 3290 1955 3336 et-
1985 3281 2106 3337 fore

519 3369 845 3434 Aristoteles
877 3378 1114 3440 ,usurpat
1145 3370 1324 3428 dicere
1351 3388 1362 3424 :
1387 3379 1580 3427 contra
1607 3379 1788 3432 autem
1817 3371 1968 3428 Plato
1998 3389 2104 3449 non

520 3459 950 3532 scmperfnisse
990 3469 1044 3515 et
1088 3475 1302 3530 semper
1348 3460 1466 3517 fore
1515 3461 1792 3532 praesumit
1819 3471 2101 3518 astruere.

521 3551 748 3606 Plurimi
799 3566 926 3606 vero
972 3567 1077 3606 non
1121 3550 1702 3621 fuisse.semper,.nec
1743 3568 1957 3624 semper
1989 3552 2106 3610 fore

517 3645 736 3714 scriptis
765 3645 878 3702 suis
905 3643 1278 3707 testiﬁcantur.
1301 3643 1451 3700 Unde
1475 3645 1656 3700 divino
1681 3644 1891 3718 Spiritu.
1912 3647 2105 3716 praeri-

517 3736 654 3790 dens
697 3744 917 3796 sanctus
965 3735 1177 3807 Moyses
1229 3737 1329 3794 hos
1361 3736 1657 3792 hominum
1702 3752 1916 3792 errores
1963 3737 2102 3804 fore,

517 3827 684 3883 etiam
713 3827 850 3883 forte
879 3829 1128 3898 cmpisse,
1162 3827 1216 3882 in
1244 3827 1468 3884 exordio
1491 3828 1758 3882 sermonis
1783 3827 1866 3882 sui
1887 3829 1964 3883 sic
1987 3829 2062 3882 ait
2085 3846 2099 3885 :

517 3915 584 3972 In
603 3917 868 3987 principio
894 3916 1019 3986 1fecit
1041 3915 1207 3982 Deus,
1237 3925 1344 3972 etc.
1377 3916 1592 3972 Initium
1619 3931 1800 3974 rerum
1826 3925 2102 3972 auctorem

489 4055 496 4065 .
514 4007 729 4074 mundi,
751 4007 1076 4064 creationem
1101 4009 1339 4064 materiae
1358 4008 1838 4079 comprehendens,
1853 4017 1910 4062 ut
1932 4007 2101 4063 Deum

516 4116 875 4172 cognosceres
891 4110 1020 4156 ante
1048 4099 1276 4156 initium.
1295 4100 1478 4154 mundi
1501 4113 1640 4183 esse,
1669 4099 1754 4156 vel
1784 4099 1956 4169 ipsum
1977 4115 2101 4160 esse

2208 2919 2390 2970 antem
2420 2911 2466 2967 si
2491 2909 2718 2976 referas,
2749 2911 2822 2966 ita
2848 2913 3103 2968 convenit
3131 2921 3188 2967 ut
3217 2913 3262 2968 si
3291 2913 3441 2970 dicas
3467 2931 3482 2968 :
3513 2916 3575 2971 In
3606 2917 3788 2988 primis

2183 2999 2336 3056 'fecit
2358 3001 2553 3058 coelum
2577 3009 2632 3057 et
2661 3010 2887 3066 terram,
2915 3003 3109 3058 deinde
3144 3003 3328 3070 colles,
3361 3003 3630 3076 regiones,
3661 3007 3786 3062 ﬁnes

2209 3091 2610 3158 inhabitabiles,
2661 3092 2804 3162 ligna
2847 3091 3147 3160 fructifera,
3193 3095 3357 3159 diem,
3399 3105 3640 3162 noctem,
3677 3098 3789 3153 ani-

2209 3185 2472 3238 mantium
2501 3199 2720 3254 genera.
2757 3183 2971 3255 (Dedin)
3002 3183 3062 3239 Si
3101 3184 3623 3243 ad'fundamcntum
3651 3189 3786 3245 refe-

2209 3289 2300 3328 ras
2339 3273 2690 3344 principium,
2739 3275 3008 3343 quomodo
3039 3275 3090 3329 in
3119 3275 3432 3332 aediﬁcanda
3465 3278 3648 3341 demo,
3691 3279 3785 3333 ini-

2208 3365 2340 3420 tium
2389 3363 2800 3420 fundamentum
2849 3375 2964 3432 est,
3008 3365 3335 3437 principium
3381 3367 3784 3424 fundamentum:

2205 3474 2326 3514 esse
2355 3466 2514 3514 terrae
2547 3456 2985 3530 legisti,~dicente
3007 3457 3334 3529 Sapientia:
3365 3459 3595 3526 Quando
3633 3461 3785 3530 fortia

2207 3548 2328 3618 fecit
2356 3547 2696 3618 fundamenta
2723 3557 2899 3614 terrm,
2923 3563 3070 3603 eram
3110 3565 3262 3620 penes
3306 3549 3461 3604 illum
3485 3550 3784 3622 disponens.

2208 3634 2804 3709 (Sap.vm).'Voluntas
2825 3653 2956 3708 ergo
2978 3637 3094 3702 Dei,
3123 3639 3544 3696 fundamentum
3565 3648 3652 3696 est
3675 3639 3790 3695 uni-

2205 3742 2510 3782 versorum.
2551 3726 2608 3781 In
2647 3727 2916 3798 principio
2956 3729 3460 3798 itaque.temporis,
3509 3730 3712 3786 caelum
3735 3740 3790 3786 et

2205 3827 2407 3873 terram
2433 3817 2577 3872 Deus
2603 3817 2748 3873 fecit.
2779 3817 3014 3888 Tempus
3035 3819 3180 3874 enim
3209 3820 3278 3875 ab
3297 3821 3404 3875 hoc
3423 3820 3649 3886 mundo,
3686 3837 3788 3877 non

2205 3917 2331 3966 ante
2362 3909 2620 3966 mundum
2651 3928 2666 3964 :
2692 3911 2810 3966 dies
2835 3922 3013 3966 autem
3049 3913 3309 3983 temporis
3338 3922 3420 3968 est
3447 3915 3654 3984 portio,
3687 3929 3791 3970 non

2203 4003 2550 4074 principium.
2599 4003 2744 4060 Deus
2789 4011 2991 4072 autem,
3033 4003 3187 4074 cujus
3225 4007 3568 4077 omnipotens
3598 4023 3789 4063 manus

2205 4101 2306 4160 est,
2337 4093 2403 4149 ad
2431 4095 2752 4165 explendum
2783 4111 2918 4168 opus
2946 4113 3104 4154 suum
3160 4115 3268 4154 non
3299 4101 3448 4172 eguit
3477 4117 3634 4158 mora
3659 4113 3791 4159 tem-

516 4189 748 4246 initium
774 4183 1158 4254 universorum
1188 4204 1202 4244 :
1240 4187 1302 4247 In
1343 4180 1635 4262 principio,
1684 4191 1876 4262 inquit.
1929 4191 2098 4259 Quam
2129 4180 2173 4243 C
2205 4199 2396 4255 porum
2427 4203 2440 4238 :
2469 4185 2619 4256 quia,
2646 4185 2788 4242 Sicut
2815 4189 3075 4259 εειὶριιιηι
3111 4199 3214 4256 εει,
3243 4189 3437 4247 omnia
3468 4209 3791 4289 quacunque

509 4279 693 4340 .benus
721 4281 856 4344 ordo
895 4289 955 4336 ut
987 4280 1121 4338 illud
1154 4281 1386 4350 primum
1419 4291 1708 4346 assereret,
1739 4283 1882 4352 quod
1902 4296 2104 4352 negare

521 4379 958 4434 consueverant,
1034 4377 1090 4426 et
1151 4375 1541 4440 cognoscerent
1597 4368 1924 4440 principium
1984 4384 2106 4424 esse

518 4459 728 4526 nmndi,
758 4476 824 4516 ne
854 4460 971 4515 sine
1007 4461 1276 4536 principio
1312 4461 1570 4516 mundum
1600 4474 1720 4516 esse
1749 4459 1994 4516 homines
2017 4475 2104 4513 ar-

518 4549 808 4604 bitrentur.
856 4551 924 4604 Et
960 4548 1187 4620 pulchre
1230 4550 1456 4615 addidit,
1483 4549 1629 4619 fecit,
1660 4565 1728 4604 ne
1757 4565 1907 4604 mora
1938 4547 2102 4605 in'fa-

517 4640 710 4706 eiendo
752 4641 918 4697 fuisse
957 4641 1338 4705 testimaretur,
1379 4649 1440 4695 ut
1481 4639 1564 4694 vel
1615 4641 1695 4696 sic
1744 4639 2105 4712 intelligerent

519 4733 766 4788 homines
784 4773 800 4798 ,
846 4734 972 4804 quia
996 4731 1354 4803 incorporalis
1383 4739 1635 4802 operator
1662 4738 1827 4798 esset,
1855 4732 1948 4802 qui
1976 4741 2103 4787 tan-

518 4832 632 4877 tum
673 4837 810 4892 opus
836 4822 987 4880 brevi
1036 4824 1337 4895 exiguoque
1386 4833 1663 4881 momento
1693 4838 1804 4879 suae
1831 4823 2103 4896 operatio-

515 4912 604 4968 nis
625 4911 950 4978 absolveret,
982 4921 1041 4968 ut
1070 4914 1362 4970 voluntatis
1389 4914 1613 4972 effectus
1648 4929 1869 4971 sensum
1893 4921 2100 4986 tempo-

517 5007 594 5061 ris
633 5006 974 5076 praeveniret.
1017 5005 1188 5062 Nemo
1232 5017 1546 5078 operantem
1576 5009 1731 5074 vidit,
1761 5009 1856 5064 sed
1885 5009 2104 5080 agnovit

516 5105 820 5166 operatum.
865 5095 967 5152 Ubi
1013 5097 1178 5168 igitur
1220 5114 1389 5164 mora,
1431 5115 1554 5156 cum
1585 5099 1819 5172 legatur,
1841 5099 1966 5171 quia
1994 5100 2103 5170 ipse

516 5190 670 5254 dixit,
699 5199 746 5244 et
787 5190 928 5260 facta
959 5190 1120 5244 sunt?
1146 5189 1256 5244 Nec
1283 5191 1418 5246 artis
1448 5191 1612 5262 igitur
1643 5207 1824 5258 usum,
1861 5205 1962 5246 nec
1993 5189 2102 5256 vir,-

519 5280 650 5334 tntis
675 5280 931 5335 auxilium
971 5281 1215 5350 expetiit,
1260 5282 1384 5352 quia
1417 5298 1528 5336 sure
1552 5290 1827 5338 momento
1857 5281 2102 5335 volunta-

519 5371 588 5425 tis
614 5369 951 5440 majestatem
976 5381 1139 5428 tantm
1159 5374 1491 5446 operationis
1515 5374 1786 5444 implevit;
1817 5383 1878 5428 ut
1899 5387 1961 5428 ea
1983 5387 2103 5442 qua:

517 5478 624 5517 non
643 5471 818 5530 erant,
841 5480 961 5521 esse
985 5464 1188 5521 faceret
1210 5476 1319 5520 tam
1340 5467 1619 5532 velociter,
1635 5475 1693 5521 ut
1710 5481 1886 5537 neque
1907 5463 2096 5520 volun-

2203 4274 2363 4330 uoluit
2393 4275 2516 4346 fecit
2542 4275 2714 4350 (Psal.
2739 4278 2929 4351 cxrn);
2944 4279 3098 4336 Unde
3117 4281 3256 4338 bene
3279 4274 3495 4338 dictum'
3511 4294 3603 4340 est
3627 4305 3642 4340 :
3666 4287 3790 4356 quia

2203 4368 2258 4421 in
2283 4369 2541 4439 principio
2581 4371 2773 4424 crearit
2804 4369 2946 4426 Deus
2971 4371 3162 4429 coelum
3184 4383 3232 4428 et
3259 4382 3452 4430 terram
3473 4389 3492 4428 :
3519 4385 3583 4432 ut
3609 4387 3791 4448 aperte

2203 4459 2362 4514 detur
2407 4460 2654 4531 intelligi,
2701 4462 2828 4531 quia
2874 4471 3166 4534 utrumque
3196 4465 3356 4522 simul
3383 4467 3451 4523 ab
3483 4483 3552 4524 eo
3590 4469 3795 4524 factum

2202 4558 2308 4616 est,
2355 4551 2604 4622 quamvis
2647 4559 2938 4623 utrumque
2985 4553 3146 4608 simul
3193 4556 3262 4612 ab
3299 4555 3519 4613 homine
3537 4559 3658 4614 dici
3689 4573 3794 4614 non

2200 4641 2392 4713 possit.
2427 4641 2667 4712 Denique
2691 4643 2822 4698 dicit
2846 4643 3116 4715 Propheta
3145 4663 3159 4698 :
3189 4645 3352 4700 Initio
3378 4657 3578 4703 terram
3601 4657 3660 4702 tu
3683 4649 3800 4719 fun-

2201 4731 2362 4796 dasti,
2417 4730 2641 4787 Domine
2688 4725 2863 4805 (Psal.
2897 4734 3010 4806 c1):
3043 4735 3134 4791 hic
3191 4745 3371 4791 autem
3423 4737 3694 4794 Dominus
3744 4739 3799 4792 in

2199 4820 2468 4892 principio
2494 4821 2692 4878 coelum
2725 4831 2790 4878 et
2806 4831 3010 4880 terram
3051 4839 3268 4882 creasse
3305 4837 3584 4884 narratur.
3646 4827 3801 4884 Unde

2201 4911 2408 4984 liquido
2441 4912 2734 4986 colligitur,
2771 4914 3156 4985 quia-factura
3185 4917 3554 4972 estelementi
3587 4919 3801 4973 utrius-

2201 5020 2306 5074 que
2344 5005 2552 5075 pariter
2577 5003 2810 5076 expleta,
2853 5014 2910 5061 et
2946 5006 3052 5062 hoc
3077 5015 3227 5062 tanta
3265 5008 3555 5064 velocitate
3597 5009 3801 5065 divina:

2201 5097 2442 5162 virtutis,
2491 5105 2551 5152 ut
2594 5099 2823 5154 necdum
2855 5098 3088 5170 primum
3125 5099 3312 5154 mundi
3356 5101 3640 5158 nascentis
3681 5116 3800 5156 mo—

2202 5198 2442 5245 mentum
2463 5199 2606 5246 esset
2631 5201 3025 5246 transcensum.
3047 5190 3233 5247 Potest
3253 5201 3434 5248 autcm
3451 5207 3562 5248 non
3587 5193 3798 5265 impro-

2201 5283 2452 5338 habiliter
2491 5282 2737 5354 intelligi,
2777 5285 2834 5338 in
2870 5283 3127 5356 principio
3157 5284 3352 5342 fecisse
3389 5285 3560 5339 Deum
3595 5287 3798 5341 cretum

2200 5385 2256 5430 et
2281 5388 2482 5430 terram
2515 5375 2568 5430 in
2598 5375 2878 5446 unigenito
2899 5373 3037 5430 Filio
3061 5389 3182 5442 suo,
3208 5375 3298 5445 qui
3328 5375 3804 5446 interrogantibus

2201 5479 2260 5521 se
2297 5467 2497 5521 Judaeis
2539 5466 2668 5536 quid
2712 5481 2836 5521 eum
2875 5466 3095 5524 credere
3139 5465 3419 5530 deberent,
3469 5467 3804 5536 respondit:

519 5564 602 5624 tas
620 5559 916 5628 operationi
937 5567 1424 5630 praecurreretmcc
1443 5560 1688 5638 operatio
1703 5558 1986 5615 voluntati.
2006 5557 2102 5612 Mi-
2127 5538 2179 5598 D
2211 5556 2533 5628 Principium
2561 5557 2648 5628 qui
2677 5567 2726 5610 et
2755 5557 2940 5628 loquor
2967 5558 3108 5612 vobis
3153 5557 3333 5630 (Joan.
3374 5555 3526 5627 νιιι);
3571 5558 3710 5626 quia
3753 5558 3809 5610 in

517 5648 656 5702 raris
674 5664 830 5718 npus,
852 5651 1050 5720 qmeris
1073 5660 1431 5720 operatorcm,
1451 5653 1574 5723 quis
1599 5651 1921 5721 principium
1944 5657 2094 5704 tanto

513 5739 664 5810 operi
688 5739 914 5806 dederit,
931 5742 1050 5811 quis
1073 5752 1178 5798 tam
1202 5743 1308 5799 cito
1332 5744 1553 5802 fecerit?
1569 5743 1804 5810 Subiecit
1821 5743 2004 5800 statim
2019 5743 2096 5798 di-

2201 5653 2332 5722 ipso,
2365 5662 2421 5706 ut
2452 5651 2526 5705 ait
2563 5650 2870 5722 Apostolus,
2914 5650 3126 5705 condita
3163 5661 3282 5705 sunt
3325 5650 3496 5704 omnia
3547 5667 3612 5704 ιη
3663 5651 3811 5704 neiis

2204 5755 2250 5798 et
2273 5755 2412 5798 terra
2445 5743 2666 5814 (Coloss.
2700 5745 2755 5814 ι).
2799 5744 2905 5800 Sed
2939 5743 3224 5813 diligenter
3255 5741 3604 5806 intuendum,
3636 5751 3700 5795 ut
3737 5741 3808 5796 ita
