3958 6204
238 387 344 447 ,ΗΞ

1281 391 1738 452 COMMENT..IN
1775 393 2098 460 GENESLM.
2145 420 2215 432 -—-
2247 395 2373 451 LIB.
2403 392 2441 448 Ι.

3403 402 3509 464 ΗΒ

247 506 470 575 quisque
495 501 746 561 sensibus
777 505 1080 576 allegoricis
1107 506 1346 562 studium
1379 507 1673 577 impendat,
1699 525 1824 580 qua-
1849 513 1902 576 Α
1926 519 2058 566 cunt
2084 487 2339 568 tenebras
2374 527 2498 568 eum
2544 513 2878 568 antelucem
2931 527 3170 576 creasse,
3221 514 3345 581 quiia
3397 533 3508 576 non

249 607 402 651 tenus
429 605 676 670 apertam
721 597 962 654 historia:
1001 596 1160 654 ﬁdem
1191 597 1562 670 allegoriando
1587 615 1703 670 lnou
1729 599 1826 656 de-

249 687 536 756 relinquat.
567 685 721 754 Quod
747 694 927 742 autem
951 687 1048 745 vel.
1067 687 1224 757 quale
1245 689 1316 744 sit
1355 687 1746 757 coclumnquod
1774 687 1830 745 in

247 775 509 847 principio
531 781 657 831 cum
689 762 838 830 narra
867 775 1182 836 tactum-est
1200 779 1608 850 ,-sequentibus
1651 777 1831 834 verbis

248 867 571 931 insinuatur,
608 881 732 922 cum
752 853 948 921 dicitur
967 885 981 920 :

321 957 487 1012 Terra
527 970 703 1012 autem
726 966 837 1025 erat
859 958 1034 1016 inanis
1055 967 1310 1025 ιιι-ναυτίᾳ,
1343 970 1390 1014 et
1425 964 1650 1018 tenebras
1683 975 1830 1020 erant

248 1049 636 1120 superifacietn
673 1049 875 1120 abyssi.
934 1049 1004 1105 Ut
1050 1051 1180 1118 quid
1225 1053 1369 1108 enim
1402 1055 1538 1110 ~hezc
1573 1056 1644 1111 de
1687 1065 1831 1114 terra

232 1138 618 1216 _pr.utermisso
647 1137 788 1192 coelo
823 1137 1020 1203 intulit,
1060 1140 1162 1194 nisi
1203 1141 1328 1210 quia
1363 1142 1582 1200 nil.tale
1597 1145 1668 1201 de
1693 1147 1833 1203 cutio

252 1234 480 1306 intelligi
525 1232 730 1292 voluit?
777 1233 958 1304 ipsum
1007 1242 1092 1289 est
1131 1236 1274 1291 enim
1317 1237 1514 1295 celum
1563 1241 1830 1310 superius,

244 1325 392 1400 quod
419 1325 489 1386 ab
513 1323 662 1380 omni
692 1321 852 1392 bujus
883 1323 1068 1380 mundi
1101 1325 1349 1382 volubilis
1384 1334 1532 1382 statu
1561 1339 1832 1384 secretum

253 1417 448 1476 divina:
500 1414 1025 1487 gloria-prementia:
1078 1426 1260 1472 manet
1311 1433 1524 1489 semper
1565 1420 1830 1490 quietura.

227 1499 388 1560 liam
427 1504 496 1560 de
535 1513 721 1561 nostro
765 1504 930 1570 oculo,
965 1506 1018 1560 in
1057 1523 1162 1576 quo
1191 1516 1318 1564 sunt
1340 1509 1517 1578 posita
1539 1510 1832 1566 luminaria

255 1599 378 1654 huic
429 1598 627 1658 sieculo
673 1598 1004 1663 neces-toria,
1055 1600 1106 1654 in
1159 1601 1510 1670 sequentibus
1551 1601 1832 1674 Scriptura

256 1691 524 1762 quomodo
565 1689 649 1748 vel
683 1692 912 1760 .quando
941 1690 1235 1748 sitfaetum
1265 1692 1524 1751 declarat.
1559 1693 1675 1750 Non
1704 1711 1834 1768 ergo

257 1785 504 1854 superius
537 1783 668 1843 illud
709 1783 930 1849 callum,
975 1785 1117 1854 quod
1153 1785 1458 1841 mortalium
1481 1796 1565 1850 est
1592 1780 1832 1848 omnium

1935 601 2079 658 Deus
2101 603 2352 660 tenebras
2407 603 2459 657 in
2487 619 2625 674 aqua
2662 603 2745 660 vel
2773 619 2899 658 aere
2931 603 3054 656 fecit
3101 603 3256 666 ullas,
3287 605 3380 658 sed
3423 624 3513 660 or-

1932 694 2058 750 dine
2098 695 2747 774 distinctotprovideutize
2799 711 2911 750 suae
2960 695 3113 764 prius
3165 711 3334 764 aquas
3390 712 3512 752 cum

1931 786 2074 842 coelo
2125 787 2332 847 creavit
2378 803 2443 841 ac
2473 795 2640 852 terra,
2673 794 2728 842 et
2775 786 2875 840 bas
2905 785 3245 855 postmodum
3271 802 3394 840 cum
3430 803 3518 840 vo-

1933 878 2032 934 luit
2059 879 2198 950 ipse,
2234 880 2380 944 lucis,
2399 880 2574 950 gratia
2625 879 2952 934 venustavit.
2987 877 3140 944 Quod
3170 894 3293 932 eum
3343 894 3516 948 usque

1934 973 2117 1038 modo,
2143 982 2199 1028 et
2223 973 2284 1029 in
2309 988 2448 1044 aqua
2481 972 2617 1041 ipsa,
2669 979 2723 1026 et
2755 971 2808 1025 in
2846 985 2969 1027 aere
3013 986 3115 1040 per
3143 969 3516 1039 quotidianum

1935 1063 2066 1118 solis
2092 1077 2371 1118 accessum
2409 1078 2473 1117 ac
2508 1062 2804 1118 discessum
2833 1059 3015 1116 facere
3045 1061 3307 1114 videmus.
3335 1059 3518 1129 Neque

1934 1154 2078 1208 enim
2108 1169 2276 1223 aquas
2301 1152 2406 1212 nisi
2442 1168 2472 1207 a
2503 1153 2610 1206 Deo
2641 1151 2813 1206 factas
2854 1137 3081 1208 credere
3111 1150 3194 1206 fas
3239 1163 3340 1205 est.
3365 1150 3518 1214 Quoi

1935 1252 1991 1298 et
2020 1244 2063 1297 si
2094 1243 2192 1298 bic-
2205 1241 2485 1313 Scriptura
2515 1242 2688 1313 palam
2717 1259 2824 1297 non
2861 1242 3216 1312 dicit,,palam
3248 1242 3515 1309 signiﬁcat

1938 1343 2138 1398 tamen,
2185 1349 2309 1388 cum
2338 1335 2484 1388 liasa
2520 1333 2630 1388 Deo
2655 1333 2954 1388 illustratus
2997 1341 3161 1402 atque
3193 1333 3268 1387 ad
3305 1331 3516 1400 jussum

1934 1426 2052 1495 ejus
2080 1425 2360 1501 ordinatas
2391 1424 2650 1482 insinuat.
2694 1422 2802 1479 Sed
2847 1422 3086 1492 psalmus
3125 1422 3254 1476 dicit
3286 1431 3468 1490 aperte
3503 1439 3515 1474 :

1917 1515 2004 1574 .Et
2031 1532 2182 1586 aqua:
2206 1531 2322 1586 qua:
2359 1531 2514 1585 super
2549 1515 2702 1570 cwlos
2733 1524 2874 1577 sunt,
2905 1513 3141 1568 laudent
3189 1530 3372 1566 nomen
3412 1512 3520 1564 L‘o-

1936 1607 2084 1673 mini,
2123 1608 2248 1678 quia
2293 1609 2400 1676 ipse
2442 1607 2598 1672 dixit,
2629 1599 2676 1659 et
2705 1605 2848 1676 facta
2892 1615 3012 1658 sunt
3067 1602 3239 1674 (Psal.
3269 1603 3514 1672 CXLVIII).

1939 1697 2039 1753 Ubi
2066 1698 2386 1761 notandum,
2416 1695 2583 1766 .quod
2637 1712 2760 1752 cum
2815 1695 2954 1751 cmlo
3007 1696 3058 1748 in
3099 1694 3366 1765 principio
3412 1693 3520 1749 duo

1939 1788 2124 1844 mundi
2149 1786 2313 1856 hujus
2334 1786 2624 1852 elementa,
2659 1801 2800 1854 aqua
2859 1785 3110 1840 videlicet
3139 1795 3195 1842 et
3223 1793 3392 1850 terra,
3426 1801 3521 1839 no-

257 1876 1099 1947 iuaccessibileconspeetibus,
1147 1876 1309 1932 inane
1353 1889 1596 1934 creattun
1651 1888 1737 1936 est
1785 1859 1912 1936 et-B
1942 1877 2186 1933 minatim
2211 1877 2354 1932 facta
2382 1884 2772 1939 memorantur,
2823 1875 3018 1944 quibus
3049 1885 3228 1930 tamen
3259 1876 3363 1930 duo
3395 1874 3522 1929 reli-

257 1987 504 2035 vacuum,
539 1979 600 2046 ut
638 1976 808 2035 terra,
845 1971 1078 2040 aute-nil
1115 1970 1370 2042 inprima
1417 1986 1514 2030 sua
1562 1973 1838 2028 creatione

231 2059 546 2130 .virentium
598 2057 926 2130 germinum,
978 2061 1053 2115 nil
1098 2061 1690 2132 viventiumlproduxit
1714 2062 1832 2118 ani-

260 2152 534 2215 mentium,
569 2153 692 2222 quia
719 2152 984 2208 nimirum
1012 2154 1144 2212 .suis
1189 2154 1380 2212 incolis
1417 2170 1542 2211 mox
1569 2163 1835 2223 creatum,

260 2243 359 2297 hoc
385 2252 468 2299 est
491 2244 825 2300 beatissimis
863 2245 1179 2316 angelorum
1211 2247 1516 2318 agminibus
1551 2247 1835 2319 impletum

261 2341 360 2395 est,
381 2348 525 2402 quos
558 2334 618 2389 in
639 2335 904 2406 principio
927 2351 1053 2390 cum
1083 2337 1222 2392 caelo
1249 2345 1306 2392 ct
1332 2346 1478 2394 terra
1499 2354 1619 2394 esse
1655 2339 1840 2394 condi-

265 2433 364 2490 tos,
393 2441 456 2481 ac
483 2441 605 2482 mox
638 2427 1002 2484 conditionem
1039 2443 1194 2486 suam
1224 2429 1392 2486 sinuat
1412 2437 1468 2484 et
1491 2430 1658 2485 totius
1679 2445 1836 2485 crea-

266 2525 394 2571 tura:
435 2517 802 2586 primordialis
856 2519 923 2574 ad
977 2519 1190 2575 laudem
1223 2517 1535 2578 Conditoris
1562 2521 1839 2580 .retulisse

267 2617 488 2663 testatur
503 2609 624 2679 ipse
637 2608 918 2675 Conditor,
931 2611 1038 2680 qui
1052 2611 1292 2692 loquens
1301 2614 1370 2668 ad
1387 2623 1642 2684 sanctum
1669 2611 1840 2670 famu—

268 2701 554 2757 lum-suum
580 2701 682 2756 Job
707 2702 840 2757 dicit
867 2717 880 2756 :
915 2700 1014 2756 Ubi
1043 2719 1160 2756 eras
1180 2702 1392 2774 quando
1423 2704 1694 2773 ponebam.
1711 2702 1837 2772 fun-

267 2793 686 2848 damenta-terra:
716 2791 864 2864 (Job.
906 2792 1292 2866 xxxvur)?.Eg
1312 2793 1473 2864 paulo
1511 2801 1637 2864 post
1663 2807 1678 2847 :
1706 2789 1839 2848 Cum

266 2899 342 2937 me
379 2882 656 2940 laudarent
679 2882 862 2944 .simnl
889 2893 1055 2942 ,πειτα
1107 2883 1406 2950 matutina,
1431 2895 1501 2940 ,et
1546 2882 1838 2953 jubilareat

265 2991 454 3031 mes.
467 2974 577 3044 ﬁlii.
591 2975 688 3030 Dei
715 2974 940 3048 (Ibid.)';
972 2984 1120 3034 astra
1142 2975 1686 3034 videlicet-matutina
1713 2990 1838 3030 eosa

265 3069 380 3123 dem
403 3067 644 3139 angelos,
666 3083 802 3138 quos
824 3080 884 3122 et
895 3068 1048 3124 ﬁlios
1063 3067 1161 3123 Dei
1179 3084 1516 3139 nuncupans,
1549 3069 1617 3124 ad
1636 3069 1835 3126 distin-

266 3159 494 3214 ctionem
521 3157 778 3214 nimirum
804 3157 1085 3220 hominum
1115 3165 1454 3224 sanetartuu,
1477 3159 1576 3228 ,qui
1606 3169 1840 3230 postmo—

1938 1985 2044 2039 qaa
2076 1967 2242 2024 fuisse
2271 1976 2484 2024 constat
2516 1967 2706 2031 indita,
2738 1967 2914 2037 ignem
2958 1965 3204 2021 videlicet
3229 1965 3286 2020 in
3311 1965 3454 2020 ferro
3469 1975 3526 2021 et

1938 2057 2222 2130 lapidibus,
2254 2072 2379 2127 quae
2422 2064 2581 2110 terra:
2616 2057 2826 2110 viscere
2849 2055 2964 2126 jam
2999 2063 3110 2119 tum
3141 2054 3358 2109 condita
3387 2055 3524 2110 late-

1936 2148 2092 2215 bant,
2147 2162 2328 2204 aerem
2351 2161 2480 2206 vero
2510 2146 2564 2200 in
2595 2145 2710 2216 ipsa
2764 2153 2928 2206 terra,
2966 2144 3050 2198 cui
3082 2158 3203 2198 esse
3229 2144 3524 2213 permistus

1937 2254 2005 2296 ex
2054 2253 2118 2293 eo
2145 2237 2513 2309 cognoscitur,
2561 2235 2687 2307 quia
2742 2250 2864 2290 cum
2893 2233 3054 2288 fuerit
3091 2234 3422 2299 humectato,
3468 2243 3525 2290 et

1941 2327 2253 2398 temperiem
2269 2325 2410 2380 solis
2439 2323 2732 2395 acceperit,
2764 2339 2888 2378 mox
2919 2337 3147 2393 vapores
3170 2323 3388 2378 exhalat
3419 2323 3522 2378 lar-

1927 2417 2212 2488 ~gissimos,
2244 2416 2422 2487 ignem
2465 2429 2678 2484 quoque
2705 2414 3008 2479 ardentem,
3065 2422 3226 2471 terra:
3254 2412 3524 2467 interiori-

1939 2509 2042 2563 bus
2085 2507 2326 2571 insitum,
2379 2505 2537 2560 calidi
2585 2519 2848 2575 aquarum
2898 2503 3074 2558 fontes
3107 2505 3358 2572 proiunt.
3392 2503 3524 2570 Qum.

1939 2618 2063 2658 cum
2086 2617 2182 2673 per
2207 2611 2357 2657 certa
2403 2601 2646 2671 qumdam
2673 2599 2888 2656 metalla
2935 2599 2988 2654 in
3035 2600 3304 2671 profundo
3351 2583 3522 2671 aqua?

1941 2709 2084 2749 rum.
2107 2699 2503 2757 transcurrunt,
2533 2707 2639 2745 non
2668 2691 2839 2746 solum
2868 2689 3053 2744 ealid;e
3089 2691 3182 2744 sed
3221 2699 3277 2744 et
3306 2689 3523 2744 ferven-

1942 2792 2026 2838 tes
2049 2783 2102 2836 in
2134 2780 2475 2852 superﬁciem
2505 2789 2662 2834 terra:
2687 2787 2962 2835 emanant.
2990 2779 3108 2833 Non
3129 2779 3275 2833 enim
3302 2781 3432 2842 hmc,
3463 2787 3524 2831 ut

1941 2873 2160 2943 quidam
2231 2871 2527 2941 disputant,
2573 2868 2876 2926 informiter
2919 2871 3147 2925 invicem
3190 2869 3367 2936 mista,
3423 2870 3519 2924 sed

1943 2963 2094 3034 ipsxs,
2140 2962 2338 3032 quibus
2369 2971 2425 3017 et
2473 2977 2619 3018 nunc
2669 2972 2753 3016 est
2792 2963 2992 3021 ﬁnibus
3033 2963 3272 3032 undique
3304 2978 3524 3017 versum

1942 3053 2384 3126 circumscripta,
2425 3053 2570 3108 ‘talis
2613 3060 2741 3108 tunc
2779 3060 2898 3111 crat
2946 3061 3079 3120 tota,
3112 3054 3295 3129 qualis
3347 3055 3526 3110 adhuc

1943 3149 2042 3202 sub
2071 3147 2180 3202 imo
2222 3143 2696 3216 marisprofundo
2748 3162 2812 3202 ex
2845 3156 3000 3216 parte
3045 3157 3308 3202 remanet.
3361 3148 3527 3219 Aqua:

267 3252 388 3307 dum
416 3251 656 3314 creandi,
694 3267 760 3307 ac
785 3251 1463 3324 velut:astra.vespertinat
1482 3261 1603 3323 post
1625 3251 1837 3309 confes:

1941 3245 2118 3290 autem
2148 3236 2455 3292 universam
2501 3235 2618 3306 ejus
2665 3235 3006 3306 superﬁciem
3047 3237 3098 3290 in
3142 3246 3345 3293 tantam
3380 3249 3526 3309 tege-

263 3344 470 3400 sionem
493 3346 687 3400 divinae
719 3345 1451 3417 laurlationis,per..mortem.
1471 3357 1628 3402 erant
1659 3347 1839 3405 cactus

259 3435 530 3491 occasuri.
549 3435 618 3490 .E
645 3435 1140 3506 ;quibusavideiiect
1157 3437 1321 3492 astris
1345 3437 1646 3503 munitieis,
1671 3453 1838 3492 unum

265 3527 330 3580 ob
353 3527 670 3596 despectum
709 3527 870 3584 socia:
911 3528 1003 3583 Dei
1039 3527 1368 3584 laudationis
1390 3529 1835 3585 audire-meruit:

267 3617 1046 3686 Quomodoceeidjsti.tie-celo,
1080 3619 1312 3692 LuciIer,
1343 3622 1440 3692 qui.
1456 3637 1612 3677 mane
1632 3620 1840 3678 orieba-

259 3709 371 3764 -ris?
413 3707 680 3764 Corruisti
705 3712 758 3765 in
797 3720 992 3768 terram
1035 3711 1129 3783 qui
1175 3712 1485 3770 vulnerabas
1510 3721 1713 3783 ,gentes,
1747 3712 1844 3784 qui

259 3800 559 3856 dicebas-in
597 3801 752 3856 corde
785 3814 876 3857 tuo
899 3816 919 3854 :
944 3801 1011 3857 In
1041 3801 1224 3857 calum
1248 3801 1550 3868 ascendam,
1579 3819 1736 3874 super
1761 3804 1840 3857 si-

265 3889 384 3944 dera
409 3889 526 3945 caeli
557 3890 800 3945 exaltabo
823 3890 1240 3946 .solium.meum
1267 3890 1404 3960 (Isa.
1437 3891 1571 3960 xxv).
1603 3891 1663 3946 in
1688 3889 1841 3960 cuiius

264 3983 598 4052 expositione
633 3983 916 4038 sententiae
958 3991 1197 4039 sanctus.
1212 3982 1842 4055 Hieronymusmcminit

264 4073 420 4127 etiam
451 4074 748 4143 superimis
781 4075 928 4138 oculi,
959 4075 1033 4130 ita
1062 4075 1308 4132 scribens
1338 4094 1351 4130 :
1387 4096 1405 4128 ι
1430 4077 1526 4132 V'el
1552 4085 1840 4146 antequam

261 4164 326 4217 de
366 4164 504 4220 culo
549 4175 832 4220 corruerat
871 4167 974 4222 ista
1007 4168 1256 4233 dicebat;
1309 4167 1394 4222 vel
1444 4177 1729 4238 postquam
1775 4169 1842 4222 de

265 4253 395 4308 casio
417 4257 642 4310 corruit.
677 4255 752 4310 Si
797 4257 976 4313 adhuc
1020 4257 1074 4312 in
1120 4257 1533 4333 cteloqpositus,
1571 4255 1842 4330 quomodo

264 4341 406 4407 dicit,
441 4343 737 4400 Asceudam
764 4347 820 4400 in
843 4345 1070 4401 calum?
1107 4347 1213 4403 Sed
1255 4347 1384 4418 quia
1424 4347 1677 4419 legimus,
1703 4349 1842 4407 ,ϐω-

264 4435 368 4491 lum
403 4439 518 4496 caeli
545 4437 772 4494 Domino
814 4439 990 4510 (Psal.
1042 4439 1221 4511 CXIII),
1249 4455 1389 4497 cum.
1417 4447 1562 4496 esset
1594 4441 1650 4496 in
1678 4440 1836 4506 casio,

265 4527 315 4582 id
339 4530 840 4596 cst,.ﬁrmamento,
885 4529 943 4585 in
989 4531 1188 4586 exulum
1223 4531 1332 4586 .ubi
1375 4531 1575 4589 solium
1625 4531 1837 4591 Domini

264 4628 344 4674 est
385 4620 641 4692 cupiebat
687 4622 1005 4687 ascendere,
1041 4637 1148 4679 non
1179 4623 1234 4678 in
1263 4621 1856 4688 bumilitate,.sed-su-‘

263 4711 586 4779 perbia.Sin
601 4721 800 4772 autem.
824 4720 1108 4784 postquam
1136 4714 1434 4774 corruitide
1463 4714 1602 4772 caelo
1622 4716 1733 4773 ista
1757 4715 1840 4770 lo—

263 4801 462 4870 quitur,
514 4802 677 4860 verba
729 4804 1056 4876 arrogantiae
1089 4805 1358 4867 debemus
1399 4805 1728 4876 intelligere,
1749 4806 1842 4874 qui

265 4907 360 4947 nec
404 4893 790 4964 praecipitatus.
811 4895 1074 4964 quiemat,
1113 4895 1226 4954 .sed
1257 4895 1444 4956 adhuc
1485 4897 1587 4952 sibi
1618 4897 1841 4968 grandia

267 4986 584 5054 rrpmuliuit
611 5026 626 5050 ,
671 5003 784 5042 non
820 4987 1077 5045 .utzinter
1107 4997 1282 5044 .astra
1309 5028 1324 5052 ,
1369 4989 1462 5044 sed
1507 4999 1842 5059 superastra

245 5075 355 5130 .Dei
375 5077 466 5132 sit.
492 5098 512 5130 ι
539 5077 736 5134 Merito
760 5079 945 5149 itaque
967 5077 1163 5134 malum
1195 5079 1323 5134 caeli
1345 5094 1452 5134 non
1473 5079 1635 5134 inane
1652 5079 1735 5134 vel
1759 5095 1848 5132 va-

266 5176 928 5229 cuum-essemcmomtur
949 5167 1187 5232 factum,.
1197 5168 1293 5225 sed
1307 5183 1416 5224 nec
1437 5169 1676 5230 tenebris
1695 5169 1750 5226 in
1776 5183 1843 5228 eo

269 5255 344 5308 vrl
372 5257 568 5328 abysso
621 5258 772 5313 locus
804 5273 1085 5314 remanere
1139 5257 1279 5313 ullus
1306 5258 1644 5328 perhibetur,
1698 5259 1842 5329 quod

247 5346 521 5406 .Daminus
556 5349 697 5406 Deus
717 5349 1010 5416 illuminat,
1032 5357 1086 5404 et
1111 5348 1267 5420 cujus
1288 5348 1508 5406 lucerna
1544 5357 1627 5406 est
1648 5364 1838 5419 agnus.

249 5435 555 5492 .Et.merlto
610 5429 785 5494 mauis
835 5448 946 5498 erat
981 5455 1044 5493 ac
1097 5455 1263 5496 uacua
1301 5448 1460 5502 terra,
1495 5455 1618 5494 cum
1665 5439 1843 5495 adhuc

267 5535 378 5582 tota
400 5529 622 5598 abysso,
655 5529 706 5586 id
728 5539 834 5594 est,
881 5533 1147 5587 immensa
1177 5529 1545 5601 profunditate
1563 5531 1844 5601 tegebatur

267 5633 546 5687 aquartun.
583 5619 774 5675 Merito
801 5620 1036 5678 ’.ευριπ-ω
1063 5637 1224 5692 super
1246 5620 1431 5690 faciem
1459 5629 1611 5674 erant
1633 5619 1840 5690 abyssi,

275 5726 389 5764 cum
419 5712 650 5770 necdum
683 5712 796 5780 lux,
839 5714 1077 5784 quaabas
1103 5713 1331 5783 fugaret,
1376 5723 1560 5768 creata
1586 5721 1688 5794 est.
1725 5710 1840 5767 Non

281 5813 450 5862 autem
473 5806 720 5864 audiendi
751 5817 891 5875 sunt,
937 5807 1023 5876 qui
1049 5805 1497 5875 reprehendentes
1525 5804 1714 5872 Deum,
1763 5804 1840 5858 di~

1938 3329 2070 3385 bant
2097 3328 2458 3392 altitudinem,
2493 3337 2552 3384 ut
2579 3329 2648 3386 ad
2696 3329 2816 3385 illos
2847 3345 3017 3400 usque
3048 3331 3196 3388 locos
3249 3335 3526 3404 pertinge-

1913 3427 2079 3484 ,rent,
2130 3418 2220 3474 ubi
2251 3434 2393 3474 nunc
2432 3435 2604 3489 usque
2639 3435 2804 3490 super
2838 3421 3249 3478 fundamentum
3292 3423 3412 3478 curli
3458 3440 3527 3480 ex

1939 3517 2094 3580 parte
2121 3511 2442 3578 residentes,
2461 3527 2656 3569 nomen
2681 3513 2774 3568 Dei
2795 3515 3058 3571 creatoris
3085 3533 3208 3571 cum
3238 3517 3390 3573 cadis
3415 3532 3530 3574 cm-

1911 3602 2114 3658 ‘lorum
2147 3603 2366 3660 laudare
2399 3620 2506 3662 non
2533 3605 2802 3661 desinunt.
2829 3607 2913 3662 Ad
2939 3607 3074 3673 haec,
3110 3616 3315 3663 tantum
3341 3618 3424 3664 est
3449 3609 3530 3665 in-

1944 3691 2134 3748 formis
2163 3693 2250 3746 illa
2291 3695 2568 3760 materies,
2611 3695 2678 3750 de
2715 3711 2820 3766 qua
2871 3697 3130 3756 munlum
3157 3698 3361 3754 factum
3407 3716 3530 3756 esse

1943 3792 2172 3841 testatur
2199 3784 2507 3854 Scriptura,
2536 3801 2659 3863 quae
2709 3787 2903 3845 inrDei
2929 3788 3172 3844 laudibus
3209 3789 3342 3844 dicit
3376 3809 3388 3844 :
3423 3789 3529 3856 Qui

1942 3879 2110 3948 fecisti
2141 3879 2392 3934 mundum
2418 3882 2482 3935 de
2520 3883 2749 3936 materia
2793 3883 3009 3954 informi
3029 3882 3181 3956 (Sep.
3233 3882 3334 3955 XI).
3384 3884 3520 3939 Nam

1942 3977 2136 4024 cuncta
2188 3985 2308 4040 qua:
2329 3984 2450 4025 cum
2493 3971 2651 4044 aquis
2693 3981 2749 4028 et
2799 3982 2940 4029 terra
2981 3975 3165 4032 videre
3203 3975 3438 4032 solemus
3465 3975 3524 4034 in

1935 4061 2161 4124 mundo,
2197 4061 2278 4116 vel
2323 4061 2541 4134 dejpsis
2562 4063 2845 4118 exordium
2867 4073 3096 4129 naturaz,
3123 4064 3206 4120 vel
3246 4079 3527 4135 sumpsere

1943 4153 2010 4206 de
2036 4153 2222 4208 nihilo.
2257 4154 2374 4222 lpsa
2406 4162 2584 4208 autem
2615 4161 2758 4209 terra
2784 4163 2840 4209 et
2875 4155 3012 4230 ipsa:
3040 4171 3196 4224 aqua:
3232 4164 3522 4226 propterea

1944 4259 2139 4300 nomen
2176 4245 2380 4300 sortita:
2425 4254 2551 4300 sunt
2603 4245 2844 4300 materia:
2884 4245 3150 4310 informis,
3187 4245 3312 4317 quia
3351 4247 3528 4317 prius-

1943 4351 2103 4406 quam
2139 4336 2193 4391 in
2225 4335 2396 4392 lucem
2445 4336 2710 4400 venirent,
2758 4337 2912 4395 unde
2937 4335 3330 4393 formositatem
3360 4338 3523 4392 habe-

1943 4437 2066 4484 rent
2089 4445 2194 4484 non
2223 4437 2361 4484 erat.
2392 4428 2532 4496 Quid
2561 4437 2741 4488 autem
2769 4429 3154 4488 inconveniens
3193 4429 3238 4484 si
3292 4429 3524 4484 munda-

1930 4535 2028 4578 .nze
2077 4519 2316 4578 materiae
2339 4518 2557 4574 fuerant
2598 4519 2879 4575 tenebrosa
2903 4520 3236 4590 primordia?
3258 4520 3330 4576 Ut
3365 4536 3522 4581 acce-

1945 4612 2106 4668 dente
2142 4611 2265 4668 luce
2303 4609 2494 4668 melius
2538 4612 2695 4682 quod
2715 4609 2916 4667 factum
2953 4620 3040 4667 est
3088 4611 3423 4677 redderetur,
3473 4620 3532 4668 et

1948 4702 2827 4774 tanquamproﬁcientisbominis,
2881 4703 3025 4772 quod
3054 4711 3243 4774 postea
3285 4702 3526 4760 futurum

1945 4804 2086 4858 erat,
2144 4795 2248 4849 hoc
2287 4794 2446 4850 modo
2495 4793 2894 4864 signiﬁcaretur
2943 4793 3176 4859 aifectio,
3225 4805 3529 4864 exponente

1943 4885 2218 4957 Apostolo,
2269 4900 2333 4940 ac
2361 4885 2616 4940 dicente:
2654 4883 2915 4950 Quoniam
2951 4884 3110 4948 Deus,
3154 4886 3245 4955 qui
3268 4869 3421 4938 dixit
3463 4885 3528 4938 de

1947 4978 2170 5034 tenebris
2219 4977 2395 5031 lumen
2447 4975 2821 5046 splendescere,
2856 4978 2947 5048 qui
2993 4976 3167 5030 illna‘it
3198 4977 3250 5028 in
3283 4975 3525 5030 cordibus

1944 5069 2138 5124 nostris
2162 5067 2243 5141 (II
2269 5067 2392 5122 Cor.
2417 5066 2512 5138 I'v).
2535 5066 2684 5122 Unde
2711 5066 2980 5122 alibidicit
2997 5082 3010 5122 :
3029 5065 3228 5120 Fuistis
3242 5065 3526 5136 aliquando

1944 5159 2191 5223 tenebrtr,
2237 5174 2376 5213 nunc
2397 5168 2572 5212 autem
2593 5156 2686 5211 lus:
2708 5158 2764 5210 in
2804 5157 3028 5212 Domino
3071 5156 3156 5228 (E;
3177 5157 3288 5210 hes.
3319 5156 3394 5228 v),
3436 5157 3527 5213 illo

1944 5251 2192 5306 videlicet
2215 5249 2332 5319 qui,
2353 5263 2475 5303 cum
2493 5249 2728 5304 tenebrae
2752 5257 2936 5304 essent
2955 5263 3118 5317 super
3138 5245 3331 5302 faciem
3363 5247 3524 5320 abys-

1944 5343 2013 5409 si,
2041 5341 2206 5397 dicit:
2234 5339 2360 5394 Fiat
2382 5340 2496 5405 lua',
2521 5349 2568 5394 et
2595 5341 2736 5410 facta
2755 5353 2830 5394 est
2859 5339 2972 5394 lux.

2019 5431 2089 5486 Et
2141 5430 2368 5500 Spiritus
2413 5430 2512 5484 Dei
2565 5429 2830 5499 ferebatur
2861 5445 3018 5498 super
3063 5445 3250 5499 aquas.
3293 5427 3410 5485 Non
3444 5441 3530 5488 est

1947 5523 2272 5594 opinandum
2297 5522 2584 5594 pueriliter
2607 5521 2749 5590 quod
2785 5519 3022 5592 Spiritus
3051 5529 3282 5585 creator,
3322 5523 3390 5578 de
3417 5540 3526 5596 quo

1947 5615 2204 5686 scriptum
2229 5622 2342 5672 est:
2370 5613 2507 5679 Quia
2531 5611 2756 5678 Spiritus
2781 5611 2986 5664 Domini
3005 5611 3210 5682 replevit
3237 5613 3412 5668 orbem
3424 5625 3528 5669 ter-

1949 5726 2125 5764 rarum
2156 5707 2304 5778 (Sap.
2331 5702 2396 5776 l),
2418 5705 2682 5774 positione
2721 5704 2821 5760 loci
2865 5704 2948 5760 bis
2970 5721 3088 5775 qua:
3109 5715 3262 5760 erant
3293 5707 3527 5763 creanda

1948 5801 2360 5873 superferrctur.
2399 5794 2503 5851 Sed
2530 5795 2931 5868 intelligendum
2963 5795 3138 5868 potius
3178 5797 3300 5866 quia
3333 5797 3530 5856 virtute
