3958 6204
462 445 560 499 647

1134 438 1195 494 Β.
1236 438 1489 494 RABANI
1530 437 1746 494 MAURI
1786 433 2103 493 AltCHlEP.
2143 431 2449 489 MOGUNT.
2490 430 2775 487 OPERUM
2813 428 2993 485 PARS
3027 428 3069 485 Ι.
3626 432 3711 488 tts

459 554 641 608 divina
684 550 1024 624 praecellebat
1045 551 1332 616 creaturis,
1388 549 1593 627 habens
1620 549 1673 602 in
1702 547 2037 619 propriapo-
2070 545 2117 603 Α
2145 549 2256 593 erat
2307 538 2549 596 Verbum.
2603 537 2720 592 Hoc
2773 548 2886 591 erat
2929 539 2982 593 in
3040 539 3298 610 principio
3323 556 3472 609 aptru'
3521 546 3709 600 Dauni:

461 651 654 700 testate
673 643 893 713 quando
935 657 1198 712 aquarum
1232 641 1528 696 illustraret
1566 641 1842 712 abyssum,
1873 654 2041 710 quan-

459 736 527 789 do
555 734 609 788 in
643 733 821 788 locum
848 747 944 786 eas
964 736 1292 787 ‘secerneret
1320 746 1508 797 unum,
1537 739 1590 785 ut
1625 740 1909 802 appareret
1935 729 2042 783 ari-

458 824 546 889 da,
584 823 799 893 quando
834 830 890 876 et
914 820 1184 890 quomodo
1223 830 1502 876 creaturas
1547 822 1771 876 cteteras
1818 837 1916 891 pro
1944 836 2042 874 suo

461 924 592 967 nutu
633 913 967 982 disponeret,
1009 912 1062 964 in
1114 911 1524 965 similitudinem
1576 911 1823 965 videlicet
1880 909 2038 974 fabri,

459 1002 615 1071 cujus
656 1001 900 1055 voluntas
936 1000 1021 1053 his
1059 1014 1179 1069 qua:
1204 998 1528 1054 fabricanda:
1556 1008 1682 1054 sunt
1724 1000 1884 1054 rebus
1907 999 2042 1054 solet

459 1090 774 1162 superferri.
823 1089 977 1157 Quod
1048 1089 1114 1144 ad
1157 1090 1325 1159 ipsam
1367 1083 1590 1159 'quoque
1641 1089 2040 1143 distinctionem

460 1184 757 1255 superioris
784 1182 905 1238 caeli
934 1182 1190 1252 pertinet,
1222 1181 1277 1235 in
1310 1196 1418 1251 quo
1445 1195 1566 1234 mox
1600 1179 1836 1249 perfecte
1860 1179 2040 1233 omnia

459 1274 715 1343 diSposita
746 1272 979 1341 Spiritus
1010 1270 1180 1325 sancti
1210 1269 1496 1339 prznsentia
1548 1267 1869 1322 illustrabat.
1926 1267 2042 1320 Non

461 1364 590 1436 [.vtl.,
628 1362 764 1434 hinc]
812 1371 991 1416 autem
1020 1370 1078 1415 ut
1103 1361 1155 1414 in
1184 1358 1552 1423 inferioribus,
1606 1358 1706 1411 hoc
1733 1367 1835 1423 est,
1885 1356 2043 1423 hujus

459 1454 643 1509 mundi
664 1453 947 1516 creaturis,
970 1453 1123 1509 bonae
1149 1449 1443 1520 primordia
1471 1448 1796 1504 conditionis
1824 1463 1887 1501 ex
1910 1459 2042 1501 tent-

457 1563 589 1618 pnre
609 1547 674 1602 ad
701 1544 998 1615 perlectqu
1026 1541 1292 1597 deducere
1320 1541 1649 1596 intendebat.
1682 1538 1817 1593 Nam
1844 1548 1896 1593 et
1924 1538 2043 1593 ideo

459 1638 667 1710 Moyses
697 1649 804 1692 tam
834 1636 1070 1694 breviter
1098 1635 1393 1705 superioris
1424 1633 1608 1688 mundi
1646 1632 1776 1688 fecit
1816 1634 2047 1688 mentio-

458 1743 602 1791 nem,
650 1728 775 1796 quia
797 1725 863 1781 de
891 1726 1088 1780 mundo
1119 1725 1239 1788 hoc,
1292 1724 1348 1778 in
1393 1738 1501 1793 quo
1531 1723 1693 1777 homo
1721 1722 1897 1777 factus
1935 1731 2040 1786 est,

461 1820 528 1874 ad
582 1819 992 1875 instructionem
1053 1817 1268 1888 generis
1311 1815 1551 1870 humani'
1596 1828 1903 1869 sermonem
1957 1812 2041 1867 fa-

2142 631 2317 685 omnia
2336 646 2430 700 per
2465 632 2633 702 ipsum
2671 631 2814 701 facta
2838 640 2956 685 sunt
2988 629 3170 703 (Joan.
3198 633 3257 701 ι).
3293 632 3445 699 Quod
3473 650 3602 705 ergo
3625 637 3711 701 ait,

2141 721 2322 776 omnia
2352 720 2490 774 facta
2513 719 2875 789 per—Verbum
2905 720 2999 776 Dei
3035 718 3294 787 Joannes,
3326 723 3426 777 hoc
3449 734 3549 789 est,
3579 730 3710 795 (Illud

2138 807 2351 879 Moyses
2383 808 2478 873 ait,
2508 807 2635 878 quia
2676 808 2813 863 dixit
2861 808 3022 874 Deus,
3060 808 3185 864 Fiat
3232 810 3359 877 lux,-
3414 813 3713 879 άὶτὶι,.1ί“ξαι

2140 897 2527 966 ﬁrmamentum
2549 913 2568 962 ;
2595 897 2750 962 dixit,
2776 898 2895 952 Fiat
2922 908 3119 953 cmtera
3152 910 3424 956 creatura.
3451 902 3561 958 Hoc
3584 909 3715 974 quod

2142 987 2382 1057 psalmus
2437 985 2687 1056 adjuncta
2727 999 2785 1045 et
2811 990 3049 1061 Spiritus
3080 994 3251 1048 sancti
3285 1011 3515 1065 persona
3548 999 3673 1054 dicit
3701 1020 3712 1053 :

2152 1076 2316 1131 Verbo
2341 1078 2556 1133 Domini
2584 1080 2701 1134 caeli
2753 1081 2951 1151 ﬁrmati
2992 1096 3130 1147 sunt,
3161 1095 3210 1139 et
3248 1085 3451 1156 Spiritu
3484 1089 3589 1141 oris
3611 1090 3714 1159 ejus

2143 1171 2309 1221 omnis
2347 1168 2509 1222 virtus
2551 1186 2730 1224 eorum
2760 1169 2932 1240 (Psal.
2990 1174 3186 1246 χχχιι).
3224 1174 3281 1228 Si
3313 1184 3494 1231 autem
3526 1181 3715 1248 quatri-

2145 1264 2234 1310 tur
2278 1258 2473 1327 quibus
2500 1259 2554 1313 in
2583 1259 2716 1315 locis
2734 1261 2962 1331 jubente
3020 1265 3131 1321 Deo
3168 1267 3306 1322 facta
3342 1268 3414 1323 sit
3463 1270 3575 1335 lux,
3604 1288 3717 1327 cunt

2145 1350 2321 1404 adhuc
2347 1351 2573 1423 abyssus
2602 1367 2818 1417 omnem
2853 1362 3010 1409 terra:
3038 1357 3446 1427 amplitudinem
3474 1370 3718 1434 contege-

2146 1449 2247 1505 ret,
2300 1450 2450 1512 patet
2501 1442 2745 1513 profecto
2792 1446 2917 1515 quia
2977 1447 3029 1501 in
3082 1449 3448 1519 superioribus
3488 1451 3722 1522 ejusdem

2146 1540 2305 1587 terra:
2333 1534 2599 1604 partibus,
2638 1550 2776 1605 quas
2809 1547 2863 1590 et
2892 1552 3035 1592 nunc
3065 1538 3248 1593 divina
3303 1539 3395 1594 lux
3438 1541 3572 1596 solis
3605 1542 3718 1596 illu-

2144 1632 2317 1677 strare
2348 1626 2645 1691 consuevit,
2697 1635 2821 1681 tunc
2851 1628 3166 1697 principalis
3195 1629 3285 1684 illa
3334 1630 3428 1686 lux
3483 1634 3718 1687 emicuit.

2145 1714 2256 1770 Nec
2305 1715 2608 1771 mirandum
2658 1718 2814 1787 nobis
2866 1720 3045 1774 divina
3090 1724 3407 1791 operatione
3446 1724 3623 1780 lucem
3670 1727 3720 1779 in

2145 1804 2300 1873 aquis
2348 1819 2509 1874 posse
2542 1806 2997 1877 reSplendcscere,
3029 1826 3150 1865 cum
3190 1821 3244 1866 et
3288 1813 3569 1869 hominum
3605 1830 3722 1885 ope-

461 1933 584 1970 cere
630 1915 976 1969 instituerat:
1002 1894 1245 1966 stillieere
1281 1910 1528 1973 credens,
1573 1907 1617 1962 si
1641 1921 1859 1962 omnem
1888 1921 2042 1960 crea-
2074 1893 2116 1952 Β
2147 1895 2355 1950 ratione
2376 1904 2588 1951 constet
2638 1912 2732 1952 eas
2762 1898 2957 1967 stepius
3003 1898 3302 1956 illustrari:
3337 1914 3623 1959 nautarum
3648 1904 3721 1959 vi-

460 2016 595 2060 tura:
650 2003 908 2075 spiritalis
937 2013 993 2058 et
1025 2000 1309 2056 invisibilis
1366 2009 1566 2055 statum
1605 2006 1766 2068 atque
1795 2006 2043 2053 ornatum

459 2114 565 2152 uno
595 2097 715 2151 coeli
750 2096 985 2161 nomine,
1034 2094 1176 2164 quod
1231 2094 1285 2147 in
1329 2092 1593 2163 principio
1637 2090 1841 2144 factum
1889 2090 2043 2156 dixit,

456 2188 966 2259 comprehenderet;
1015 2183 1351 2255 corporalem
1378 2198 1507 2239 vero
1550 2174 1815 2236 visibilem
1846 2189 1900 2235 et
1926 2196 2046 2236 cor-

459 2278 766 2350 ruptibilem
797 2287 1105 2335 creaturam
1158 2277 1320 2330 latius
1362 2290 1429 2329 ex
1475 2274 1663 2329 ordine
1696 2272 2043 2338 describeret,

460 2368 513 2423 id
542 2377 645 2433 est,
696 2367 875 2422 tacitis
919 2367 1000 2420 eis
1040 2380 1160 2434 qua:
1198 2364 1391 2418 altiora
1438 2361 1667 2431 quaesitu
1719 2369 1774 2415 et
1822 2360 2047 2415 fortiora

459 2468 702 2515 scrutatu
729 2466 855 2513 sunt
881 2457 1180 2521 hominum,
1212 2455 1297 2508 illa
1320 2454 1499 2524 potius
1522 2468 1641 2522 quin
1667 2459 1846 2506 essent
1876 2466 1906 2504 a
1938 2450 2048 2505 Deo

458 2557 753 2620 prmecpta,
781 2548 894 2603 sive
927 2548 1213 2618 promissa,
1232 2545 1538 2600 hominibus
1562 2544 1843 2613 cogitanda
1856 2558 2050 2613 propo-

461 2648 632 2695 neret.
683 2640 835 2696 Unde
863 2640 1026 2693 etiam
1056 2637 1301 2693 consulte
1333 2637 1399 2690 de
1427 2650 1556 2690 casu
1587 2635 2049 2705 prmvaricationis

458 2730 637 2801 angeli
685 2738 740 2784 et
772 2729 1049 2784 ‘sociorutn
1099 2726 1216 2794 ejus
1251 2726 1467 2796 penitus
1520 2725 1756 2789 reticuit,
1788 2726 1914 2793 quia
1947 2725 2049 2779 hoc

461 2824 717 2878 nimirum
756 2823 824 2877 ad
873 2831 1071 2877 statum
1117 2820 1402 2875 invisibilis
1453 2818 1596 2873 illius
1662 2834 1726 2872 ac
1785 2816 2047 2889 Splt'italls

460 2924 725 2971 creaturae
774 2915 1029 2985 pertinet.
1077 2912 1243 2984 Cujus
1303 2913 1599 2982 superioris
1645 2920 1700 2966 ct
1759 2909 2045 2966 invisibilis

460 3014 726 3060 creatura:
778 3014 1000 3060 sanctus
1054 3005 1371 3061 Ambrosius
1432 3006 1485 3059 in
1517 3005 1655 3060 libro
1705 3001 2047 3058 Hexatneron

461 3097 698 3151 secundo
728 3096 801 3150 ita
832 3088 1077 3150 meminit
1103 3114 1115 3149 :
1145 3083 1487 3152 Arbitramur
1530 3096 1674 3151 enim
1702 3083 1827 3166 quia
1862 3096 1906 3151 si
1948 3082 2048 3149 fuit

459 3188 734 3259 quidpiam
777 3196 901 3243 ante
918 3189 1317 3252 institutionem
1345 3188 1616 3244 sensibilis
1637 3187 1808 3257 hujus
1838 3196 1894 3242 et
1923 3204 2046 3242 cor-

2147 1988 2361 2055 dclicet,
2400 1990 2489 2059 qui
2520 1989 2573 2044 in
2626 1989 2892 2060 profundo
2942 1992 3109 2046 maris
3156 1993 3400 2060 dimersi,
3436 1997 3638 2052 emisso
3663 2013 3723 2052 ex

2146 2096 2242 2136 ore
2273 2081 2413 2147 oleo,
2465 2083 2806 2151 perspicuum
2849 2082 2949 2138 sibi
2976 2084 3079 2139 hoc
3105 2101 3169 2140 ac
3199 2083 3435 2142 lucidum
3458 2072 3724 2144 reddunt.

2148 2171 2207 2226 Si
2265 2173 2410 2226 enim
2467 2174 2627 2227 homo
2678 2173 2801 2228 talia
2846 2191 2943 2245 per
2990 2175 3168 2230 oleum
3216 2178 3299 2232 sui
3355 2180 3469 2234 oris
3528 2190 3721 2250 potest,

2147 2274 2405 2336 quantam
2460 2267 2600 2321 Deus
2628 2282 2727 2337 per
2775 2268 3021 2337 spiritum
3068 2271 3182 2325 oris
3211 2273 3293 2326 sui
3339 2272 3518 2329 lucem
3550 2290 3727 2329 creare

2146 2372 2307 2427 posse
2357 2359 2655 2414 credendus
2710 2361 2832 2414 est?
2894 2362 3194 2430 praesertim
3246 2379 3366 2419 cum
3422 2366 3595 2421 multo
3643 2382 3726 2421 ra-

2149 2449 2321 2503 riores
2346 2464 2509 2518 quam
2542 2451 2701 2504 modo
2733 2452 2784 2504 in
2832 2450 2992 2505 terris
3017 2451 3201 2507 videre
3231 2453 3471 2508 solemus
3504 2471 3655 2524 aqua:
3677 2457 3729 2508 in

2148 2540 2413 2609 principio
2440 2539 2605 2596 fuisse
2659 2540 2816 2596 facta:
2851 2541 3134 2597 credenda:
3185 2553 3333 2609 sunt,
3388 2545 3544 2614 prius
3572 2561 3724 2615 quam

2149 2630 2203 2684 in
2230 2630 2405 2685 locum
2436 2638 2617 2685 essent
2658 2644 2853 2707 unum,
2892 2640 2951 2686 ut
2997 2642 3278 2702 appareret
3305 2635 3476 2699 arida,
3519 2651 3732 2707 eongre~

2149 2731 2307 2792 gatze.
2828 2746 2831 2747 ν

2221 2814 2290 2868 Et
2316 2815 2444 2870 vidit
2491 2816 2635 2870 Deus
2681 2815 2870 2882 lucem,
2901 2816 3040 2888 quod
3067 2828 3195 2871 esset
3220 2817 3376 2872 bona.
3418 2817 3542 2873 Non
3595 2820 3733 2873 velut

2150 2910 2477 2979 incognitam
2499 2918 2626 2964 ante
2648 2918 2871 2980 repente
2892 2909 3066 2965 lucem
3094 2910 3283 2965 videns
3314 2911 3575 2976 laudavit,
3606 2913 3722 2981 quia

2148 2999 2348 3055 bonam
2382 3000 2590 3065 didicit,
2639 3001 2733 3056 sed
2758 3016 2877 3055 eam
2915 3016 3077 3071 quam
3116 3001 3441 3056 laudabilem
3486 3020 3547 3059 se
3573 3004 3733 3059 factu-

2150 3109 2271 3147 rum
2300 3102 2545 3159 noverat,
2573 3093 2686 3162 jam
2719 3093 2918 3148 factam
2973 3094 3282 3149 hominibus
3323 3095 3480 3150 laude
3524 3097 3732 3167 dignam

2151 3201 2215 3241 ac
2238 3186 2539 3241 mirandam
2564 3200 2686 3242 esse
2714 3186 3023 3242 declaravit.
3058 3187 3258 3242 Verum
3285 3189 3411 3257 quia
3441 3204 3554 3243 non
3604 3197 3735 3242 totas

464 3246 734 3349 ruptibilis
786 3249 989 3345 mundi,
1020 3279 1263 3352 profecto
1288 3281 1340 3334 in
1375 3279 1494 3335 luce
1517 3279 1637 3334 fuit.
1677 3246 1863 3349 Neque
1899 3278 2043 3333 enim
2074 3246 2119 3309 Ο
2153 3277 2333 3332 mundi
2360 3275 2742 3331 tenebrasluce
2764 3276 2937 3331 infusa
2957 3276 3175 3345 dispulit
3204 3246 3331 3335 (hoc
3352 3278 3500 3331 enim
3525 3278 3734 3346 superni

462 3371 697 3442 dignitas
727 3372 1064 3442 angelorum,
1097 3386 1196 3426 nec
1221 3371 1461 3425 omnium
1493 3370 1795 3426 cwlestium
1818 3368 2045 3433 militite,

461 3462 545 3516 vel
597 3462 642 3515 si
671 3461 798 3530 quid
828 3468 910 3516 est
931 3461 1288 3527 nominatum,
1319 3471 1413 3515 aut
1479 3458 1923 3529 inconpellabilc,
1956 3465 2048 3512 aut

464 3554 643 3623 aliqua
690 3553 1027 3608 rationabilis
1053 3554 1248 3619 virtus,
1284 3547 1367 3608 vel
1416 3553 1752 3607 ministrator
1796 3552 2043 3621 spiritus,

466 3647 661 3716 degere
698 3653 882 3716 posset
910 3645 965 3699 in
1008 3645 1270 3711 tenebris,
1301 3645 1396 3700 sed
1428 3646 1480 3699 in
1509 3644 1624 3699 lucc
1653 3653 1706 3700 et
1735 3644 1918 3699 laetitia
1949 3644 2044 3699 de-

462 3748 672 3793 centem
701 3738 803 3794 sibi
860 3738 1104 3793 habitum
1146 3738 1473 3809 possidebat.
1504 3736 1650 3793 Bene
1696 3745 1878 3792 autem
1922 3753 2047 3792 cum

462 3830 518 3884 in
559 3829 824 3900 principio
874 3830 1064 3895 Deum,
1119 3829 1173 3905 id
1221 3838 1339 3895 est,
1402 3829 1456 3883 in
1502 3828 1638 3883 Filio
1695 3827 1911 3883 Patrem
1965 3827 2048 3883 l‘e-

461 3922 601 3977 cisse
642 3922 841 3977 cualum
898 3929 953 3976 et
1013 3929 1211 3975 terram
1263 3922 1612 3992 praediceret,
1653 3922 1821 3976 etiam
1873 3922 2046 3976 sancti

464 4011 696 4085 Spiritus
726 4014 907 4068 intulit
927 4014 1277 4080 mentionem,
1302 4014 1546 4069 addendo
1572 4031 1587 4068 :
1620 4014 1687 4068 Et
1711 4014 1927 4085 spiritus
1954 4013 2048 4068 Dei

469 4107 735 4178 ferebatur
757 4124 914 4180 super
939 4123 1126 4179 aquas,
1168 4115 1229 4161 ut
1251 4107 1500 4161 videlicet
1536 4106 1702 4161 totius
1739 4105 1898 4187 simul
1930 4105 2048 4160 Tri-

390 4223 395 4229 -
462 4198 646 4254 uitatis
671 4199 722 4253 in
751 4199 1024 4255 creatione
1047 4198 1232 4253 mundi
1279 4198 1529 4254 virtutem
1553 4208 1897 4267 cooperatam
1928 4211 2049 4252 esse

463 4291 720 4362 signaret.
1746 4290 1753 4293 ’

1090 4384 1318 4441 CAPUT
1353 4383 1415 4439 ll.

819 4474 1036 4531 Ubi'lurc
1062 4478 1290 4548 primum
1310 4476 1425 4546 ﬁeri
1440 4476 1660 4547 jubetur

533 4566 601 4621 Et
625 4568 759 4623 dixit
784 4568 926 4624 Deus
958 4585 975 4623 :
1002 4567 1123 4622 Fiat
1149 4569 1265 4635 lux,
1290 4579 1337 4623 et
1369 4569 1513 4638 facta
1544 4579 1618 4622 est
1643 4568 1755 4623 lux.
1789 4566 2050 4640 Congruit

2150 3374 2233 3420 est
2257 3363 2435 3420 saeculi
2452 3364 2558 3419 lixa
2580 3358 2645 3420 ac
2662 3373 2921 3436 perpetua
2942 3365 3060 3419 luce
3073 3364 3325 3437 perfrui),
3347 3366 3441 3421 sed
3458 3367 3533 3421 ab
3556 3384 3655 3421 una
3680 3368 3739 3419 il-

2149 3453 2257 3507 lum
2286 3461 2441 3523 parte
2468 3452 2762 3519 illustrans,
2789 3453 2951 3507 aliam
2992 3452 3208 3523 reliquit
3254 3454 3571 3520 obscuram,
3599 3464 3737 3509 recte

2150 3543 2400 3599 subditur
2437 3562 2450 3597 :

2221 3639 2288 3693 Et
2345 3640 2519 3693 diuisit
2575 3639 2742 3694 lucem
2795 3658 2859 3694 ac
2931 3642 3192 3695 tenebras.
3250 3640 3445 3696 Divisit
3505 3657 3735 3711 namque

2149 3747 2282 3796 eas,
2337 3747 2443 3786 non
2519 3732 2695 3787 solum
2753 3732 3048 3802 qualitatis,
3116 3733 3209 3787 sed
3242 3740 3321 3787 'et
3365 3732 3613 3789 locorum
3658 3733 3737 3787 di-

2149 3823 2347 3879 stantia
2383 3841 2395 3876 :
2425 3823 2599 3878 lucem
2648 3823 2899 3878 videlicet
2960 3823 3012 3876 in
3066 3822 3347 3892 superiore
3392 3824 3548 3878 orbis
3592 3832 3739 3892 parte

2138 3908 2516 3977 'diﬂ‘undendo,
2544 3913 2597 3966 in
2622 3929 2725 3982 qua
2754 3913 2987 3967 humana
3013 3922 3133 3967 erat
3153 3913 3494 3967 conversatio
3524 3913 3732 3975 futura;

2152 4006 2410 4062 inferiora
2441 4019 2570 4060 vero
2601 4004 2719 4074 ejus
2747 4002 2951 4073 priscis
2972 4004 3026 4057 in
3075 4003 3313 4058 tenebris
3344 4018 3631 4057 remanere
3669 4004 3738 4056 si-

2151 4102 2354 4157 uendo.

2222 4188 2609 4263 Appellavitque
2635 4187 2801 4243 lucem
2829 4189 2987 4251 diem,
3018 4197 3067 4240 et
3098 4187 3337 4241 tenebras
3375 4197 3605 4241 noctem.
3638 4184 3740 4254 Ap-

2150 4280 2365 4352 pellavit
2405 4288 2586 4334 autem
2626 4278 2826 4333 dictum
2852 4286 2952 4341 est,
2984 4277 3112 4348 quia
3143 4278 3221 4331 sic
3245 4276 3499 4331 distinxit
3535 4275 3736 4335 nrnnia,

2151 4383 2207 4429 et
2236 4372 2525 4437 ordinavit,
2559 4379 2620 4426 ut
2667 4379 2723 4425 et
2764 4370 2998 4425 discerni
3045 4377 3284 4438 possent,
3307 4375 3362 4423 et
3393 4369 3620 4422 nomina
3648 4383 3737 4421 ac-

2152 4464 2351 4534 cipere.
2394 4461 2487 4518 Sic
2522 4462 2665 4517 enim
2693 4460 2922 4516 dicimus
2952 4479 2964 4513 :
3000 4459 3088 4514 ille
3125 4458 3525 4528 paterfamilias
3576 4458 3741 4513 aedili-

2154 4557 2298 4611 cavit
2326 4556 2483 4611 istam
2511 4555 2752 4619 domum,
2789 4552 2843 4607 id
2872 4560 2978 4617 est,
3023 4551 3281 4606 aediﬁcari
3311 4549 3458 4615 fecit,
3495 4559 3553 4605 et
3579 4549 3740 4604 multa

533 4618 598 4621 _-
784 4618 924 4624 ηη,
958 4618 970 4623 ,
1002 4618 1021 4621 _
1292 4618 1333 4623 _-
1645 4618 1754 4623 τη,
1799 4618 2048 4640 “now”

462 4659 718 4728 operibus
740 4659 834 4715 Dei
859 4668 921 4714 ut
943 4652 1408 4714 mundi-ornatum
1435 4673 1465 4711 a
1509 4658 1627 4713 luce
1650 4648 1893 4727 incipiat,
1923 4674 2047 4713 cum
2077 4618 2127 4685 Β
2157 4650 2284 4704 talia
2314 4652 2433 4716 ἰιθτ
2496 4660 2686 4702 omnes
2735 4644 2904 4723 ιίὶποε
2954 4644 3256 4699 (Ῐίτίηπυῖη
3332 4641 3741 4713 scripturarum

464 4748 580 4819 ipse
628 4749 698 4804 sit
739 4749 832 4805 lux
887 4765 1038 4813 vera,
1098 4748 1366 4821 lucemque
1412 4748 1606 4803 habitet
1640 4749 2047 4826 inaccessibilem

462 4841 518 4915 ’(1
576 4841 710 4896 Tim.
745 4841 851 4916 vr);
900 4842 1057 4914 cujus
1100 4843 1411 4897 beatissima
1456 4843 1662 4898 visione
1710 4860 1835 4899 mox
1881 4844 2048 4898 creati

465 4934 519 4989 in
542 4933 695 4990 caelis
724 4934 985 4990 caelorum
1008 4933 1182 5003 angeli
1211 4933 1323 5004 jam
1345 4932 1549 5002 perfrui
1577 4943 1877 5004 cmpcrant.
1910 4935 2047 5004 Apte

464 5028 592 5083 huic
640 5041 854 5097 quoque
905 5025 1103 5082 saeculo
1175 5025 1417 5081 ornando
1472 5024 1702 5095 primam
1751 5024 2045 5079 materialis

462 5118 695 5190 gratiam
749 5117 885 5175 lucis
937 5116 1174 5179 donavit,
1217 5124 1273 5170 ut
1320 5124 1463 5170 esset
1510 5115 1649 5169 unde
1688 5125 1883 5169 cietera
1927 5131 2046 5185 qua:

463 5218 672 5264 crearet
727 5214 1069 5279 apparerent.
1116 5204 1271 5272 Quod
1295 5215 1472 5260 autem
1501 5206 1702 5260 dixisse
1739 5206 1899 5268 Deus,
1933 5205 2045 5260 sive

463 5314 523 5358 ιιι
562 5304 651 5358 lux
685 5304 857 5368 ﬁeret,
888 5301 1002 5358 sive
1035 5301 1139 5355 alia
1172 5314 1398 5369 quaeque
1418 5298 1752 5368 perhibetur,
1801 5314 1907 5352 non
1948 5312 2046 5351 no-

462 5407 579 5453 stro
611 5410 762 5451 more
787 5408 885 5464 per
914 5408 1107 5449 sonum
1150 5391 1299 5445 vocis
1344 5404 1661 5459 corporeum
1695 5388 1886 5442 fecisse
1921 5404 2045 5442 cre-

464 5489 671 5544 dendus
701 5495 805 5551 est,
837 5487 932 5542 sed
974 5486 1136 5540 altius
1179 5482 1584 5552 intelligendum
1628 5479 1829 5535 dixisse
1872 5479 2042 5533 Demn

465 5588 525 5634 ut
563 5581 719 5634 lieret
740 5589 1010 5641 creatura,
1066 5576 1191 5645 quia
1246 5587 1340 5644 per
1364 5571 1594 5626 Verbum
1651 5585 1805 5624 suum
1838 5570 2040 5633 omnia,

466 5669 521 5726 id
559 5678 663 5734 est,
707 5684 804 5741 per
860 5667 1195 5739 unigenitum
1236 5663 1431 5719 Filium
1482 5660 1626 5715 fecit.
1674 5660 1748 5714 De
1796 5676 1902 5729 quo
1934 5676 2045 5714 ma-

466 5762 713 5819 nifestius
739 5760 1063 5831 evangelista
1096 5757 1329 5812 Joannes
1376 5774 1384 5807 :
1423 5753 1486 5808 In
1526 5753 1798 5823 principio,
1848 5752 2044 5820 inquit,

465 5866 577 5913 erat
640 5853 887 5915 Verbum,
916 5863 962 5907 et
1003 5850 1224 5905 Verbum
1271 5859 1380 5903 erat
1427 5847 1563 5917 apud
1607 5845 1792 5911 Deum,
1837 5856 1879 5899 et
1908 5845 2045 5901 Drus

2156 4742 2519 4797 inveniuntur.
2581 4737 2691 4793 Hoc
2745 4737 2820 4791 ad”
2849 4735 3176 4791 intellectum
3229 4744 3477 4813 nostrum
3542 4735 3743 4790 dictqu

2151 4843 2254 4890 est.
2302 4833 2418 4901 Qua
2446 4832 2590 4887 enim
2621 4830 2802 4901 lingua
2844 4828 3134 4900 appellavit
3159 4828 3301 4883 Dens
3327 4827 3535 4883 ’lucem
3579 4827 3742 4887 diem,

2137 4928 2207 4982 'et
2258 4924 2510 4981 tenebras
2538 4910 2768 4984 noctem,
2803 4928 2985 4975 utrum
3035 4920 3280 4984 Hebraea,
3313 4935 3381 4973 an
3405 4916 3632 4977 Graeca.
3680 4935 3745 4971 an

2153 5015 2365 5079 Latina,
2414 5028 2483 5067 an
2522 5011 2626 5066 alia
2673 5010 2875 5081 aliqua,
2915 5018 2971 5065 et
2998 4998 3077 5065 sic
3114 5010 3295 5065 onmia
3347 5024 3471 5079 qua:
3506 5007 3745 5069 vocavit,

2152 5107 2320 5179 quaeri
2356 5113 2535 5176 potest
2578 5118 2684 5173 qua
2706 5103 2887 5173 lingua
2912 5102 3207 5158 vocaverit.
3254 5099 3363 5156 Sed
3392 5100 3543 5170 apud
3580 5101 3748 5156 Deum

2152 5213 2320 5268 purus
2342 5193 2645 5250 intellectus
2692 5201 2796 5253 est.
2822 5192 2939 5247 sine
2968 5191 3195 5262 strepitu
3217 5198 3272 5247 et
3300 5189 3628 5246 diversitate
3647 5189 3752 5250 lin-

2150 5303 2399 5360 gnarum.
2500 5296 2507 5301 '

2222 5377 2554 5449 Factumque
2583 5387 2657 5433 est
2682 5391 2885 5447 vespere
2913 5386 2960 5430 et
2985 5390 3138 5429 mane
3160 5374 3271 5429 dies
3318 5389 3476 5428 unus.
3509 5372 3745 5428 Factum

2152 5482 2234 5529 est
2273 5487 2514 5543 vespere,
2539 5470 2593 5526 id
2623 5477 2730 5540 est,
2754 5468 3034 5524 occidente
3060 5467 3317 5538 paulatim
3361 5463 3481 5519 luce
3501 5472 3637 5536 post
3662 5477 3749 5516 ex-

2150 5564 2353 5633 pletum
2381 5562 2616 5633 spatium
2643 5560 2851 5614 diurna:
2873 5558 3240 5637 longitudinis,
3268 5564 3426 5625 atque
3448 5554 3752 5609 inferiores

2153 5654 2337 5711 mundi
2362 5659 2542 5722 partes
2579 5650 2864 5715 subeunte,
2892 5649 3035 5718 quod
3062 5654 3205 5702 nunc
3236 5648 3432 5701 usitato
3465 5644 3610 5699 solis
3638 5643 3749 5699 cir-

2153 5744 2298 5801 cuitu
2326 5741 2574 5796 noctibus
2620 5739 2702 5811 agi
2733 5739 2909 5801 solet;
2970 5737 3167 5792 factum
3214 5743 3267 5791 et
3291 5748 3445 5789 mane
3476 5735 3752 5789 redeunte

2155 5835 2341 5893 eadem
2389 5831 2647 5904 paulatim
2710 5846 2869 5901 supra
2913 5840 3100 5894 terras,
3161 5836 3318 5897 atque
3369 5824 3544 5879 alium
3606 5826 3751 5879 diem
