3958 6204
208 224 315 278 με)

1038 280 1067 305 /

1257 224 1616 283 COMMENT.
1659 227 1727 283 IN
1766 224 2088 282 GENESIM.
2128 257 2199 267 —-
2239 225 2364 283 LIB.
2406 226 2446 283 1.

3377 235 3484 293 430

207 335 499 402 initiante;
550 342 603 390 et
654 336 759 391 huc
785 352 956 408 usque
981 338 1099 393 dies
1127 337 1370 408 expletus
1398 348 1482 395 est
1509 356 1672 406 unus,
1719 340 1797 395 vi-
1828 341 1871 398 Α
1903 355 2065 409 quam
2100 341 2242 410 quod
2273 342 2442 411 ipsam
2470 349 2624 394 terrm
2671 341 2856 396 molem
2890 342 2973 415 (ut
3012 344 3289 416 Scriptura
3333 350 3481 424 dicit)

204 434 339 501 giuti
377 432 585 487 scilicet
624 440 681 485 ct
736 441 968 501 quatuor
997 433 1274 487 horarum.
1303 431 1470 502 Cuius
1525 449 1797 489 commcn-

204 505 425 578 datioue
454 520 627 585 verbi,
685 520 965 592 Scriptura
997 522 1283 593 vigilanter
1319 523 1571 579 admonet
1625 533 1681 579 ut
1714 525 1794 578 lu-

203 632 325 670 cem
375 629 495 684 qua-
541 612 682 668 facta
732 621 817 667 est
848 612 1102 668 inferiora
1157 613 1306 669 orbis
1338 630 1531 670 occasu
1579 632 1678 671 suo
1714 616 1796 669 lu-

204 717 415 761 strasse
440 707 705 761 dicamus.
741 703 875 759 Nam
902 705 946 759 si
974 720 1084 761 non
1112 704 1216 761 hoc
1248 703 1472 770 faceret,
1510 706 1602 760 sed
1628 708 1798 776 magis

204 797 355 852 facto
411 810 641 866 vespere
692 794 955 865 paulatim
1012 802 1125 849 tota
1175 794 1396 864 periret,
1470 810 1534 849 ac
1582 810 1795 851 rursum

206 903 365 942 Inane
384 886 644 956 paulatim
678 885 730 939 in
768 900 827 940 re
873 893 1056 940 creata
1096 893 1423 954 resurgeret,
1450 901 1556 940 non
1587 884 1698 954 jam
1742 886 1795 939 in

206 995 367 1034 mane
401 979 508 1034 diei
542 977 840 1048 sequentis,
899 977 1197 1047 sedpotius
1231 978 1283 1050 in
1336 993 1557 1048 vespera
1610 978 1793 1048 primi,

205 1087 374 1127 unum
410 1072 621 1125 diceret
654 1084 774 1124 esse
799 1069 940 1124 diem
966 1068 1287 1139 perfectum.
1323 1069 1475 1127 Unde
1509 1085 1654 1123 nunc
1683 1086 1796 1123 Ina-

206 1166 300 1236 gis,
337 1150 622 1233 vesperam
658 1170 712 1241 et
759 1176 918 1215 mane
948 1176 1110 1231 quam
1168 1172 1382 1217 noctem
1431 1177 1496 1216 ac
1540 1161 1799 1219 diem.l‘a-

207 1266 349 1311 ctam
402 1256 587 1310 dicere
621 1254 830 1318 maluit,
885 1261 947 1307 ut
1000 1254 1301 1309 insinuaret
1363 1261 1490 1308 tunc
1528 1253 1798 1322 primariae

209 1349 343 1403 lueis
400 1356 582 1404 actum
634 1363 757 1404 esse
809 1347 1118 1412 circuitum,
1173 1346 1316 1416 quod
1373 1362 1516 1402 nunc
1566 1346 1797 1402 circuitu

208 1440 339 1494 solis
365 1439 455 1494 die
496 1448 767 1513 noctuque
788 1439 901 1509 geri
932 1446 1148 1497 constat
1178 1457 1191 1493 ε
1220 1447 1421 1509 prteter
1442 1441 1545 1494 hoc
1596 1439 1799 1494 solum-

210 1531 389 1592 modo,
432 1529 577 1600 quod
591 1540 748 1601 ,post
794 1540 978 1585 creata
1013 1530 1214 1594 sidera,
1268 1542 1373 1583 nox
1404 1545 1621 1600 quoque
1677 1546 1795 1596 sua,

213 1620 428 1675 tametsi
479 1620 688 1692 minore
728 1636 892 1691 quam
922 1621 1059 1685 dies,
1110 1621 1230 1677 luce
1272 1620 1652 1690 perfunditur;
1704 1623 1799 1677 tri-

1899 429 2142 500 appendit
2197 430 2250 483 in
2286 431 2494 485 nihilo?
2523 430 2711 502 (Ιὺὶά.)
2752 432 2883 487 Nam
2934 444 2987 488 ct
3019 437 3195 501 undae,
3230 439 3343 494 sive
3367 441 3485 496 Ru-

1898 518 1982 571 bri
2023 518 2206 582 maris,
2261 522 2375 575 sivc
2421 519 2567 575 ﬂuvii
2605 520 2879 587 Jordanis,
2930 539 3050 578 cum
3094 529 3161 580 ad
3194 532 3485 586 transitum

1898 607 2205 663 Israelitica:
2234 609 2403 680 plebis
2440 610 2494 665 in
2526 611 2690 665 altum
2731 623 2928 668 erecta:
2987 632 3265 674 murorum
3317 623 3490 678 instar

1900 696 2158 767 ﬁguntur,
2189 714 2366 754 nonne
2395 700 2617 757 evidens
2646 703 2777 756 dant
2818 704 3099 771 indicium,
3131 711 3274 778 quod
3320 714 3486 769 etiam

1899 803 2062 858 supra
2090 790 2474 845 rotunditatem
2503 792 2626 846 coeli
2665 794 2974 861 voluLilem,
3006 798 3110 851 ﬁxa
3138 800 3348 868 possint
3377 812 3487 858 sta-

1900 880 2045 935 tione
2069 882 2325 936 manere?
2346 881 2487 936 Sane
2507 883 2908 956 qualescunque
2930 888 3003 942 ibi
3026 905 3181 959 aqua:
3209 891 3338 958 sint,
3368 908 3491 950 esse

1898 981 2077 1029 tamen
2099 990 2191 1029 eas
2212 976 2308 1041 ibi,
2355 978 2501 1046 quod
2531 977 2809 1048 Scriptura
2827 990 3015 1035 sancta
3036 982 3195 1051 dixit,
3221 984 3352 1040 nulli
3384 988 3484 1043 du-

1897 1064 2176 1121 bitandum
2221 1069 2455 1138 reliquit.

1969 1153 2107 1220 Quid
2150 1155 2221 1208 sit
2275 1166 2454 1211 autem
2523 1157 2706 1214 dicere
2752 1162 2885 1216 Dei:
2918 1162 3042 1218 Fiat
3079 1167 3215 1231 lure,
3267 1167 3349 1224 vel
3396 1169 3483 1225 illa

1899 1255 2170 1310 creatura,
2203 1246 2317 1315 jam
2348 1247 2718 1315 supradictum
2755 1259 2877 1305 εει.-
2911 1253 3058 1307 Dixit
3118 1257 3263 1311 enim
3299 1266 3358 1312 ut
3394 1258 3491 1313 ﬁco

1902 1343 2003 1399 ret,
2040 1351 2162 1391 eum
2200 1336 2254 1390 in
2281 1346 2552 1392 coteterno
2583 1338 2683 1393 sibi
2715 1340 2911 1408 Verbo,
2969 1345 3247 1416 unigenito
3298 1349 3489 1404 videli—

1901 1420 1986 1481 cet
2024 1426 2182 1491 Filio,
2212 1436 2406 1483 cuncta
2456 1431 2689 1486 creanda
2717 1432 3001 1503 disposuit.
3036 1436 3361 1509 Cumergo,
3387 1457 3486 1496 au-

1901 1517 2133 1572 divimus
2150 1533 2164 1572 :
2180 1517 2325 1573 Dixit
2342 1519 2503 1585 Deus,
2524 1519 2646 1574 Fiat
2660 1522 3047 1590 ﬁrmamentum
3069 1529 3121 1582 in
3138 1531 3308 1584 medio
3324 1549 3489 1602 aqua-

1903 1625 2040 1673 rum,
2073 1618 2121 1663 et
2145 1610 2345 1664 dividat
2371 1628 2535 1682 aquas
2565 1612 2629 1665 ab
2657 1614 2828 1683 aquis,
2858 1615 3224 1687 intelligamus
3250 1622 3398 1690 quod
3431 1623 3483 1676 in

212 1710 318 1767 duo
377 1690 559 1764 autem
616 1710 707 1765 ίιιο
762 1710 961 1780 primo.
1009 1711 1295 1767 tenebrosa
1330 1727 1552 1782 prorsus
1599 1721 1656 1768 ει
1707 1690 1878 1769 θεμΒ
1907 1699 2086 1755 Verbo
2129 1701 2223 1754 Dei
2263 1709 2380 1756 erat
2402 1711 2463 1759 ut
2517 1703 2671 1757 ﬁeret
2739 1705 2792 1758 in
2831 1721 2938 1774 quo
2986 1708 3293 1764 faciendum
3344 1711 3490 1766 intus

213 1812 372 1851 scnra
425 1798 701 1851 manebat.
748 1799 984 1853 Docebat
1032 1815 1268 1864 namque
1295 1802 1548 1857 omnibus
1602 1803 1794 1867 modis,

212 1895 267 1939 ut
321 1886 445 1942 dies
489 1904 520 1941 a
555 1888 673 1943 luce
730 1889 1019 1959 incipiens,
1063 1890 1115 1944 in
1165 1905 1324 1949 mane
1369 1892 1475 1947 diei
1526 1896 1802 1964 sequentis

212 1988 353 2033 esset
406 1980 729 2048 protelatus,
779 1990 1046 2050 quatenus
1090 1983 1435 2066 intimaretur
1462 2001 1626 2057 opera
1661 1990 1799 2060 ejus,

210 2074 301 2145 qui
365 2084 451 2130 est
501 2074 591 2129 lux
640 2092 806 2141 vera,
867 2084 924 2132 et
971 2076 1025 2132 in
1079 2093 1187 2149 quo
1234 2080 1471 2142 tenebrae
1515 2097 1623 2139 non
1676 2092 1813 2139 sunt.

219 2163 376 2227 ulla),
429 2181 462 2219 a
517 2166 637 2223 luce
703 2168 995 2234 inchoare,
1055 2179 1111 2225 et
1169 2169 1223 2224 in
1272 2169 1392 2226 luce
1443 2182 1640 2247 cuneta
1679 2189 1803 2232 esse

218 2256 505 2328 completa.

840 2353 1069 2412 CAPUT
1104 2355 1192 2412 Ill.

219 2440 637 2497 Firmamentum
681 2444 767 2500 die
803 2446 1032 2525 secundo
1080 2447 1301 2525 factum,
1332 2459 1381 2504 et
1425 2451 1610 2507 divisio
1639 2469 1805 2525 aqua-

511 2531 627 2567 rum
660 2531 820 2585 supra
844 2524 892 2569 et
918 2516 1061 2585 infra
1084 2516 1492 2586 ﬁrmamentum.

286 2623 437 2679 Dixit
479 2602 681 2696 quoque
727 2624 1057 2681 Deus:Fiat
1109 2628 1497 2697 ﬁrmamentum
1542 2634 1597 2688 in
1636 2635 1803 2690 medio

220 2732 498 2785 aquarum,
515 2724 563 2771 et
581 2715 779 2770 dividat
795 2734 959 2789 aquas
979 2717 1043 2772 ab
1064 2720 1214 2790 aquis
1230 2737 1248 2784 ;
1266 2731 1313 2775 et
1326 2722 1448 2791 fecit
1472 2722 1610 2777 Deus
1624 2725 1807 2794 ﬁrma-

220 2817 472 2872 mentum,
499 2807 781 2877 diuisitque
824 2824 988 2879 aquas
1009 2825 1143 2880 quae.
1170 2798 1321 2864 erant
1345 2812 1441 2867 sub
1471 2812 1803 2881 ﬁrmamento

219 2901 282 2952 ab
306 2901 389 2953 Ιιὶε
416 2916 534 2970 qua:
575 2909 723 2954 erant
748 2917 904 2970 super
931 2882 1342 2968 ﬁrmamentum.
1377 2902 1443 2956 Et
1489 2904 1687 2974 factum
1727 2916 1804 2961 est

219 2990 289 3044 ita
319 3009 338 3055 ;
366 2991 661 3062 rocaritque
706 2991 847 3046 Deus
868 2992 1254 3060 firmamentum
1294 2988 1500 3061 célum,
1528 3004 1575 3050 et
1604 2996 1803 3066 factum

220 3094 291 3137 est
342 3099 545 3153 respere
573 3093 620 3136 et
658 3100 813 3138 mane
859 3084 968 3137 dies
997 3084 1276 3139 secundus.
1323 3085 1422 3141 llic
1451 3087 1620 3141 nostri
1649 3086 1791 3151 caeli,

220 3171 272 3224 in
310 3187 419 3242 quo
442 3172 545 3227 ﬁxa
577 3183 703 3226 sunt
732 3172 929 3239 sidera,
972 3173 1173 3228 creatio
1197 3173 1521 3229 describitur
1545 3195 1558 3230 :
1582 3176 1722 3246 quod
1745 3177 1800 3231 in

221 3261 398 3315 medio
436 3269 648 3315 constat
688 3259 961 3314 ﬁrmatum
999 3276 1119 3316 esse
1166 3277 1450 3333 aquarum.
1503 3263 1636 3319 Nam
1670 3280 1802 3334 sup:

218 3352 425 3420 positas
450 3351 499 3405 ei
531 3366 652 3406 esse
681 3366 872 3420 aquas,
897 3359 952 3406 et
995 3351 1094 3422 ipsi
1121 3352 1172 3406 in
1200 3342 1326 3409 aere
1357 3355 1622 3423 terrisque
1654 3355 1803 3409 vide-

219 3459 359 3498 mus.
386 3442 769 3514 Superposilas
796 3452 996 3508 autem,
1027 3461 1135 3499 non
1175 3445 1345 3500 solum
1373 3446 1532 3517 hujus
1556 3445 1805 3516 Scriptu-

218 3547 294 3587 m
338 3532 681 3599 auctoritate,
734 3532 827 3589 sed
856 3542 913 3589 et
942 3534 1223 3605 Pmphetze
1263 3535 1445 3589 verbis
1486 3526 1799 3602 edocemur,

216 3627 311 3697 qui
353 3627 430 3682 ait
462 3647 475 3682 :
509 3627 810 3693 Extendens
840 3628 1024 3684 caelum
1052 3631 1187 3684 sicut
1218 3629 1423 3701 pellem,
1469 3632 1558 3703 qui
1587 3633 1715 3703 tegis
1747 3633 1803 3687 in

218 3720 369 3788 aquis
399 3719 671 3790 superiora
698 3719 812 3790 ejus
838 3716 1010 3791 (Psal.
1036 3720 1177 3788 CIII).

287 3808 347 3862 In
404 3808 584 3865 medio
631 3824 764 3881 ergo
812 3817 1075 3881 aquarum
1123 3810 1395 3868 ﬁrmatum
1431 3829 1551 3872 esse
1591 3823 1806 3871 constat

217 3898 493 3955 sidereum
527 3900 741 3964 malum,
772 3916 948 3971 neque
982 3901 1182 3971 aliquid
1209 3903 1459 3972 prohibet
1507 3912 1711 3961 utesse
1737 3905 1805 3961 de

215 3989 378 4059 aquis
403 3989 600 4046 factum
631 3991 931 4047 credatur?
977 3990 1114 4059 Quia
1147 3983 1292 4049 enim
1339 3994 1637 4065 crystallini
1670 3995 1805 4067 lapi-

215 4080 303 4134 dis
338 4088 540 4150 quanta
570 4080 818 4147 ﬁrmitas,
849 4097 970 4152 quae
989 4083 1058 4137 sit
1083 4083 1439 4154 perspicuitas
1464 4084 1713 4140 novimus
1742 4099 1806 4140 ac

210 4172 450 4241 paritas,
508 4188 657 4243 Iuem
688 4174 754 4230 de
791 4189 1055 4244 aquarum
1103 4175 1451 4231 concretione
1479 4187 1687 4231 certum
1720 4183 1808 4235 est

212 4276 342 4317 esse
370 4273 741 4332 procreatum,
790 4263 921 4334 quid
954 4264 1138 4343 obstat
1160 4264 1309 4327 credi
1343 4264 1484 4334 quod
1516 4265 1661 4320 idem
1698 4265 1808 4321 dis-

210 4353 429 4423 positor
457 4363 779 4410 naturarum
813 4356 870 4411 in
931 4355 1332 4412 ﬁrmamentum
1382 4356 1503 4411 caeli
1550 4357 1803 4414 substan—
1831 4392 1885 4452 Β

208 4446 356 4502 tiam
380 4446 642 4506 solidaret
665 4448 968 4518 aquarum?
996 4446 1052 4504 Si
1098 4465 1259 4519 quem
1288 4464 1417 4506 vero
1442 4458 1623 4505 movet
1670 4466 1808 4522 quo-

206 4539 383 4594 modo
411 4554 589 4610 aquae,
618 4555 850 4610 quarum
875 4549 1072 4597 natura
1117 4550 1203 4597 est
1224 4540 1436 4597 ﬂuitare
1454 4558 1681 4613 semper
1723 4552 1808 4598 at-

205 4645 322 4698 que
363 4629 428 4683 ad
466 4630 577 4684 ima
603 4630 800 4696 delabi,
839 4646 1001 4701 super
1024 4630 1221 4686 cmlum
1247 4632 1545 4687 consistere
1572 4633 1803 4701 possint,

201 4737 341 4777 cum
391 4721 506 4791 ejus
555 4722 788 4777 rotunda
818 4723 1032 4778 videtur
1079 4737 1200 4778 esse
1254 4721 1448 4793 ﬁgura,
1501 4723 1809 4779 meminerit

200 4812 516 4882 Scriptura:
570 4813 803 4870 dicentis
824 4813 890 4869 de
920 4813 1073 4869 Deo:
1116 4812 1221 4879 Qui
1262 4814 1389 4884 ligat
1435 4831 1594 4884 aquas
1616 4814 1670 4868 in
1708 4831 1807 4869 nu-

202 4904 374 4958 bibus
392 4908 521 4970 suis,
560 4916 617 4960 ut
650 4923 753 4960 non
777 4916 1052 4975 erumpant
1096 4907 1295 4976 pariter
1348 4901 1591 4960 deorsum
1637 4905 1805 4977 ((Job.

202 4996 406 5063 sxw);
470 5006 525 5052 ei
578 4987 839 5067 intelligat
885 4996 1017 5066 quia
1061 4997 1151 5067 qui
1234 4996 1372 5052 infra
1425 4997 1620 5053 ccelum
1681 4998 1811 5069 ligat

199 5102 396 5157 aquas
414 5088 479 5143 ad
509 5099 746 5159 tempus,
773 5104 895 5143 cum
923 5088 1059 5153 vult,
1083 5098 1144 5145 ut
1172 5104 1277 5144 non
1298 5089 1502 5160 pariter
1531 5089 1805 5152 decidant,

198 5175 373 5230 nullo
401 5174 652 5233 ﬁrmioris
683 5177 997 5234 substantiae
1023 5179 1301 5248 crepidine
1324 5185 1676 5241 sustentatas,
1711 5178 1807 5234 sed

197 5264 510 5335 vaporibus
555 5267 895 5331 solummodo
938 5268 1160 5323 nubium
1191 5276 1428 5323 retentas
1456 5286 1469 5321 :
1502 5268 1617 5337 ipse
1640 5268 1805 5323 etiam

192 5355 405 5426 potuit
425 5371 590 5426 aquas
619 5373 784 5428 super
820 5359 1105 5414 rotundam
1144 5360 1267 5416 ειειί
1295 5360 1580 5430 splueram,
1614 5374 1682 5413 ne
1708 5375 1807 5413 un-

196 5461 392 5515 quam
414 5445 747 5512 delabantur,
779 5465 884 5504 non
906 5451 1143 5521 vaporali
1172 5451 1457 5515 tenuitate,
1494 5450 1589 5506 sed
1619 5449 1806 5505 solidi-

195 5545 324 5590 tate
360 5539 691 5608 suspendere
716 5539 953 5610 glaciali.
987 5539 1091 5596 Sed
1115 5542 1219 5599 etsi
1252 5540 1521 5611 liquentes
1550 5540 1618 5595 ibi
1638 5556 1808 5611 aquas

192 5626 425 5682 sistere
477 5628 660 5696 voluit,
695 5630 936 5696 nunquid
987 5628 1207 5698 majoris
1264 5630 1365 5688 hoc
1417 5630 1662 5689 miraculi
1703 5639 1805 5698 est,

1904 1799 2032 1844 ante
2067 1805 2226 1845 omne
2290 1800 2501 1862 tempus
2530 1793 2777 1863 prmvidit
2801 1796 3061 1866 quidquid
3099 1798 3230 1856 foris
3253 1816 3316 1856 ex
3352 1809 3487 1857 tem-

1902 1897 2033 1953 pore
2057 1882 2198 1938 Deus
2222 1882 2365 1939 fecit.
2391 1884 2525 1939 Cum
2556 1899 2685 1955 ergo
2720 1887 3027 1944 audivimus
3059 1908 3072 1943 :
3100 1890 3167 1944 Et
3191 1892 3312 1961 fecit
3342 1893 3487 1949 Deus

1900 1972 2321 2041 ﬁrmamentum,
2371 1974 2648 2044 diuisitque
2695 1994 2860 2047 aquas
2903 1996 3021 2050 qua:
3071 1991 3221 2035 erant
3267 1984 3363 2039 sub
3398 1985 3494 2055 ﬁr-

1894 2073 2161 2119 Jtzamento
2216 2065 2280 2117 ab
2321 2064 2403 2118 his
2453 2082 2571 2135 qua:
2600 2076 2746 2119 erant
2767 2084 2923 2137 super
2967 2065 3357 2137 ﬁrmamentum
3380 2090 3401 2140 ,'
3442 2086 3491 2130 et

1902 2150 2102 2220 factum
2124 2163 2198 2207 est
2228 2155 2326 2219 ita,
2360 2154 2721 2225 intelligamus
2750 2160 2945 2212 factam
2969 2159 3091 2214 εωιί
3119 2176 3492 2235 aquarumque

1903 2243 2232 2297 creationem
2256 2260 2320 2299 ac
2341 2245 2770 2314 dispositionem,
2794 2264 2898 2303 non
2921 2251 3223 2308 excessisse
3243 2257 3491 2324 prmscri-

1902 2343 2023 2404 ptos
2059 2335 2159 2390 sibi
2200 2337 2252 2390 in
2274 2336 2453 2392 Verbo
2481 2338 2889 2407 Dei‘termiuos,
2915 2341 3072 2412 juxta
3104 2343 3230 2400 illud
3257 2346 3490 2404 Psalmi-

1903 2435 2045 2483 stte:
2088 2427 2413 2499 Prteceptum
2457 2431 2652 2501 posuit,
2709 2444 2760 2485 et
2815 2450 2921 2487 non
2976 2437 3262 2505 prwteribit
3315 2437 3489 2509 (Psal.

1903 2518 2116 2590 XLVIII).
2164 2518 2316 2587 Quod
2371 2535 2525 2591 teque
2562 2523 2629 2577 de
2667 2525 2932 2581 creaturis
2975 2542 3094 2596 quae
3138 2530 3494 2598 sequentibus

1904 2622 2134 2682 quatuor
2159 2615 2348 2671 diebus
2373 2615 2531 2672 facta:
2573 2619 2885 2676 referuntur
2930 2623 3336 2693 intelligendum
3381 2636 3488 2682 est.

1907 2706 2009 2762 Ubi
2051 2722 2179 2762 vero
2200 2708 2513 2777 adjunctum
2549 2711 2854 2768 audivimus
2882 2732 2894 2767 :
2926 2713 2996 2768 Et
3025 2716 3151 2770 vidit
3189 2716 3328 2773 Deus
3350 2719 3489 2790 quod

1903 2809 2030 2853 esset
2087 2799 2301 2866 bonum,
2353 2802 2716 2873 intelligamus
2765 2805 2818 2859 in
2872 2805 3204 2878 benignitate
3256 2809 3491 2880 Spiritus

1904 2888 2196 2957 ejus,'non
2247 2892 2404 2960 quasi
2432 2894 2707 2964 cognitum
2731 2904 2917 2965 postea
2961 2913 3123 2969 quam
3157 2898 3358 2955 factum
3386 2911 3493 2968 est,

1904 2983 2194 3053 placuisse,
2221 2986 2315 3039 sed
2337 2986 2515 3055 potius
2545 2988 2599 3041 in
2630 3004 2691 3041 ea
2718 2989 2958 3045 bonitate
2972 2990 3263 3060 placuisse,
3291 3002 3345 3048 ut
3371 3010 3491 3052 ma-

1906 3080 2059 3127 neret
2086 3072 2175 3127 ubi
2218 3073 2470 3143 placebat
2514 3084 2574 3129 ut
2601 3076 2774 3144 ﬁeret.
2812 3077 3116 3134 Notandum
3156 3082 3303 3137 enim
3349 3086 3495 3154 quod

1902 3162 2064 3232 hujus
2096 3164 2244 3220 verbi
2280 3163 2515 3234 adjectio
2535 3168 2639 3222 hoc
2668 3167 2723 3223 in
2772 3168 2891 3224 loco
2921 3170 2974 3225 in
3030 3172 3296 3230 llebraica
3344 3177 3493 3230 veri-

1903 3262 2014 3310 tate
2041 3271 2148 3310 non
2181 3256 2431 3312 habetur.
2461 3258 2529 3313 Et
2555 3259 2863 3315 mirandum
2911 3278 3081 3332 quare
3129 3265 3274 3321 inter
3307 3269 3507 3323 omnia.

1901 3360 2023 3414 qua:
2048 3362 2263 3403 creasse
2290 3348 2433 3408 Deus
2457 3349 2675 3421 legitur,
2705 3352 2792 3407 hic
2817 3354 3174 3421 solummodo,
3210 3358 3262 3413 id
3296 3367 3401 3421 est,
3442 3360 3496 3416 in

1904 3436 2126 3490 secundi
2156 3436 2261 3492 diei
2292 3440 2566 3509 operibus,
2614 3442 2863 3511 probatio
2902 3445 3100 3502 divina:
3144 3448 3369 3505 visionis
3400 3452 3493 3509 lni-

1881 3528 2050 3582 -nime
2107 3531 2338 3585 addatur
2373 3549 2387 3586 :
2419 3548 2536 3603 quae
2576 3542 2773 3616 tamen.
2808 3537 2923 3606 ipsa
2963 3553 3087 3594 eum
3135 3543 3348 3601 eteteris
3375 3558 3497 3613 qua:

1904 3618 2032 3676 fecit
2063 3621 2173 3676 Deo
2197 3622 2337 3678 bona
2374 3638 2495 3680 esse
2530 3627 2646 3682 visa
2673 3628 3135 3698 demonstrantur,
3169 3649 3292 3688 cum
3326 3634 3379 3687 in
3406 3649 3492 3690 se-

1847 3761 1860 3769 .
1904 3716 2192 3784 quentibus
2218 3718 2418 3773 dicitur
2446 3737 2458 3772 :
2492 3719 2736 3792 Viditque
2756 3722 2899 3777 Deus
2925 3734 3243 3795 cunctaqua:
3268 3727 3409 3795 fecit,
3434 3736 3485 3782 et

1904 3815 2054 3860 erant
2080 3807 2229 3862 valde
2267 3808 2421 3863 bona.
2459 3810 2570 3866 Nisi
2600 3811 2761 3879 forte,
2810 3815 2953 3870 sicut
3002 3816 3221 3886 quidam
3270 3817 3491 3873 Patrum

1905 3906 2202 3967 exponunt,
2218 3899 2520 3972 intelligere
2546 3918 2644 3958 nos
2670 3904 2724 3959 in
2748 3905 2851 3960 hac
2868 3903 3148 3977 Scriptura
3162 3907 3351 3969 voluit.
3379 3924 3487 3964 non

1905 4003 2027 4044 esse
2053 3988 2252 4045 bonum
2284 3990 2552 4062 duplicem
2583 4010 2890 4062 numerum,
2947 3999 3039 4067 qui
3078 4000 3146 4055 ab
3172 4000 3377 4055 unitate
3407 4002 3490 4056 di-

1906 4076 2076 4142 vidat,
2107 4086 2164 4134 et
2205 4079 2515 4152 przeﬁguret
2560 4083 2767 4141 laedere
2806 4089 3134 4158 nuptiarum.
3176 4090 3325 4153 [Inde
3353 4102 3408 4147 et
3436 4093 3490 4147 in

1907 4180 2033 4221 arca
2063 4166 2196 4235 Noe,
2255 4170 2438 4225 omnia
2485 4173 2740 4235 animalia
2771 4191 3106 4246 quiecunque
3137 4180 3263 4235 bina
3318 4180 3496 4251 ingre-
3590 4216 3591 4219 η

1908 4257 2132 4314 diuntur
2158 4261 2436 4318 immunda
2465 4274 2609 4329 sunt,
2634 4276 2689 4321 et
2712 4267 2887 4338 impar
2916 4285 3173 4327 numerus
3199 4289 3320 4329 esse
3341 4291 3495 4330 mun-

1908 4348 2010 4404 dus
2038 4351 2359 4406 ostenditur.
2404 4352 2482 4409 De
2513 4355 2599 4411 his
2624 4370 2777 4422 sane,
2811 4374 2931 4428 qua:
2957 4360 3219 4417 hactenus
3246 4365 3491 4438 exposita

1910 4451 2058 4508 sunt,
2088 4442 2141 4499 id
2162 4451 2268 4510 est,
2299 4445 2367 4500 de
2417 4448 2695 4504 creatione
2728 4451 2834 4507 diei
2877 4453 3041 4522 primi
3067 4461 3123 4509 et
3153 4457 3396 4521 secundi,
3438 4459 3493 4514 in

1908 4533 2135 4589 historia
2172 4536 2347 4592 sancti
2391 4538 2687 4596 Clementis
2731 4541 2805 4597 ita
2855 4542 3088 4599 refertur
3129 4545 3331 4603 dixisse
3369 4564 3497 4621 apo—

1910 4624 2107 4680 stolum
2127 4625 2346 4682 Petrum
2376 4643 2390 4682 :
2415 4629 2472 4684 ιιι
2511 4631 2795 4702 principio,
2823 4649 2946 4690 cum
2972 4634 3187 4692 fecisset
3213 4638 3356 4695 Deus
3384 4658 3494 4698 caa-

1911 4716 2023 4771 lum
2054 4727 2111 4773 et
2148 4727 2371 4786 terram,
2422 4731 2680 4793 tanquam
2706 4725 2925 4781 domum
2963 4744 3145 4794 unam,
3204 4731 3317 4801 ipsa
3373 4749 3495 4803 qua:

1909 4825 1978 4865 ex
1998 4812 2320 4881 corporibus
2348 4816 2531 4869 mundi
2562 4817 2768 4873 reddita
2797 4827 2881 4873 est
2900 4820 3113 4885 umbra,
3146 4822 3232 4879 his
3271 4841 3390 4894 quae
3421 4826 3498 4880 iu-

1912 4900 2180 4959 trinsecus
2220 4901 2402 4957 clausa
2431 4903 2642 4959 fuerant
2668 4908 2923 4963 tenebras
2971 4924 3038 4965 ex
3085 4927 3144 4966 se
3172 4914 3335 4967 dedit.
3389 4915 3496 4969 Sed

1911 5006 2036 5046 cum
2084 4991 2332 5047 voluntas
2379 4992 2474 5048 Dei
2513 4996 2811 5053 introduxit
2857 4999 3051 5064 lucem,
3107 5004 3344 5058 tcnebrze
3395 5005 3496 5059 ill:e

1910 5096 2032 5151 quae
2079 5096 2145 5136 ex
2195 5082 2386 5137 umbra
2435 5098 2722 5154 corporum
2765 5087 2921 5151 facta:
2969 5088 3203 5153 fuerant,
3240 5094 3495 5147 continuo

1910 5174 2181 5229 devoratze
2217 5182 2361 5229 sunt.
2417 5174 2553 5231 Tum
2600 5178 2793 5232 deinde
2825 5180 2912 5234 lux
2958 5181 3009 5236 in
3060 5183 3222 5243 diem.
3260 5185 3495 5239 tenebras

1912 5263 2241 5332 deputantur
2264 5263 2316 5318 in
2342 5273 2574 5319 noctem.
2602 5263 2722 5320 JaIn
2761 5284 2891 5324 vero
2915 5285 3077 5337 aqua,
3126 5286 3245 5337 qua:
3270 5281 3386 5324 erat
3415 5274 3497 5325 is:—

1916 5362 1998 5407 tra
2035 5354 2292 5409 mundum
2323 5354 2376 5408 in
2433 5356 2611 5410 medio
2653 5358 2811 5425 primi
2870 5358 3010 5411 illius
3064 5359 3187 5412 (δα)ιί
3231 5370 3495 5432 terra-que

1914 5445 2111 5513 spatio,
2168 5445 2321 5514 quasi
2369 5445 2489 5515 gelu
2555 5457 2810 5502 concreta
2861 5457 2915 5501 et
2961 5448 3218 5517 crystaﬂo
3271 5452 3493 5513 solidata

1915 5536 2264 5591 distenditur.
2302 5537 2371 5590 Et
2420 5534 2724 5604 huiusmodi
2759 5538 3100 5592 ﬁrmamento
3142 5540 3284 5594 velut
3331 5544 3495 5597 inter-

1914 5626 2206 5685 cludantur
2229 5627 2404 5683 Inedia
2430 5629 2553 5701 casti
2585 5644 2647 5683 ac
2671 5636 2828 5683 terra:
2857 5627 3030 5698 spatia
3059 5645 3074 5696 ;
3135 5628 3291 5701 idque
3320 5634 3495 5690 lirma-
