3958 6204
169 269 255 322 113
1170 266 1524 324 COMMENT.
1568 268 1632 322 ΙΝ
1673 268 1995 325 GENESIM.
2040 302 2103 312 —
2145 270 2273 326 LIB.
2310 270 2350 326 l.

3315 282 3378 334 .if.’
3395 281 3418 334 1»

166 390 268 439 clem
289 383 441 443 diem,
465 379 593 435 luna
624 395 753 435 vero
781 390 831 436 ct
862 379 1028 435 stell;e
1056 391 1264 437 noctem
1296 382 1585 437 illustrant.
1615 382 1724 435 lioe
1757 388 1799 444 Α
1829 396 1930 453 gna
1963 389 2543 456 possumusaccipere.
2574 404 2687 443 .nnn
2737 399 2843 443 tam
2896 391 3119 444 aliorum
3149 409 3427 462 compara.

164 470 467 531 enim'factis
496 470 765 525 sideribus
803 470 868 524 ad
918 479 1258 543 augmentum
1297 472 1571 542 primarite
1598 472 1732 526 lucis

166 564 386 629 arcessit,
410 570 477 615 ut
497 562 661 627 etiam
697 558 958 617 luminosa
985 579 1088 617 nox
1116 565 1451 634 procederet,
1487 562 1569 617 vel
1593 563 1732 620 luna!

166 642 324 726 utique
369 651 678 723 SplettdOre,
717 651 801 707 vel
846 652 1144 719 stellarum,
1190 654 1273 710 vel
1324 662 1555 725 utroque
1591 654 1731 709 irra-

164 748 306 807 diata,
335 752 451 813 qum
476 751 701 798 eatenus
730 741 804 796 nil
834 750 1031 813 praeter
1049 745 1303 800 tenebras
1338 751 1569 801 noverat
1596 744 1734 799 anti-

167 853 297 908 quas.
324 835 453 889 Nam
481 834 608 889 et'si
638 833 793 888 nobis
837 834 1130 905 saepissime
1162 848 1265 889 nox
1315 835 1607 890 tenebrosa
1659 833 1736 887 vi-

165 930 331 981 deatur
355 933 406 979 et
430 940 597 988 caeca,
629 925 918 978 obscurato
945 924 1196 979 videlicet
1245 925 1525 980 nebulosis
1566 923 1733 977 turbi-

166 1018 299 1071 nibus
328 1031 453 1070 aere
478 1016 571 1085 qui
604 1025 764 1069 terrm
798 1016 1076 1085 proximus
1102 1024 1207 1077 est.
1240 1017 1517 1087 superiora
1552 1023 1731 1069 tamen

168 1111 235 1162 illa
256 1111 438 1178 spatia,
471 1125 590 1177 qua:
616 1109 834 1163 :etheris
878 1110 1095 1163 nomine
1142 1118 1455 1175 censentur,
1485 1119 1538 1165 et
1558 1123 1589 1165 a
1625 1116 1737 1164 lur-

166 1201 353 1254 bulcuto
393 1200 499 1253 hoc
527 1214 653 1253 aere
681 1215 851 1269 usque
887 1200 952 1254 ad
980 1200 1588 1272 sidereum‘pertingunt
1615 1216 1733 1259 caa-

167 1299 275 1358 lum,
319 1308 535 1363 semper
577 1292 646 1346 ob
688 1292 924 1347 siderum
971 1293 1416 1348 circumeuntinm
1467 1292 1729 1365 fulgorem

168 1382 434 1437 redduntur
464 1381 658 1435 lucida.
693 1380 801 1435 Sed
843 1390 897 1436 et
927 1382 1030 1437 h'oc
1074 1381 1240 1437 divini
1274 1382 1517 1438 muneris
1543 1392 1731 1439 exorta

169 1477 317 1532 sidera
343 1492 467 1531 cum
496 1474 867 1529 additamento
903 1474 1040 1531 lucis
1070 1475 1270 1529 mundo
1309 1475 1631 1540 attulerunt,
1673 1484 1732 1531 ut

168 1567 411 1623 distinctio
450 1581 666 1637 quoque
688 1574 988 1637 temporum
1009 1566 1302 1622 labentium
1326 1582 1423 1638 per
1457 1583 1520 1623 ea
1548 1575 1731 1638 posset

168 1656 395 1726 dignosci.
428 1654 577 1711 Unde
613 1655 891 1725 sequitur:

1836 474 2001 539 tione,
2029 490 2190 544 quam
2218 490 2318 530 suo
2346 493 2588 542 munere,
2622 490 2674 533 ut
2720 491 2800 533 est
2829 483 3025 535 cu'lunt
3065 500 3340 552 tnsgmtm,
3376 494 3431 538 et

1836 578 1988 620 mare
2033 579 2304 635 magnum.
2358 566 2490 621 Nam
2542 577 2598 623 et
2645 586 2869 640 magnus
2918 572 3017 635 sol,
3061 573 3150 641 qui
3202 573 3432 641 complet

1833 653 2020 709 orbem
2067 665 2335 711 terrarum
2381 672 2479 712 suo
2510 658 2711 722 calore,
2762 660 2843 714 vel
2899 662 3022 715 luna
3069 678 3165 717 suo
3193 664 3459 719 luminez‘

1834 760 1955 817 quae
1993 747 2044 802 in
2092 762 2416 819 quacunque
2476 762 2628 821 parte
2677 753 2878 808 fuerint
2929 755 3074 820 cmli,
3131 756 3459 812 illuminant-

1834 839 2039 904 omnia,
2098 847 2151 893 et
2194 852 2346 908 :eque
2398 852 2717 911 spectantur
2763 859 2791 896 a
2823 847 3051 899 cunctis.
3116 824 3455 915 Est-mplmrl'

1834 928 2220 998 magnitudinis
2246 942 2431 983 eorum
2459 932 2700 994 evidens,
2736 935 2878 1001 quod
2911 935 3159 989 omnibus
3202 936 3434 990 homini-

1835 1015 1934 1071 bus
1954 1019 2101 1071 orbis
2128 1020 2373 1088 ipsorum
2392 1021 2789 1075 i-lcin‘vide‘tur.
2825 1023 2956 1077 Nam
2984 1025 3026 1077 si
3058 1025 3214 1095 lange
3241 1028 3453 1095 positis-

1836 1110 2015 1165 minor
2045 1111 2339 1177 videretur,
2372 1121 2425 1167 et
2456 1115 2678 1184 promus
2706 1117 3017 1171 constitutis
3047 1117 3221 1185 major
3265 1119 3433 1173 reful-

1836 1208 2006 1270 geret,
2037 1201 2284 1270 proderet
2310 1203 2623 1273 exiguitatis
2653 1204 2931 1259 indicium.

1909 1290 2192 1345 Luminare
2212 1292 2384 1361 majus
2405 1302 2459 1346 ut
2484 1305 2725 1363 prmesset
2745 1296 2869 1359 diei,
2888 1305 2935 1349 et
2959 1296 3217 1351 luminare
3236 1300 3430 1365 minus,

1832 1395 1893 1438 ut
1920 1393 2158 1453 pmesset
2190 1387 2361 1450 nocti;
2391 1395 2438 1440 et
2486 1386 2681 1452 stellas,
2715 1399 2762 1442 et
2802 1391 2974 1459 posuit
3026 1406 3114 1445 cas
3161 1394 3215 1446 in
3248 1394 3431 1461 [ﬁrmas

1830 1484 2006 1532 mento
2032 1474 2164 1527 oculi.
2195 1475 2484 1531 Luminare
2522 1478 2694 1547 majus
2724 1487 2806 1533 est
2847 1481 2947 1545 sol,
2979 1496 3081 1535 non
3109 1483 3279 1536 solum
3312 1483 3429 1537 for-

1830 1580 1918 1623 ma
1948 1566 2036 1622 sui
2065 1565 2453 1637 qualiscunque
2477 1575 2560 1623 est
2584 1570 2847 1639 corporis,
2883 1571 2974 1624 sed
3022 1573 3186 1626 etiam
3219 1575 3430 1645 magni-

1833 1662 2017 1717 tudine
2061 1658 2304 1724 luminis,
2352 1661 2476 1729 quia
2509 1669 2562 1716 et
2610 1662 2787 1730 ipsum
2836 1664 3102 1719 luminare
3156 1666 3334 1721 minus
3377 1675 3447 1722 et'

228 1767 283 1823 Et
308 1768 405 1821 sint
430 1768 485 1820 in
506 1766 679 1837 signa,
703 1775 750 1820 et
779 1774 1033 1835 tempora,
1074 1773 1121 1819 et
1146 1764 1256 1820 dies
1295 1775 1343 1820 et
1381 1766 1571 1833 annos,
1602 1767 1728 1836 quia
1761 1739 1805 1797 Β
1832 1754 2017 1809 stellas
2049 1754 2328 1809 illustrare
2371 1754 2629 1808 creditur.
2680 1755 2850 1825 Majus
2880 1768 2963 1811 est
3010 1767 3063 1813 et
3091 1760 3292 1813 virtute
3336 1777 3429 1814 ar—

170 1858 390 1911 nimirum
440 1858 758 1927 priusquam
796 1856 971 1911 sidera
1020 1855 1229 1921 tierent,
1258 1854 1362 1912 non
1387 1866 1503 1913 erat
1532 1858 1728 1928 quibus

168 1948 279 2001 ordo
305 1934 608 2017 temporum
645 1955 999 2000 annotaretur
1031 1946 1262 2002 indiciis.
1293 1946 1409 2002 Non
1444 1956 1564 2003 erat
1586 1947 1728 2003 unde

173 2039 443 2093 meridiana
470 2039 603 2093 hora
626 2038 1053 2110 dignosccretur,
1080 2047 1369 2109 antequam

271 2170 345 2220 Sol
369 2172 588 2220 medium
607 2170 720 2221 call
744 2172 1104 2222 conscenderet
1126 2173 1307 2235 igneus
1327 2172 1498 2222 orbem
1522 2185 1539 2234 ;

171 2313 255 2352 non
284 2298 419 2351 unde
465 2306 677 2352 caelone
715 2297 821 2352 diei
877 2299 1160 2367 noctisque
1209 2298 1514 2369 signaretur
1558 2299 1723 2364 horas,

167 2390 307 2445 donec
326 2401 474 2446 astra
505 2390 689 2460 polum
711 2389 907 2461 aqua”
926 2391 1068 2445 intra
1094 2408 1153 2447 se
1179 2404 1326 2448 sorte
1348 2393 1431 2448 die
1460 2401 1727 2463 noctuque

168 2480 456 2535 dividerent.
498 2479 641 2534 Sunt
671 2494 801 2551 ergo
856 2479 1136 2534 luminaria
1166 2481 1217 2535 in
1267 2482 1439 2552 signa,
1488 2489 1543 2537 et
1593 2492 1729 2537 tem-

168 2586 291 2638 pora;
315 2579 368 2625 et
393 2568 535 2635 dies,
557 2580 614 2625 et
640 2586 829 2635 annos,
860 2586 964 2625 non
987 2571 1131 2640 quoi
1152 2587 1181 2624 a
1207 2572 1515 2628 conditione
1540 2587 1731 2628 eorum

169 2669 714 2733 tempora‘cmperunt,
742 2677 863 2731 quze
905 2671 1120 2717 consth
1144 2662 1372 2731 erupisse
1403 2679 1433 2716 a
1461 2664 1747 2734 principio

167 2767 251 2821 quo
270 2753 389 2808 fecit
419 2753 563 2807 Deus
587 2753 782 2807 coelum
824 2760 878 2808 et
931 2765 1153 2819 terram,
1201 2754 1285 2807 vel
1335 2753 1448 2808 dies
1474 2762 1529 2808 et
1577 2753 1725 2817 anni,

166 2846 237 2911 qui
256 2845 515 2915 originem
538 2843 837 2913 sumpsisse
861 2852 1159 2899 noscuntur
1180 2859 1245 2898 ex
1267 2859 1374 2914 quo
1396 2844 1529 2899 dixit
1552 2845 1724 2898 Deus:

168 2933 265 2988 Fiat
286 2936 393 3003 lux,
433 2947 480 2990 et
507 2936 648 3007 facta
680 2942 763 2990 est
785 2935 912 3000 lux;
938 2935 1031 2991 sed
1057 2937 1181 3007 quia
1211 2952 1309 3007 per
1337 2945 1491 2992 ortus
1514 2952 1723 3000 eorum,

164 3027 255 3080 sive
280 3029 553 3092 transitus,
592 3036 892 3097 temporum
928 3028 1062 3083 ordo
1090 3029 1407 3098 dierumque
1435 3042 1725 3083 annorum-

1830 1847 1997 1911 doris,
2024 1847 2146 1916 quia
2177 1846 2437 1900 mundum
2469 1845 2710 1900 calefacit
2740 1856 3011 1911 exortum,
3041 1866 3162 1903 cum
3199 1861 3349 1919 [ιι-ειη(
3370 1868 3428 1905 r-

1828 1937 1919 1991 itis
1942 1946 2067 1994 ante
2095 1937 2209 2007 ejus
2251 1938 2581 1992 creationem
2613 1939 2803 1994 diebus
2829 1941 2960 1995 nihil
2988 1942 3208 1996 omnino
3232 1943 3449 2000 caloris‘

1827 2027 2123 2083 habuisset.
2158 2026 2309 2095 Quod
2345 2036 2523 2082 autem
2571 2029 2794 2098 :equalis
2841 2031 3108 2099 uniusque
3161 2035 3429 2103 magnitu-

1828 2118 1966 2173 dinis
1988 2118 2112 2173 luna
2140 2136 2261 2175 cum
2294 2119 2405 2176 sole
2426 2120 2687 2185 cernitur,
2722 2136 2786 2174 ex
2814 2137 2878 2176 eo
2910 2121 3022 2175 fieri
3052 2123 3259 2188 dicunt,
3283 2125 3426 2194 quod

1827 2205 1916 2262 ille
1961 2208 2133 2263 multo
2182 2209 2524 2280 longinquior
2570 2225 2599 2263 a
2659 2211 2817 2265 terris
2852 2218 3013 2281 atque
3061 2212 3219 2268 altior
3265 2228 3448 2285 quam'

1827 2299 1950 2354 luna
1981 2302 2215 2363 incedat,
2246 2301 2477 2372 ideoque
2507 2302 2818 2373 magnitudo
2845 2300 2960 2370 ejus
2987 2310 3188 2373 quanta
3213 2306 3303 2368 sit,
3337 2321 3430 2360 ne-

1827 2398 2096 2458 quaquam
2119 2391 2289 2454 nobis,
2310 2392 2399 2461 qui
2427 2392 2479 2446 in
2502 2393 2662 2447 terris
2684 2393 2944 2463 (legimus,
2968 2393 3139 2447 valeat
3163 2395 3424 2464 dignosci.

1828 2478 2018 2536 Omnia
2043 2482 2185 2535 enim
2225 2482 2432 2553 longius
2468 2484 2641 2553 posita
2677 2485 2847 2539 solent
2874 2482 3128 2539 breviora
3162 2486 3351 2541 videri.

1898 2569 1965 2622 Et
1982 2569 2263 2635 luminare,
2282 2572 2476 2641 inquit,
2501 2575 2672 2628 minus
2693 2585 2745 2627 ut
2767 2577 3206 2659 prwcsset'nocti;
3229 2587 3275 2630 ct
3300 2578 3427 2632 stel-

1827 2661 1926 2725 las,
1952 2670 1999 2713 et
2020 2662 2191 2731 posuit
2215 2674 2303 2715 eas
2322 2663 2375 2716 in
2398 2663 2731 2732 ﬁrmamento
2758 2664 2896 2717 caeli.
2926 2665 3063 2731 Quia
3090 2665 3218 2719 etsi
3242 2665 3445 2721 lunam'

1827 2751 1971 2806 omni
2002 2766 2205 2818 mense,
2231 2754 2274 2808 si
2299 2753 2583 2824 aliquoties
2612 2762 2665 2807 ct
2694 2754 2875 2810 stellas
2901 2755 3133 2824 majores
3159 2756 3210 2810 in
3233 2756 3322 2810 die
3347 2757 3428 2811 vi-

1828 2842 1940 2917 deri
1970 2843 2269 2913 contingat,
2303 2858 2643 2913 nequaquam
2682 2860 2775 2900 eas
2829 2845 2958 2910 diei,
3010 2847 3104 2901 sed
3151 2848 3293 2901 nocti
3341 2863 3429 2902 so;

1827 2932 2102 2989 lummodo
2161 2934 2299 2990 lucis
2348 2935 2613 2992 solatium
2671 2936 2887 3007 aliquod
2938 2938 3137 2994 all‘crre
3186 2940 3431 2996 certissi-

1828 3038 1975 3078 mum
1997 3031 2095 3087 881,

164 3130 246 3185 que
271 3119 531 3191 signatur.
563 3118 697 3173 Nam
726 3127 895 3174 totum
924 3120 1053 3175 illud
1100 3120 1334 3176 triduum
1363 3121 1613 3191 superius
1638 3120 1721 3174 in-
1751 3088 1796 3150 Ο
1901 3112 1967 3169 Ut
1988 3116 2221 3172 lacerent
2242 3134 2399 3189 super
2433 3128 2625 3175 terram
2651 3131 2697 3174 et
2735 3132 3012 3191 prmrssmt
3043 3122 3151 3176 diei
3173 3138 3235 3176 ac
3264 3128 3428 3189 nocti,

161 3207 365 3263 discreto
394 3224 590 3265 cursus
615 3210 699 3264 sui
742 3220 999 3280 processu
1048 3211 1358 3276 transierat,
1391 3210 1592 3264 nullam
1630 3224 1725 3282 pe-

164 3299 284 3353 nitus
324 3302 716 3355 dimensioncm
761 3302 968 3356 habens
1020 3302 1311 3366 horarum,
1363 3309 1548 3372 utpote
1596 3302 1722 3373 quia

163 3386 333 3447 lumine
370 3393 638 3462 primario
682 3390 856 3447 adhuc
898 3391 1225 3462 generaliter
1248 3391 1429 3445 omnia
1459 3391 1722 3461 replente,

164 3482 446 3553 nullumque
476 3491 640 3553 eaput
669 3483 923 3546 habente,
954 3483 1097 3551 quod
1143 3498 1287 3536 nunc
1324 3484 1393 3537 de
1440 3483 1553 3537 sole
1583 3484 1726 3538 acci-

162 3571 239 3639 pit,
266 3588 522 3643 nusquam
568 3573 703 3627 radii
732 3572 1067 3628 ardentiorcs
1094 3573 1397 3639 illuxerunt,
1445 3573 1586 3628 nulla
1625 3574 1727 3628 sub

162 3670 313 3727 caute,
360 3664 445 3718 vel
496 3664 716 3728 arbore,
768 3663 1029 3718 remotior
1073 3664 1261 3718 umbra
1310 3662 1555 3735 frigebat.
1616 3663 1745 3719 Sed"

161 3763 355 3824 execpta
409 3755 763 3809 annotatione
815 3755 1093 3825 temporis,
1152 3763 1278 3809 sunt
1331 3754 1619 3809 luminaria
1668 3755 1723 3809 in

162 3847 289 3915 signa
322 3850 479 3921 hujus
525 3850 653 3903 vitae
678 3848 866 3904 usibus
900 3849 1231 3916 necessaria,
1262 3863 1381 3919 qua:
1417 3849 1496 3906 vei
1545 3858 1723 3905 nauta:

163 3940 205 3993 in
228 3942 585 4011 gube‘mando,
636 3942 721 3996 vel
760 3943 825 3996 in"
859 3943 1093 3997 desertis
1144 3941 1436 4012 {Ethiopian
1478 3942 1724 3997 aronosis

161 4034 331 4103 quique
358 4035 573 4089 viantes
613 4034 923 4098 observant,
968 4033 1060 4089 ubi
1112 4032 1383 4087 levissimo
1433 4031 1579 4086 venti
1626 4031 1724 4085 im-

160 4124 308 4191 pulsu,
334 4134 529 4183 cuncta
550 4136 697 4193 m‘ox,
721 4140 844 4181 cum
866 4126 1084 4180 inventa
1100 4123 1325 4188 fuerint,
1353 4124 1720 4178 itincrantimn

161 4218 358 4289 t‘csligia
406 4221 838 4289 complanan’tur.
871 4218 1102 4286 Ideoque
1151 4230 1257 4269 non
1295 4214 1477 4267 minus
1517 4212 1625 4267 illis
1669 4212 1722 4267 in

159 4307 439 4377 regionibus
465 4320 659 4365 euntes
682 4316 842 4379 quam
871 4307 962 4377 qui
991 4306 1042 4360 in'
1083 4304 1220 4360 mari
1250 4303 1520 4373 navigant,
1563 4311 1723 4357 n0cte

154 4398 326 4470 dieque
364 4402 536 4473 signis
575 4408 736 4472 egent
779 4399 1038 4454 siderum.
1091 4396 1228 4452 Sunt
1270 4397 1398 4451 item
1446 4395 1501 4449 in
1547 4395 1721 4466 signa,

155 4491 271 4557 quia
311 4500 707 4564 nonnunquam
755 4491 896 4546 aeris
923 4502 1136 4560 quoque
1181 4487 1438 4560 qualitas,
1500 4498 1621 4557 qua:
1654 4487 1726 4541 sit

153 4588 388 4651 ventura,
440 4585 635 4641 horum
688 4580 1141 4651 contemplatione
1194 4578 1559 4649 providemus.
1620 4576 1722 4633 Se—

154 4671 319 4740 qlt'ttttr‘
339 4694 354 4728 :

215 4750 502 4820 Ut'luceunt
524 4766 580 4819 in
599 4764 929 4835 ﬁrmamento
951 4762 1086 4829 cozli,
1114 4771 1163 4819 et
1187 4761 1481 4816 illuminent
1507 4769 1721 4814 terram.

154 4850 427 4924 Et‘factum
452 4868 527 4911 est
552 4859 646 4910 ita.
674 4855 899 4925 Semper
917 4855 1135 4926 quidem
1164 4853 1446 4907 luminaria
1469 4851 1521 4905 in
1547 4850 1728 4905 ﬁrma-

151 4956 316 5003 mento
346 4951 465 5006 (ξωιὶ
494 4949 695 5011 lucent,
738 4948 1083 5013 utdixiiuus,
1120 4956 1174 5003 et
1214 4949 1458 5018 proxima
1492 4945 1587 5000 eis-
1608 4945 1724 4999 loca

151 5035 285 5092 claro
313 5039 513 5094 lumine
541 5039 893 5109 perfundunt,
926 5039 1019 5092 sed
1052 5037 1383 5106 temporibus
1408 5033 1728 5105 opportunis

150 5123 437 5183 illuininant
466 5126 962 5199 terramaNamque
1000 5116 1286 5197 aliquoties
1307 5124 1597 5182 nebulosus
1631 5123 1729 5178 ob-

150 5217 278 5271 sistit
313 5234 408 5273 acr
433 5234 501 5275 ne
533 5219 614 5275 vel
652 5217 811 5283 lunae”,
847 5224 977 5273 eunt
1000 5232 1165 5286 parva
1196 5224 1303 5280 est,
1331 5216 1427 5271 vel,
1445 5216 1725 5271 stellarum

149 5302 317 5362 lumen
348 5312 505 5364 terris
531 5318 826 5380 appareat;
877 5308 968 5363 sed
998 5319 1053 5363 et
1090 5317 1243 5362 ortus
1271 5308 1348 5361 sol
1382 5307 1563 5361 lunam
1594 5306 1724 5361 stel-

150 5393 325 5465 lasque
382 5402 582 5472 majore
633 5400 835 5453 lumine
884 5406 965 5452 ne
1004 5407 1203 5453 terram
1262 5398 1563 5452 illuminent
1624 5398 1726 5451 im-

150 5490 320 5556 pedit:
354 5493 492 5547 unde
538 5500 595 5546 et
644 5506 837 5545 nomen
886 5489 1075 5544 Latine
1128 5489 1354 5559 accepit,
1392 5488 1531 5557 quod
1562 5486 1726 5551 solus,

152 5580 349 5635 obtusis
376 5584 537 5639 stellis
564 5598 666 5637 una
697 5596 819 5638 cum
843 5581 987 5642 luna,
1025 5594 1131 5651 per
1153 5581 1291 5636 diem
1326 5581 1486 5634 terris
1514 5578 1729 5650 fulgeat.

216 5670 361 5727 Fecit
396 5674 524 5728 Deus
554 5675 656 5727 duo
698 5684 885 5742 ntaqna
926 5671 1229 5726 luntitturia.
1264 5669 1575 5725 Lutuinaria
1615 5683 1733 5723 nta-

1753 4445 1819 4503 Β.

1825 3216 1877 3263 et
1894 3207 2185 3263 dividerent
2212 3208 2379 3265 lucem
2406 3225 2468 3265 ac
2514 3213 2769 3267 tenebras.
2817 3212 2941 3269 litec
2972 3223 3026 3268 et
3080 3218 3145 3270 de
3197 3216 3425 3270 lumina-

1825 3300 1977 3357 ribus
2001 3302 2214 3373 magnis
2241 3301 2498 3358 etstellls
2530 3303 2755 3375 intelligi
2799 3313 3062 3374 possunt:
3104 3321 3166 3361 ea
3221 3315 3427 3361 tantum

1826 3395 2198 3459 distinctione,
2232 3404 2291 3449 ut
2332 3396 2697 3465 quod-dictum
2728 3406 2830 3462 est,
2873 3397 2940 3451 Et
2972 3408 3251 3468 pra'cssent
3299 3400 3424 3463 diei,

1828 3485 1897 3539 ad
1922 3485 2091 3540 solem
2128 3485 2469 3555 specialiter;
2503 3488 2644 3556 quod
2670 3488 3035 3558 subjunctum,
3078 3500 3126 3543 et
3157 3490 3315 3555 nocti,
3360 3489 3429 3544 ad

1827 3576 2010 3631 lunam
2034 3584 2087 3631 et
2117 3577 2300 3632 stellas
2328 3579 2613 3648 pertineat.
2645 3578 2796 3645 Quod
2829 3595 2956 3634 vero
2981 3580 3352 3635 subinl'ertur:

1902 3666 1966 3721 Et
2020 3667 2312 3721 dividerent
2358 3669 2525 3722 lucem
2577 3686 2638 3721 ac
2667 3669 2926 3734 tenebras,
2976 3670 3229 3725 omnibus
3276 3684 3429 3739 teque

1827 3756 2095 3811 sideribus
2123 3758 2450 3812 conveniat:
2499 3773 2617 3826 qua:
2664 3757 2970 3825 ubicunque
3019 3757 3292 3821 incedunt,
3346 3757 3427 3812 lu-

1826 3862 1941 3904 cem
1971 3862 2153 3903 secum
2200 3849 2622 3914 circumferunt;
2657 3850 2748 3903 ubi
2793 3856 2972 3905 autem
3015 3851 3230 3914 absunt,
3278 3857 3428 3905 tene-

1825 3940 1986 3995 brosa
2009 3947 2203 3994 cuncta
2234 3939 2564 4010 relinquunt.
2615 3938 2710 3994 Sin
2743 3949 2925 3994 autem
2971 3949 3180 4010 qttmrat
3224 3940 3421 4009 aliquis

1827 4029 1986 4099 quale
2011 4030 2249 4100 potuerit
2278 4045 2398 4085 esse
2425 4030 2604 4085 lumen
2641 4031 2891 4085 diurnum
2924 4041 3052 4085 ante
3091 4031 3421 4086 creationem

1825 4120 2085 4185 siderum,
2111 4135 2215 4174 non
2247 4121 2315 4175 ab
2363 4134 2421 4174 re
2450 4129 2534 4175 est
2568 4120 2885 4190 credi‘quod
2921 4121 3023 4175 tale
3077 4120 3237 4174 fuerit
3267 4121 3426 4190 quale

1825 4212 2073 4268 videmus
2097 4212 2354 4282 quotidie,
2404 4228 2562 4268 mane
2605 4213 3011 4283 approximante
3038 4214 3246 4268 scilicet
3289 4213 3423 4269 solis

1826 4311 1973 4368 ortu,
2025 4302 2120 4357 sed
2169 4302 2394 4357 necdum
2454 4303 2611 4357 terris
2663 4310 2975 4373 apparente,
3028 4304 3243 4374 quando
3279 4304 3424 4360 lucet

1828 4393 2045 4464 quidem
2100 4392 2308 4448 obtusis
2360 4392 2637 4447 stellarum
2684 4392 2850 4447 radiis
2910 4393 3042 4457 dies,
3076 4392 3171 4449 sed
3203 4395 3426 4451 minime

1830 4484 2007 4538 adhuc
2026 4481 2105 4538 sol
2126 4492 2279 4538 ortus
2301 4482 2547 4554 refulget.
2589 4482 2741 4538 Unde
2765 4483 2906 4537 nulla
2931 4494 3058 4539 tunc
3078 4500 3198 4541 esse
3220 4486 3427 4543 d'scre-

1833 4574 1907 4627 tio
1936 4566 2259 4644 temporum,
2280 4578 2484 4643 'praztcr
2523 4573 2628 4628 diei
2661 4574 2831 4628 solum
2863 4582 2918 4628 et
2952 4576 3145 4641 noctis,
3175 4586 3425 4647 poterat;

1831 4665 2133 4734 meritoque
2179 4664 2337 4720 factis
2381 4663 2653 4720 sideribus
2700 4665 2900 4719 dictum
2945 4673 3065 4720 est:
3122 4665 3187 4722 Ut
3218 4670 3321 4723 sint
3370 4670 3427 4725 in

1831 4753 2008 4824 signa,
2037 4764 2083 4808 et
2106 4763 2360 4825 tempora,
2389 4763 2437 4809 et
2463 4755 2595 4821 dies,
2629 4765 2677 4809 et
2716 4772 2902 4810 annos.
2932 4752 3229 4825 Coeperunt
3270 4775 3429 4814 nam-

1832 4857 1938 4911 que
1969 4841 2203 4896 discerni
2231 4851 2534 4914 temporum
2582 4844 2729 4899 vices
2772 4861 2836 4899 ex
2870 4861 2976 4915 quo
3007 4846 3088 4901 sol
3117 4847 3202 4903 die
3234 4858 3431 4919 quarto

1831 4932 2014 4987 mundi
2045 4935 2336 4995 nascentis,
2370 4947 2400 4985 a
2436 4935 2613 4989 medio
2642 4936 2940 5004 procedens
2968 4934 3222 5000 Orientis,
3261 4940 3430 5007 arqui-

1831 5024 2075 5080 noctium
2106 5024 2325 5080 vernale
2373 5040 2472 5079 suo
2516 5027 2860 5081 consecravit
2905 5036 3116 5081 exortu.
3159 5027 3221 5081 Et
3250 5028 3429 5096 quoti-

1833 5116 2013 5172 dianis
2054 5114 2386 5188 profectibus
2430 5114 2495 5171 ad
2531 5116 2639 5171 alta
2669 5118 2791 5172 cmli
2833 5118 3067 5173 culmina
3095 5118 3427 5183 scandendo,

1834 5222 2159 5279 rursumque
2199 5222 2230 5262 a
2256 5206 2522 5263 solstitiali
2571 5209 2772 5264 vertice
2821 5209 2888 5263 ad
2934 5208 3117 5262 intima
3167 5207 3428 5278 paulatim

1834 5302 2231 5367 descendendo,
2261 5316 2363 5356 nec
2387 5316 2540 5356 mora
2579 5301 2648 5356 ab
2690 5301 2889 5355 infimis
2914 5299 3265 5369 hibernisque
3289 5300 3429 5356 locis

1834 5392 2235 5464 aequinoctiales
2262 5408 2424 5465 gyros
2453 5392 2769 5462 repetendo,
2801 5392 3050 5445 discretis
3094 5393 3431 5460 temporibus

1831 5500 2067 5559 quatuor
2087 5489 2403 5553 notissimis,
2445 5488 2742 5556 diebusque
2775 5484 3074 5553 praeﬁnitis,
3123 5485 3249 5539 anni
3305 5500 3428 5555 spa-

1833 5581 1965 5635 tium
1990 5580 2298 5651 complcvit.
2328 5578 2434 5633 Sed
2460 5586 2514 5631 et
2546 5577 2672 5630 luna
2699 5587 2922 5643 vespere
2943 5573 3097 5643 plena
3135 5590 3427 5645 apparens,

1833 5686 1896 5725 ea
1944 5686 2064 5740 qua:
2116 5670 2171 5724 in
2230 5668 2649 5725 celebrationem
2698 5663 2920 5719 Pascha:
2977 5666 3241 5720 servanda
3269 5677 3427 5723 erant
