3958 6204
393 266 498 322 ιέιῧ

1062 250 1123 304 Β.
1165 242 1420 301 ΙὶᾹΒΑΝΙ
1461 239 1678 295 MAURl
1713 234 2008 291 ARCHIEP

2117 229 2380 288 OGUN'I‘.
2422 224 2707 283 OPERUM
2746 223 2926 279 PARS
2964 223 3006 277 l.

3563 219 3664 276 456

394 390 658 448 tempora,
698 370 873 442 primo
899 381 995 422 suo
1024 361 1253 433 praeﬁxit
1282 371 1527 412 ascensu.
1560 352 1679 422 Ipsa
1718 358 1803 405 est
1828 362 1982 402 namv
2009 350 2056 408 Α
2083 345 2294 417 pascha:
2343 343 2529 414 legalis
2585 347 2949 441 sacramepta,
2991 335 3273 448 ‘Dominus
3319 343 3505 439 noster
3549 346 3673 407 ptst

396 436 682 542 quedinra,
701 436 868 530 quam
902 472 1005 511 non
1027 452 1200 508 solum
1225 449 1486 542 antiquus
1505 440 1847 542 illeﬁpnpulus
1866 436 1981 500 Dei,

398 534 494 616 sed
516 567 572 613 et
592 570 688 609 nos
708 550 867 606 hodie
893 546 1128 617 primum
1148 543 1203 597 in
1227 540 1433 612 agendo
1456 534 1662 591 Pascha
1684 545 1986 593 servamus,

400 667 522 706 cum
554 640 864 715 mquinoctii
896 639 982 694 die
1026 645 1359 695 transcenso,
1399 629 1555 699 plena
1588 639 1808 715 vespere
1838 622 1984 715 luna,

402 744 505 798 hoc
530 712 637 803 est,
656 729 1083 805 quartadecima,
1111 727 1163 779 in
1189 723 1378 793 faciem
1402 719 1525 775 cmli
1556 714 1832 787 prodierit.
1855 712 1987 805 Nam

402 820 534 886 mox.
569 802 712 897 pust,
742 830 803 876 ut
841 817 1154 874 Dominicus
1194 813 1309 868 dies
1338 807 1637 873 advenerit,
1666 812 1849 874 aptum
1889 802 1991 855 hoc

404 893 740 976 celebranda:
781 906 1195 966 resurrectionis
1230 900 1521 958 Dominica:
1566 905 1779 965 tempus
1819 893 1989 948 insta-

406 1010 509 1073 bit,
538 1004 804 1073 completo
845 999 913 1052 ad
954 997 1190 1053 litteram
1225 1006 1441 1061 quoque
1481 986 1766 1055 Prophetas
1803 983 1990 1045 verbo,

407 1100 497 1169 qui
524 1097 697 1152 dixit:
741 1090 909 1145 Fecib
932 1088 1111 1163 lunam
1154 1085 1210 1137 in
1243 1091 1498 1150 tempora,
1536 1075 1616 1131 sol
1641 1074 1873 1145 cognovit
1904 1088 1992 1125 oc-

409 1204 587 1243 casum
613 1200 765 1239 suum
822 1178 990 1252 (Psal.
1030 1174 1166 1244 cm).
1196 1171 1378 1231 Stella:
1402 1182 1639 1240 quoque,
1684 1173 1910 1234 excepto
1931 1178 1997 1219 eo

2086 452 2239 491 esum
2269 436 2391 505 agni
2429 432 2604 504 Iypice
2635 429 2889 501 mysteria
2920 427 3074 483 nobis
3098 443 3180 482 sut
3206 427 3452 497 corporis
3476 436 3532 483 et
3553 443 3678 483 san-

2084 527 2263 596 guinis
2311 522 2630 578 celebranda
2672 520 2940 584 initiavit;
2995 532 3115 588 quo
3156 516 3465 574 lucescente
3494 533 3677 583 mane,

2087 618 2242 689 quasi
2264 617 2446 688 Agnus
2464 613 2842 675 immaculatus
2864 626 2962 667 suo
2982 625 3081 665 nos
3102 609 3365 681 sanguine
3384 608 3680 673 redimens,

2089 727 2119 763 a
2145 706 2487 764 daemoniacae
2532 702 2916 767 dominationis
2956 701 3216 779 servitute
3259 699 3527 757 liberavit.
3552 697 3685 766 Qua:

2091 799 2339 854 videlicet
2367 797 2508 851 lunae
2534 792 2862 866 plenissima).
2885 778 3000 847 dies
3051 778 3119 846 in,
3153 790 3429 846 creatione
3463 790 3686 859 quidem

2092 886 2275 942 mundi
2320 892 2509 955 quarta
2551 882 2833 952 processit.
2882 881 2952 935 At
2988 881 3042 935 in
3096 889 3341 950 tempore
3388 879 3691 945 Dominicze

2093 976 2379 1048 passionis,
2438 971 2647 1028 altioris
2694 973 2869 1042 gratia
2922 970 3274 1035 sacramenti,
3330 968 3384 1023 in
3437 968 3691 1039 quintam

2096 1068 2306 1123 sabbati
2350 1066 2574 1127 incidit:
2615 1071 2675 1117 ut
2700 1061 3432 1126 videlicetDominussexta
3475 1060 3694 1117 sabbati

2097 1157 2407 1221 crucifixus,
2457 1155 2682 1210 sabbato
2719 1152 2834 1223 ipso
2890 1152 2947 1206 in
2977 1151 3227 1227 sepulcro
3268 1148 3599 1221 quiesceret,
3630 1163 3699 1202 ac

411 1281 553 1352 quod
599 1292 758 1346 supra
809 1246 1063 1335 diximus,
1113 1267 1241 1337 quia
1290 1262 1378 1321 vel
1407 1276 1501 1317 sua
1550 1258 1903 1328 specie,.qu:e
1928 1255 2001 1310 sit
2097 1253 2327 1322 primam
2374 1246 2585 1337 sabbati
2634 1246 3183 1352 sua.resurrecti‘one
3215 1250 3594 1352 fonsccraret,
3643 1251 3701 1293 et

426 1350 589 1432 iitura
620 1370 851 1440 qualitas
878 1366 1043 1429 aeris,
1071 1363 1156 1417 vel
1184 1376 1282 1416 suo
1324 1372 1486 1415 cursu
1512 1363 1674 1426 quota
1706 1353 1776 1409 sit
1818 1350 1999 1422 vigilia

417 1465 585 1524 Joctis
613 1454 938 1522 ostenditur,
969 1461 1093 1511 sunt
1124 1453 1176 1506 in
1205 1452 1359 1520 signa
1388 1457 1442 1505 et
1469 1455 1731 1516 tempora,
1761 1442 1885 1512 quia
1919 1442 2002 1495 ha:
2056 1498 2065 1506 _

432 1571 465 1608 n
502 1552 698 1609 cmlum
725 1548 1022 1608 venientes,
1054 1542 1241 1596 :cstiva
1271 1548 1535 1608 tempora,
1591 1534 1694 1589 illm
1720 1532 2005 1603 designant

416 1646 659 1699 hiberna.
701 1640 843 1694 Sunt
870 1645 925 1691 et
969 1637 1023 1689 in
1056 1635 1192 1697 dies,
1243 1630 1371 1701 quia
1424 1630 1543 1682 ista:
1590 1626 1774 1680 vernis
1812 1622 2005 1679 diebus

2101 1344 2256 1398 nobis
2279 1357 2493 1412 quoque
2528 1334 2581 1394 in
2628 1355 2715 1404 ea,
2743 1337 2803 1393 in
2850 1353 2954 1408 qua
2979 1347 3035 1393 et
3078 1336 3169 1391 lux
3213 1336 3350 1393 facta
3376 1345 3480 1400 est,
3514 1349 3701 1388 resur-

2103 1435 2321 1506 gendia
2346 1431 2570 1486 mortuis
2604 1446 2670 1485 ac
2708 1429 2883 1484 lucem
2924 1437 3240 1499 perpetuam
3268 1427 3499 1483 intrandi
3534 1414 3701 1482 fidem

2105 1541 2361 1597 spemque
2386 1525 2631 1593 donaret.

2688 1611 2917 1670 CAPUT
2966 1611 3054 1702 Vl:

413 1736 603 1798 solem,
638 1732 739 1785 illa:
768 1729 1094 1784 comitantur
1127 1720 1547 1777 autumnalibus.
1578 1715 1716 1773 Sunt
1743 1724 1797 1769 et
1824 1714 1875 1768 in
1906 1727 2002 1767 an—
2030 1696 2076 1754 Β
2110 1729 2208 1785 Ub,-
2237 1747 2300 1785 επ
2336 1729 2508 1802 σιμὴν
2531 1728 2786 1802 “manu
2806 1696 3240 1802 jbeMui-edum;
3281 1724 3366 1778 die
3402 1725 3609 1795 quin“,
3647 1734 3699 1780 et

415 1840 533 1888 nos,
559 1823 683 1891 quia
711 1835 829 1890 qua-
850 1835 990 1871 nunc
1014 1815 1185 1886 (verbi
1206 1812 1399 1884 gratia)
1422 1812 1475 1865 in
1495 1807 1819 1879 aequinoctio
1838 1820 2004 1860 verno

416 1916 691 1971 matutinae
740 1913 1013 1972 oriuntur,
1078 1905 1205 1976 ipsae
1251 1900 1502 1956 omnibus
1548 1898 1704 1953 annis
1733 1897 1786 1951 in
1816 1897 2005 1952 eodem

413 2002 736 2075 aequinoctio
763 2002 816 2055 in
844 1997 965 2053 ρεηιί
995 1995 1184 2050 faciem
1213 1991 1466 2077 veniunt;
1496 2004 1617 2058 qua:
1639 2002 1783 2042 nunc
1807 1987 1859 2041 in
1891 1984 2005 2066 sol-

416 2096 818 2162 stitio'vespere
865 2087 948 2142 vel
1000 2100 1176 2148 mane,
1210 2084 1295 2138 ha:
1322 2076 1537 2151 semper
1573 2079 1625 2132 in
1683 2077 1777 2131 illo
1802 2076 2007 2132 eisdem

418 2188 568 2245 horis
594 2185 860 2240 oriuntur.
889 2180 995 2234 Sed
1026 2185 1081 2233 ct
1120 2175 1364 2245 qumdam
1394 2179 1519 2228 sunt
1542 2169 1710 2226 stclke
1738 2184 1874 2240 quas
1896 2168 2011 2240 pla-

417 2258 595 2341 netas,
619 2276 798 2336 idest,
823 2278 1071 2333 errantes
1101 2273 1295 2322 vocant
1327 2261 1607 2333 astrologi,
1638 2276 1758 2330 qua:
1779 2260 2013 2330 majores

420 2383 591 2425 annos
617 2381 715 2420 suo
763 2360 992 2417 circuitu
1052 2357 1277 2421 faciunt,
1325 2369 1444 2426 quze
1470 2352 1536 2407 ad
1585 2350 1837 2407 eumdem
1889 2348 2012 2413 cmli

420 2463 597 2517 locum
628 2458 868 2512 redeant.
901 2454 1035 2509 Nam
1083 2450 1237 2505 stella
1276 2463 1394 2519 qua:
1425 2444 1646 2501 Saturni
1674 2444 1895 2520 dicitur,
1918 2441 2014 2496 tri-

419 2554 568 2625 ginta
597 2549 774 2615 annis,
803 2563 921 2617 qua:
949 2545 1096 2599 Jovis
1126 2542 1406 2597 duodecim
1437 2538 1610 2602 annis,
1662 2552 1784 2607 qua:
1828 2533 2016 2588 Martis

415 2640 630 2699 duobus
657 2639 826 2695 fertur
855 2638 1012 2702 annis
1039 2633 1305 2691 solaribus
1332 2630 1562 2709 circuitu
1606 2627 1729 2684 οωιὶ
1771 2625 2011 2695 expleto,

421 2735 488 2788 ad
511 2733 699 2788 eadem
729 2731 843 2786 loca
873 2729 1134 2789 siderum,
1158 2725 1357 2793 quibus
1386 2721 1604 2776 fuerant
1634 2727 1793 2773 antea
1818 2717 2011 2773 redire.

421 2826 573 2879 Luna
595 2837 809 2895 quoque
835 2836 957 2877 cum
989 2817 1278 2873 duodecies
1319 2814 1491 2885 spatia
1534 2813 1619 2868 sui
1660 2825 1855 2867 cursus
1894 2826 2017 2881 per-

425 2915 619 2986 egerit,
653 2928 854 2968 annum
881 2909 1010 2965 facit
1036 2920 1398 2971 communem,
1443 2904 1632 2968 idest,
1676 2903 1884 2958 dierum
1912 2910 2020 2957 tre-

429 3012 715 3059 centorum
763 2999 1150 3070 quinquaginta
1186 3004 1437 3067 quatuor.
1489 2996 1553 3049 Et
1582 3004 1642 3050 ut
1684 3010 1825 3051 anno
1856 2992 2017 3049 solari

422 3093 593 3164 possit
641 3090 755 3159 ejus
797 3089 1127 3145 concordare
1157 3087 1436 3151 circuitus,
1492 3087 1651 3143 tertio
1678 3100 1894 3159 quoque
1932 3083 2018 3139 vel

424 3181 664 3239 secundo
691 3195 853 3244 anno,
902 3178 1122 3235 tertium
1175 3178 1440 3234 decimum
1497 3177 1701 3232 addidit
1736 3190 2017 3248 .mensem,

425 3287 586 3344 quem
611 3270 988 3327 embolismum
1026 3277 1220 3325 vocant
1252 3284 1452 3324 annum
1474 3267 1859 3345 calculatores,
1879 3274 1936 3322 et
1961 3266 2020 3321 fit

429 3364 635 3418 dierum
667 3367 1034 3415 trecentorum
1061 3358 1335 3429 octoginta
1359 3348 1612 3428 quatuor.
1784 3354 1789 3359 ’

499 3452 566 3506 Et
597 3448 721 3503 cidit
752 3447 889 3501 Deus
913 3445 1050 3516 quod
1079 3456 1207 3502 esset
1246 3446 1454 3500 bonum.
1488 3444 1802 3502 Necessario
1836 3453 2021 3501 sancta

431 3537 712 3608 Scriptura
738 3537 1011 3592 multoties
1028 3537 1242 3608 repetit,
1266 3536 1409 3606 quod
1428 3536 1559 3590 vidit
1575 3538 1717 3590 Deus
1738 3536 1876 3591 bona
1902 3550 2021 3590 esse

430 3640 549 3694 quae
568 3622 714 3687 fecit,
733 3631 791 3677 ut
805 3624 929 3678 hinc
950 3622 1334 3677 iuformaretur
1343 3623 1515 3693 pietas
1531 3621 1783 3686 fidelium,
1803 3638 1906 3677 non
1924 3638 2021 3692 pro

429 3718 665 3771 humano
710 3730 889 3781 sensu,
922 3715 1013 3785 qui
1044 3729 1188 3787 saepe
1244 3715 1409 3769 etiam
1436 3714 1594 3768 bonis
1645 3713 1807 3768 rebus
1853 3712 2021 3769 offen-

432 3810 598 3875 ditur,
628 3823 857 3878 quarum
888 3822 1081 3863 causas
1107 3816 1270 3876 atque
1297 3804 1542 3860 ordinem
1566 3806 1760 3870 nescit,
1788 3805 2022 3875 deperea-

433 3910 557 3956 tura
585 3899 780 3957 visibili
830 3909 992 3969 atque
1023 3897 1277 3953 invisibili
1320 3895 1587 3965 judicare,
1639 3894 1733 3952 sed
1779 3895 2021 3953 laudanti

431 3991 541 4046 Deo
567 3990 788 4046 credere
809 3998 864 4044 et
887 3990 1099 4044 cedere.
1146 3987 1320 4042 Tanto
1346 3980 1491 4042 enim
1536 3988 1765 4063 quisque
1810 3986 2029 4064 facilius.

433 4082 634 4151 aliquid
686 4079 1015 4149 proficiendo
1069 4068 1381 4149 cognosCit,
1435 4087 1642 4147 quanto
1696 4076 2017 4148 religiosius,

436 4183 724 4242 antequam
747 4176 1118 4241 cognosceret,
1144 4166 1254 4222 Deo
1274 4166 1522 4222 credidit.
1554 4166 1697 4222 Vidit
1723 4182 1853 4234 ergo
1879 4166 2021 4221 Deus

435 4261 577 4333 quod
600 4267 789 4316 essent
825 4259 964 4313 bona
1004 4273 1124 4327 qua:
1149 4256 1297 4322 fecit,
1331 4256 1583 4326 quoniam
1612 4271 1733 4326 qua:
1773 4254 2018 4310 facienda

432 4348 717 4418 placebant
758 4353 819 4400 ut
870 4346 1082 4409 ﬁerent,
1131 4343 1271 4399 faeta
1321 4343 1572 4414 placuere
1617 4353 1675 4398 ut
1715 4351 2015 4409 manerent,

433 4445 694 4508 quantum
717 4435 914 4506 cuique
946 4434 1023 4489 rei
1050 4435 1339 4499 existendi,
1365 4434 1479 4489 sive
1509 4435 1782 4497 manendi,
1808 4449 1839 4488 a
1868 4442 2018 4490 tanto

435 4529 764 4582 fabricatore
789 4526 963 4580 fuerat
997 4525 1370 4580 constituenda
1399 4540 1669 4580 mensura.

506 4616 830 4688 Factumque
855 4628 929 4669 est
962 4600 1162 4685 vespere
1198 4626 1244 4669 et
1278 4631 1429 4669 mane
1466 4615 1577 4669 (lies
1613 4624 1851 4685 quartus.
1898 4612 2023 4671 Haec

433 4715 516 4763 est
540 4722 765 4777 vespera
798 4705 886 4760 illa
916 4705 1283 4769 memoranda,
1323 4704 1376 4757 in
1420 4720 1524 4774 qua
1565 4703 1793 4774 pepulus
1838 4704 1931 4759 Dei
1962 4707 2017 4759 in

437 4800 668 4874 [Egypto
695 4801 747 4855 in
778 4798 1195 4855 celebrationem
1214 4798 1427 4869 pascha:
1456 4814 1652 4870 agnum
1679 4799 1893 4865 obtulit,
1917 4801 2018 4857 hoc

436 4906 595 4948 mane
620 4890 760 4960 quod
786 4891 1016 4961 primum
1048 4899 1168 4959 post
1210 4905 1494 4945 excussum
1533 4889 1707 4962 longa:
1746 4892 2019 4949 servitutis

430 4985 641 5056 jugum,
688 4993 869 5054 cwpto
912 4983 1181 5039 libertatis
1217 4984 1407 5039 itinere
1449 4984 1598 5039 vidit.
1636 4983 1907 5055 Scriptum
1935 4994 2019 5041 cst

431 5076 597 5139 enim,
624 5074 833 5130 dicente
871 5074 1098 5129 Domino
1142 5076 1209 5128 ad
1240 5075 1494 5146 Moysen:
1537 5074 1732 5130 Mensis
1758 5077 1852 5130 iste
1877 5077 2017 5143 vobis

429 5169 742 5242 principium
790 5168 1065 5232 mensium,
1113 5168 1313 5237 primus
1359 5169 1455 5222 erit
1501 5169 1555 5222 in
1584 5168 1843 5223 mensibus
1870 5168 2014 5223 anni.

434 5259 647 5313 Decima
678 5258 762 5313 die
797 5258 989 5312 mensis
1030 5257 1207 5328 hujus,
1257 5244 1403 5311 tollat
1448 5258 1799 5330 unusquisque
1827 5272 2019 5327 agnum

432 5366 523 5419 per
544 5347 775 5417 familias
804 5358 850 5402 et
872 5349 1053 5402 domos
1078 5366 1222 5412 suas,
1253 5357 1299 5401 et
1321 5347 1588 5401 seruabitis
1626 5364 1743 5402 eum
1771 5363 1931 5417 usque
1946 5346 2014 5400 ad

431 5449 675 5507 quartum
699 5439 955 5493 decimum
995 5437 1128 5491 diem
1161 5438 1352 5491 mensis
1393 5436 1592 5506 hujus;
1628 5434 2017 5506 immolabitque

433 5542 550 5579 eum
581 5527 819 5582 universa
842 5527 1120 5581 multitudo
1150 5527 1381 5597 ﬁliorum
1423 5524 1590 5579 Israel
1631 5524 1700 5578 ad
1734 5541 2015 5594 uesperam,

434 5625 537 5672 etc.
569 5616 763 5688 (Exod.
784 5620 902 5690 xu).
928 5620 1041 5687 Qua
1067 5621 1228 5675 etiam
1256 5633 1477 5689 vespera
1508 5618 1573 5672 ad
1601 5618 2020 5674 consummanda

2043 4402 2096 4461 D

2492 1801 2606 1870 ipsa
2633 1798 2887 1852 animalia
2921 1797 3312 1850 benedicuntur.

2179 1891 2322 1945 Dixit
2361 1891 2515 1945 etiam
2546 1888 2722 1943 Deus:
2770 1886 3074 1941 Producunt
3122 1901 3272 1957 aqum
3302 1882 3482 1954 reptile
3511 1885 3705 1939 animo:

2109 1982 2348 2045 viventis,
2375 1988 2422 2037 et
2450 1977 2659 2033 volatile
2678 1994 2833 2048 super
2855 1987 3048 2056 terram
3075 1974 3169 2043 sub
3214 1974 3547 2043 firmamento
3567 1973 3702 2026 caeli.

2181 2074 2310 2129 Post
2335 2090 2385 2129 οι
2400 2080 2582 2143 natam
2608 2079 2803 2141 quarta
2832 2069 2919 2125 die
2954 2068 3077 2125 εαξιί
3105 2066 3295 2123 faciem
3318 2064 3705 2128 luminaribus,

2113 2176 2366 2224 ornantur
2400 2172 2797 2233 consequenter
2831 2162 3021 2233 quinta
3048 2160 3335 2217 inferiores
3362 2159 3548 2213 mundi
3580 2173 3708 2228 par-

2113 2267 2215 2321 tes,
2246 2270 2384 2325 aqua
2412 2252 2663 2308 videlicet
2700 2259 2755 2307 et
2782 2265 2898 2329 aer,
2926 2250 3011 2319 his
3048 2264 3168 2319 qua:
3205 2247 3397 2318 spiritu
3430 2247 3555 2302 vita:
3593 2261 3704 2323 mo-

2114 2356 2327 2403 ventur.
2360 2345 2495 2419 Quia
2532 2353 2587 2400 et
2614 2344 2729 2399 hsce
2757 2341 3025 2419 elementa
3059 2338 3293 2410 quadam
3324 2337 3477 2409 quasi
3504 2351 3710 2409 cogna-

2084 2440 2263 2497 ~tione
2291 2444 2347 2491 et
2375 2434 2477 2492 sibi
2526 2434 2593 2489 ad
2639 2432 2871 2489 invicem
2919 2440 2973 2486 et
3020 2430 3158 2503 caelo
3204 2428 3542 2499 copulantur.
3596 2425 3711 2485 Sibi

2116 2527 2354 2597 quidem,
2384 2526 2511 2597 quia
2559 2536 2755 2580 natura
2793 2538 3056 2594 aquarum
3100 2512 3244 2577 aeris
3287 2522 3537 2593 qualitati
3579 2536 3711 2591 pro-

2116 2602 2260 2673 xima
2293 2625 2394 2673 est.
2448 2615 2598 2672 Unde
2641 2608 3074 2692 exhalatiouibus
3112 2628 3301 2677 earum
3349 2612 3713 2684 pinguescere

2116 2710 2399 2783 probatur,
2424 2709 2496 2765 ita
2521 2716 2653 2763 utet
2680 2705 2859 2761 nubila
2879 2705 3186 2770 contrahat,
3210 2712 3264 2759 et
3298 2704 3471 2775 possit
3499 2702 3713 2759 volatus

2120 2802 2298 2858 avium
2334 2800 2625 2877 sustinere,
2675 2806 2973 2857 altestante
3022 2792 3341 2867 Scriptura:
3380 2795 3509 2866 quia
3538 2795 3714 2850 subito

2121 2913 2214 2952 aer
2243 2906 2455 2967 cogetur
2481 2894 2534 2949 in
2568 2893 2746 2957 nubes,
2794 2901 2842 2946 et
2880 2900 3060 2947 ventus
3098 2891 3360 2951 transiens
3394 2888 3599 2960 fugabit
3621 2906 3715 2943 eas

2126 2989 2267 3062 (Job.
2293 2985 2525 3059 xxxvii).
2545 2986 2784 3057 Denique
2804 2999 2903 3054 per
2921 2991 3110 3038 noctes
3120 2983 3283 3055 etiam
3297 2996 3520 3038 serenas
3539 2990 3716 3046 rorat,

2124 3081 2281 3153 cujus
2313 3081 2452 3137 roris
2482 3087 2647 3152 gutta:
2681 3093 2839 3134 mane
2876 3078 2931 3133 in
2958 3076 3139 3133 herbis
3167 3076 3531 3132 inveniuntur.
3564 3074 3717 3130 Casio

2125 3183 2305 3228 autem
2326 3173 2429 3227 hoc
2460 3171 2619 3227 modo
2644 3171 3020 3242 iniunguntur,
3052 3169 3310 3240 quoniam
3341 3169 3475 3224 adeo
3502 3168 3733 3224 vicinus.

2123 3276 2207 3321 est
2228 3267 2278 3322 ei
2304 3282 2398 3321 aer
2428 3265 2548 3330 iste,
2580 3273 2643 3320 ut
2681 3272 2736 3319 et
2779 3263 2895 3333 ipse
2924 3276 3120 3317 nomen
3169 3269 3556 3330 nonnunquam
3601 3259 3718 3329 ejus

2125 3358 2415 3428 acceperit,
2447 3357 2585 3413 sicut
2616 3356 2851 3421 volatilia
2881 3355 3003 3419 cccli
3033 3354 3378 3425 cognominat
3407 3351 3719 3422 Scriptura,

2123 3466 2243 3523 qua:
2266 3448 2447 3505 volare
2472 3456 2687 3505 constat
2715 3447 2769 3502 in
2814 3462 2960 3502 aere.
2992 3446 3058 3501 Et
3094 3445 3354 3501 Dominus
3398 3445 3513 3514 ipse
3542 3444 3721 3501 turbis

2122 3556 2244 3619 qum
2290 3550 2502 3611 tempus
2551 3540 2633 3595 sui
2686 3540 2948 3599 adventus
2979 3539 3046 3594 de
3098 3539 3356 3603 virtutum
3403 3538 3723 3595 ostensione

2120 3618 2229 3687 non
2264 3638 2630 3703 cognoverant
2662 3630 2900 3701 loquitur
2924 3630 3145 3689 dicens:
3180 3629 3313 3685 Cum
3351 3629 3585 3685 videritis
3614 3647 3718 3684 uu-

2124 3722 2235 3791 bem
2257 3723 2507 3776 orientem
2535 3719 2599 3775 ab
2624 3738 2835 3789 occasu,
2862 3722 3041 3776 statim
3071 3720 3267 3797 dicitis,
3302 3713 3530 3775 Nimbus
3557 3721 3715 3776 venit.

2123 3811 2192 3866 Et
2228 3813 2302 3865 ita
2317 3811 2397 3880 ﬁt.
2446 3810 2515 3865 Et
2541 3828 2658 3865 cum
2680 3822 2917 3866 austrum
2940 3813 3178 3883 ﬂantem,
3217 3812 3411 3877 dicitis,
3436 3810 3576 3880 Quia
3597 3828 3720 3865 aeno

2123 3913 2205 3957 tus
2232 3902 2348 3976 erit.
2397 3900 2465 3955 Et
2508 3902 2582 3977 ita
2610 3901 2690 3971 ﬁt.
2731 3899 3058 3973 Hypocritar,
3104 3901 3294 3971 faciem
3343 3900 3458 3955 cmli
3481 3909 3531 3955 et
3558 3911 3720 3957 teme

2122 3995 2286 4048 nostis
2314 3993 2556 4065 probare,
2595 3992 2693 4047 hoc
2722 4003 2897 4049 autem
2937 4003 3139 4065 tempus
3176 3993 3437 4064 quomodo
3463 4009 3569 4047 non
3586 4009 3719 4064 pro-

2121 4083 2325 4139 basiis?
2361 4082 2512 4154 (Luc.
2555 4083 2654 4154 ιιι)
2701 4081 2792 4137 ubi
2819 4090 3138 4139 certumest
3185 4082 3311 4153 quia
3342 4081 3538 4138 faciem
3564 4081 3716 4146 cmli,

2120 4193 2227 4251 non
2265 4176 2425 4230 aliam
2462 4190 2622 4245 quam
2648 4174 2947 4233 variantem
2969 4175 3114 4233 hunc
3137 4183 3338 4242 statim:
3366 4175 3510 4230 acris
3535 4175 3718 4245 appel-

2121 4266 2214 4321 lat.
2250 4264 2399 4322 Dixit
2426 4282 2547 4336 ergo
2574 4264 2713 4319 Deus
2736 4282 2755 4318 :
2781 4263 3088 4320 Producant
3123 4282 3274 4338 aqum
3300 4265 3483 4337 reptile
3520 4267 3717 4335 anima

2122 4359 2356 4425 uirentis,
2386 4368 2435 4413 et
2467 4356 2675 4412 volatile
2699 4374 2856 4428 super
2890 4367 3085 4413 terram
3104 4357 3197 4413 sub
3218 4357 3555 4427 ﬁrmamento
3577 4356 3714 4411 cali.

2125 4450 2190 4504 Et
2222 4465 2287 4504 ne
2315 4447 2471 4513 forte,
2518 4449 2643 4520 quia
2681 4458 2808 4504 sunt
2838 4464 3097 4518 aquarum
3132 4448 3429 4503 animantia
3458 4463 3581 4517 quze
3604 4462 3717 4503 non

2122 4541 2403 4610 reptando,
2430 4539 2523 4594 sed
2564 4539 2819 4601 natando,
2848 4538 2933 4594 vel
2966 4539 3189 4609 pedibus
3216 4538 3541 4594 ambulando
3569 4539 3719 4596 ince-

2121 4630 2275 4695 dunt,
2306 4637 2432 4683 sunt
2467 4628 2606 4683 inter
2636 4628 2875 4699 volatilia
2916 4644 3035 4700 qua:
3064 4630 3135 4683 ita
3174 4644 3381 4699 pennas
3409 4630 3633 4698 habent,
3660 4640 3718 4687 ut

2122 4718 2272 4773 omni
2306 4734 2405 4785 usu
2432 4718 2647 4772 volandi
2668 4728 2913 4784 careant,
2941 4727 3158 4791 putaret
3182 4721 3470 4790 quisquam
3492 4720 3716 4791 aliquod

2110 4824 2295 4878 genus
2349 4808 2663 4871 volatilium,
2717 4809 2831 4865 sive
2878 4810 3192 4879 aquatilium
3243 4811 3601 4869 animantium
3658 4813 3715 4867 in

2125 4898 2228 4953 hoc
2281 4897 2489 4952 Domini
2540 4900 2706 4954 verbo
2753 4914 2871 4954 esse
2919 4900 3365 4968 praetermissum,
3429 4903 3717 4973 vigilanter

2125 4988 2430 5061 adjnngitur
2455 5009 2467 5044 :

2186 5078 2491 5152 Creavitque
2520 5080 2658 5136 Deus
2688 5092 2793 5138 cete
2813 5084 3057 5153 grandia,
3080 5093 3126 5139 et
3154 5101 3358 5141 omnem
3376 5085 3618 5149 animam
3648 5086 3716 5140 ti-

2116 5180 2312 5223 rentcm
2362 5181 2517 5240 atque
2571 5171 2865 5225 mutabilem
2897 5211 2913 5238 ,
2962 5190 3120 5243 quam
3167 5174 3506 5245 producturus
3563 5186 3713 5230 erant

2119 5276 2268 5329 aqua:
2294 5261 2346 5314 in
2369 5261 2563 5331 species
2587 5278 2733 5327 suos,
2766 5271 2813 5317 et
2838 5278 2988 5316 omne
3010 5263 3217 5317 volatile
3242 5264 3531 5319 secundum
3553 5281 3715 5335 genus

2121 5368 2292 5405 suum.
2326 5350 2541 5406 Nullum
2596 5351 2759 5423 igitur
2784 5368 2954 5424 genus
2982 5363 3268 5424 exceptum
3313 5364 3418 5419 est,
3465 5355 3560 5408 ubi
3588 5369 3713 5409 cum

2121 5441 2257 5496 cctis
2280 5442 2574 5512 grandibus
2594 5450 2773 5498 creata
2795 5455 2877 5500 est
2898 5447 3074 5500 omnis
3093 5445 3269 5501 anima
3289 5445 3500 5509 vivens,
3525 5459 3712 5501 eorum

2125 5548 2244 5603 qum
2280 5534 2646 5603 produxerant
2690 5552 2863 5606 aquae,
2913 5537 2969 5592 in
3020 5538 3225 5608 species
3271 5553 3400 5593 suas
3448 5538 3710 5600 diversas,

2128 5627 2229 5681 hoc
2260 5634 2367 5696 est,
2415 5636 2469 5684 et
2499 5629 2796 5700 reptilium,
2839 5642 2894 5689 et
2934 5631 3259 5699 natatilium,
3303 5641 3359 5686 et
3389 5632 3707 5698 volatilium,
