3974 6200
417 320 523 374 459

1061 319 1120 372 Β.
1161 319 1416 375 RABAM
1460 321 1676 379 MAURI
1716 321 2033 378 ARClllEP.
2076 321 2384 384 MOGUNT.
2429 321 2716 378 OPERUM
2759 318 2938 374 PARS
2969 319 3008 373 l.

3579 319 3687 377 460

415 427 859 500 multiplicamini,
891 440 937 485 et
970 430 1156 502 replete
1188 442 1401 497 terram,
1438 447 1505 488 ne
1547 435 1667 504 quis
1697 433 1998 505 honorabili
2028 435 2076 494 Α
2103 433 2407 498 humiliter,
2460 415 2533 489 et.
2562 434 2844 488 adhzercns
2872 431 3059 502 gratia:
3106 431 3188 485 sui
3220 430 3552 498 Conditoris,
3599 435 3697 504 qui

416 519 688 577 connubio
733 521 911 577 inesse
955 530 1271 593 peccatum,
1329 532 1613 595 torumque
1660 524 1894 579 fmditali
1941 540 2006 580 ac

417 612 763 668 fornicationi
802 620 1021 683 putaret
1059 629 1180 670 esse
1220 617 1661 686 comparandum.
1704 614 1867 671 Facta
1913 630 2010 670 au-

420 711 529 758 tem
572 710 733 774 atque
770 711 962 758 ornata
1005 704 1338 761 habitatione
1381 706 1650 761 mundana
1674 747 1689 771 ,
1726 712 2008 778 supererat

418 802 479 847 ut
512 793 626 864 ipse
650 792 815 848 etiam
841 803 1061 865 propter
1086 810 1247 865 quem
1276 797 1454 853 omnia
1481 797 1836 871 parabantur,
1862 794 2010 850 habi-

422 890 566 939 tator
613 898 678 939 ac
704 883 955 939 dominus
981 900 1189 951 rerum,
1219 886 1379 943 homo
1414 894 1709 944 crearetur.
1752 885 2010 956 Sequitur

420 984 475 1029 ct
504 976 580 1028 ait
609 993 621 1028 :

504 1064 780 1123 Faciamus
809 1068 1069 1123 hominem
1094 1068 1163 1122 ad
1200 1069 1479 1139 imaginem
1520 1078 1568 1123 et
1612 1066 2008 1124 similitudinem

425 1166 676 1209 nostram.
711 1155 866 1212 Nunc
908 1165 1133 1228 apparet
1159 1157 1460 1213 evidentius
1494 1170 1665 1227 quare
1708 1156 1774 1211 de
1813 1154 2012 1211 creatis

426 1248 610 1301 herbis
649 1256 704 1301 et
746 1248 1085 1324 arboribusn
1108 1249 1351 1319 piscibus
1380 1256 1435 1302 et
1472 1247 1803 1310 volatilibus,
1833 1255 2010 1300 terre-

425 1339 626 1394 stribus
669 1354 884 1410 quoque
924 1340 1323 1405 animantibus,
1371 1340 1576 1396 dictum
1622 1340 1779 1396 situt
1820 1337 2014 1393 fierent

426 1430 633 1501 singula
656 1429 809 1500 juxta
842 1447 1012 1503 genus
1040 1440 1094 1486 et
1126 1432 1335 1502 species
1359 1446 1506 1487 suas.
1539 1430 1596 1486 ln
1626 1430 1807 1486 futura
1831 1437 2011 1484 autem

427 1523 661 1580 hominis
690 1527 988 1592 creatione,
1018 1526 1110 1599 qui
1148 1542 1255 1582 non
1285 1527 1459 1582 solum
1490 1541 1588 1581 suo
1612 1525 1793 1597 generi
1825 1522 2014 1578 simili-

428 1618 611 1671 tudine
643 1627 965 1690 congrueret
990 1628 1045 1675 et
1073 1620 1253 1690 specie
1271 1660 1286 1685 ,
1313 1620 1409 1675 sed
1438 1620 1603 1675 etiam
1634 1619 1700 1674 ad
1724 1618 2013 1689 imaginem

428 1711 510 1764 Sui
540 1711 805 1767 creatoris
842 1726 906 1766 ac
933 1711 1338 1767 similitudinem
1368 1711 1541 1776 fieret,
1571 1718 1794 1781 propter
1822 1708 2015 1765 nobili-

2110 525 2441 582 aeternaliter
2466 542 2529 580 ac
2551 523 2787 596 perfecte
2810 522 3009 593 justus,
3034 531 3253 577 sanctus
3279 532 3335 578 ct
3360 538 3545 590 verus,
3575 527 3697 581 exi-

2112 617 2225 673 stit.
2259 616 2359 684 Qui
2383 616 2639 686 quoniam
2670 615 2811 669 hanc
2847 613 3269 685 pulcherrimam
3297 614 3589 669 novitatem
3618 616 3702 670 di-

2109 710 2249 765 vinae
2276 711 2328 764 in
2352 724 2410 765 se
2430 707 2682 780 imaginis
2708 707 2981 778 peccando
3001 706 3703 778 corrupit,corruptamque

2110 817 2177 857 ex
2223 817 2280 857 se
2326 800 2635 873 prosapiam
2679 799 2893 872 generis
2934 798 3153 852 humani
3183 798 3520 866 procreavit,
3550 799 3701 852 venit

2111 892 2380 948 secundus
2408 891 2603 959 Adam,
2630 891 2682 947 id
2704 898 2806 957 est,
2828 891 3088 947 Dominus
3109 889 3224 960 ipse
3246 898 3301 945 et
3322 889 3583 947 Conditor
3602 906 3698 946 no-

2112 994 2226 1041 ster
2252 994 2413 1040 natus
2431 1000 2498 1040 ex
2522 985 2763 1056 Virgine,
2789 994 3004 1039 creatus
3033 982 3517 1054 incorruptibiliter
3534 992 3703 1053 atque

2112 1074 2646 1140 incommutabiliter,
2670 1076 2737 1130 ad
2766 1074 3051 1146 imaginem
3082 1074 3201 1139 Dei,
3224 1074 3277 1127 id
3306 1082 3410 1138 est,
3443 1074 3704 1129 immunis

2113 1166 2291 1222 omnis
2317 1164 2518 1231 delicti,
2547 1172 2601 1220 et
2628 1164 2820 1235 plenus
2841 1165 3019 1221 omnis
3047 1165 3236 1236 gratim
3260 1173 3317 1219 et
3340 1166 3607 1229 veritatis,
3640 1174 3703 1218 ut

2114 1256 2405 1327 imaginem
2446 1256 2503 1311 in
2530 1256 2687 1310 nobis
2712 1271 2866 1310 suam
2909 1270 2972 1311 ac
2999 1255 3405 1311 similitudinem
3436 1257 3699 1326 exemplis

2115 1350 2227 1406 suis
2248 1356 2581 1404 restaurarct
2600 1357 2653 1402 et
2682 1347 2857 1418 (lQlllS.
2889 1348 3007 1418 ipse
3030 1357 3114 1403 εει
3147 1349 3292 1402 enim
3333 1363 3504 1403 novus
3536 1349 3701 1402 homo

2113 1441 2381 1496 veraciter
2428 1440 2720 1495 secundum
2774 1440 2938 1493 Deum
2983 1448 3230 1503 creatus,
3267 1441 3393 1508 quia
3440 1439 3701 1498 nimirum

2115 1533 2187 1587 ita
2215 1546 2399 1589 veram
2426 1530 2493 1584 de
2522 1527 2692 1585 Adam
2735 1529 2914 1584 carnis
2957 1527 3314 1583 substantiam
3358 1528 3606 1597 sumpsit,
3638 1538 3702 1581 ul

2115 1623 2193 1678 nil
2215 1622 2281 1677 de
2303 1621 2394 1677 illo
2423 1621 2538 1675 vitii
2563 1618 2835 1674 sordentis
2862 1618 3120 1675 traheret.
3148 1617 3315 1686 Cujus
3336 1618 3581 1687 exempla
3601 1630 3712 1687 pro

2116 1720 2276 1784 captu
2303 1721 2489 1767 nostro
2514 1710 2695 1781 sequi,
2727 1709 2880 1780 cujus
2907 1709 3185 1765 adhaerere
3210 1710 3396 1773 donis,
3424 1708 3578 1778 cujus
3602 1710 3707 1763 oh-

429 1812 594 1856 tatem
618 1802 911 1858 creationis
928 1803 1031 1859 hoc
1055 1801 1422 1857 testimonium
1443 1800 1555 1866 dat,
1578 1799 1723 1871 quod
1744 1814 1851 1855 non
1872 1798 2014 1854 sicut
2042 1801 2089 1864 Β
2117 1812 2421 1879 temperare
2451 1801 2721 1858 mandatis
2751 1800 3150 1874 [Reformemus
3194 1816 3324 1871 ergo
3370 1802 3422 1860 in
3460 1802 3615 1857 nobis
3644 1802 3703 1854 in

428 1894 481 1948 in
507 1892 717 1950 caeteris
745 1893 1013 1948 creaturis
1035 1892 1174 1951 dixit
1196 1892 1374 1949 Deus:
1419 1890 1542 1946 Fiat
1564 1891 1739 1956 homo,
1763 1898 1818 1946 et
1839 1888 2016 1946 factus

428 1990 511 2037 est
535 1983 737 2048 humo;
767 1981 850 2037 vel
877 1981 1131 2054 producat
1169 1990 1309 2036 terra
1336 1981 1630 2046 hominem,
1670 1987 1725 2035 et
1760 1978 2018 2051 produxit

427 2082 574 2129 terra
618 2074 935 2140 hominem;
972 2074 1069 2130 sed
1115 2074 1266 2144 prius
1311 2089 1473 2145 quam
1522 2072 1712 2140 ﬁeret,
1756 2074 2014 2144 faciamus

427 2164 645 2232 dicitur,
674 2173 733 2219 ut
755 2164 1040 2230 videlicet,
1077 2165 1204 2234 quia
1234 2164 1517 2220 rationalis
1547 2173 1792 2219 creatura
1820 2163 2017 2220 conde-

426 2256 585 2311 batur
604 2295 621 2323 ,
662 2255 816 2326 quasi
842 2271 963 2310 cum
990 2254 1218 2311 consilio
1243 2254 1384 2311 facta
1413 2256 1707 2321 videretur,
1739 2255 1895 2328 quasi
1918 2269 2017 2325 per

428 2349 666 2405 studium
695 2349 761 2404 de
789 2357 930 2404 terra
959 2348 1338 2420 plasmaretur,
1367 2359 1423 2405 et
1444 2349 1796 2421 inspiratione
1814 2349 2016 2405 Condi-

430 2443 566 2497 toris
595 2442 648 2496 in
682 2441 881 2496 virtute
912 2441 1136 2514 spiritus
1166 2440 1344 2495 vitalis
1369 2441 1698 2512 erigeretur,
1726 2452 1783 2495 ut
1810 2439 2018 2495 scilicet

432 2549 540 2588 non
576 2548 673 2605 per
695 2531 956 2601 iussionis
978 2547 1195 2595 vocem,
1242 2531 1335 2587 sed
1372 2546 1471 2602 per
1493 2533 1804 2603 dignitatem
1828 2545 2019 2603 opera-

431 2624 594 2680 tionis
624 2623 906 2686 existeret,
930 2622 1057 2694 quia
1090 2621 1156 2677 ad
1181 2620 1490 2679 Conditoris
1509 2622 1801 2699 imaginem
1833 2621 2015 2678 fiebat.

430 2716 564 2772 Cum
597 2723 776 2771 autem
806 2715 1006 2771 dicitur
1032 2734 1044 2770 :
1083 2713 1371 2770 Faciamus
1401 2714 1470 2770 ad
1495 2699 1775 2786 imaginem
1798 2727 1846 2771 et
1872 2717 2019 2771 simi-

430 2806 704 2862 litudinem
745 2817 1007 2872 nostram,
1038 2806 1217 2862 unitas
1261 2815 1460 2862 sanctae
1506 2806 1786 2862 Trinitatis
1833 2815 2019 2879 aperte

430 2899 858 2956 commendatur.
889 2896 1165 2968 Siquidem
1197 2896 1385 2952 eadem
1411 2895 1683 2952 individua
1704 2896 1943 2955 Trinitas
1963 2886 2016 2957 in

429 2988 767 3063 prrcccdente
788 3003 969 3043 rerum
993 2988 1314 3043 formatione
1335 2988 1563 3062 mystice
1584 2997 1701 3044 erat
1726 2988 2016 3057 insinuata,

432 3079 649 3151 quando
675 3080 987 3137 dicebatur:
1007 3078 1075 3134 Et
1097 3080 1231 3134 dixit
1261 3079 1421 3146 Deus,
1446 3078 1592 3135 Fiat.
1624 3080 1692 3134 Et
1712 3080 1833 3151 fecit
1854 3080 2015 3135 Deus.

434 3171 505 3228 Et
536 3173 661 3229 uidit
696 3171 833 3226 Deus
860 3172 998 3245 quod
1025 3181 1154 3227 esset
1187 3172 1397 3226 bonum.
1438 3170 1591 3229 anc
1630 3181 1809 3228 autem
1848 3172 2022 3229 mani-
2049 3155 2094 3218 (ἶ
2147 3208 2150 3212 ~

439 3261 632 3321 festius
656 3261 771 3318 haec
805 3263 918 3334 ipsa
947 3261 1272 3325 insinuatur,
1310 3277 1432 3318 cum
1462 3262 1659 3321 dicitur
1685 3281 1697 3318 :
1736 3259 2024 3319 Faciamus

437 3352 699 3407 hominem
735 3352 804 3406 ad
834 3352 1113 3423 imaginem
1143 3360 1191 3406 et
1231 3350 1625 3407 similitudinem
1656 3361 1889 3407 nostram
1915 3369 1935 3419 ;
1970 3362 2027 3409 et

431 3448 583 3498 recte
608 3458 624 3506 ;
663 3441 789 3512 quia
814 3441 987 3497 donec
1011 3440 1058 3495 is
1085 3440 1176 3510 qui
1206 3440 1491 3496 doceretur
1518 3456 1626 3496 non
1655 3448 1794 3507 erat,
1821 3440 1878 3496 in
1903 3455 2028 3513 pro-

432 3531 601 3589 fundo
628 3533 729 3589 fuit
768 3533 949 3589 abdita
990 3532 1300 3603 praadicatio
1337 3532 1583 3591 Deitatis.
1628 3533 1731 3589 Ubi
1760 3548 1894 3590 vero
1924 3534 2026 3589 hor

436 3622 601 3678 minis
629 3624 791 3694 coepit
818 3623 1123 3694 exspectari
1149 3624 1372 3689 creatio,
1405 3625 1641 3680 revelata
1673 3633 1758 3680 est
1782 3625 1944 3691 ﬁdes,
1974 3633 2030 3680 et

435 3713 720 3769 evidenter
747 3713 941 3784 dogma
969 3713 1216 3769 veritatis
1249 3713 1488 3769 emicuit.
1532 3713 1588 3769 In
1617 3728 1682 3769 eo
1710 3715 1854 3769 enim
1882 3716 2027 3786 quod

434 3806 570 3862 dicit
604 3803 1030 3872 Faciamus,una
1051 3804 1353 3862 ostenditur
1383 3806 1543 3860 trium
1578 3806 1820 3874 operatio
1841 3822 2028 3877 perso—

437 3912 652 3952 narum.
694 3896 751 3951 ln
776 3909 842 3952 eo
870 3910 1001 3952 vero
1038 3895 1181 3968 quod
1213 3896 1491 3966 sequitur:
1538 3896 1619 3951 Ad
1663 3896 1943 3967 imaginem
1976 3907 2026 3952 et

439 3986 835 4044 similitudinem
881 3995 1113 4042 nostram
1139 4027 1153 4052 ,
1204 4002 1311 4041 una
1359 3996 1416 4042 et
1457 3985 1681 4057 aequalis
1724 3988 2024 4047 substantia

437 4078 678 4147 ejusdem
710 4083 911 4133 sanctae
937 4076 1219 4133 Trinitatis
1245 4077 1533 4134 indicatur.
1576 4077 1855 4146 Quomodo
1880 4079 2023 4139 enim

436 4179 581 4225 esset
602 4185 707 4239 una
738 4169 920 4241 imago
953 4185 1017 4224 ac
1042 4169 1357 4237 similitudo,
1383 4170 1428 4226 si
1448 4171 1625 4225 minor
1652 4171 1815 4227 Patre
1833 4170 2017 4238 Filius,

436 4263 479 4315 si
508 4262 687 4317 minor
711 4270 854 4317 esset
880 4260 1018 4318 Filio
1043 4261 1285 4335 Spiritus
1319 4271 1561 4329 sanctus,
1590 4265 1635 4319 si
1661 4280 1767 4321 non
1795 4265 2026 4321 consub-

435 4352 706 4408 stantialis
741 4353 982 4424 ejusdem
1018 4357 1304 4424 potestatis
1329 4364 1474 4415 esset
1512 4356 1681 4428 gloria
1713 4359 1876 4414 totius
1905 4358 2025 4414 Tri-

435 4443 651 4509 nitatis;
680 4452 772 4496 aut
806 4443 1074 4512 quomodo
1102 4444 1411 4500 diceretur:
1450 4443 1759 4511 Faciamus,
1787 4448 1833 4501 si
1859 4449 2022 4505 trium

437 4532 489 4584 iu
532 4545 639 4584 una
669 4532 876 4585 Deitate
914 4542 1277 4601 personarum
1326 4535 1667 4604 cooperatrix
1704 4535 1877 4593 virtus
1913 4552 2021 4594 non

433 4621 610 4677 esset?
628 4620 815 4691 Neque
830 4623 979 4676 enim
1002 4622 1210 4692 angelis
1232 4638 1263 4676 a
1286 4622 1398 4678 Deo
1419 4623 1524 4679 dici
1552 4633 1797 4696 poterat:
1828 4626 2022 4684 Facia-

434 4730 551 4767 mus
572 4713 641 4766 ad
666 4714 947 4784 imaginem
970 4722 1020 4768 et
1039 4712 1433 4770 similitudinem
1460 4725 1712 4785 nostram,
1729 4718 1855 4790 quia
1876 4720 2021 4775 nulla

433 4819 658 4877 prorsus
683 4805 822 4859 ratio
850 4803 980 4859 sinit
1022 4812 1080 4860 ut
1120 4803 1215 4859 Dei
1255 4813 1312 4859 et
1355 4806 1667 4879 angelorum
1694 4824 1866 4865 unam
1901 4824 2023 4866 esse

437 4894 791 4964 eamdemque
820 4893 1107 4965 imaginem
1133 4895 1246 4950 sive
1275 4895 1681 4953 similitudinem
1708 4901 2015 4959 credamus.

438 4984 494 5038 in
524 4999 632 5054 quo
654 4992 831 5039 autem
861 4984 936 5040 sit
955 4984 1115 5039 homo
1144 4983 1318 5040 factus
1339 4986 1725 5057 ad‘imaginem
1754 4996 1811 5043 et
1834 4990 2024 5047 simili-

442 5078 679 5133 tudinem
711 5076 837 5140 Dei.
867 5083 1097 5131 testatur
1121 5075 1438 5146 Apostolus,
1483 5093 1607 5133 cum
1656 5094 1754 5134 nos
1795 5080 2026 5138 solerter

439 5174 744 5236 a-tmoneat,
776 5178 836 5225 ut
863 5168 1002 5224 hanc
1028 5183 1190 5239 quam
1233 5169 1287 5224 in
1329 5168 1507 5240 primo
1526 5179 1757 5242 parente
1787 5173 2027 5243 perdidi-

439 5279 587 5330 mus,
629 5278 726 5334 pcr
760 5262 991 5334 gratiam
1036 5262 1277 5334 ejusdem
1306 5262 1613 5333 Conditoris
1641 5280 2025 5336 recuperemus

439 5354 493 5409 in
522 5354 697 5409 nobis.
732 5351 1091 5418 Renovamini,
1114 5352 1311 5423 inquit,
1341 5353 1529 5424 spiritu
1557 5354 1743 5409 mentis
1773 5363 1954 5410 uestrae
1974 5364 2023 5411 et

439 5446 639 5500 induite
667 5461 857 5501 novum
876 5443 1158 5511 hominem,
1182 5446 1273 5516 qui
1299 5444 1585 5498 secundum
1608 5444 1777 5501 Deum
1815 5458 2022 5503 creatus

439 5544 516 5588 est
546 5535 599 5588 in
616 5534 830 5605 justitia
861 5543 908 5588 et
935 5535 1211 5588 sanctitate
1234 5533 1464 5587 ueritatis
1492 5530 1705 5604 (Ephes.
1738 5534 1834 5608 tv).
1866 5535 2026 5593 Crea-

444 5632 534 5677 tus
566 5632 652 5678 est
680 5639 818 5696 ergo
844 5625 1015 5681 Adam
1044 5640 1213 5681 novus
1241 5626 1405 5681 homo
1447 5625 1515 5681 de
1551 5634 1696 5682 terra
1730 5630 2022 5687 secundum

418 5708 649 5780 Deum,
690 5723 752 5769 ut
794 5724 939 5770 esset
966 5716 1165 5787 justus,
1194 5721 1416 5771 sanctus
1455 5725 1512 5770 et
1549 5731 1743 5783 verus,
1777 5720 2023 5775 subditus

2114 1912 2255 1958 novo
2277 1896 2515 1959 homine,
2546 1909 2645 1966 pro
2670 1900 2829 1962 captu
2857 1899 3067 1956 nostro,
3083 1891 3372 1963 imaginem
3397 1892 3511 1955 Dei,
3535 1906 3701 1961 quam

2115 1991 2169 2047 in
2200 1989 2367 2047 veteri
2393 1987 2728 2058 perdidimus
2746 1983 2986 2047 homine,
3024 1982 3076 2036 id
3104 1991 3190 2037 est
3209 1982 3262 2037 in
3286 1990 3548 2052 quantum
3577 1995 3708 2051 pos—

2116 2096 2322 2145 sumus,
2353 2078 2597 2148 exempla
2631 2075 2748 2144 ejus
2770 2088 3090 2145 sequamur:
3125 2074 3498 2132 adhaereamus
3521 2071 3706 2136 donis,

2112 2172 2553 2241 obtemperemus
2586 2167 2876 2231 mandatis,
2916 2164 3047 2236 etc]
3068 2206 3081 2226 ,
3112 2166 3216 2220 hoc
3248 2173 3365 2231 est,
3410 2165 3707 2236 imag’nem

2116 2263 2232 2327 Dei,
2263 2277 2427 2333 quam
2463 2261 2518 2320 in
2541 2259 2712 2316 veteri
2743 2259 2959 2314 homine
2986 2257 3350 2335 perdidimus,
3379 2270 3709 2327 reatpemre

2116 2354 2170 2409 in
2197 2367 2356 2408 novo.
2388 2350 2504 2406 Non
2533 2366 2665 2423 ergo
2692 2348 2991 2405 secundum
3028 2362 3250 2419 corpus,
3281 2349 3376 2403 sed
3409 2348 3709 2403 secundum

2119 2442 2448 2497 intellectum
2488 2440 2716 2507 mentis,
2765 2438 2833 2495 ad
2880 2438 3167 2510 imaginem
3209 2437 3302 2492 Dei
3344 2437 3592 2493 conditus
3622 2445 3711 2493 est

2117 2534 2303 2600 homo,
2331 2545 2643 2605 quanquam
2685 2539 2740 2585 et
2786 2531 2841 2589 in
2882 2530 2998 2601 ipso
3024 2543 3255 2599 corpore
3284 2528 3483 2584 habeat
3518 2544 3713 2598 quam-

2119 2624 2243 2679 dam
2276 2623 2683 2694 proprietatem,
2710 2636 2832 2691 qua:
2857 2622 2961 2676 hoc
2984 2620 3204 2686 indicet,
3231 2620 3576 2689 quoderecta
3597 2628 3714 2677 sta-

2119 2724 2233 2771 tuta
2263 2714 2438 2771 factus
2463 2722 2567 2777 est,
2591 2721 2651 2770 ut
2678 2714 2781 2769 hoc
2809 2714 2924 2784 ipso
2944 2713 3327 2767 admoneretur
3345 2726 3452 2767 non
3476 2712 3578 2767 sitsi
3600 2721 3715 2772 ter-

2119 2822 2250 2862 rena
2276 2821 2399 2863 esse
2428 2806 2691 2866 sectanda
2713 2846 2726 2860 .
2769 2804 2916 2859 velut
2944 2818 3139 2875 pecora
3158 2844 3171 2867 ,
3205 2817 3434 2874 quorum
3460 2803 3715 2874 voluptas

2118 2900 2297 2956 omnis
2326 2915 2389 2955 ex
2420 2905 2566 2954 terra
2587 2905 2695 2953 est.»
2723 2897 2878 2954 Unde
2905 2898 2957 2952 in
2993 2897 3172 2952 alvum
3212 2905 3407 2952 cuncta
3432 2912 3598 2967 prona
3620 2905 3712 2953 at-

2121 3007 2226 3063 que
2246 2999 2518 3063 prostrata
2548 2998 2694 3052 sunt,
2716 2989 2869 3060 juxta
2890 2989 3033 3060 quod
3057 2989 3274 3059 quidam
3301 2996 3580 3058 poetarum
3598 2988 3717 3061 pule

2121 3081 2392 3139 cberrime
2415 3095 2479 3136 ac
2506 3080 2785 3136 verissime
2819 3079 2955 3134 dixit
2980 3078 2999 3150 (
3016 3078 3193 3144 Ovid.,
3226 3076 3441 3133 Metam.
3470 3078 3523 3149 ι)
3550 3097 3563 3132 :

2251 3193 2514 3256 Pronaque
2537 3206 2645 3243 cum
2665 3200 2890 3255 spectent
2913 3190 3133 3256 animalia
3156 3197 3337 3240 caetera
3356 3195 3535 3256 terram
3558 3227 3571 3251 ,

2254 3259 2324 3307 Os
2348 3253 2530 3309 homini
2550 3253 2759 3308 sublime
2782 3257 2916 3304 dedit
2937 3253 3215 3314 cmlumque
3240 3254 3371 3302 tueri

2218 3320 2221 3325 ’
2254 3318 2425 3378 Jussit,
2451 3326 2504 3367 et
2529 3326 2727 3368 erectos
2750 3316 2809 3366 ad
2830 3315 2994 3365 sidera
3015 3314 3192 3365 tollere
3218 3314 3399 3365 vultus.

2126 3438 2391 3509 Congruit
2410 3453 2541 3510 ergo
2567 3445 2621 3494 et
2661 3446 2858 3509 corpus
2898 3433 3017 3504 ejus
3050 3433 3247 3499 animae
3283 3429 3567 3496 rationali,
3600 3445 3714 3485 non

2127 3530 2422 3588 secundum
2472 3530 2799 3590 lineamenta
2846 3527 3155 3599 figurasque
3183 3525 3582 3588 membrorum,
3611 3524 3717 3579 sed

2125 3623 2307 3695 potius
2333 3620 2630 3677 secundum
2656 3619 2734 3684 id,
2757 3618 2901 3689 quod
2924 3617 2978 3673 in
3004 3616 3201 3673 emtum
3222 3622 3462 3672 erectum
3493 3621 3578 3670 est
3595 3653 3611 3677 ,
3637 3613 3715 3673 ad

2128 3714 2396 3770 induenda
2423 3728 2543 3784 quae
2570 3712 2623 3772 in
2648 3724 2877 3782 corpore
2905 3710 3075 3782 ipsius
3093 3707 3278 3765 mundi
3308 3721 3541 3778 superna
3560 3713 3715 3770 sunt.

2127 3809 2267 3864 sicut
2308 3806 2488 3863 anima
2517 3803 2795 3861 rationalis
2821 3803 2878 3859 in
2904 3817 2967 3858 ea
2991 3801 3152 3857 debet
3175 3800 3343 3870 erigi,
3370 3815 3493 3870 quas
3516 3799 3569 3852 in
3596 3798 3717 3868 spi-

2126 3899 2412 3957 ritualibus
2438 3906 2635 3954 natura
2666 3896 2900 3952 maxime
2927 3894 3235 3952 excellunt:
3276 3902 3338 3949 ut
3362 3909 3479 3963 quae
3500 3907 3717 3947 sursum

2123 3999 2248 4047 sunt
2273 3990 2464 4061 sapiat,
2493 4005 2596 4043 non
2619 4004 2738 4059 qua:
2766 4002 2924 4057 super
2950 3996 3144 4043 terram
3175 3982 3400 4056 (Coloss.
3428 3982 3533 4053 in).
3564 3980 3719 4037 Bene

2125 4090 2307 4141 autem
2337 4081 2554 4137 additur
2579 4098 2591 4135 :
3294 4070 3300 4074 ’

2196 4170 2265 4225 Et
2292 4171 2470 4241 pra'sit
2500 4169 2727 4240 piscibus
2756 4168 2921 4224 maris
2948 4177 2996 4225 et
3029 4166 3325 4225 volatilibus
3352 4165 3468 4222 eali
3488 4206 3506 4231 ,
3540 4175 3589 4220 et
3618 4166 3712 4219 be-

2123 4265 2240 4324 stiis
2267 4263 2522 4318 universa:
2554 4272 2727 4327 terrm,
2758 4260 3002 4329 omnique
3030 4259 3203 4328 reptili
3227 4257 3366 4329 quod
3394 4267 3631 4312 movetur
3656 4257 3714 4309 in

2124 4367 2283 4413 terra.
2320 4354 2456 4425 Quia
2482 4354 2737 4414 nimirum
2767 4352 2820 4409 in
2851 4353 2951 4408 hoc
2981 4351 3212 4407 maxime
3242 4349 3416 4405 factus
3435 4358 3520 4405 est
3549 4349 3716 4405 homo

2127 4449 2195 4503 ad
2225 4448 2516 4518 imaginem
2539 4446 2632 4503 Dei
2649 4486 2663 4509 ,
2692 4445 2746 4503 in
2772 4459 2881 4514 quo
2913 4442 3318 4498 irrationalibus
3345 4440 3716 4499 animantibus

2129 4542 2419 4605 antecellit,
2436 4555 2606 4611 capax
2627 4538 2878 4597 videlicet
2898 4537 3124 4592 rationis
3144 4534 3417 4601 conditus,
3432 4549 3531 4603 per
3546 4522 3714 4603 quam

2128 4642 2188 4688 et
2210 4640 2391 4688 creata
2417 4632 2471 4686 in
2503 4629 2706 4685 mundo
2730 4642 2959 4701 qumque
2998 4634 3144 4683 recte
3190 4625 3495 4696 gubernare
3519 4630 3575 4676 et
3595 4619 3717 4689 ejus

2126 4723 2221 4796 qui
2249 4731 2445 4779 cuncta
2483 4721 2697 4777 creavit
2728 4728 2912 4790 posset
2945 4718 3219 4790 agnitione
3244 4714 3471 4788 perfrui.
3514 4713 3571 4772 ln
3604 4728 3718 4782 quo

2129 4819 2333 4874 honore
2356 4816 2565 4888 positus
2593 4815 2641 4871 si
2667 4829 2774 4870 non
2809 4810 3136 4869 intellexerit
3166 4817 3226 4864 ut
3252 4809 3390 4865 bene
3422 4814 3565 4878 agat,
3606 4804 3719 4859 eis-

2130 4907 2252 4962 dem
2275 4905 2406 4977 ipsis
2433 4904 2799 4960 animantibus
2825 4899 3116 4957 insensatis
3139 4898 3336 4969 quibus
3356 4895 3609 4968 praelatus
3627 4900 3716 4947 est

2129 4996 2550 5071 comparabitur,
2585 4994 2728 5049 sicut
2754 5001 2810 5050 et
2838 4991 3119 5055 Psalmista
3145 4996 3415 5045 testatur:

2200 5086 2269 5141 Et
2296 5084 2486 5140 creauit
2519 5083 2660 5138 Deus
2685 5082 2947 5136 hontinem
2971 5079 3039 5133 ad
3065 5080 3349 5150 imaginem
3373 5092 3547 5139 suam,
3575 5082 3623 5128 et
3640 5074 3716 5126 ad

2126 5176 2405 5247 imaginem
2437 5173 2535 5229 Dei
2571 5174 2762 5228 creavit
2792 5171 2961 5227 illum.
3001 5170 3156 5241 Quod
3180 5170 3334 5242 prius
3358 5169 3604 5231 dixerat,
3639 5166 3716 5219 ad

2127 5265 2407 5335 imaginem
2433 5280 2606 5330 suam,
2638 5262 3065 5319 conﬁrmationis
3083 5259 3258 5331 gratia
3282 5256 3597 5330 geminavit,
3617 5256 3715 5310 ad.

2128 5356 2332 5412 dendo:
2360 5355 2443 5410 Ad
2470 5355 2750 5425 imaginem
2778 5353 2879 5411 Dei
2903 5354 3093 5408 creavit
3119 5351 3292 5416 illum,
3319 5357 3380 5405 ut
3404 5348 3717 5421 diligentius

2127 5448 2430 5504 insinuaret
2453 5446 2609 5501 nobis
2632 5443 2822 5515 quales
2845 5460 2876 5499 a
2896 5445 3008 5500 Deo
3032 5443 3161 5517 facti
3183 5444 3373 5517 simus,
3395 5451 3450 5496 et
3476 5438 3712 5510 speciem

2126 5534 2447 5608 recipiendae
2472 5536 2567 5592 Dei
2598 5536 2848 5606 imaginis
2876 5535 3081 5591 arctius
3109 5534 3313 5591 nostris
3331 5531 3607 5588 mentibus
3628 5529 3718 5583 in-

2128 5631 2316 5704 ﬁgeret
2346 5630 2715 5704 [inculcaret],
2745 5646 2813 5687 ne
2838 5632 2931 5703 qui
2959 5632 3196 5704 imagine
3217 5631 3314 5689 Dei
3347 5627 3716 5692 ambulamus,

2127 5738 2262 5781 vane
2291 5722 2675 5777 conturbemur
2699 5722 3134 5780 thesaurizantes
3164 5724 3216 5777 in
3251 5723 3458 5777 incerto
3496 5720 3717 5776 divitia~
