3958 6204
341 355 436 426 tot

1372 348 1720 426 continui.
1765 352 1831 406 IN
1870 353 2189 410 GBNESIM.
2341 353 2464 426 Lm.
2508 354 2546 420 ι.

3505 348 3612 402 462

341 487 457 527 rum
480 511 496 536 ,
543 468 639 523 sed
671 474 1047 536 exspectemus
1094 465 1272 536 potius
1315 465 1634 531 Dominum,
1680 470 1925 524 sitientes
1955 478 2000 536 Α
2029 470 2165 525 alius
2190 478 2368 539 potest
2390 470 2440 523 ei
2470 477 2694 526 cantare
2715 507 2729 531 ,
2768 465 3054 521 desiderat.
3103 463 3242 518 Deus
3287 477 3518 538 namque
3545 479 3609 518 ac

335 560 554 632 quando
584 557 867 628 veniamus
887 564 941 611 et
962 559 1246 626 pareamus
1269 565 1394 634 ante
1416 556 1608 614 faciem
1629 560 1767 628 ejus,
1789 560 1924 616 certi

334 652 455 724 quia
486 666 605 704 cum
634 648 956 718 apparuerit,
987 645 1182 701 similes
1207 647 1255 719 ei
1281 649 1762 728 erimus,quoniam
1788 651 1925 704 vide-

335 743 505 796 bimus
541 756 659 794 eum
684 739 842 793 sicuti
862 748 958 793 est.
988 736 1141 805 Quod
1170 746 1352 793 autem
1381 755 1524 794 nunc
1557 741 1792 816 dicitur:
1842 742 1922 795 Ad

333 832 618 902 imaginem
641 830 738 884 Dei
767 831 960 884 creavit
991 846 1130 895 eum,
1161 844 1283 884 cum
1310 830 1559 900 superius
1586 831 1685 895 sit,
1729 830 1924 902 Facia-

332 941 448 977 mus
495 922 565 976 ad
614 922 892 996 imaginem
941 931 1204 997 nostram,
1236 920 1504 991 signiﬁcat
1539 923 1681 990 quod
1727 937 1832 976 non
1868 922 1923 976 id

331 1022 454 1093 agat
475 1014 566 1068 illa
594 997 876 1083 pluralitas
905 1007 1296 1085 personarum,
1331 1020 1391 1065 ut
1427 1013 1610 1082 plures
1642 1014 1772 1068 deos
1806 1029 1924 1068 cre-

331 1108 544 1169 damus,
569 1103 661 1158 sed
688 1103 927 1166 Patrem,
949 1110 1004 1157 et
1027 1101 1248 1181 Filium,
1280 1111 1337 1158 et
1359 1102 1622 1173 Spiritum
1649 1113 1919 1171 sanctum,

331 1207 552 1270 propter
579 1211 740 1266 quam
773 1196 1093 1250 Trinitatem
1127 1197 1330 1251 dictum
1363 1207 1485 1252 est:
1527 1198 1609 1251 Ad
1638 1200 1918 1269 imaginem

332 1299 565 1364 nostram
590 1304 608 1352 ,°
653 1303 815 1341 unum
846 1287 1013 1340 Deum
1049 1287 1383 1356 accipiamus
1409 1301 1630 1358 prOpter
1661 1289 1804 1357 quod
1835 1289 1918 1342 di-

330 1387 477 1432 ctum
503 1386 625 1451 est:
666 1377 747 1454 Ad
775 1377 1054 1448 imaginem
1091 1377 1210 1431 Dei.
1420 1365 1422 1379 ³

401 1467 700 1521 Masculum
733 1476 778 1540 et
820 1467 1070 1536 feminam
1117 1467 1311 1544 crearit
1345 1484 1451 1522 eos.
1493 1466 1710 1544 Plenius
1738 1470 1791 1537 in
1837 1484 1920 1525 se-

328 1543 618 1628 quentibus
643 1560 782 1613 unde
805 1566 859 1612 et
885 1558 1156 1627 quomodo
1180 1541 1550 1629 protoplastos'
1569 1559 1758 1620 fecerit
1781 1563 1919 1617 Deus

328 1650 636 1720 exponitur.
672 1649 777 1702 Sed
808 1663 952 1702 nunc
981 1647 1264 1705 brevitatis
1288 1649 1452 1706 causa
1483 1633 1651 1708 creati
1677 1654 1920 1722 referun-

330 1748 434 1814 tur,
467 1749 525 1792 ut
551 1740 690 1794 sexti
715 1739 818 1793 diei
845 1741 1088 1808 operatio
1131 1755 1196 1794 ae
1247 1741 1462 1811 septimi
1496 1729 1762 1798 dedicatio
1793 1761 1915 1799 cum

2029 561 2287 615 Dominus
2333 570 2541 634 noster,
2585 561 2676 630 qui
2711 560 2762 614 in
2792 558 3088 630 primordio
3133 555 3316 610 mundi
3341 558 3607 636 nascentis

2027 649 2280 706 feminam
2317 667 2381 706 ex
2418 653 2519 706 viri
2559 652 2728 728 latere
2772 651 3052 712 formavit,
3085 657 3144 702 ut
3175 656 3359 702 mutua
3399 647 3607 724 illorum

2024 744 2404 814 conjunctione
2430 753 2626 798 terram
2657 757 2778 798 esse
2799 741 3123 810 implendam
3147 740 3390 804 doceret,
3419 739 3533 812 ipse
3556 739 3606 792 in

2023 835 2130 890 ﬁne
2155 836 2335 901 saeculi
2361 817 2650 907 assumpsit
2679 833 2855 886 virum
2886 833 2951 886 de
2976 847 3141 887 carne
3179 831 3414 902 Virginis
3447 832 3610 885 totius

2023 908 2358 1004 contagionis
2405 936 2730 998 exspertem,
2780 933 2893 1003 tota
2937 923 3236 977 divinitatis
3279 922 3610 992 plenitudine

2024 1021 2350 1094 perfectum,
2403 1030 2460 1075 ut
2503 1018 2828 1098 virginitatis
2872 1031 2931 1072 se
2968 1015 3195 1096 gloriam
3227 1014 3404 1084 potius
3445 1029 3606 1085 quam

2024 1111 2236 1180 nuptias
2259 1110 2481 1190 diligere
2504 1108 2778 1180 probaret.
2975 1101 2978 1104 ”
3237 1105 3240 1110 ’

2092 1200 2162 1255 Et
2191 1200 2536 1274 dominamini
2562 1199 2790 1270 piscibus
2821 1197 2984 1274 maris
3019 1207 3065 1251 et
3089 1194 3386 1274 volatilibus
3417 1195 3531 1250 cali
3560 1207 3606 1249 et

2023 1290 2274 1346 universis
2308 1271 2660 1368 animantibus
2691 1304 2846 1358 super
2862 1271 3105 1342 teri-ann
3130 1271 3320 1340 Merito
3348 1287 3600 1356 quieritur

2023 1381 2075 1435 in
2105 1396 2208 1451 qua
2236 1381 2466 1437 utilitate
2492 1380 2654 1434 homo
2685 1379 3018 1434 dominatum
3060 1379 3112 1432 in
3144 1379 3341 1448 pisces,
3372 1389 3427 1435 et
3453 1379 3605 1433 volu-

2020 1488 2140 1527 cres
2163 1482 2219 1528 et
2245 1471 2539 1544 animantia
2569 1480 2731 1525 teme
2756 1479 2950 1545 cuncta
2987 1471 3291 1540 perceperit
3310 1461 3441 1533 {vel
3468 1483 3604 1540 quos

2021 1565 2086 1618 ad
2114 1579 2244 1617 usus
2264 1577 2450 1633 quieve
2468 1562 2661 1617 solatia
2685 1551 2792 1616 sint
2812 1561 2926 1615 haec
2946 1570 3126 1614 creata
3155 1549 3381 1626 homini,
3407 1560 3453 1616 si
3477 1575 3605 1615 nun-

2019 1671 2182 1724 quam
2207 1661 2478 1722 peccaret,
2509 1655 2592 1708 cui
2626 1652 2788 1723 (sicut
2815 1635 3094 1721 sequentia
3121 1636 3420 1729 Scriptura:
3448 1649 3606 1720 hujus

2020 1743 2314 1813 declarant)
2341 1758 2447 1797 non
2486 1743 2711 1797 haec'ad
2751 1757 2951 1806 escam,
2991 1743 3084 1796 sed
3111 1727 3402 1816 herbarum
3431 1743 3602 1798 solum

327 1833 538 1906 cazteris
563 1832 887 1911 explicetur,
920 1847 984 1886 ac
1015 1833 1094 1887 sic
1117 1849 1185 1888 ex
1213 1843 1455 1906 tempore
1485 1834 1708 1915 liberius
1731 1845 1788 1891 et
1812 1816 1915 1892 hoc
1944 1829 1990 1901 Β
2017 1843 2072 1890 et
2111 1837 2365 1889 arborum
2401 1840 2528 1887 sunt
2570 1831 2780 1887 fructus
2822 1833 2874 1886 in
2912 1833 3087 1903 prima
3132 1823 3440 1904 conditione
3476 1847 3604 1888 con-

324 1930 377 1994 et
401 1921 506 1975 alia
535 1921 919 1991 praitermissa,
951 1937 1074 1992 qua:
1099 1931 1254 1979 erant
1284 1919 1451 1979 relatu
1491 1925 1684 1997 digna,
1728 1927 1915 1981 dican~

2018 1941 2191 2001 cessa.
2222 1923 2337 1979 Nisi
2369 1924 2506 1979 forte
2533 1924 2821 1979 dicendum
2843 1933 2927 1979 est
2945 1925 3070 1994 quia
3095 1913 3443 1995 peccaturum
3469 1941 3598 1996 pra:-

326 2024 428 2082 tur.
477 2013 773 2067 Masculum
810 2024 990 2069 autem
1021 2031 1186 2086 unum
1231 2024 1285 2071 et
1327 2015 1587 2072 feminam
1629 2020 1684 2074 in
1725 2019 1916 2088 primis
2013 2017 2222 2082 sciebat
2253 2017 2396 2088 Deus
2430 2016 2726 2082 hominem,
2757 2023 2813 2071 et
2839 2017 3124 2070 mortalem
3159 2007 3432 2098 peccando
3461 2017 3599 2073 futu-

323 2105 528 2168 creavit
552 2105 694 2159 Deus
723 2121 907 2169 unam,
936 2121 1040 2160 non
1075 2116 1131 2161 ιιι
1160 2107 1455 2163 animantia
1485 2121 1680 2165 caetera
1705 2127 1824 2180 quas
1859 2111 1912 2166 in

321 2198 546 2269 singulis
573 2197 862 2268 generibus
889 2211 994 2252 non
1025 2199 1257 2270 singula,
1279 2200 1375 2254 sed
1402 2201 1556 2271 plura
1587 2204 1791 2276 creavit
1809 2244 1824 2267 ,
1857 2211 1916 2256 nt

323 2307 416 2366 per
446 2292 548 2344 hoc
577 2291 872 2344 humanum
897 2305 1067 2361 genus
1099 2292 1334 2346 arctiore
1368 2285 1435 2348 ad
1465 2293 1693 2350 invicem
1721 2296 1910 2366 copula

321 2375 602 2441 charitatis
628 2381 1060 2458 constringeret,
1094 2383 1236 2454 quod
1278 2398 1338 2438 se
1377 2399 1446 2458 es
1483 2400 1591 2440 uno
1621 2387 1914 2457 totum'pa-

323 2481 471 2540 rente
505 2481 684 2545 ortum
729 2455 850 2526 esse
894 2459 1247 2539 meminisset.
1290 2455 1456 2542 Cujus
1493 2490 1658 2531 causa
1698 2455 1914 2534 ultionis

324 2563 600 2631 Scriptum
630 2576 807 2626 sacra,
833 2576 956 2616 cum
983 2562 1242 2618 dixisset:
1273 2563 1342 2617 Et
1364 2547 1556 2620 creavit
1583 2566 1724 2620 Deus
1744 2551 1915 2622 ltomi-

325 2670 435 2718 nem
470 2653 539 2705 ad
578 2653 857 2722 imaginem
883 2669 1057 2719 suam,
1086 2653 1155 2722 ad
1181 2653 1578 2709 similitudinem
1604 2656 1702 2709 Dei
1721 2661 1913 2711 creavit

324 2760 436 2815 eum
460 2785 475 2809 ,
517 2745 798 2814 statimque
832 2744 1167 2813 subjungeret
1192 2761 1210 2798 :
1248 2744 1546 2800 Masculum
1578 2755 1627 2814 et
1665 2746 1914 2815 feminam

323 2836 513 2902 creavit
535 2852 645 2898 eos,
677 2835 851 2908 noluit
885 2833 1112 2902 addere,
1145 2837 1213 2892 ad
1243 2837 1530 2908 imaginem
1578 2836 1673 2910 Dei
1709 2836 1914 2891 creavit

324 2937 432 2982 eos.
461 2926 526 2978 Et
555 2925 756 2980 femina
788 2926 932 2980 enim
959 2927 1026 2980 ad
1049 2910 1339 2998 imaginem
1371 2911 1465 2982 Dei
1489 2939 1669 2983 creata
1695 2936 1800 2994 est,
1829 2944 1914 2984 se-

327 3015 558 3070 cundum
593 3016 645 3069 id
671 3015 813 3085 quod
850 3025 906 3071 et
931 3016 1046 3086 ipsa
1074 3017 1306 3072 habebat
1339 3027 1574 3074 mentem
1617 3019 1914 3074 rationabi-

323 3103 457 3171 lem;
483 3106 578 3160 sed
600 3106 906 3161 addendum
927 3106 993 3161 de
1015 3107 1103 3161 illa
1127 3108 1229 3163 hoc
1256 3123 1360 3163 non
1381 3109 1589 3182 putavit
1609 3109 1912 3182 Scriptura,

2017 2123 2159 2173 rum,
2187 2121 2347 2182 quem
2377 2106 2740 2162 immortalem
2772 2107 2890 2175 ipse
2924 2107 3148 2161 creavit.
3183 2099 3414 2178 Ideoque
3439 2124 3503 2166 ea
3530 2109 3605 2163 illi

2017 2196 2206 2252 solatia
2230 2195 2653 2274 primordialiter
2686 2196 2940 2274 instituit,
2971 2197 3168 2266 quibus
3195 2190 3360 2254 suam
3400 2193 3605 2271 fragili-

2019 2297 2182 2344 tatem
2207 2283 2451 2343 mortalis
2484 2297 2669 2357 posset
2695 2289 2867 2354 tueri,
2899 2289 2983 2344 vel
3012 2288 3329 2346 alimentum
3352 2281 3598 2348 videlicet

2015 2393 2083 2434 ex
2116 2378 2221 2444 his,
2253 2377 2337 2432 vel
2368 2377 2742 2432 indumentum
2763 2416 2779 2442 ,
2817 2377 2900 2434 vel
2947 2377 3194 2454 laborum
3237 2379 3352 2456 sive
3394 2380 3602 2436 itineris

2017 2470 2225 2526 habens
2281 2468 2670 2537 adiumentum.
2724 2466 2834 2524 Nec
2890 2469 3120 2541 quaesitu
3183 2453 3463 2539 indignum
3521 2477 3602 2526 est

2015 2577 2186 2633 quare
2214 2577 2321 2618 non
2351 2547 2512 2618 etiam
2545 2577 2688 2616 nunc
2713 2562 2926 2616 cunctis
2963 2561 3126 2618 homo
3155 2547 3462 2617 dominetur
3489 2563 3601 2616 ani-

2017 2655 2310 2720 mantibus,
2342 2662 2627 2725 postquam
2657 2655 2802 2709 enim
2834 2653 2948 2724 ip'se
2987 2669 3087 2710 suo
3115 2639 3384 2710 conditori
3421 2653 3599 2723 subje-

2017 2753 2136 2800 ctus
2161 2757 2280 2802 esse
2316 2743 2520 2809 noluit,
2560 2734 2795 2814 perdidit
2822 2731 3118 2800 dominium
3147 2758 3337 2814 eorum
3360 2759 3479 2817 qua:
3505 2759 3603 2800 suo

2016 2835 2265 2889 conditor
2305 2835 2416 2905 iuri
2466 2833 2790 2904 subiecerat.
2841 2835 3083 2910 Denique
3130 2835 3185 2890 in
3239 2825 3601 2890 testimonium

2015 2927 2205 3008 prima:
2232 2927 2548 2993 creationis,
2579 2927 2810 2998 legimus
2832 2929 2960 2983 viris
2991 2928 3197 2983 sanctis
3233 2935 3396 2996 atque
3429 2929 3605 2982 humi-

2015 3006 2142 3075 liter
2169 3019 2281 3074 Deo
2303 3018 2663 3076 servientibus
2689 3027 2746 3074 et
2764 3035 2892 3078 aves
2926 3006 3244 3089 obsequium
3277 3019 3570 3094 praebuisse
3587 3059 3602 3083 ,

2019 3120 2074 3166 et
2098 3111 2268 3166 rictus
2295 3110 2526 3166 cessisse
2549 3110 2868 3177 bestiarum,
2899 3119 2954 3165 et
2981 3111 3249 3166 venenum
3279 3111 3480 3190 nocere
3497 3125 3602 3166 non

280 3198 288 3208 ’
328 3200 466 3268 quod
495 3209 717 3270 propter
742 3201 1004 3254 unitatem
1029 3204 1192 3256 etiam
1218 3181 1614 3270 coniunctionis
1641 3204 1694 3257 in
1722 3200 1811 3258 illa
1836 3181 1917 3258 in;
1945 3182 1989 3245 (ἶ
2021 3202 2261 3276 potuisse
2287 3208 2618 3276 serpentum.

324 3293 665 3364 telligcndum
695 3292 935 3362 reliquit,
966 3293 1076 3348 imo
1105 3293 1160 3347 in
1189 3296 1337 3349 omni
1365 3297 1508 3369 quod
1537 3297 1602 3351 de
1624 3297 1708 3352 his
1731 3306 1910 3351 ortum

322 3395 398 3438 est
418 3399 621 3454 genere
657 3385 896 3438 humano
921 3384 1322 3456 intelligendum
1348 3403 1470 3443 esse
1502 3389 1756 3458 signavit.
1787 3388 1914 3445 0m-

321 3480 401 3546 nis
422 3480 568 3533 enim
596 3479 758 3532 homo
780 3479 943 3532 etiam
967 3494 1110 3533 nunc
1130 3480 1183 3532 in
1207 3489 1468 3554 quantum
1493 3470 1704 3536 ratione
1723 3463 1909 3548 uti-tur,

323 3570 608 3638 imaginem
640 3569 732 3623 Dei
764 3571 815 3623 in
845 3586 904 3624 se
935 3569 1117 3624 habet.
1150 3569 1302 3625 Unde
1322 3571 1452 3626 dicit
1473 3569 1744 3626 Joannes:
1779 3571 1912 3625 Erat

321 3661 409 3720 lu:
439 3677 558 3714 rem
589 3677 705 3736 qum
743 3659 1001 3714 illuminat
1032 3676 1236 3736 omnem
1258 3661 1519 3719 hominem
1548 3663 1826 3716 venientem
1856 3661 1912 3714 in

323 3755 570 3807 mundum
601 3742 794 3824 (Joan.
835 3752 907 3822 t).
953 3751 1131 3822 Ipsum
1167 3764 1250 3808 est
1290 3735 1435 3831 enim
1479 3754 1658 3809 lumen
1700 3739 1768 3808 de
1807 3769 1914 3824 quo

325 3847 607 3901 Psalmista
652 3845 914 3923 gloriatur
959 3845 1188 3916 Domino
1236 3847 1463 3922 dicens:
1516 3846 1794 3916 Signatum
1834 3855 1911 3900 est

321 3956 472 4009 super
502 3955 596 3992 nos
638 3938 810 4011 lumen
855 3935 1025 3990 vultus
1069 3937 1177 4012 tui,
1225 3935 1448 4012 Domine
1493 3925 1678 4012 (Psal.
1709 3936 1814 4008 tv).
1846 3937 1914 3992 Et

321 4029 536 4097 quidem
580 4035 706 4096 apte
743 4027 794 4080 in
836 4027 953 4080 loco
982 4027 1083 4080 hoc
1112 4010 1478 4081 masculusl'et
1505 4010 1702 4081 femina
1745 4028 1911 4082 creati

323 4135 436 4175 esse
457 4128 974 4194 commemorantur,
1017 4117 1231 4171 tametsi
1265 4118 1457 4172 modus
1485 4117 1722 4186 eiusdem
1763 4134 1914 4187 crea-

327 4210 482 4263 tionis
511 4209 741 4276 necdum
781 4208 1066 4280 referatur,
1108 4217 1166 4261 nt
1211 4208 1458 4262 videlicet
1503 4209 1700 4264 habeat
1736 4196 1912 4265 locum

326 4314 618 4367 congruum
667 4314 847 4371 sermo
895 4299 1088 4352 divina:
1121 4297 1529 4352 benedictionis.
1575 4298 1650 4352 De
1693 4315 1800 4370 quo
1831 4315 1915 4354 se-

326 4391 505 4458 quitur
527 4408 568 4448 ε.

391 4483 770 4554 Benedixitque
795 4482 923 4548 illis,
944 4491 990 4535 et
1017 4483 1122 4534 ait:
1147 4480 1374 4556 Crescite
1392 4490 1440 4556 et
1463 4480 1906 4552 multiplicamini,

328 4584 370 4626 et
402 4573 590 4642 replete
619 4582 812 4624 terram
837 4583 883 4624 ct
915 4572 1154 4640 subjicite
1177 4588 1312 4624 eam.
1343 4555 1469 4626 Huic
1489 4557 1700 4625 etenim
1725 4571 1910 4625 multi-

330 4663 542 4738 plicatio
589 4662 892 4724 hominum,
931 4671 985 4715 et
1032 4661 1254 4730 repletio
1299 4670 1474 4723 terrm,
1531 4677 1636 4722 non
1686 4662 1788 4734 nisi
1821 4677 1916 4732 per

329 4751 758 4823 coniunctionem
790 4761 909 4806 erat
942 4752 1111 4827 maris
1141 4761 1195 4806 et
1225 4751 1440 4807 femina:
1476 4752 1825 4820 perficienda.
1856 4751 1913 4806 Si

329 4857 504 4898 autem
526 4842 902 4898 benedictione
928 4842 1020 4897 Dei
1041 4842 1240 4917 crescit
1265 4827 1326 4896 et.
1339 4843 1730 4912 multiplicatur
1747 4831 1915 4912 genus

331 4937 642 4996 humanum,
669 4942 871 5003 quanta
899 4942 1028 4985 sunt
1064 4932 1212 5002 digni
1253 4933 1632 5004 maledictione
1665 4935 1756 5002 qui
1789 4950 1916 5004 pro-

331 5031 514 5104 hibent
558 5028 802 5090 nubere,
851 5035 908 5080 et
947 5025 1356 5093 dispositionem
1407 5025 1645 5080 caelestis
1690 5011 1912 5092 det-reti,

329 5121 478 5189 quasi
505 5135 535 5172 a
558 5117 770 5173 diabolo
791 5125 1059 5186 repertam
1079 5118 1460 5171 condemnant.
1478 5115 1594 5169 Non
1619 5132 1749 5186 ergo
1769 5118 1916 5170 dam—

334 5205 521 5286 nandze
545 5219 674 5265 sunt
702 5209 934 5279 nuptiae,
963 5224 1101 5283 quas
1127 5209 1195 5262 ad
1237 5209 1674 5280 propagationem
1707 5210 1916 5278 generis

335 5302 551 5376 humani
602 5310 910 5370 terramque
940 5299 1252 5368 replendani
1287 5298 1533 5376 supernae
1560 5298 1732 5376 gratia
1761 5298 1918 5354 bene-

333 5375 580 5447 dictionis
611 5392 862 5446 instituit.
897 5389 1003 5445 Sed
1029 5391 1200 5460 magis
1231 5375 1586 5464 honoranda,
1617 5389 1804 5458 maiori
1834 5399 1918 5444 est

334 5482 706 5537 benedictione
733 5482 893 5551 digna
919 5478 1217 5550 virginitas,
1245 5495 1365 5548 quae
1391 5487 1672 5548 postquam
1697 5478 1913 5548 impleta

333 5583 414 5626 est
444 5583 588 5627 terra
621 5572 961 5634 hominibus,
992 5580 1139 5626 casta
1184 5578 1364 5624 mente
1405 5567 1563 5623 simul
1599 5576 1650 5621 et
1691 5583 1917 5638 corpore

337 5651 540 5733 Agnum
569 5681 890 5737 quocunque
917 5665 1068 5725 ierit,
1119 5664 1171 5718 id
1213 5671 1296 5717 est
1338 5660 1620 5716 Dominum
1645 5659 1828 5715 Jesum
1861 5663 1915 5716 in

339 5762 641 5842 cmlcstibns
687 5763 863 5828 sequi,
910 5770 963 5814 et
1011 5761 1277 5814 canticum
1321 5773 1516 5813 novum
1566 5756 1708 5825 quod
1759 5770 1917 5810 nemo

1939 4531 1989 4590 D

2607 3290 2835 3361 CAPUT
2874 3291 3006 3347 Vill.

2245 3383 2346 3438 Ubi
2373 3383 2542 3445 Adam
2572 3397 2812 3436 escarum
2836 3371 3029 3450 accepit
3055 3391 3378 3452 potestatem.

2088 3477 2232 3531 Dixit
2263 3475 2404 3530 Deus
2428 3491 2446 3528 :
2488 3473 2625 3528 Ecce
2655 3472 2775 3526 dedi
2811 3473 2951 3526 uobis
2989 3487 3192 3526 omnem
3229 3472 3444 3526 herbam
3474 3474 3602 3541 aﬂ'e-

2019 3579 2213 3624 rentem
2244 3583 2418 3622 semen
2449 3582 2606 3636 super
2631 3575 2844 3627 terram,
2865 3573 2912 3617 et
2933 3563 3176 3618 universa
3196 3562 3342 3632 ligna
3369 3579 3487 3634 qua:
3509 3566 3602 3616 lia-

2018 3660 2133 3714 bent
2153 3661 2209 3712 in
2234 3657 2521 3727 semetipsis
2542 3665 2820 3710 sementem
2851 3655 3053 3726 generis
3073 3655 3177 3718 sui,
3194 3663 3248 3707 ut
3264 3645 3366 3708 sint
3388 3654 3526 3708 vobis
3550 3655 3603 3707 in

2015 3764 2209 3813 escam,
2236 3757 2284 3802 et
2306 3747 2506 3801 cunctis
2528 3745 2882 3799 animantibus
2909 3755 3086 3807 teme,
3116 3747 3359 3814 omnique
3388 3744 3600 3807 uolucri,

2016 3825 2066 3896 et
2118 3841 2373 3895 universis
2405 3854 2524 3909 quae
2554 3845 2826 3890 moventur
2853 3836 2907 3888 in
2939 3846 3108 3898 terra,
3148 3842 3196 3887 et
3230 3835 3287 3887 in
3313 3833 3500 3905 quibus
3529 3851 3602 3888 est

2016 3933 2196 3986 anima
2223 3931 2417 3993 vivens,
2441 3927 2509 3980 ad
2535 3924 2863 3981 vescendum.
2886 3923 3008 3978 Jam
3030 3923 3120 3979 hic
3143 3931 3293 3994 patet
3313 3924 3455 3992 quod
3479 3933 3603 3977 ante

2019 4032 2228 4078 reatum
2269 4019 2505 4076 hominis
2543 4018 2620 4074 nil
2660 4018 2878 4072 noxium
2921 4015 3145 4088 protulit
3191 4025 3369 4081 terra,
3400 4015 3599 4071 nullam

2017 4114 2242 4169 herbam
2270 4117 2608 4172 venenatam,
2639 4109 2840 4162 nullam
2869 4095 3119 4162 arborem
3166 4105 3436 4170 sterilem,
3478 4122 3601 4160 cum

2017 4203 2301 4261 manifeste
2329 4203 2530 4256 dictum
2568 4202 2639 4255 sit
2677 4199 2819 4268 quod
2852 4199 3029 4253 omnis
3068 4198 3234 4252 herba
3267 4207 3324 4252 et
3350 4197 3597 4252 universa

2016 4295 2158 4365 ligna
2190 4293 2311 4356 data
2340 4293 2449 4346 sint
2473 4278 2783 4365 hominibus
2817 4303 2882 4343 ac
2912 4287 3250 4360 volatilibus,
3282 4295 3446 4342 terra:
3469 4303 3601 4356 quo—

2015 4401 2122 4456 que
2152 4382 2516 4438 animantibus
2547 4381 2756 4435 cunctis
2796 4381 2848 4434 in
2891 4394 3113 4444 escam;
3149 4387 3301 4448 patet
3335 4379 3462 4448 quia
3503 4393 3600 4435 nec

2017 4477 2145 4546 ipsa:
2193 4488 2319 4546 aves
2367 4482 2522 4540 raptu
2569 4469 2926 4525 infirmiorum
2964 4469 3152 4524 alitum
3184 4467 3470 4532 vivebant,
3503 4483 3599 4524 nec

2016 4567 2173 4637 lupus
2199 4564 2423 4618 insidias
2452 4561 2769 4632 explorabat
2794 4560 2956 4615 ovilia
2983 4559 3210 4626 circum,
3238 4572 3340 4614 nec
3361 4561 3595 4628 serpenti

2016 4659 2189 4730 pulvis
2210 4657 2363 4726 panis
2387 4664 2528 4720 erat,
2548 4655 2642 4709 sed
2668 4653 2918 4728 universa
2943 4653 3286 4708 concorditer
3310 4652 3495 4707 herbis
3518 4652 3597 4706 vi-
3670 4684 3681 4701 .

2017 4749 2262 4804 rentibus
2291 4763 2356 4801 ac
2377 4746 2643 4800 fructibus
2665 4743 3020 4800 vescebantur
3043 4744 3318 4798 arborum.
3348 4742 3490 4798 Sane
3517 4742 3598 4797 in-

2020 4851 2103 4914 ter
2126 4841 2240 4894 haec
2259 4853 2363 4910 non
2388 4833 2760 4912 przetereunda
2783 4835 3026 4897 nascitur
3045 4835 3273 4905 quaestio
3294 4852 3307 4888 :
3331 4836 3598 4904 quomodo

2019 4941 2073 4986 et
2101 4929 2420 4983 immortalis
2446 4927 2624 5004 factus
2658 4927 2729 4981 sit
2762 4927 2927 4983 homo
2960 4942 3074 4996 pra:
3097 4916 3220 4983 aliis
3245 4926 3596 4988 animalibus.

2019 5031 2074 5074 et
2101 5020 2449 5075 nihilominus
2474 5019 2746 5087 acceperit
2773 5019 3135 5074 communiter
3169 5027 3439 5072 terrenam
3476 5031 3594 5070 cun:

2019 5113 2124 5166 illis
2153 5111 2483 5166 alimoniam.
2509 5111 2564 5164 In
2593 5105 2703 5179 Quo
2728 5110 3044 5165 intuendum
3070 5109 3225 5164 nobis
3245 5116 3328 5163 est
3346 5108 3471 5177 quia
3493 5106 3595 5161 alia

2018 5192 2103 5257 est
2131 5200 2506 5256 immortalitas
2532 5201 2744 5262 carnis,
2775 5215 2938 5268 quam
2982 5200 3034 5252 in
3075 5199 3247 5268 prima
3291 5198 3588 5254 conditioni

2021 5294 2075 5346 in
2095 5292 2266 5348 Adam
2294 5291 2623 5360 accepimus,
2649 5290 2754 5344 alia
2783 5304 2943 5358 quam
2979 5303 3079 5344 nos
3111 5290 3166 5342 in
3202 5288 3597 5344 resurrectione

2022 5376 2118 5453 per
2150 5382 2424 5438 Christum
2454 5391 2770 5450 accepturos
2792 5393 2914 5434 esse
2949 5393 3247 5449 speramus.
3293 5379 3370 5434 Ita
3405 5379 3603 5449 quippe

2024 5473 2342 5528 immortalis
2369 5471 2544 5546 factus
2569 5481 2654 5525 est
2680 5471 2789 5534 ille,
2817 5481 2874 5522 ut
2899 5476 3081 5538 posset
3107 5483 3213 5523 non
3243 5470 3400 5533 mori,
3426 5470 3471 5525 si
3495 5485 3598 5524 nor.

2023 5573 2291 5636 peccaret,
2326 5566 2408 5618 sin
2450 5573 2629 5618 autem
2672 5567 2946 5629 peccaret,
2987 5567 3321 5623 moreretur,
3354 5559 3429 5613 ita
3472 5574 3603 5614 κει-ο

2025 5655 2356 5710 immortales
2375 5660 2534 5709 erttnt
2552 5652 2645 5705 ﬁlii
2667 5649 3098 5713 resurrectionis,
3114 5662 3236 5704 cum
3249 5659 3410 5705 erunt
3428 5665 3602 5722 aequa-

2023 5750 2102 5804 les
2126 5747 2330 5818 angelis
2354 5746 2468 5808 Dci,
2492 5751 2550 5797 ut
2575 5755 2674 5796 nec
2693 5737 2828 5793 mori
2849 5736 2985 5792 ultra
3010 5753 3110 5795 nec
3131 5753 3356 5811 peccare
3373 5741 3599 5811 possint.
