3958 6204
337 372 441 428 463

1014 370 1073 423 Β.
1123 367 1374 422 [nam
1417 365 1636 425 MAUBl
1677 364 1993 420 AllClllEl’.
2040 362 2346 418 SIOGUNT.
2388 357 2673 415 OI’ERCM
2713 353 2891 408 PARS
2933 354 2970 406 Ι.

3503 352 3602 406 itii

336 487 562 553 lleoque
591 497 717 537 caro
749 492 929 535 nostra
958 490 1076 550 post
1123 480 1573 534 resurrectionem
1618 477 1760 532 milia
1801 487 1919 547 eget
1954 480 1995 536 Α
2025 492 2142 544 qum.
2172 485 2294 530 sunt
2325 475 2447 529 tria.
2482 473 2658 529 Unum
2688 472 2864 534 enim,
2895 479 2950 524 et
2973 469 3111 529 duo,
3152 479 3206 522 et
3245 469 3343 523 tria
3363 510 3378 532 ,
3407 485 3499 524 sex
3535 472 3606 523 fa-

335 574 634 630 refectione
659 571 925 634 ciborum,
949 571 1072 641 quia
1097 570 1239 624 nulla
1264 570 1313 624 ei
1341 569 1574 639 suppetit
1597 585 1626 621 a
1653 567 1816 630 fame,
1840 566 1922 619 vel

336 664 690 728 lassitudine,
739 662 822 717 vel
865 661 968 715 alia
1018 661 1254 731 qualibet
1301 661 1617 714 infirmitate
1671 658 1919 714 defectio.

333 754 476 809 Caro
505 759 684 807 autem
721 750 849 805 Adae
888 761 1011 805 ante
1058 759 1336 821 peceatum
1367 751 1439 804 ita
1474 759 1559 805 est
1604 748 1924 804 immortalis

337 853 542 908 creata,
574 852 633 897 ut
662 841 1000 897 adminiculis
1041 841 1224 911 adjuta
1275 841 1584 912 temporalis
1625 840 1918 902 alimoniae,

345 934 534 990 mortis
565 949 787 1002 exspers
821 947 884 986 ac
915 933 1114 986 doloris
1155 933 1434 996 existeret,
1462 934 1634 987 donec
1673 947 1925 1002 corpora-

342 1023 484 1079 libus
509 1023 859 1078 incrementis
884 1022 949 1075 ad
980 1022 1123 1077 illam
1154 1039 1324 1092 usque
1361 1023 1653 1092 perductus
1681 1030 1921 1085 aetatem,

336 1131 458 1185 qua:
482 1113 759 1168 Conditori
788 1112 1046 1183 placeret,
1085 1123 1214 1177 tum,
1255 1123 1436 1168 creata
1464 1115 1716 1185 progenie
1758 1114 1925 1169 multa

341 1205 669 1275 huiusmodi,
695 1207 807 1274 jam
833 1203 1052 1272 iubente
1075 1206 1192 1275 ipso
1219 1214 1460 1259 sumeret
1487 1206 1653 1259 etiam
1689 1207 1754 1259 de
1780 1205 1922 1275 ligno

341 1296 484 1358 vitze,
515 1310 583 1350 ex
604 1309 712 1364 quo
741 1292 979 1363 perfecte
1014 1293 1338 1347 immortalis
1374 1290 1626 1356 effectus,
1655 1301 1927 1348 sustenta-

340 1386 458 1441 cula
489 1386 593 1441 cibi
630 1384 927 1455 corporalis
954 1383 1097 1438 nulla
1121 1384 1439 1452 requireret.
1472 1382 1564 1438 Sic
1589 1398 1719 1454 ergo
1744 1390 1799 1438 et
1828 1383 1928 1436 im~

342 1476 587 1531 mortalis
606 1485 661 1530 et
690 1474 1114 1544 incorruptibilis
1137 1481 1220 1528 est
1241 1473 1458 1528 condita
1480 1488 1609 1528 caro
1627 1473 1926 1544 primorum

345 1569 645 1632 hominum,
674 1575 734 1620 ut
775 1565 1021 1620 eamdem
1053 1580 1206 1618 suam
1255 1563 1716 1618 immortalitatem
1765 1571 1927 1632 atque

343 1655 931 1724 incorruptibilitatem,
972 1669 1070 1724 per
1113 1655 1516 1709 observantiam
1550 1654 1926 1708 mandatorum

348 1747 438 1801 Dei
465 1746 819 1801 custodirent.
851 1745 906 1798 ln
934 1746 1130 1814 quibus
1152 1745 1422 1799 mandatis
1450 1754 1570 1798 erat
1592 1754 1650 1798 ut
1679 1745 1746 1799 de
1773 1743 1930 1813 lignis

2028 566 2207 630 riunt,
2257 563 2416 634 quale
2460 564 2513 617 in
2550 561 2871 616 monadibus
2900 561 3137 615 numeris
3167 575 3434 629 nusquam
3467 575 3610 630 pne-

2027 666 2273 727 terquam
2309 657 2396 711 hic
2429 655 2710 710 invenies:
2745 655 2838 709 sed
2864 668 3039 723 neque
3065 654 3116 707 in
3151 652 3442 708 deeadibus
3470 668 3612 723 prm-

2030 755 2113 802 ter
2134 748 2449 802 vicesimum
2467 755 2520 801 et
2542 754 2790 800 octavum
2815 759 3116 799 numerum.
3144 742 3250 798 Sex
3273 757 3404 814 ergo
3425 744 3613 798 diebus

2026 839 2258 909 perfecit
2281 839 2421 892 Deus
2449 852 2662 892 omnem
2692 844 2941 891 ornatum
2968 834 3091 888 caeli
3115 842 3168 888 et
3195 842 3377 899 terrae,
3407 842 3467 887 ut
3487 833 3613 902 quia

2027 930 2208 984 omnia
2237 930 2291 983 in
2321 943 2598 992 mensura,
2627 935 2682 982 et
2707 941 2953 991 numero,
2979 935 3033 978 et
3055 924 3292 993 pondere
3312 924 3612 985 constituit,

2029 1021 2147 1089 ipso
2191 1020 2355 1073 etiam
2398 1033 2642 1082 numero,
2693 1017 2747 1071 in
2793 1032 2900 1086 quo
2945 1023 3278 1085 operaretur,
3323 1030 3420 1068 sua
3448 1029 3613 1082 opera

2027 1113 2248 1166 doceret
2271 1126 2392 1167 esse
2418 1110 2673 1180 perfecta.

2648 1201 2874 1256 (ΣΛΡΙΞΤ
2915 1199 3006 1255 ΙΧ.

2347 1293 2502 1348 Orbis
2537 1292 2914 1346 consummatio
2945 1292 3030 1345 die
3067 1292 3298 1361 septimo.

2100 1386 2482 1456 Compleritque
2512 1385 2651 1438 Deus
2677 1384 2762 1437 die
2783 1383 3000 1452 septimo
3029 1398 3158 1452 opus
3191 1399 3344 1434 suum
3374 1382 3515 1452 quod
3545 1383 3622 1450 fe-

2029 1487 2188 1529 cerat.
2218 1476 2273 1531 In
2298 1476 2401 1530 alia
2427 1475 2778 1530 translatione
2806 1473 3002 1527 dicitur
3031 1491 3042 1526 :
3076 1472 3215 1538 Quia
3239 1474 3618 1526 consummavit

2031 1567 2170 1620 Deus
2193 1567 2248 1620 in
2274 1567 2358 1620 die
2384 1576 2527 1619 sexto
2556 1582 2713 1634 opera
2741 1581 2837 1618 sua
2861 1580 2978 1634 qum
3005 1563 3159 1632 fecit;
3182 1565 3324 1632 quod
3347 1562 3480 1616 nihil
3503 1578 3620 1616 om-

2031 1657 2160 1710 nino
2189 1654 2501 1726 quzestionis
2533 1654 2708 1720 affert,
2753 1654 2880 1724 quia
2917 1653 3203 1708 manifesta
3253 1654 3620 1723 descriptione

2031 1764 2150 1819 qua:
2190 1749 2243 1802 in
2275 1763 2339 1803 eo
2381 1756 2506 1803 sunt
2541 1747 2683 1801 facta
2713 1747 3078 1801 declarantur.
3112 1744 3217 1799 Sed
3256 1745 3451 1799 merito
3472 1760 3622 1813 qua:-

347 1835 582 1906 paradisi
613 1835 886 1890 concessis
912 1842 1259 1889 vescerentur
1291 1841 1346 1888 et
1383 1842 1444 1888 ut
1472 1834 1742 1889 interdicti
1774 1850 1832 1888 se
1862 1835 1930 1888 ab
1959 1827 2006 1885 B
2036 1839 2173 1892 ritur
2201 1837 2470 1908 quomodo
2497 1846 2681 1892 nostra
2718 1836 2883 1891 editio
2915 1851 3034 1905 qua:
3059 1835 3126 1889 de
3167 1833 3447 1890 Hebraiczn
3471 1835 3619 1888 veri-

345 1942 441 1981 esu
472 1934 855 1995 temperarent,
881 1940 975 1994 per
996 1924 1188 1977 horum
1222 1923 1461 1977 edulium
1492 1924 1676 1978 indita:
1705 1924 1806 1978 sibi
1836 1925 1933 1978 im-

349 2016 694 2075 mortalitatis
725 2015 860 2070 dona
893 2023 1212 2081 servarent,
1263 2030 1332 2070 ne
1372 2015 1512 2070 illius
1549 2023 1696 2070 tactu
1725 2016 1933 2070 ruinam

348 2109 539 2165 mortis
566 2107 886 2162 invenirent.
920 2105 1013 2160 Sic
1037 2119 1166 2159 vero
1188 2104 1617 2174 incorruptibilis
1639 2112 1693 2159 et
1717 2105 1936 2159 immor-

353 2198 475 2254 talis
505 2197 560 2252 in
591 2197 698 2252 line
727 2196 834 2251 erit
859 2210 993 2250 caro
1028 2202 1212 2249 nostra
1244 2194 1311 2248 ad
1342 2193 1748 2248 similitudinem
1775 2192 1938 2264 ange-

351 2292 466 2348 licae
491 2290 860 2355 sublimitatis,
896 2298 956 2344 ut
979 2289 1034 2343 in
1058 2289 1248 2343 eodem
1283 2295 1427 2343 statu
1460 2295 1811 2357 permaneat,
1835 2302 1929 2342 ne.

351 2397 458 2450 que
487 2380 625 2436 cibis
649 2379 1022 2450 corporalibus
1045 2387 1227 2450 egeat,
1267 2379 1466 2448 quippe
1495 2377 1551 2432 in
1572 2378 1684 2433 vita
1710 2377 1936 2447 spiritali

354 2471 484 2526 nulli
512 2479 672 2527 erunt
689 2471 782 2541 qui
811 2485 969 2539 egere
994 2469 1224 2540 possint.
1257 2468 1395 2523 Nam
1423 2467 1568 2537 quod
1601 2468 1776 2539 angeli
1811 2483 1936 2522 eum

356 2561 682 2633 patriarchis
733 2561 1090 2616 manducasse
1138 2559 1421 2630 leguntur,
1473 2573 1583 2614 non
1634 2559 1938 2629 indigentia:

355 2669 553 2717 causa,
597 2651 694 2707 sed
737 2650 1084 2722 benignitatis
1122 2649 1386 2720 agebant,
1431 2657 1492 2704 ut
1527 2648 1780 2706 videlicet
1824 2650 1940 2706 hzec

353 2747 564 2818 agendo
609 2743 820 2800 dulcius
849 2743 1159 2798 hominibus
1199 2742 1394 2812 quibus
1441 2743 1774 2813 apparebant
1813 2757 1941 2798 cou-

353 2847 629 2912 gruerent.
657 2837 918 2893 Dominus
937 2852 1150 2909 quoque
1171 2835 1292 2908 past
1313 2836 1767 2892 resurrectionem
1791 2853 1942 2891 man-

351 2929 569 2985 ducavit
595 2944 718 2984 cum
748 2928 1029 2999 discipulis
1049 2969 1062 2991 ,
1103 2942 1204 2984 nec
1247 2926 1556 2982 refectionis
1594 2927 1938 2992 necessitate,

357 3015 454 3072 sed
479 3025 539 3070 ut
566 3031 751 3071 veram
779 3024 904 3086 post
933 3026 1162 3072 mortem
1203 3015 1474 3086 recepisse
1517 3030 1737 3071 carnem
1781 3031 1938 3071 mon-

357 3114 578 3163 straret.

428 3198 500 3254 Et
547 3198 746 3269 factum
782 3207 857 3252 est
891 3199 988 3263 ita,
1033 3197 1086 3252 id
1123 3205 1238 3263 est,
1279 3206 1338 3253 ut
1371 3197 1740 3253 dominaretur
1779 3196 1942 3252 homo

361 3289 573 3346 cunctis
601 3305 722 3360 qua:
756 3289 808 3344 in
845 3299 983 3345 terra
1009 3288 1094 3343 vel
1123 3289 1279 3358 aquis
1308 3295 1491 3344 creata
1514 3296 1668 3352 sunt,
1707 3297 1762 3342 et
1785 3296 1844 3342 ut
1865 3286 1944 3340 fa-

359 3382 617 3439 cultatem
655 3388 1086 3452 potestatemque
1127 3381 1319 3437 edendi
1361 3380 1430 3435 de
1471 3378 1734 3436 fructibus
1783 3387 1944 3435 terrae

360 3486 487 3527 mm
534 3469 846 3528 volatilibus
880 3469 1005 3526 caeli
1066 3477 1119 3526 et
1161 3469 1527 3525 animantibus
1567 3477 1727 3525 teme
1761 3469 1942 3540 perci-

360 3570 536 3633 peret.

444 3650 681 3724 Viditque
705 3651 844 3706 Deus
864 3663 1051 3708 cuncta
1068 3669 1185 3726 qua:
1202 3653 1343 3723 fecit,
1366 3663 1412 3709 et
1435 3663 1584 3708 erant
1609 3652 1762 3708 valde
1783 3653 1940 3708 bona.

361 3743 498 3814 Quia
521 3746 587 3801 de
609 3744 834 3817 singulis
855 3746 950 3802 Dei
971 3747 1223 3817 operibus
1240 3745 1513 3818 sigillatim
1543 3745 1716 3800 fuerat
1741 3745 1943 3801 dictum

361 3837 506 3907 quod
531 3837 737 3892 videret
761 3853 824 3892 ea
848 3853 969 3893 esse
996 3838 1158 3903 bona,
1182 3846 1330 3894 recte
1357 3839 1410 3893 in
1435 3838 1797 3901 conclusione,
1827 3852 1946 3907 per-

364 3927 518 3983 fectis
559 3929 839 3996 omnibus,
871 3928 1105 3997 positum
1149 3938 1232 3984 est
1265 3943 1386 3983 cum
1427 3928 1794 3983 additamento
1821 3927 1946 3998 quia

363 4016 493 4070 uidit
521 4028 710 4073 cuncta
739 4034 858 4088 quae
880 4018 1021 4088 fecit,
1048 4027 1098 4073 et
1129 4027 1280 4074 erant
1303 4018 1451 4073 valde
1480 4018 1636 4073 bona.
1667 4017 1772 4074 Sed
1801 4033 1946 4088 quai-

365 4103 504 4158 ritur
531 4105 757 4171 merito,
797 4121 969 4176 quare
997 4107 1064 4162 de
1101 4107 1318 4162 homine
1349 4107 1492 4162 facto
1518 4123 1624 4162 non
1660 4107 1731 4162 sit
1762 4107 1948 4177 adjun-

364 4202 511 4249 ctum
529 4196 836 4268 singillatim
858 4215 871 4251 :
889 4198 954 4252 Et
977 4197 1106 4253 vidit
1127 4196 1270 4253 Deus
1283 4197 1424 4267 quod
1443 4205 1588 4252 esset
1616 4200 1834 4259 bonum,
1853 4198 1947 4252 sed

366 4281 534 4352 ipsius
569 4286 742 4357 magis
779 4285 987 4342 factura
1025 4288 1168 4343 inter
1190 4300 1384 4344 caetera
1419 4289 1798 4344 universaliter
1832 4289 1949 4343 lau-

365 4374 538 4429 danda
570 4386 913 4442 reservetur;
941 4394 1012 4433 an
1040 4379 1130 4448 qui
1161 4379 1475 4448 pra-sciebat
1500 4381 1640 4434 Deus
1674 4379 1947 4434 hominem

364 4473 745 4532 peccaturum,
779 4481 879 4521 nec
910 4467 961 4521 in
1003 4483 1113 4522 suae
1150 4469 1397 4538 imaginis
1438 4469 1763 4538 perfectione
1795 4484 1946 4523 man-

367 4570 578 4620 surum,
607 4571 715 4610 non
744 4557 1080 4627 singulatim,
1105 4559 1198 4614 sed
1232 4575 1354 4614 cum
1378 4560 1592 4615 czeteris
1618 4575 1741 4614 eum
1767 4560 1946 4616 dicere

367 4641 540 4696 voluit
579 4643 799 4708 bonum,
842 4645 987 4699 velut
1031 4646 1288 4702 iutimans
1335 4648 1461 4717 quid
1499 4656 1646 4702 esset
1685 4647 1941 4704 futurum.

368 4732 542 4789 llomo
569 4733 733 4804 igitur
771 4743 896 4789 ante
926 4745 1229 4805 peccatum,
1254 4745 1311 4794 et
1339 4739 1392 4792 in
1416 4753 1520 4793 suo
1546 4740 1731 4810 utique
1751 4757 1947 4812 genere

369 4822 540 4878 bonus
560 4832 699 4889 erat,
729 4824 823 4878 sed
845 4825 1123 4896 Scriptura
1151 4828 1498 4896 printer-misit
1525 4828 1626 4885 hoc
1655 4831 1855 4896 dicere,
1888 4843 1948 4888 ut

370 4916 547 4986 potius
586 4915 714 4971 illud
745 4917 980 4984 diceret,
1023 4920 1166 4988 quod
1197 4918 1433 4975 futurum
1471 4921 1672 4991 aliquid
1700 4939 1949 4993 praenun-

370 5008 546 5062 tiaret.
581 5009 722 5063 Deus
752 5009 896 5063 enim
923 5019 1235 5066 naturarum
1262 5011 1498 5081 optimus
1525 5014 1788 5078 conditor,
1818 5030 1946 5084 pec-

370 5099 612 5154 cantium
633 5115 764 5154 vero
787 5098 1119 5168 iustissimus
1152 5103 1432 5158 ordinator
1473 5112 1578 5166 est,
1617 5112 1677 5156 ut
1713 5104 1874 5158 etiam
1902 5105 1946 5157 si

371 5202 476 5256 qua
507 5188 814 5260 singulatim
853 5191 988 5244 fiunt
1018 5191 1381 5262 delinquendo
1409 5192 1701 5258 deformia,
1735 5207 1948 5262 semper

375 5288 554 5332 tamen
581 5294 703 5334 cum
731 5280 811 5334 eis
837 5281 1160 5336 universitas
1182 5281 1402 5350 pulchra
1429 5281 1519 5336 sit.

446 5365 514 5420 Et
535 5367 732 5436 factum
754 5381 828 5424 est
856 5387 1058 5438 vespere
1079 5381 1128 5424 et
1155 5388 1305 5425 mane
1323 5371 1434 5425 dies
1462 5381 1655 5426 sextus.
1679 5370 1829 5440 (Car.
1863 5374 1945 5441 ιι.)

380 5454 550 5523 Igitur
587 5460 801 5527 perfecti
846 5471 966 5514 sunt
1011 5461 1124 5515 cali
1165 5472 1210 5514 et
1257 5473 1395 5514 terra
1428 5471 1476 5514 et
1516 5463 1683 5515 omnis
1733 5473 1947 5516 ornatus

378 5561 576 5602 eorum.
613 5546 894 5616 senarium
928 5566 1212 5608 numerum
1233 5559 1450 5604 constat
1489 5564 1608 5604 esse
1629 5549 1948 5618 perfectum,

381 5635 505 5701 quia
534 5636 740 5704 primus
777 5639 888 5692 suis
918 5640 1157 5708 partibus
1183 5638 1459 5709 impletur,
1499 5649 1650 5694 sexta
1685 5640 1947 5705 videlicet,

379 5724 526 5794 quod
560 5736 645 5783 est
688 5745 874 5792 tinum,
921 5739 971 5786 et
1011 5732 1164 5786 tertia
1193 5745 1314 5800 qua!
1342 5738 1466 5786 sunt
1486 5729 1611 5795 duo,
1655 5739 1706 5785 et
1731 5731 1947 5791 dimidia

2033 1930 2162 1984 tatis
2189 1930 2337 1984 fonte
2361 1928 2654 1992 descendit,
2684 1927 3037 1997 complevisse
3063 1926 3233 1980 Deum
3261 1925 3313 1980 in
3345 1925 3432 1980 die
3455 1925 3624 1994 septi-

2030 2037 2123 2076 mo
2152 2020 2294 2076 dicat
2321 2033 2456 2090 opus
2485 2035 2641 2075 suum
2662 2020 2805 2089 quod
2827 2017 3051 2082 fecerat,
3081 2017 3134 2071 in
3157 2032 3263 2086 quo
3300 2015 3375 2069 nil
3411 2031 3612 2070 novum

2035 2127 2251 2167 creasse
2278 2119 2756 2176 commemoratur,
2789 2109 2892 2164 nisi
2918 2109 3058 2164 forte
3090 2109 3266 2178 ipsum
3292 2107 3433 2162 diem
3457 2107 3627 2176 septi-

2035 2217 2182 2256 mum
2214 2211 2326 2255 tum
2370 2217 2494 2256 eum
2542 2200 2735 2257 fecisse
2781 2208 2942 2270 atque
2977 2200 3030 2253 in
3070 2197 3187 2266 ejus
3230 2197 3437 2253 factura
3486 2212 3627 2266 opus

2033 2307 2193 2347 suum
2225 2291 2579 2362 complevisse
2611 2292 2936 2356 dixerimus,
2967 2291 3112 2361 quod
3138 2304 3204 2345 eo
3238 2288 3377 2344 facto
3409 2303 3628 2343 mensu-

2039 2399 2156 2438 ram
2184 2398 2582 2452 numerumque
2622 2380 3081 2438 consummaverit
3112 2379 3342 2443 dierum,
3390 2393 3627 2449 quorum

2038 2473 2268 2528 circuitu
2315 2475 2498 2528 omnia
2535 2473 2733 2528 dehinc
2761 2471 2956 2528 saecula
2985 2471 3052 2525 ad
3093 2470 3256 2524 finem
3294 2483 3466 2538 usque
3493 2483 3627 2538 pro-

2039 2572 2342 2621 currerent.
2390 2564 2524 2619 Nam
2564 2565 2620 2618 in
2666 2563 2999 2619 revolutione
3043 2571 3364 2630 temporum,
3395 2567 3631 2616 octavus

2042 2657 2180 2711 idem
2208 2655 2298 2725 qui
2323 2665 2378 2710 et
2397 2655 2607 2725 primus
2627 2663 2970 2726 computatur
2991 2654 3125 2708 dies.
3151 2651 3434 2724 Complevit
3458 2653 3631 2722 igitur

2039 2748 2125 2802 die
2150 2750 2366 2818 septimo
2398 2748 2540 2801 Deus
2572 2764 2701 2818 opus
2726 2764 2880 2801 suum
2909 2746 3048 2818 quod
3087 2747 3310 2816 fecerat,
3344 2745 3470 2815 quia
3504 2745 3626 2799 die-

2044 2856 2162 2894 rum
2189 2855 2326 2910 quos
2363 2839 2566 2894 fecerat
2596 2853 2864 2894 summam
2894 2838 2948 2892 in
2977 2853 3042 2894 eo
3077 2835 3414 2901 terminavit,
3443 2835 3629 2889 addito

2039 2930 2158 3000 ipso
2187 2930 2442 3000 septimo,
2471 2945 2633 3000 quem
2667 2929 2954 2984 sabbatum
2981 2928 3085 2983 diei
3118 2927 3287 2982 voluit
3315 2935 3368 2982 et
3394 2941 3534 2989 esse,
3558 2938 3628 2980 eo

2041 3019 2184 3090 quod
2214 3035 2334 3075 eam
2370 3020 2600 3092 mystica
2636 3034 2752 3088 prae
2783 3019 2995 3074 ueteris
3022 3018 3398 3073 benedictione
3421 3025 3473 3071 et
3503 3033 3631 3072 san-

2047 3111 2382 3167 ctificatione
2436 3111 2693 3176 donaret,
2761 3119 2823 3165 ut
2873 3108 3153 3178 sequentia
3203 3107 3416 3163 docent.
3475 3107 3632 3163 Unde

1969 3178 2013 3240 (ἶ
2047 3203 2212 3260 etiam
2257 3204 2374 3258 dies
2415 3202 2606 3273 judicii
2651 3210 2707 3258 et
2739 3200 3224 3258 consummationis
3252 3200 3428 3254 saeculi
3455 3241 3470 3264 ,
3502 3199 3630 3268 quia

2043 3304 2166 3366 post
2204 3297 2489 3365 septimam
2512 3294 2721 3349 sabbati
2760 3301 2987 3348 ventura
3026 3299 3131 3357 est,
3171 3299 3359 3346 octava
3390 3291 3442 3344 in
3483 3291 3632 3345 Scri-

2041 3386 2219 3457 pturis
2245 3393 2617 3455 nuncupatur,
2651 3383 2901 3439 videlicet
2921 3386 3076 3453 quasi
3113 3393 3321 3453 septem
3363 3381 3458 3436 soli
3489 3396 3633 3451 prm-

2043 3475 2326 3531 cesserint.
2358 3473 2568 3529 Dictum
2591 3482 2674 3528 est
2700 3473 2842 3528 enim
2877 3474 2930 3527 in
2956 3473 3112 3528 titulo
3138 3472 3328 3543 psalmi
3351 3490 3363 3525 :
3384 3471 3449 3524 In
3471 3471 3632 3540 linem

2045 3563 2103 3616 in
2124 3563 2329 3632 hymnis
2354 3578 2447 3632 pro
2475 3572 2658 3616 octava
2685 3561 2918 3628 psalmus
2944 3561 3136 3616 David.
3159 3561 3312 3628 Quod
3338 3561 3406 3614 de
3439 3561 3527 3615 die
3545 3561 3633 3630 ju-

2042 3653 2171 3708 dicii
2208 3653 2466 3723 scriptum
2499 3662 2641 3708 totus
2680 3653 2956 3723 sequentis
2995 3653 3187 3723 psalmi
3225 3660 3406 3707 textus
3447 3652 3631 3716 docet,

2045 3740 2099 3794 in
2132 3755 2241 3810 quo
2279 3741 2414 3794 iram
2441 3741 2654 3796 venturi
2677 3741 2876 3811 judicis
2915 3742 3112 3796 timens
3140 3740 3411 3811 Propheta
3441 3740 3630 3795 excla-

2044 3842 2157 3885 mat
2177 3849 2190 3884 :
2208 3831 2447 3896 Domine,
2475 3847 2538 3884 ne
2561 3831 2616 3885 in
2643 3832 2724 3885 ira
2749 3840 2842 3884 tua
2863 3847 3056 3902 arguas
3085 3847 3188 3895 me,
3207 3839 3312 3885 etc.
3333 3829 3507 3899 (Psal.
3533 3830 3631 3900 vi).

2047 3921 2152 3976 Sed
2182 3929 2238 3976 et
2272 3906 2714 3976 dies'Dominicze
2744 3921 3192 3986 resurrectionis,
3235 3936 3359 3976 cum
3388 3931 3511 3991 post
3553 3930 3634 3975 tot

2046 4013 2253 4068 dierum
2293 4013 2457 4070 millia
2494 4021 2722 4067 ventura
2753 4021 2929 4076 esset,
2965 4021 3155 4067 octava
3203 4020 3386 4065 tamen
3422 4019 3481 4065 et
3516 4011 3632 4080 ipsa

2047 4102 2190 4157 dicta
2234 4110 2318 4158 est
2369 4103 2421 4157 in
2466 4101 2622 4156 titulo
2663 4101 2887 4157 alterius
2927 4101 3158 4172 psalmi,
3199 4101 3324 4170 quia
3372 4101 3631 4155 nimirum

2049 4194 2333 4264 septimam
2362 4195 2709 4265 sequebatur,
2738 4203 2799 4249 ut
2823 4193 3137 4262 septimana:
3158 4192 3436 4262 sequentis
3454 4193 3630 4261 prima

2047 4285 2334 4350 existeret,
2377 4285 2431 4340 id
2469 4292 2581 4349 est,
2629 4285 2818 4340 eadem
2862 4284 3009 4354 ipsa,
3053 4284 3104 4337 in
3143 4299 3249 4354 qua
3281 4284 3335 4338 in
3365 4284 3633 4354 principio

2047 4376 2183 4431 dixit
2213 4377 2354 4431 Deus
2382 4393 2394 4429 :
2420 4373 2547 4430 Fiat
2572 4375 2684 4440 lux,
2710 4385 2759 4430 et
2785 4374 2926 4444 facta
2961 4385 3035 4429 est
3067 4374 3178 4428 lux.
3211 4373 3382 4442 Quem
3414 4376 3632 4444 quidem

2048 4468 2310 4538 psalmum
2332 4469 2399 4523 de
2424 4467 2819 4524 resurrectione
2843 4467 3120 4522 Dominica
3150 4467 3412 4537 scriptum
3436 4467 3629 4536 probat

2053 4561 2166 4630 ipse
2195 4559 2284 4629 qui
2340 4557 2394 4614 in
2441 4573 2508 4614 eo
2544 4557 2804 4628 loquitur,
2851 4558 3035 4612 dicens
3064 4575 3076 4609 :
3108 4556 3335 4625 Propter
3366 4557 3631 4609 miseriam

2052 4651 2263 4718 inopum
2287 4658 2335 4703 et
2369 4649 2616 4719 gemitum
2649 4665 2970 4720 pauperum,
3009 4665 3146 4702 nunc
3184 4664 3464 4716 exsurgant
3507 4648 3631 4700 dicit

2056 4741 2306 4795 Dominus
2322 4739 2495 4812 (Psal.
2511 4739 2611 4812 ιι).
2636 4741 2821 4797 Potest
2843 4750 3021 4795 autem
3046 4749 3190 4796 recte
3207 4741 3379 4810 accipi
3397 4741 3630 4810 comple-

2051 4831 2193 4885 visse
2229 4829 2399 4884 Deum
2443 4830 2532 4886 die
2571 4831 2802 4900 septimo
2839 4847 2974 4900 opus
3014 4846 3170 4886 suum
3211 4831 3354 4900 quod
3405 4831 3630 4893 fecerat,

2049 4922 2215 4976 etiam
2261 4921 2313 4974 in
2354 4936 2421 4977 eo
2447 4915 2588 4991 quad
2634 4922 2808 4991 ipsum
2845 4923 2988 4977 diem
3026 4922 3301 4979 benedixit
3333 4931 3391 4976 et
3426 4923 3628 4976 sancti-

2051 5012 2250 5066 tieavit.
2293 5011 2479 5082 Neque
2519 5013 2665 5066 enim
2707 5012 2910 5066 nullum
2949 5027 3086 5081 epus
3114 5021 3199 5066 cst
3239 5011 3542 5066 benedictio
3581 5021 3629 5064 et

2053 5102 2442 5166 sanctiﬁcatio,
2482 5117 2657 5172 neque
2703 5104 2956 5158 Salomon
2994 5102 3068 5155 nil
3099 5101 3279 5171 operis
3318 5100 3513 5156 fecisse
3553 5102 3630 5153 di-

2052 5194 2256 5248 cendus
2291 5201 2410 5258 est,
2443 5208 2566 5248 cum
2609 5191 2865 5262 templum
2907 5191 3048 5262 quod
3093 5190 3298 5246 fecerat
3331 5190 3628 5252 dedicavit;

2053 5285 2161 5340 imo
2193 5284 2450 5339 eximium
2481 5283 2578 5339 Dei
2607 5299 2742 5352 opus
2770 5293 2874 5347 est,
2913 5299 3034 5337 cum
3067 5297 3128 5335 ca
3160 5297 3281 5350 qua:
3309 5280 3441 5334 fecit
3471 5281 3629 5336 bene-

2054 5373 2285 5428 dictione
2312 5382 2372 5428 et
2399 5373 2826 5429 sanctiﬁcatione
2847 5382 3048 5426 aeterna
3079 5370 3364 5442 glorificat.
3393 5369 3631 5438 Denique

2055 5463 2121 5516 de
2158 5463 2259 5522 hoc
2291 5479 2456 5533 opere
2499 5464 2642 5533 quod
2670 5463 2724 5517 in
2753 5471 2956 5517 :eterno
2984 5461 3072 5516 die
3100 5459 3310 5516 sabbati
3347 5459 3479 5513 facit
3507 5458 3632 5516 dicit

2057 5549 2170 5618 ipse
2195 5550 2249 5604 in
2274 5551 2529 5619 parabola
2552 5550 2786 5606 fidelium
2808 5564 3088 5604 servorum
3117 5567 3130 5603 :
3157 5551 3322 5606 Amen
3349 5548 3468 5606 dico
3492 5547 3632 5600 vobis

2054 5643 2194 5710 quod
2239 5644 2516 5715 praecingat
2570 5661 2645 5710 se,
2700 5655 2748 5698 et
2803 5645 2959 5713 faciet
3023 5643 3140 5699 illos
3195 5643 3538 5704 discumbere,
3583 5649 3632 5692 et

2059 5734 2316 5794 transiens
2357 5735 2671 5796 ministrabit
2711 5735 2816 5787 illis
2863 5734 3013 5806 (Luc.
3042 5736 3163 5804 xu).
3191 5735 3290 5809 Qui
3321 5734 3466 5796 enim
3497 5746 3634 5801 pne-
