3958 6204
388 346 486 403 ωε

1413 341 1764 403 ΕΟΜΜΕΝΪ.
1806 342 1873 403 IN
1909 345 2227 405 GENESIEI.
2272 382 2339 389 -η
2381 348 2504 405 LIB.
2543 344 2584 404 Ι.

3549 354 3652 409 466

382 459 546 529 cingit
571 473 654 523 se,
686 457 778 529 qui
809 458 1137 513 discubitum
1163 468 1455 529 prmparat,
1489 459 1584 530 qui
1613 459 1832 522 transit,
1865 458 1955 527 qui
1991 462 2031 518 Α
2065 457 2118 511 lu
2168 476 2272 529 qua
2322 462 2486 517 etiam
2541 463 2648 530 die,
2702 464 2855 534 quasi
2902 463 3113 535 antiqui
3157 465 3403 522 recolens
3448 469 3649 538 operis,

379 550 670 613 ministrat,
719 549 907 618 utique
933 557 1212 617 operatur.
1263 548 1370 604 Sed
1415 548 1501 604 his
1555 556 1739 604 tamen
1785 547 1966 602 verbis
2066 559 2253 618 aperto
2275 566 2525 608 sermone
2547 552 2845 608 declaravit
2872 554 3303 611 salvationemse
3319 556 3435 626 jam
3460 559 3647 614 mundi

377 640 630 696 omnibus
655 639 730 694 nil
755 639 902 695 aliud
924 639 1207 694 intimatur
1232 654 1395 709 quam
1426 639 1568 708 quod
1593 646 1813 695 sanctos
1834 653 1963 692 suos
2065 637 2374 707 perfecisse.
2411 640 2540 695 Cum
2570 643 2705 697 enim
2737 645 3017 714 accepisset
3046 655 3272 710 acetum,
3314 646 3446 700 dixit
3474 662 3492 699 :
3515 646 3652 702 Con-

379 732 640 788 Dominus
671 732 725 787 in
754 740 1015 786 :eternum
1044 731 1316 788 benedicit
1337 738 1393 787 et
1417 730 1743 796 sanctiﬁcat,
1772 728 1823 784 id
1855 738 1957 794 est,

376 824 583 879 visione
619 840 733 880 sua:
763 825 949 896 gloria:
986 832 1110 895 post
1151 838 1317 894 opera
1360 824 1518 889 bona,
1556 838 1679 893 quae
1719 822 1959 886 donavit,

376 925 707 970 remunerat.

445 1004 514 1057 Et
566 1006 836 1076 requisivit
886 1006 972 1060 die
1017 1006 1236 1076 septimo
1267 1006 1333 1059 ab
1387 1006 1630 1060 universo
1662 1022 1815 1075 apere
1862 1024 1958 1060 suo

372 1096 513 1167 quod
552 1105 813 1167 patraret.
855 1095 970 1151 Non
1010 1097 1166 1167 quasi
1223 1097 1398 1153 lassus
1438 1111 1506 1151 ex
1547 1097 1716 1152 nimio
1770 1096 1958 1152 labore

376 1188 518 1243 Deus
572 1188 747 1242 instar
793 1189 1042 1244 humana:
1088 1187 1403 1259 fragilitatis
1448 1188 1715 1257 completa
1765 1188 1955 1244 mundi

374 1279 577 1335 fabrica
607 1278 902 1349 requievit,
930 1278 1025 1334 sed
1048 1278 1385 1349 requievisse
1406 1278 1482 1333 ab
1506 1280 1957 1347 universovcpere

372 1386 464 1427 suo
494 1370 726 1433 dicitur,
763 1370 889 1439 quia
921 1384 1115 1425 novam
1152 1379 1462 1426 creaturam
1503 1371 1642 1424 ultra
1675 1371 1956 1426 instituere

370 1462 604 1531 aliquam
635 1462 894 1517 cessavit.
935 1460 1085 1516 Solet
1108 1477 1345 1531 namque
1377 1462 1656 1532 Scriptura
1689 1478 1831 1531 szrpe
1860 1479 1956 1519 no-

371 1554 516 1608 mine
541 1553 745 1622 requiei
776 1552 1138 1608 cessationem
1167 1553 1348 1623 operis
1376 1552 1488 1607 sive
1520 1553 1787 1607 sermonis
1814 1552 1954 1608 iudi-

370 1659 514 1701 cate.
558 1643 712 1698 Sicut
750 1644 802 1698 in
832 1642 1155 1715 Apocalypsi
1185 1644 1252 1698 de
1279 1642 1482 1699 sanctis
1498 1642 1851 1697 animalibus.
1886 1642 1955 1696 Et

366 1736 613 1805 nequiens,
644 1734 840 1803 inquit,
874 1750 976 1788 non
1002 1734 1266 1788 habebant
1291 1734 1378 1788 die
1407 1750 1471 1787 ac
1510 1741 1655 1787 nocte
1681 1732 1910 1785 dicentia
1932 1744 1951 1783 .'

2062 740 2381 784 summatum
2424 742 2518 785 est.
2556 732 2624 786 Et
2658 732 2908 788 inclinato
2948 736 3117 805 capite
3151 737 3370 791 tradidit
3411 738 3651 808 spiritum

2064 818 2281 888 (Matth.
2313 820 2505 891 xxvn).
2541 822 2646 879 Sed
2675 831 2729 878 et
2756 826 2872 880 luce
2891 824 3248 881 sanctiﬁcatio
3267 837 3322 882 et
3346 827 3652 884 benedictio

2062 911 2275 980 septimi
2309 912 2437 975 diei,
2480 920 2534 969 et
2575 914 2788 984 requies
2828 916 2879 970 in
2929 915 3016 970 illa
3062 915 3150 970 die
3180 924 3302 987 post
3338 891 3503 989 opera
3552 935 3650 973 sua

2062 1000 2215 1054 valde
2247 1002 2383 1055 bona
2403 1043 2417 1067 ,
2451 1002 2783 1074 designavit,
2811 1006 2954 1074 quod
2983 1021 3083 1060 nos
3115 1006 3310 1077 singuli
3339 1015 3460 1078 post
3485 1022 3649 1079 cpera

2061 1092 2222 1158 bona,
2266 1110 2388 1164 qua:
2417 1112 2470 1149 in
2510 1096 2663 1152 nobis
2701 1097 2814 1167 ipse
2838 1109 3092 1168 operatur
3130 1107 3185 1155 et
3227 1100 3362 1155 velle
3397 1110 3451 1157 et
3484 1101 3648 1173 perﬁ-

2060 1202 2218 1252 cere,
2258 1189 2325 1242 ad
2362 1190 2605 1258 requiem
2642 1191 2913 1245 tendimus
2960 1191 3084 1246 vita:
3117 1192 3384 1259 cmlestis,
3436 1193 3490 1247 in
3541 1209 3647 1263 qua

2057 1286 2258 1332 πίει-ηδ
2289 1279 2407 1348 ejus
2441 1281 2871 1336 sanctiﬁcatione
2895 1290 2951 1336 et
2982 1283 3354 1340 benedictione
3393 1285 3643 1356 perfrua-

2062 1383 2200 1422 mur.
2240 1366 2441 1441 (ϐυ-ες.)
2486 1370 2638 1425 Unde
2676 1372 2811 1427 bene
2846 1372 2988 1428 idem
3022 1373 3137 1428 dies
3163 1375 3425 1444 septimus
3455 1392 3644 1447 vespe-

2059 1475 2174 1515 ram
2201 1460 2456 1517 habuisse
2475 1478 2580 1517 non
2606 1464 2881 1531 scribitur,
2905 1466 3028 1534 quia
3053 1466 3306 1521 nimirum
3328 1480 3643 1539 perpetuam

2059 1546 2299 1609 noStram
2321 1555 2375 1609 in
2413 1554 2505 1611 illo
2537 1556 2777 1627 requiem
2808 1558 3071 1628 designat.
3106 1559 3348 1629 Denique
3375 1561 3428 1615 in
3458 1574 3639 1632 septe-

2059 1643 2210 1697 nario
2233 1659 2459 1699 uumero
2483 1660 2692 1699 summa
2712 1644 3061 1715 perfectionis
3090 1647 3373 1718 accipitur.
3401 1649 3472 1705 Ut
3494 1652 3636 1706 cnint

2058 1734 2308 1789 humanae
2346 1735 2572 1791 rationis
2609 1751 2806 1791 causas
2845 1737 2911 1791 de
2946 1739 3250 1807 septenario
3291 1755 3519 1797 numero
3559 1751 3640 1797 ta~

365 1828 615 1893 Sanctus,
665 1826 914 1893 Sanctus,
955 1827 1184 1883 Sanctus
1222 1827 1477 1881 Dominus
1528 1826 1669 1880 Deus
1719 1826 1954 1896 omnipo-
1984 1816 2032 1874 Β
2060 1842 2299 1892 eramus,
2353 1842 2474 1897 qua:
2521 1835 2773 1882 asserunt
2816 1828 2959 1897 quod
3007 1828 3210 1884 idcirco
3234 1828 3507 1899 perfectus
3552 1833 3642 1898 sit,

361 1930 471 1973 ten;
498 1918 685 1989 (Apoc.
719 1918 831 1989 1v);
864 1933 964 1988 pro
1003 1934 1091 1984 eo,
1135 1927 1195 1973 ut
1223 1919 1430 1974 diceret
1458 1936 1471 1972 :
1503 1918 1621 1974 Non
1664 1916 1955 1973 cessabant

362 2012 473 2066 inec
519 2025 736 2080 semper
762 2011 1077 2067 decantare.
1111 2009 1247 2064 Nam
1276 2011 1512 2065 maxima
1547 2019 1604 2066 et
1632 2011 1790 2065 unica
1823 2025 1949 2065 sau-

363 2102 463 2156 ctis
500 2109 588 2156 est
628 2101 846 2170 requies
881 2101 935 2154 in
964 2101 1125 2167 cmlo,
1162 2102 1373 2157 laudem
1416 2118 1641 2157 summm
1668 2101 1941 2163 Trinitati,

359 2210 476 2262 quae
530 2194 674 2249 Deus
710 2200 825 2257 est,
876 2193 1147 2249 indefessa
1186 2209 1321 2250 voce
1349 2194 1548 2249 dicere.
1581 2193 1759 2250 Potest
1817 2209 1946 2249 vero

357 2286 515 2340 altius
536 2284 761 2355 intelligi
791 2285 1122 2355 requievisse
1138 2284 1305 2339 Deum
1328 2285 1395 2340 ab
1414 2285 1665 2341 omnibus
1690 2285 1946 2354 operibus

356 2378 494 2438 suis,
530 2391 640 2431 non
676 2391 805 2432 eum
837 2392 974 2447 opus
1014 2376 1271 2433 habuisse
1308 2376 1413 2432 illis
1439 2377 1695 2447 operibus
1710 2377 1854 2439 suis,
1889 2377 1942 2432 in

355 2470 548 2538 quibus
579 2469 978 2538 requiesceret,
1020 2470 1219 2540 quippe
1243 2466 1398 2536 cujus
1437 2469 1651 2539 requies
1682 2469 1733 2523 in
1765 2469 1945 2539 seipse

355 2561 467 2613 sine
493 2560 648 2614 initio
679 2575 745 2614 ac
773 2560 1005 2615 termino
1032 2574 1248 2629 semper
1272 2570 1357 2615 cst
1382 2575 1529 2622 vera.
1563 2559 1657 2614 sed
1693 2559 1806 2614 sola
1838 2561 1936 2617 bo-

356 2650 541 2704 uitatis
561 2665 679 2705 suae
700 2666 864 2706 causa
877 2650 1072 2706 fecisse
1084 2666 1246 2720 opera
1272 2668 1394 2721 qua:
1421 2652 1472 2705 in
1501 2652 1615 2720 ipso
1639 2653 1944 2721 requiesce-

359 2752 495 2795 rent.
534 2742 691 2808 Quod
717 2758 750 2798 e
777 2744 1052 2799 contrario
1077 2743 1292 2798 facilius
1317 2742 1655 2813 intelligitur,
1686 2759 1808 2798 cum
1839 2759 1948 2799 tne-

357 2833 674 2888 minerimus
719 2833 1011 2888 humanam
1051 2834 1405 2905 indigentiam
1438 2850 1536 2905 pro
1572 2835 1675 2891 hoc
1711 2836 1945 2891 maxime

358 2922 634 2979 laboribus
669 2924 1000 2992 quotidianis
1039 2924 1321 2988 insistere,
1357 2932 1417 2979 ut
1460 2925 1514 2979 in
1552 2925 1808 2995 operibus
1833 2927 1945 2982 suis

354 3015 596 3084 requiem
632 3015 921 3084 percipere
971 3015 1177 3084 possit,
1225 3016 1437 3070 dicente
1479 3015 1529 3070 ei
1571 3015 1799 3070 Domino
1831 3034 1845 3069 :
1875 3014 1945 3070 In

355 3114 545 3164 sudore
565 3111 738 3165 uultus
761 3112 840 3165 tui
861 3112 1080 3165 vesceris
1104 3129 1237 3183 pane
1260 3110 1411 3184 (Gen.
1441 3112 1548 3183 ιιι).
1571 3112 1718 3169 Deus
1736 3122 1940 3181 autem,

354 3204 441 3273 qui
487 3213 616 3259 ante
662 3204 997 3259 creationem
1043 3203 1230 3259 mundi
1274 3204 1611 3262 aeternaliter
1654 3206 1708 3262 in
1760 3208 1939 3279 seipse

354 3296 647 3367 perfectam
711 3294 948 3350 habebat
1011 3295 1252 3365 requiem
1275 3336 1295 3361 ,
1350 3296 1467 3368 ipse
1527 3298 1693 3354 etiam
1745 3308 1941 3355 creato

353 3388 574 3453 mundo,
616 3403 722 3441 non
761 3386 814 3440 in
842 3385 1098 3455 operibus
1125 3402 1246 3457 quae
1271 3384 1432 3453 fecit,
1468 3389 1564 3445 sed
1590 3389 1658 3444 ab
1691 3389 1941 3445 omnibus

351 3478 606 3548 operibus
631 3492 753 3548 quae
792 3474 922 3532 fecit
960 3477 1256 3547 requievit,
1285 3485 1472 3549 utpote
1498 3479 1572 3534 nil
1609 3479 1816 3535 habens
1846 3494 1941 3535 ne-

351 3571 623 3625 cessitatis
660 3570 712 3623 in
736 3569 1006 3625 creaturis
1035 3570 1379 3641 requiescere
1417 3571 1534 3627 suis
1555 3613 1570 3635 ,
1602 3572 1735 3642 quin
1762 3573 1943 3643 potius

352 3662 620 3717 creaturis
654 3662 1062 3718 rationabilibus
1092 3662 1208 3733 ipse
1232 3664 1478 3733 requiem
1500 3674 1790 3735 praestans,
1819 3680 1940 3722 cum

353 3753 404 3807 in
443 3754 626 3825 seipse
669 3754 910 3825 perfecte
952 3771 1171 3827 semper
1210 3758 1535 3827 requiescat,
1583 3771 1757 3829 eoque
1801 3759 1944 3815 bono

356 3845 545 3900 beatus
577 3845 673 3911 sit,
701 3847 844 3917 quod
868 3848 982 3917 ipse
1009 3849 1112 3905 sibi
1140 3858 1241 3905 est.

420 3935 490 3990 Et
523 3936 786 3992 benedixit
806 3939 908 3994 diei
930 3941 1168 4011 septimo,
1204 3949 1253 3996 et
1281 3941 1633 4011 sanctiﬁcarit
1653 3940 1821 3997 illum.
1851 3941 1944 3997 illa

353 4028 605 4084 videlicet
643 4029 1021 4087 benedictione
1062 4040 1117 4088 et
1160 4032 1591 4088 sanctiﬁcatione
1638 4047 1804 4103 quam
1843 4048 1943 4105 po-

350 4120 477 4188 pulo
494 4134 596 4176 suo
622 4121 677 4176 in
708 4121 825 4194 lege
848 4123 1066 4193 plenius
1095 4123 1313 4178 intimat
1335 4124 1522 4179 dicens
1548 4141 1562 4177 :
1591 4122 1853 4179 Memento
1887 4133 1942 4178 ut

352 4215 488 4267 diem
526 4214 732 4269 sabbati
776 4215 1092 4286 sanctiﬁces.
1152 4214 1258 4271 Sex-
1303 4215 1485 4271 diebus
1529 4216 1856 4288 operaberis,
1898 4228 1947 4272 et

355 4305 514 4373 facies
545 4307 724 4360 omnia
754 4318 911 4377 Opera
940 4317 1053 4361 tua.
1081 4305 1311 4378 Septimo
1334 4316 1511 4361 autem
1543 4306 1819 4361 sabbatum
1842 4307 1949 4361 Do-

355 4396 481 4448 mini
518 4395 618 4449 Dei
649 4397 727 4450 tui
767 4408 865 4461 est,
907 4414 1011 4451 non
1042 4398 1207 4467 [acies
1243 4414 1396 4453 omne
1435 4413 1566 4468 opus
1593 4397 1790 4469 (Exod.
1828 4394 1944 4471 xx).

357 4487 420 4539 Et
447 4487 607 4557 paulo
626 4497 749 4567 post
776 4507 790 4543 :
826 4488 1089 4545 Ssx'enim
1110 4489 1298 4543 diebus
1319 4489 1442 4559 fecit
1465 4488 1723 4544 Dominus
1742 4488 1939 4544 caelum
1973 4524 2019 4581 Β

353 4588 401 4630 et
432 4588 659 4644 terram,
689 4588 738 4634 et
770 4594 948 4646 mare,
978 4589 1028 4635 et
1051 4580 1248 4641 omnia,
1283 4596 1404 4652 quae
1425 4583 1483 4636 in
1509 4581 1585 4635 eis
1616 4590 1759 4645 sunt,
1789 4590 1837 4635 ct
1860 4597 1941 4634 re-

352 4671 545 4738 quievit
592 4672 647 4725 in
691 4672 776 4727 die
816 4674 1033 4743 septimo
1058 4711 1074 4738 ,
1118 4673 1317 4727 idcirco
1367 4672 1627 4727 benedixit
1681 4672 1941 4728 Dominus

353 4762 494 4814 diem
519 4764 815 4833 septimum,
846 4763 1255 4833 etsanctiﬁcauit
1275 4780 1393 4818 eunt
1421 4763 1633 4836 (κει).
1658 4763 1790 4831 Quae
1818 4778 1942 4833 pro-

355 4850 501 4905 fecto
522 4852 823 4907 benedictio
836 4859 893 4907 et
911 4851 1268 4908 sanctiﬁcatio
1287 4853 1393 4909 diei
1425 4853 1641 4923 septimi
1668 4853 1721 4908 in
1750 4864 1939 4924 uypum

352 4945 579 5017 majoris
620 4944 1011 5001 benedictionis
1055 4959 1121 5001 ac
1164 4944 1612 5000 sanctiﬁcationis
1649 4944 1792 5000 facta
1833 4953 1936 5001 est.

354 5035 490 5090 Nam
530 5036 796 5107 sicutper
822 5036 1200 5102 orebrasdmo
1233 5036 1600 5106 quotidianus,
1633 5036 1687 5091 in
1727 5036 1845 5107 lege
1865 5037 1943 5091 vi-

351 5127 552 5182 ctimas
580 5128 803 5198 sanguis
837 5126 1130 5183 Dominica:
1167 5127 1466 5196 passionis,
1502 5126 1595 5197 qui
1625 5124 1793 5182 semel
1825 5136 1945 5181 erat

349 5235 454 5289 pro
482 5218 658 5275 salute
691 5219 879 5273 mundi
905 5217 1283 5283 ollimdendus,
1313 5217 1651 5288 signabatur,
1675 5216 1750 5271 ita
1777 5216 1941 5272 etiam

348 5324 455 5378 per
474 5310 716 5379 requiem
739 5308 845 5363 diei
873 5308 1109 5378 septimi,
1133 5322 1252 5378 qua:
1274 5315 1396 5378 post
1420 5322 1584 5378 opera
1606 5321 1699 5362 sex
1732 5306 1941 5361 dierum

351 5414 574 5470 semper
624 5399 887 5455 celebrari
927 5400 1161 5463 solebat,
1218 5398 1662 5470 przeﬁgurabautr
1712 5412 1942 5468 magnus

351 5491 449 5546 ille
473 5493 589 5548 dies
615 5493 860 5558 sabbati,
894 5493 947 5548 in
977 5507 1087 5563 quo
1115 5492 1376 5548 Dominus
1404 5489 1573 5546 semel
1598 5490 1653 5545 iu
1694 5489 1942 5560 sepulcro

347 5591 474 5637 erat
502 5584 874 5654 requieturus,
915 5582 1197 5652 completis
1229 5596 1294 5636 ac
1318 5578 1575 5651 perfectis
1599 5579 1656 5633 in
1680 5578 1769 5635 die
1785 5587 1944 5634 scuto

345 5674 610 5730 omnibus
661 5675 917 5745 operibus
976 5673 1121 5736 suis,
1180 5671 1377 5743 quibus
1450 5670 1711 5725 mundum
1778 5683 1941 5739 quem

347 5768 411 5825 in
449 5765 538 5820 die
562 5776 716 5821 sexto
740 5762 1073 5837 perfecerat,
1116 5764 1228 5833 jam
1272 5761 1541 5832 perditum
1566 5758 1937 5817 orestaurabat.

2055 1919 2181 1987 quia
2210 1935 2274 1975 ex
2304 1920 2482 1989 primo
2519 1920 2609 1990 qui
2647 1919 2813 1974 dividi
2847 1929 3046 1991 potcSI,
3082 1930 3138 1977 et
3164 1922 3339 1994 primo
3363 1924 3452 1993 qui
3480 1924 3645 1979 dividi

2055 2026 2161 2064 non
2197 2017 2396 2079 potest,
2457 2011 2656 2066 cxistat
2683 2026 2698 2065 :
2730 2012 3035 2069 certissime
3063 2014 3265 2069 scimus
3297 2016 3441 2084 quod
3467 2025 3644 2087 septe-

2046 2101 2264 2156 narium
2311 2117 2597 2159 numerum
2641 2102 2922 2175 Scriptura
2971 2120 3126 2160 sacra
3163 2120 3263 2175 pro
3309 2106 3640 2176 perfectione

2048 2205 2254 2261 ponere
2275 2193 2582 2248 consuevit.
2614 2193 2768 2249 Unde
2797 2203 2851 2249 et
2875 2196 3105 2265 septimo
3126 2197 3211 2250 die
3234 2198 3520 2254 Dominum
3551 2215 3636 2254 re-

2047 2280 2321 2350 quievisse
2354 2284 2423 2338 ab
2462 2283 2718 2355 operibus
2753 2285 2967 2341 asserit.
3011 2284 3148 2342 Hinc
3177 2297 3262 2342 est
3299 2289 3462 2343 etiam
3497 2289 3640 2360 quod

2048 2371 2311 2441 septimus
2360 2372 2477 2430 dies
2525 2373 2579 2428 in
2634 2374 2878 2446 requiem
2926 2375 3267 2441 hominibus,
3320 2378 3375 2432 id
3425 2387 3541 2442 est.
3586 2379 3639 2433 in

2048 2464 2277 2521 sabbato
2314 2465 2474 2522 datus
2509 2474 2612 2522 est.
2647 2466 2784 2522 Hinc
2805 2468 3052 2537 estquod
3078 2468 3329 2538 jubilzeus
3353 2485 3547 2532 annus,
3580 2472 3634 2526 in

2048 2573 2158 2629 quo
2175 2558 2416 2629 plenaria
2437 2559 2593 2629 quies
2614 2559 2958 2629 exprimitur,
2983 2568 3189 2631 septem
3215 2560 3642 2617 hebdomadibus

2046 2658 2487 2715 consummatur,
2508 2650 2612 2720 gui
2654 2651 2884 2706 mouade
2909 2650 3089 2706 addita
3117 2659 3317 2706 nostras
3355 2652 3641 2706 adunatio~

2049 2744 2133 2797 nis
2161 2740 2433 2812 impletur.
2467 2740 2604 2797 Hine
2632 2750 2717 2796 est
2750 2742 2895 2797 enim
2920 2742 3063 2812 quod
3103 2741 3438 2813 perfectione
3475 2744 3639 2814 septi-

2047 2831 2239 2890 formis
2304 2833 2493 2906 gratia:
2562 2833 2817 2902 implendi
2876 2833 3158 2889 duodecim
3215 2842 3342 2889 sunt
3402 2834 3632 2905 apostoli

2050 2925 2231 2981 electi.
2262 2924 2304 2980 A
2340 2925 2648 2997 septenario
2676 2925 2870 2996 quippe
2890 2940 3119 2980 numero
3145 2928 3200 2981 in
3243 2926 3635 2985 duodenarium

2049 3016 2308 3088 surgitur.
2338 3015 2473 3071 Nam
2512 3016 2853 3085 septenarius
2880 3016 2994 3072 suis
3018 3017 3072 3070 in
3099 3032 3158 3071 se
3176 3017 3422 3087 partibus
3452 3019 3637 3075 multi-

2048 3108 2297 3180 plicatus,
2338 3108 2407 3163 ad
2436 3108 2828 3165 duodenarium
2857 3108 3048 3164 tendit.
3078 3108 3204 3165 Sive
3232 3110 3376 3165 enim
3405 3120 3640 3181 quatuor

2041 3216 2146 3270 per
2191 3203 2313 3265 tria,
2364 3199 2478 3255 sive
2527 3199 2631 3254 tria
2675 3214 2771 3269 per
2818 3207 3053 3269 quatuor
3094 3200 3382 3261 ducantur,
3430 3211 3636 3271 septem

2042 3293 2098 3346 in
2150 3290 2432 3346 diuidet-im
2480 3298 2720 3343 vertunt.
2781 3289 2934 3345 Unde
2989 3289 3162 3345 sancti
3220 3288 3484 3360 apostoli,
3543 3291 3634 3360 qui

2044 3383 2364 3439 Trinitatem
2424 3384 2478 3438 in
2530 3393 2765 3453 quatuor
2821 3382 3005 3438 mundi
3041 3382 3291 3453 partibus
3336 3380 3637 3453 prtedicare

2044 3475 2397 3549 mittebantur
2425 3474 2708 3530 duodecim
2742 3482 2872 3529 sunt
2900 3473 3055 3530 electi
3072 3515 3087 3539 ,
3113 3482 3174 3529 ut
3200 3473 3364 3528 etiam
3404 3488 3633 3529 numero

2043 3565 2427 3638 perfectionem
2457 3565 2847 3631 ostenderent,
2892 3572 3055 3634 quam
3085 3564 3195 3620 vita
3231 3574 3288 3621 et
3326 3579 3460 3622 voce
3498 3580 3638 3636 prte-

2043 3658 2309 3714 dicarunt.

2114 3748 2186 3804 Et
2220 3748 2502 3815 benedixit,
2544 3748 2753 3819 inquit,
2796 3747 3170 3814 dieiseptimo,
3206 3755 3256 3802 et
3291 3746 3637 3817 sanctiﬁcarit

2042 3840 2214 3907 illum,
2246 3842 2373 3913 quia
2399 3843 2457 3896 in
2468 3843 2594 3927 ymo
2620 3850 2908 3897 emoverat
2927 3839 2992 3894 ab
3023 3839 3167 3896 omni
3197 3855 3350 3911 opere
3370 3857 3466 3896 suo
3492 3841 3635 3910 quod

2036 3932 2256 3997 crearit,
2285 3932 2340 3987 id
2365 3941 2467 3997 est,
2499 3932 2766 4003 completo
2787 3932 2972 3989 mundi
2994 3939 3209 3997 ornatu,
3231 3939 3544 3987 cessaverat
3565 3931 3635 3985 ab

2046 4022 2392 4079 instituendis
2434 4022 2576 4079 ultra
2631 4024 2788 4080 novis
2843 4038 3025 4081 rerum
3072 4022 3385 4095 generibus.
3446 4021 3631 4092 Neque

2045 4116 2188 4170 enim
2233 4114 2362 4170 huic
2386 4114 2670 4171 sententia:
2699 4114 3034 4171 contrarium
3055 4153 3071 4179 ,
3120 4112 3281 4169 debet
3315 4111 3446 4167 illud
3484 4113 3632 4168 testi-

2046 4205 2208 4271 mari,
2236 4204 2380 4275 quod
2408 4204 2540 4263 dicit
2565 4204 2682 4274 ipse
2704 4216 2723 4256 :
2749 4201 2913 4258 Pater
2945 4218 3092 4257 meus
3127 4216 3291 4272 usque
3320 4199 3476 4256 modo
3503 4217 3632 4270 ope-

2048 4304 2218 4355 ratur.
2272 4306 2322 4352 ct
2357 4312 2451 4367 ego
2480 4311 2666 4367 operor
2685 4293 2868 4366 (Joan.
2897 4295 2985 4365 v);
3020 4293 3354 4365 respondens
3380 4292 3634 4349 videliect

2046 4388 2129 4443 eis
2161 4387 2253 4457 qui
2285 4396 2507 4462 propter
2548 4385 2790 4456 requiem
2819 4386 2958 4450 Dei,
3002 4384 3299 4457 Scriptura
3339 4381 3500 4454 hujus
3536 4399 3635 4439 au-

2042 4480 2302 4535 ctoritate
2337 4478 2637 4549 antiquitus
2669 4477 3125 4543 commendatam,
3163 4476 3449 4533 sabbatum
3472 4476 3543 4533 ab
3567 4491 3636 4532 eo

2031 4586 2149 4624 »ποτε
2172 4570 2482 4624 conservari
2504 4568 2892 4639 querebantur.
2924 4566 3251 4624 Cessaverat
3276 4568 3424 4625 enim
3465 4567 3630 4639 septi-

2044 4677 2133 4717 mo
2161 4662 2250 4717 die
2283 4676 2315 4716 a
2350 4659 2644 4717 condendis
2669 4659 2958 4731 generibus
2989 4668 3288 4727 creaturae,
3328 4659 3457 4731 quia
3483 4659 3630 4714 ultra

2033 4754 2152 4823 iam
2187 4767 2294 4808 non
2322 4750 2566 4808 condidit
2590 4751 2773 4822 aliqua
2809 4766 3006 4823 genera
3039 4767 3201 4808 nova.
3248 4752 3512 4824 Deinceps
3537 4767 3634 4806 au-

2044 4855 2152 4898 tem
2177 4858 2350 4913 usque
2375 4857 2520 4899 nunc
2543 4852 2802 4914 operatur
2830 4844 3149 4900 eorumdem
3179 4859 3438 4916 generum
3464 4842 3636 4899 admi-

2043 4934 2439 4998 nistrationem,
2488 4948 2608 5003 quae
2651 4941 2780 4990 tunc
2807 4934 3051 4991 instituta
3088 4942 3236 5001 sunt,
3279 4949 3387 4990 nou
3426 4940 3488 4988 ut
3516 4932 3634 5001 ipso

2044 5026 2236 5081 saltem
2262 5025 2352 5082 die
2378 5026 2608 5095 septimo
2632 5029 2869 5097 potentia
2895 5026 3011 5095 eius
3040 5043 3072 5081 a
3097 5026 3220 5081 coeli
3241 5034 3299 5080 et
3323 5035 3482 5080 terrm
3514 5040 3630 5079 om-

2046 5118 2305 5187 niumque
2356 5131 2539 5172 rerum
2571 5156 2587 5181 ,
2628 5131 2768 5187 quas
2815 5117 3175 5181 condiderat,
3231 5114 3625 5189 gubernatipne

2045 5216 2310 5275 cessaret,
2340 5208 2579 5279 alioquin
2605 5209 2865 5264 continuo
2886 5209 3274 5265 dilaberentur.

2678 5319 2907 5376 CAPUT
2944 5317 3011 5373 Χ.

2210 5391 2504 5463 Allegorica
2538 5392 2796 5463 emsitio
2832 5394 2899 5442 de
2931 5404 3025 5443 seu:
3047 5388 3251 5443 dierum
3288 5403 3461 5459 opere.

2119 5485 2237 5541 Huc
2270 5500 2443 5555 usque
2483 5484 2550 5540 de
2591 5481 2884 5554 primordio
2930 5479 3115 5534 mundi
3163 5479 3437 5535 nascentis
3468 5477 3622 5549 juxta

2044 5593 2265 5635 sensum
2302 5576 2498 5632 litterae
2517 5574 2719 5631 dixisse
2754 5570 3005 5626 sufﬁciat.
3039 5567 3283 5641 (Isidor.)
3315 5567 3628 5626 Secundum

2050 5666 2364 5740 allegoriam
2394 5676 2571 5721 autem
2599 5664 2673 5719 ita
2704 5667 2883 5733 potest
2903 5660 3075 5731 accipi
3113 5660 3256 5730 quod
3283 5659 3338 5714 in
3360 5659 3626 5731 principio

2053 5760 2195 5815 Deus
2237 5756 2363 5813 fecit
2412 5754 2608 5811 caelum
2651 5760 2703 5807 et
2746 5761 2966 5808 terram.
3007 5750 3335 5824 Principium
3374 5750 3624 5808 Christus
