3974 6200
334 336 435 417 an

1011 357 1068 411 ll.
1113 352 1363 410 RABANI
1405 350 1624 408 MAURI
1658 347 1978 405 ARCHIEP.
2019 342 2329 402 MOGUNT.
2371 339 2658 400 OPERUM
2695 328 2875 394 PARS
2913 339 2954 394 l.

3495 340 3601 397 468

329 488 431 541 c‘t,
464 476 607 530 sicut
632 475 747 545 ipse
769 474 823 528 in
851 471 1141 542 Evangelia
1169 471 1273 525 ait:
1296 470 1407 542 Ego
1435 485 1550 524 sum
1572 464 1908 537 principium,
1939 463 1990 522 Α
2015 462 2273 515 virtutum
2296 461 2350 515 in
2376 461 2606 518 ecclesia
2633 463 2995 518 numerositas
3024 482 3036 516 :
3065 479 3185 534 quae
3214 465 3267 518 in
3298 464 3459 532 hujus
3482 464 3608 519 vita:

328 564 418 636 qui
444 572 493 618 et
521 563 706 633 loquor
731 561 876 616 vobis
902 558 1084 633 (Joan.
1130 557 1267 631 vm).
1313 558 1369 613 In
1402 559 1508 613 hoc
1535 556 1699 627 igitur
1718 552 1919 624 princi-

333 659 418 727 pio
454 655 583 711 fecit
607 656 750 710 Deus
791 653 1011 727 coelum,
1042 642 1598 729 id_est,‘spirituales,
1629 648 1721 718 qui
1756 643 1918 701 ctele-

333 749 435 803 stia
475 746 809 802 meditantur
846 754 901 799 et
935 753 1203 813 quierunt.
1252 741 1308 796 In
1346 742 1461 811 ipso
1488 739 1615 795 fecit
1643 746 1700 793 et
1727 750 1919 791 carna-

336 841 433 904 lus,
477 839 567 906 qui
614 846 885 891 terrenum
934 834 1203 889 hominem
1250 818 1481 887 necdum
1532 820 1915 898 deposuerunt.

337 932 499 986 Terra
526 941 700 985 autem
729 939 839 989 erat
867 914 1041 981 inanis
1072 937 1119 1005 et
1145 942 1329 980 vacua.
1359 922 1527 979 Terra
1559 921 1767 977 scilicet
1795 918 1918 974 ear-

338 1024 420 1078 nis
447 1030 647 1076 nostra:
669 1021 848 1075 inanis
872 1027 991 1081 erat
1021 1027 1079 1089 et,
1103 1032 1293 1093 vacua,
1313 1014 1626 1093 priusquam
1650 1013 1922 1093 acciperet

340 1114 595 1169 doctrinze
612 1095 858 1165 formam.
881 1109 945 1163 Et
958 1090 1181 1163 tenebrae
1194 1098 1341 1160 erait!
1355 1090 1510 1176 super
1524 1090 1711 1173 facient
1726 1101 1917 1172 abyssi.

338 1203 473 1269 Quia
510 1201 828 1256 delictorum
855 1192 1070 1252 caecitas
1098 1205 1152 1251 et
1192 1194 1510 1266 ignorantia:
1544 1191 1806 1260 profunda
1827 1191 1922 1245 ob-

339 1294 572 1349 scuritas
611 1291 775 1346 corda
808 1276 993 1365 nostra
1030 1281 1267 1357 lcgebat.
1310 1284 1543 1354 Spiritus
1596 1291 1774 1337 autem
1826 1280 1922 1336 Dei

339 1397 500 1453 super
529 1396 626 1436 cor
660 1388 906 1435 nostrum
943 1364 1284 1451 tenebrosum
1321 1378 1374 1430 et
1403 1375 1623 1429 ﬁuidum
1650 1372 1803 1442 quasi
1836 1388 1926 1427 su-

343 1490 437 1544 per
476 1462 642 1543 aquas
671 1472 784 1542 jam
822 1462 1281 1539 superis-rebatur,
1325 1468 1378 1521 in
1419 1466 1524 1536 quo
1570 1462 1926 1533 subsistentes

345 1556 822 1634 requiescerem'us,
856 1548 1114 1637 cujusque
1137 1560 1538 1615 viviﬁcaremur
1571 1557 1720 1621 ﬂatu,
1756 1565 1812 1611 et
1833 1570 1925 1609 cu-

338 1658 427 1727 jus
457 1670 563 1711 uno
606 1645 968 1709 abluere‘luur.
1014 1649 1163 1706 Dixit
1194 1667 1398 1722 quoque
1438 1649 1573 1704 Deus
1605 1666 1622 1703 :
1653 1646 1779 1702 Fiat
1811 1647 1926 1712 lux,

346 1751 396 1804 id
425 1736 529 1813 eSt,
552 1732 877 1801 illuminatio
906 1739 1244 1800 credulitatis
1264 1751 1542 1813 appareat.
1572 1734 1755 1795 Prima
1779 1728 1925 1795 etum

2017 553 2350 625 obscuritate
2393 562 2650 625 tanquam
2682 554 2735 608 in
2767 562 2926 611 nocte
2964 546 3294 627 refulgentes
3315 595 3332 622 ,
3361 555 3610 611 dividant

2018 645 2080 724 in
2106 645 2210 699 hoc
2249 642 2592 724 ﬁrmamento
2624 646 2909 715 scripturae
2950 640 3226 701 scnsibilia
3269 652 3326 702 et
3350 644 3610 717 intelligi-

2019 720 2165 801 bilia,
2196 727 2351 806 quasi
2377 730 2518 791 inter
2542 720 2716 791 lu‘cem
2739 726 3108 806 periectomr‘n
3128 743 3184 791 et
3216 737 3466 792 tenebras
3490 750 3617 806 par-

2019 829 2289 909 vulorum,
2321 837 2377 883 et
2401 824 2527 883 sunt
2553 829 2607 882 in
2636 821 2808 899 signis
2829 829 3090 884 virtutum
3119 821 3177 883 et
3199 821 3611 884 miraculorum.

2023 918 2157 975 Sunt
2173 920 2336 974 etiam
2352 919 2404 973 in
2424 915 2666 990 tempora
2681 927 2738 973 et
2750 926 2943 986 annus,
2959 919 3085 990 quia
3096 911 3482 993 praedicatores
3494 934 3621 991 pro-

2022 1013 2156 1082 priis
2186 1000 2516 1082 temporibus
2542 1013 2799 1068 vivuntet
2813 1000 3096 1067 transeunt
3126 1030 3139 1066 :
3179 1007 3402 1067 Verbum
3430 1006 3618 1067 autem

2024 1089 2237 1156 Domini
2250 1106 2423 1156 manet
2437 1104 2489 1155 in
2504 1097 2753 1157 a'ternun't
2773 1101 2826 1174 (1
2829 1119 2910 1173 sa.
2927 1098 3229 1175 xL).Quare
3242 1111 3421 1175 autem
3438 1094 3619 1179 primo

2023 1203 2169 1248 terra
2189 1193 2596 1264 germinaverit,
2624 1186 2820 1249 deinde
2849 1192 2992 1249 facta
3021 1204 3149 1250 sunt
3177 1195 3488 1260 luminaria,
3511 1188 3620 1248 nisi

2024 1286 2149 1356 quia
2172 1293 2297 1355 post
2316 1290 2481 1356 opera
2510 1274 2653 1341 bona
2678 1287 2825 1341 venit
2848 1286 3174 1341 illuminatio
3203 1285 3357 1349 lucis,
3391 1287 3457 1339 ad
3486 1300 3622 1340 cou-

2026 1376 2390 1447 templandam
2414 1377 2651 1447 speciem
2671 1391 2921 1447 superna:
2945 1376 3196 1432 virtutis?
3220 1370 3372 1431 inter
3395 1378 3513 1431 haec
3533 1377 3623 1431 die

2028 1467 2216 1537 quinta
2254 1465 2392 1520 facta
2436 1476 2563 1523 sunt
2601 1468 2815 1537 reptilia
2844 1465 3149 1522 animarum
3191 1469 3437 1522 vivarum
3470 1481 3487 1520 :
3518 1468 3621 1522 bo-

2026 1544 2202 1612 mincs
2231 1550 2439 1612 scilicet
2468 1555 2712 1612 renovati
2744 1562 2800 1612 tn
2820 1549 3110 1627 vitam‘per
3136 1557 3391 1628 baptismi
3429 1572 3623 1612 sacra-

2031 1657 2291 1705 mentum.
2338 1650 2503 1705 Facta
2560 1658 2690 1706 sunt
2748 1659 2803 1706 et
2845 1651 3105 1717 volatilia,
3158 1651 3213 1706 id
3263 1662 3364 1717 est,
3418 1659 3625 1709 sancta:

2032 1743 2227 1798 anima:
2258 1744 2324 1797 ad
2373 1758 2606 1813 superna
2638 1744 2903 1800 volantes.
2948 1743 3079 1800 Post
3117 1745 3253 1815 btec,
3309 1753 3461 1801 sexta
3509 1745 3620 1809 die,

345 1841 430 1895 die.
453 1824 625 1895 lucem
651 1837 773 1893 ﬁdei
801 1838 965 1901 dedit,
998 1836 1121 1905 quia
1142 1836 1314 1905 prima
1344 1834 1398 1888 in
1420 1832 1772 1888 conversione
1794 1822 1930 1887 ﬁdes
1960 1813 2004 1872 Β
2030 1835 2280 1905 producit
2316 1826 2458 1890 terra
2495 1832 2730 1891 animam
2767 1836 2964 1902 vivam,
3004 1813 3221 1905 quando
3252 1845 3436 1891 nostra
3470 1851 3621 1903 caro,

345 1943 447 1989 est.
487 1932 639 1989 Unde
670 1940 725 1986 et
755 1932 930 2002 ipsum
956 1929 1191 2000 primum
1211 1927 1278 1981 .in
1305 1927 1590 1996 prmccptis
1618 1924 1929 2003 mandatum

345 2035 473 2081 cst:
518 2024 775 2079 Dominus
808 2011 949 2075 Deus
1000 2012 1156 2086 t'u'us,
1204 2011 1345 2072 Deus
1399 2012 1535 2071 unus
1576 2024 1671 2069 est.
1705 2014 1935 2084 Propter

347 2132 510 2188 quam
538 2113 695 2171 ﬁdem
722 2113 837 2184 ipse
856 2111 1137 2176 Dominus,
1165 2110 1329 2164 etiam
1352 2105 1635 2163 visibiliter
1656 2106 1709 2195 in
1733 2096 1934 2160 mundo

349 2219 609 2278 apparere
639 2202 827 2259 voluit.
863 2201 981 2257 Jam
1018 2208 1147 2256 tunc
1177 2196 1488 2266 Deusjuxta
1505 2192 1805 2266 praesentiae
1825 2202 1936 2250 ante

349 2298 577 2369 gratiam
619 2294 801 2350 divisit
832 2289 1027 2371 justus,
1072 2292 1124 2371 id
1166 2299 1280 2356 est‘,
1316 2288 1455 2371 ﬁlios
1490 2283 1585 2342 Dei
1618 2296 1673 2343 et
1707 2283 1863 2350 lucis,
1904 2301 1933 2340 a

352 2368 725 2457 peccatoribus
756 2370 1073 2463 tan'quam‘a
1095 2368 1358 2445 tenebris,
1384 2368 1521 2434 istos
1545 2391 1748 2432 vocans
1770 2375 1935 2441 diem,

353 2470 471 2531 illos
496 2484 730 2529 noctem.
756 2471 892 2527 Nam
914 2471 1005 2542 Qui
1032 2460 1172 2526 lucis
1192 2470 1409 2525 nomine
1428 2468 1561 2540 justi
1581 2466 1935 2538 appellantur,

355 2552 479 2619 audi
505 2554 819 2635 Apostolum
852 2579 866 2615 :
902 2552 1125 2625 Fuistis,
1157 2559 1352 2631 inquit,
1384 2557 1668 2628 aliquando
1694 2556 1936 2621 tenebrae,

354 2638 491 2710 nunc
536 2638 708 2707 autem
754 2651 848 2706 lux
884 2646 940 2706 in
978 2650 1205 2705 Domino
1241 2636 1455 2723 (Ep/tes.
1498 2648 1572 2720 v).
1614 2648 1818 2703 Deinde
1851 2662 1939 2703 se-

353 2743 528 2799 cunda
557 2743 645 2798 die
675 2742 940 2813 disposuit
967 2742 1109 2797 Deus
1140 2742 1562 2805 ﬁrmamentum,
1604 2740 1656 2795 id
1683 2734 1786 2805 est,
1816 2738 1943 2795 soli-

355 2816 667 2891 damentum
698 2842 1010 2889 sanctarum
1049 2832 1472 2902 Scripturarum.
1510 2822 1941 2886 Firmamentum

356 2913 498 2981 enim
538 2911 592 2981 in
640 2924 879 2982 Ecclesia
936 2916 1231 2995 Scriptum
1297 2923 1491 2978 divinae
1540 2921 1941 2993 intelliguntur,

355 3019 483 3090 quia
521 3018 718 3075 caelum
746 3002 1036 3087 plicabitur
1079 3014 1218 3070 Sicut
1258 3014 1417 3069 lilze‘r.
1450 2999 1823 3082 Discrevitque
1850 3028 1942 3068 su-

356 3104 455 3179 per
478 3109 584 3165 hoc
610 3108 1007 3163 firmamentum
1048 3120 1236 3176 aquas,
1257 3105 1316 3160 id
1344 3090 1460 3169 est,
1493 3097 1742 3159 coaleStes
1769 3108 1940 3173 popu-

359 3202 441 3257 lus
474 3198 804 3271 angelorum,
836 3198 961 3269 quia
990 3214 1095 3253 non
1131 3208 1266 3269 opus
1304 3197 1504 3252 habent
1541 3196 1643 3252 hoc
1670 3184 1943 3265 suscipere

361 3291 780 3357 firmamentum,
834 3298 894 3345 ut
928 3275 1102 3360 legem
1134 3289 1409 3360 legentes,
1452 3287 1675 3342 audiant
1720 3286 1945 3342 verbum

358 3383 476 3439 Dei.
510 3381 707 3440 Vident
735 3383 880 3438 enim
908 3376 1033 3437 eum
1073 3395 1286 3451 semper
1319 3388 1377 3436 et
1411 3379 1681 3452 diligunt;
1725 3379 1820 3434 sed
1856 3394 1948 3433 su-

357 3461 638 3548 perposuit
665 3476 840 3549 ipsum
870 3460 1274 3530 :ﬁrrnamentum
1308 3458 1444 3544 legis
1466 3476 1580 3527 Sua:
1607 3474 1772 3542 Super
1792 3469 1950 3525 inﬁr-

361 3559 607 3623 mitatem
640 3565 958 3623 inferiorum
989 3556 1329 3636 po‘pulorumf,
1362 3573 1420 3619 ut
1454 3563 1558 3619 sibi
1589 3558 1948 3634 suscipientes

352 3642 689 3731 ‘cognOScant
714 3657 946 3728 qualiter
978 3641 1293 3712 discernunt
1314 3655 1458 3710 inter
1482 3651 1719 3711 carnaiia
1754 3662 1809 3709 et
1835 3654 1947 3725 spi-

362 3734 605 3817 ritualia,
643 3751 799 3821 quasi
833 3742 980 3804 inter
1009 3763 1178 3826 aquas
1211 3744 1518 3816 superiores
1556 3754 1611 3802 et
1640 3742 1947 3826 inferiores.

365 3841 497 3921 l‘ost
521 3836 639 3896 bsic
667 3840 755 3896 die
781 3830 970 3905 ’tertia’,
1011 3822 1226 3909 collegit
1252 3835 1303 3893 in
1332 3834 1500 3894 unum
1528 3848 1696 3908 aquas
1724 3822 1950 3893 inferio-

356 3922 457 4007 :rcs
487 3931 682 3999 falsas,
720 3931 825 4009 hoc
858 3939 961 3989 est.
991 3930 1238 3986 homines
1266 3929 1657 4009 inﬁdeles,qui
1684 3930 1954 4009 cupidita-

358 4006 477 4079 itu'in
511 4006 838 4094 tempestate
868 4013 925 4077 et
960 4021 1315 4076 te'ntationum
1365 4007 1661 4076 carnalium
1696 4006 1955 4077 ﬂuctibus

359 4118 435 4186 'qu
444 4116 651 4170 a’tiun'tu
660 4128 704 4181 r,
729 4116 780 4169 e't
807 4114 860 4168 in
874 4106 1070 4184 seipsis
1082 4112 1234 4183 quasi
1259 4112 1563 4167 amaritudo
1583 4109 1950 4168 includuntur.

356 4196 685 4286 :Ségregavit
730 4195 800 4287 ab
833 4206 913 4261 eis
940 4190 1157 4287 aridam
1172 4204 1481 4275 ',j‘populu‘m
1518 4204 1727 4261 Scilicet
1749 4203 1954 4262 fontem

358 4284 494 4355 'ﬁdei
516 4284 813 4365 sitientem,
830 4284 1127 4368 obﬁxitque
1139 4294 1333 4373 dehinc
1348 4292 1703 4368 superborum
1724 4294 1951 4363 limites,

357 4373 424 4448 ’δι
446 4383 700 4449 ‘COercuit
731 4405 858 4454 eos,
902 4406 969 4445 ne
1007 4389 1329 4445 turbulentis
1356 4381 1702 4459 iniquitatium
1731 4388 1955 4443 suarum

360 4470 620 4539 ‘nuc‘nbu‘s
670 4468 898 4555 aridam,
944 4481 996 4534 id
1035 4486 1152 4544 est",
1198 4480 1435 4532 animam
1476 4477 1745 4533 sitientem
1785 4478 1952 4555 Deum

358 4556 717 4636 (conturbent,
738 4551 1007 4639 liceatque
1029 4570 1078 4623 ei
1105 4558 1411 4638 germinare
1440 4564 1703 4622 bonorum
1728 4551 1952 4637 operum

372 4650 583 4717 fructus
602 4658 895 4715 secundum
924 4672 1092 4730 genus
1110 4699 1123 4722 ,
1165 4652 1392 4729 diligens
1418 4656 1719 4728 proximum
1747 4656 1801 4710 in
1830 4658 1959 4713 sub-

374 4740 527 4807 sidiis
566 4734 951 4805 necessitatum
978 4748 1301 4813 carnalium,
1342 4746 1548 4802 habens
1578 4747 1640 4801 in
1683 4740 1958 4803 Seisemen

375 4843 668 4901 secundum
702 4835 1116 4897 similitudinem
1134 4882 1148 4906 ,
1173 4847 1233 4896 ut
1256 4853 1322 4894 ex
1347 4852 1442 4895 sua
1474 4838 1787 4893 inﬁrmitate
1806 4854 1958 4895 com-

364 4933 612 5007 ‘patia'tur
650 4935 718 4989 ad
752 4928 1187 4989 subveniendum
1233 4927 1616 5002 indigentibus,
1649 4931 1963 5001 producens

338 5030 430 5082 Vet
458 5022 671 5097 lignum
697 5016 823 5080 forti
850 5026 1046 5080 robore
1077 5032 1133 5078 et
1149 5012 1534 5087 'l‘ructil'erum',
1566 5023 1620 5077 id
1645 5031 1765 5087 est,
1793 5023 1961 5078 bene-

380 5110 562 5174 lic‘ium
612 5111 677 5195 ad
725 5117 1057 5195 eripiendum
1086 5122 1215 5169 eum
1261 5113 1354 5183 qui
1391 5113 1640 5182 iniuriam
1669 5113 1872 5183 patitur
1897 5112 1965 5167 de

379 5226 542 5264 manu
582 5192 850 5280 potentis,
890 5218 948 5262 et
976 5192 1264 5278 praebendo
1286 5206 1650 5276 'protectionis
1673 5206 1965 5261 umbracu-

369 5282 486 5354 τΙιιιη
519 5292 696 5356 Valide
734 5299 934 5356 robore
968 5296 1336 5368 justiﬁudic‘ii.
1376 5294 1578 5354 Deinde
1617 5282 1809 5370 quarta
1856 5299 1962 5363 die,

380 5380 717 5450 emicuerunt
752 5372 1049 5447 luminaria
1097 5385 1440 5446 ﬁrmamento
1488 5390 1623 5462 legis
1667 5390 1856 5454 inﬁxa,
1900 5389 1963 5445 id

379 5491 482 5548 est,
522 5481 887 5555 evangelista,
919 5483 1169 5539 doctores
1197 5492 1253 5538 et
1290 5482 1586 5552 Scriptura:
1621 5492 1821 5537 sanctae
1855 5482 1963 5537 dis-

381 5575 618 5643 putando
682 5574 1046 5640 cohicrentes,
1101 5583 1158 5630 et
1201 5575 1452 5629 omnibus
1495 5573 1842 5629 inferioribus
1880 5573 1963 5629 lu-

385 5677 505 5717 men
543 5663 822 5733 sapientia:
853 5672 1235 5720 monstrantes.
1279 5662 1486 5719 Prodiit
1521 5665 1687 5718 etiam
1727 5664 1887 5719 simul
1912 5674 1966 5719 ct

386 5759 580 5806 ca-tera
611 5751 923 5807 micantium
952 5753 1189 5823 siderum
1213 5753 1390 5820 tu‘rba',
1422 5752 1471 5808 id
1502 5762 1607 5820 est,
1631 5755 1963 5810 diversarum

2033 1913 2311 1982 abstinens
2327 1923 2396 1982 ab
2412 1923 2666 1996 operibus
2685 1927 2934 1993 mortuis,
2950 1927 3075 1982 viva
3098 1928 3354 1982 virtutum
3375 1926 3625 1998 germina

2032 2012 2286 2090 parturit,
2323 2020 2617 2075 secundum
2647 2034 2817 2092 genus
2847 2020 3053 2076 scilicet
3082 2035 3262 2084 suum,
3299 2020 3352 2074 id
3381 2029 3498 2083 est,
3537 2019 3625 2074 vi-

2034 2096 2145 2164 tam
2176 2109 2439 2165 imitando
2464 2118 2777 2166 sanctorum
2805 2111 2945 2165 sicut
2972 2110 3049 2165 ait
3078 2108 3369 2180 Apostolus
3396 2127 3410 2164 :
3433 2109 3629 2163 Imita-

2036 2210 2172 2256 tores
2224 2201 2327 2256 mei
2379 2209 2540 2256 estote
2576 2200 2802 2274 (Philip.
2857 2202 2965 2272 ιιι).
3017 2200 3328 2257 Secundum
3377 2196 3627 2255 uestrum

2035 2292 2235 2363 quippe
2260 2307 2431 2364 genus
2458 2293 2713 2358 vivimus,
2735 2292 2953 2363 quando
2984 2293 3038 2347 in
3059 2304 3223 2364 opere
3244 2284 3387 2347 bello
3407 2277 3631 2346 sanctos

2037 2362 2184 2438 viros
2235 2362 2393 2454 quasi
2442 2382 2722 2454 proximos
2756 2362 3069 2438 imitamur.
3121 2362 3327 2436 Deinde
3372 2381 3629 2452 preducit

2040 2480 2183 2527 terra
2217 2472 2437 2538 bestias,
2475 2473 2722 2541 homines
2753 2473 2807 2527 in
2837 2464 3087 2543 potentia.
3104 2485 3306 2535 rerum,
3348 2472 3463 2525 sive
3489 2469 3635 2525 fero-

2039 2562 2205 2637 citate
2244 2562 2532 2633 superbize,
2575 2552 2827 2619 similiter
2850 2571 2907 2617 et
2934 2576 3152 2632 pecora,
3190 2560 3377 2616 ﬁdeles
3404 2560 3458 2615 in
3494 2560 3632 2615 sim-

2039 2653 2282 2722 plicitate
2328 2655 2453 2709 vitae
2487 2648 2749 2709 viventes.
2789 2650 3083 2723 Serpentes
3109 2667 3324 2723 quoque
3358 2652 3631 2716 innoxios,

2042 2742 2260 2803 sanctos
2284 2736 2500 2803 'Scilicet
2531 2737 2717 2807 viros.
2756 2731 2969 2802 astutus
3006 2736 3329 2810 vivacitate,
3366 2745 3567 2800 bonum
3600 2738 3633 2798 a

2045 2829 2189 2894 malo
2227 2839 2633 2905 diecernentes,
2669 2847 2724 2893 et
2760 2836 2812 2893 in
2840 2846 3102 2909 quantum
3133 2825 3221 2893 i‘a’s
3244 2844 3328 2892 est
3369 2836 3634 2906 reptando

2045 2922 2354 2986 scrutantes
2386 2914 2630 2995 terrena,
2666 2921 2769 2999 per
2799 2930 2921 3000 qua:
2950 2928 3248 2998 intelligant
3279 2927 3633 2996 sempiterna,

2045 3039 2153 3079 non
2192 3023 2311 3078 illos
2340 3028 2646 3079 venenoSos
2680 3022 2769 3092 qui
2808 3030 2867 3076 se
2904 3021 2958 3075 in
2992 3020 3152 3090 hujus
3185 3019 3371 3075 mtmdi
3404 3018 3637 3073 terrenis

2038 3112 2432 3187 "cupiditatibus
2468 3113 2754 3174 collocant.
2796 3111 2925 3168 Post
2957 3112 3073 3166 haec
3111 3109 3240 3165 fecit
3274 3098 3421 3164 Deus
3454 3107 3635 3163 homi-

2047 3218 2170 3260 nem
2201 3204 2268 3259 ad
2292 3196 2587 3274 imaginem
2632 3217 2810 3266 suam,
2860 3199 3161 3271 perfectum
3191 3198 3401 3254 scilicet
3436 3198 3634 3260 virum,

2045 3295 2138 3366 qui
2172 3310 2277 3350 non
2306 3286 2604 3364 quemlibet
2626 3301 2937 3349 sanctorum
2959 3291 3202 3346 virorum
3233 3289 3516 3354 imitando,
3541 3288 3637 3344 sed

2047 3386 2224 3456 ipsam
2261 3380 2548 3440 veritatem
2579 3382 3070 3454 contemplabiliter
3090 3381 3352 3437 intuendo
3378 3388 3636 3451 operatur

2042 3480 2332 3551 justitiam,
2372 3488 2431 3534 ut
2476 3478 2648 3550 ipsam
2679 3477 2943 3549 intelligat
2987 3484 3042 3532 et
3071 3474 3351 3547 sequatur,
3383 3475 3453 3530 ad
3485 3474 3638 3545 cujus

2049 3567 2342 3645 imaginem
2406 3571 2582 3628 factus
2645 3580 2729 3627 est
2796 3570 3098 3627 secundum
3160 3568 3469 3622 veritatem.
3538 3566 3642 3620 Iste

2050 3665 2215 3725 etiam
2254 3664 2453 3734 accipit
2491 3670 2818 3734 potestatem
2855 3658 3087 3731 piscium
3129 3658 3315 3723 maris,
3361 3665 3420 3712 et
3452 3655 3642 3710 volati-

2048 3742 2183 3813 lium
2223 3755 2369 3822 caeli,
2415 3745 2801 3826 pecorumque,
2843 3753 3078 3809 ferarum
3114 3742 3330 3822 quoque
3365 3758 3529 3820 atque
3558 3763 3640 3804 re-

2045 3847 2316 3917 pentium,
2348 3846 2479 3916 quia
2503 3844 2802 3916 spiritualis
2827 3845 3056 3915 quisque
3086 3841 3333 3908 effectus,
3356 3848 3414 3896 et
3433 3840 3544 3895 Deo
3572 3840 3643 3894 si-

2054 3938 2193 3993 milis
2221 3937 2414 4008 factus,
2438 3933 2735 3993 secundum
2750 3936 3066 4008 Apostolum
3083 3934 3291 4006 judicat
3312 3934 3512 3999 omnia,
3536 3935 3643 4002 ipse

2054 4033 2226 4085 autem
2249 4029 2533 4099 judicatur
2555 4047 2587 4084 a
2605 4028 2812 4084 nomine
2833 4027 2885 4101 (1
2907 4027 3032 4083 Cor.
3053 4027 3137 4100 ιι).
3155 4026 3308 4095 Quod
3319 4042 3450 4082 vero
3465 4027 3644 4095 sequi-

2058 4128 2147 4175 tur
2190 4138 2204 4174 :
2252 4118 2551 4175 Musonium
2579 4128 2628 4174 et
2668 4119 2918 4190 feminam
2948 4119 3070 4188 fecit
3111 4134 3218 4182 eos,
3252 4116 3562 4189 spiritualcs
3581 4117 3642 4171 in

2050 4201 2299 4266 EccieSia
2313 4218 2369 4265 et
2390 4205 2717 4266 ’obedie‘ntes
2742 4210 2999 4275 ostendit,
3027 4208 3155 4278 quia
3180 4208 3321 4263 sicut
3349 4207 3470 4262 viro
3520 4207 3649 4262 Bub-

2057 4296 2170 4359 dita
2230 4307 2316 4356 est
2379 4299 2606 4365 mulier,
2667 4299 2748 4355 sic
2802 4297 3068 4368 Spirituali
3120 4296 3177 4352 et
3230 4295 3478 4368 perfecto
3530 4297 3646 4350 viro

2056 4380 2318 4448 obediens
2356 4392 2441 4446 est
2487 4391 2534 4446 is
2574 4390 2668 4460 qui
2698 4388 2876 4445 minus
2898 4374 3173 4460 perlectus
3194 4397 3300 4455 est,
3329 4389 3469 4445 sicin
3500 4390 3645 4459 Apo-

2054 4479 2231 4538 i'swlus
2256 4481 2370 4536 ait:
2404 4480 2672 4552 Rogamus
2693 4497 2800 4545 vos,
2817 4482 3027 4551 fratres,
3042 4489 3098 4534 ut
3109 4470 3441 4551 cognoscatis
3460 4480 3549 4535 eos
3561 4481 3649 4551 qui

2052 4575 2116 4629 in
2178 4571 2320 4628 vobis
2385 4573 2628 4628 laborant
2651 4591 2673 4637 α,
2734 4582 2783 4627 et
2841 4580 3072 4643 pra'sunt
3137 4572 3279 4626 vobis
3320 4571 3381 4625 in
3426 4568 3649 4625 Domino

2053 4665 2115 4738 ‘(I
2148 4665 2329 4721 Thess.
2362 4664 2458 4734 tv).
2497 4665 2706 4720 Dicitur
2733 4663 2877 4719 enim
2904 4664 2984 4719 eis
3011 4681 3025 4717 :
3071 4662 3298 4718 Crescite
3324 4662 3374 4717 ét
3400 4662 3652 4733 Multipli-

2063 4756 2277 4822 camini,
2307 4756 2422 4812 sive
2462 4756 2520 4811 in
2562 4755 2781 4826 linguis,
2806 4749 2922 4810 sive
2952 4755 3006 4809 iu
3038 4753 3411 4824 spiritualibus
3457 4754 3654 4809 intelli-

2064 4848 2262 4919 gentiae
2288 4848 2580 4920 gradibus,
2633 4857 2693 4902 ut
2718 4834 3070 4902 dominentur
3119 4846 3345 4901 ratibuis
3376 4844 3650 4901 intellectu

2065 4939 2308 4995 omnium
2338 4924 2639 4993 carnalium
2660 4930 3158 5008 pertu‘ibaﬁouum,
3177 4938 3333 5006 quasi
3364 4937 3654 4992 insensibi-

2066 5031 2196 5087 lium
2247 5017 2624 5086 animantium.
2683 5030 2871 5087 Omnis
2905 5040 3085 5086 autem
3134 5030 3302 5085 herba
3348 5029 3655 5094 seminatis,

2065 5130 2122 5178 et
2147 5138 2307 5178 omne
2344 5121 2547 5195 lignum
2575 5123 2909 5179 fructuosum
2933 5163 2949 5186 ,
2970 5121 3115 5203 quod
3140 5121 3447 5177 hominibus
3468 5122 3657 5176 datum

2066 5203 2152 5269 e‘st
2179 5213 2233 5267 in
2264 5204 2464 5279 eaeam,
2503 5212 2687 5269 ﬁdeles
2739 5221 2867 5268 sunt
2899 5209 2966 5268 de
2992 5212 3359 5269 oblationibus
3397 5211 3512 5266 suis
3536 5227 3660 5266 san-

2070 5313 2278 5360 ctorum
2294 5300 2722 5360 necessitatibus
2743 5304 3226 5359 communicantes.
3256 5301 3412 5358 Unde
3437 5303 3664 5371 Ανροειο-

2070 5393 2154 5450 lus
2180 5379 2293 5449 ait:
2333 5393 2477 5448 Nam
2508 5395 2555 5448 si
2580 5395 2635 5449 in
2664 5392 3027 5464 spiritualibus
3050 5393 3337 5464 participes
3384 5392 3513 5460 facti
3539 5399 3659 5445 sunt

2069 5484 2307 5555 gentiles,
2340 5483 2525 5539 debent
2546 5494 2595 5539 et
2627 5485 2681 5539 in
2703 5483 3006 5539 carnalibus
3030 5480 3426 5538 m'ini'strareieis
3456 5480 3507 5553 (1
3532 5480 3654 5534 Car.

2070 5574 2168 5647 ix).
2196 5573 2323 5631 Haec
2344 5582 2469 5630 sunt
2494 5572 2774 5631 fructifera
2802 5575 2966 5646 ligna.
2992 5574 3051 5629 In
3078 5575 3200 5631 istis
3220 5588 3349 5645 ergo
3383 5570 3655 5640 gradibus,

2070 5674 2327 5736 tanquam
2356 5667 2411 5721 in
2435 5667 2754 5737 quibusdam
2789 5667 2997 5733 diebus,
3028 5682 3254 5737 vespera
3285 5671 3370 5722 est
3391 5666 3509 5735 ipsa
3533 5676 3656 5732 per-

2073 5758 2237 5815 lbctio
2267 5758 2600 5828 singulorum
2649 5772 2907 5830 operum;
2960 5766 3015 5814 ct
3049 5771 3209 5815 mane
3255 5755 3531 5813 inchoatio
3565 5762 3660 5807 se-
