3958 6204
286 326 382 379 469
1310 319 1667 375 ΕΟξιΙΜΕΝΤ.
1708 317 1774 373 IN
1817 319 1883 376 Gl

1985 320 2138 375 ESlM.
2178 350 2250 362 -—
2289 321 2412 375 LIB.
2453 321 2491 376 ι.

3454 325 3559 385 470

282 437 583 510 qtteutium.
612 435 739 492 Post
762 437 877 492 haec
904 437 1083 506 itaque
1110 436 1335 490 istorum
1364 437 1521 506 quasi
1544 453 1638 493 sex
1659 437 1868 492 dierum
1895 436 1949 498 Α
1973 435 2107 494 Nam
2135 440 2276 494 sicut
2304 442 2356 496 in
2382 441 2473 497 llla
2512 452 2664 498 sexta
2696 445 2781 499 die
2823 446 3030 513 primus
3059 447 3221 503 homo
3271 446 3440 503 Adam
3491 449 3557 504 de

281 546 447 601 opera
469 531 636 596 bona,
659 529 813 585 valde
836 536 1020 600 sperat
1049 529 1212 585 homo
1239 529 1476 598 quietem
1522 531 1721 586 mentis
1744 546 1871 587 cou-

282 624 504 680 stitutus
547 622 604 677 in
647 620 913 692 spirituali
941 620 1213 692 paradiso,
1236 636 1345 691 quo
1392 621 1728 692 signiﬁcatur
1759 621 1870 676 vita

285 715 463 778 beata,
501 714 595 768 ubi
644 728 772 768 sons
820 720 904 768 est
958 712 1256 782 sapientia.
1287 714 1493 769 divisus
1548 715 1602 770 in
1639 724 1873 786 quatuor

287 811 472 874 partes
497 803 780 868 virtutum,
806 803 898 859 ubi
911 802 1055 859 edati
1072 803 1199 875 (sic)
1211 804 1335 873 tigni
1359 805 1481 860 vitm
1502 806 1755 875 gratiam,
1781 807 1870 861 ubi

288 902 450 957 utiles
514 901 825 970 disciplinas
869 915 1082 955 morum
1140 902 1294 970 quasi
1344 900 1551 956 fructus
1604 902 1870 972 lignorum

287 999 496 1061 carpat.
550 992 647 1046 Est
690 1006 924 1060 namque
954 990 1234 1060 paradisus
1260 991 1369 1045 vita
1394 992 1697 1048 beatorum.
1730 990 1875 1059 Qua-

288 1091 409 1136 tuor
435 1081 678 1146 ﬁumina,
707 1092 941 1152 quatuor
983 1082 1234 1137 virtutes.
1283 1081 1452 1153 Ligna
1489 1080 1639 1152 ejus,
1685 1099 1877 1140 omnes

286 1173 446 1227 utiles
493 1172 790 1242 disciplinae
817 1172 1083 1244 lignorum
1124 1172 1357 1239 fructus,
1396 1188 1576 1230 mores
1627 1174 1875 1245 piorum,

286 1266 491 1336 lignum
522 1267 665 1330 vitae,
699 1267 815 1336 ipsa
864 1267 1126 1321 honorum
1156 1266 1397 1321 muniunt
1422 1276 1594 1321 mater
1614 1267 1874 1338 sapientia

285 1367 387 1423 est,
414 1358 486 1413 de
513 1373 621 1428 qua
649 1358 906 1428 scriptum
941 1368 1025 1413 est
1046 1352 1339 1413 Salomone
1366 1358 1620 1413 dicente:
1655 1359 1876 1429 Lignum

289 1452 406 1505 vitae
448 1461 526 1505 est
556 1453 638 1506 his
680 1452 771 1522 qui
826 1451 1219 1523 appreltendunt
1245 1468 1397 1515 eam;
1425 1462 1475 1506 et
1518 1452 1612 1521 qui
1655 1454 1878 1506 tenuerit

289 1557 426 1608 eam,
457 1543 634 1598 beatus
661 1552 739 1598 est
768 1535 950 1607 (Prov.
978 1542 1083 1614 In).
1116 1543 1346 1615 Lignum
1395 1543 1634 1614 scientjte
1670 1541 1799 1597 boni
1826 1550 1882 1597 et

293 1635 440 1700 mali,
471 1636 832 1705 transgressio
873 1643 958 1690 est
987 1633 1227 1689 mandati
1267 1633 1658 1703 experimento.
1687 1633 1881 1689 Hacte~

288 1742 395 1784 nus
415 1745 511 1784 sex
536 1730 745 1784 dierum
773 1745 958 1800 opera,
984 1731 1220 1799 qualiter
1247 1731 1300 1783 in
1321 1729 1558 1785 Ecclesia
1587 1728 1879 1796 spirituali-

1972 531 2103 588 limo
2130 540 2288 588 terrm
2325 534 2394 589 ad
2420 534 2708 606 imaginem
2742 536 2832 590 Dei
2873 535 3137 592 formatus
3162 546 3266 603 est,
3298 538 3378 594 sic
3420 546 3477 595 et
3505 540 3557 595 in

1972 623 2077 677 ista
2109 620 2291 679 smculi
2343 632 2503 679 aetate
2547 636 2699 680 sexta
2779 627 3046 681 secundus
3080 628 3290 693 Adam,
3341 629 3392 684 id
3437 639 3559 693 est,

1972 712 2219 769 Christus
2240 715 2299 769 in
2325 730 2490 771 carne
2515 717 2582 771 de
2612 717 2780 772 Maria
2808 717 3015 790 virgine
3038 729 3202 775 natus
3246 729 3352 788 est,
3373 720 3465 776 ille
3506 721 3560 775 in

1974 806 2155 860 anima
2184 805 2422 871 vivente,
2448 807 2538 862 hic
2567 808 2622 863 in
2651 808 2842 878 spiritu
2875 808 3199 866 viviﬁcante.
3247 810 3307 864 Et
3335 810 3475 865 sicut
3506 810 3559 864 in

1971 892 2063 951 illa
2100 896 2187 952 die
2214 896 2475 953 ﬁtanima
2499 898 2641 965 viva,
2679 913 2760 955 sic
2789 904 2840 956 in
2892 902 2997 960 isto
3025 901 3223 957 mulo
3264 901 3431 956 vitam
3472 901 3564 957 de-

1975 989 2181 1045 siderat
2206 998 2497 1056 aeternam;
2529 1000 2585 1046 ct
2628 992 2768 1048 sicut
2798 991 2851 1046 in
2894 990 2986 1047 illa
3022 1001 3175 1051 sexta
3219 992 3308 1049 die
3342 1009 3565 1064 serpen-

1977 1083 2108 1137 tium
2136 1091 2191 1137 et
2237 1083 2471 1138 ferarum
2510 1098 2710 1152 genera
2758 1074 2919 1141 terra
2955 1086 3231 1156 produxit,
3255 1086 3329 1140 ita
3370 1087 3429 1141 in
3464 1086 3567 1142 hac

1977 1184 2129 1231 sexta
2152 1183 2312 1229 aetate
2333 1175 2537 1240 smculi,
2561 1183 2749 1247 gentes
2776 1176 2940 1231 vitam
2971 1186 3283 1247 appetentes
3306 1186 3565 1233 :nteruam

1977 1265 2218 1322 Ecclesia
2262 1266 2556 1337 generavit.
2589 1265 2770 1338 (Aug.)
2812 1266 2981 1334 Quem
3010 1267 3175 1323 etiam
3226 1284 3445 1324 sensum
3473 1284 3568 1324 vas

1976 1369 2253 1416 ostensum
2283 1362 2445 1416 Petro
2476 1360 3008 1433 n1anifestavit(.4ct.
3062 1362 3150 1434 x);
3200 1370 3257 1416 et
3306 1363 3569 1433 quemad-

1981 1454 2195 1508 modum
2227 1455 2279 1507 in
2309 1453 2394 1507 illa
2422 1454 2509 1508 die
2536 1463 2754 1508 creatur
2783 1453 3055 1508 masculus
3085 1460 3140 1507 et
3162 1451 3380 1518 femina,
3406 1452 3485 1506 sic
3514 1452 3567 1506 in

1978 1545 2083 1600 ista
2120 1544 2298 1600 smculi
2340 1552 2498 1608 aetate
2527 1542 2910 1598 manifestatur
2939 1542 3189 1598 Christus
3217 1551 3273 1597 et
3300 1540 3564 1597 Ecclesia.

1981 1636 2224 1691 Etsncuti
2257 1636 2587 1706 praeponitur
2621 1636 2866 1690 hommin
2888 1634 2976 1690 die
3008 1635 3097 1690 illa
3130 1636 3438 1705 pecoribus,
3456 1650 3570 1689 ser-

1981 1728 2234 1797 pentibus
2284 1736 2340 1782 et
2374 1728 2495 1784 (ξωΙί
2549 1727 2890 1794 volatilibus,
2952 1729 3026 1783 ita
3075 1730 3320 1784 Christus
3364 1728 3419 1783 in
3470 1729 3572 1784 hac

296 1830 378 1875 ter
405 1819 780 1891 intelligantur
799 1820 1062 1891 explicata
1110 1830 1256 1885 sunt,
1286 1820 1480 1875 deinde
1511 1819 1639 1889 quid
1666 1820 1717 1872 in
1743 1820 1875 1888 ﬁgn-
1905 1808 1951 1869 B
1980 1827 2140 1874 aetate
2186 1819 2455 1890 gentibus,
2494 1819 2703 1889 populis
2734 1827 2789 1873 et
2839 1818 3170 1883 nationibus,
3203 1827 3260 1872 ut
3288 1820 3357 1874 ab
3384 1834 3451 1875 eo
3481 1833 3572 1876 re-

294 1926 407 1964 ram
439 1911 620 1965 seculi
648 1911 971 1979 signiﬁcent,
1000 1909 1392 1979 subjiciendum
1425 1917 1526 1966 est.
1547 1906 1661 1965 Sex
1690 1910 1878 1964 diebus
1979 1916 2174 1977 gantur
2197 1909 2280 1962 vel
2298 1909 2501 1964 carnali
2525 1910 2977 1979 concupiscentiae
2990 1908 3155 1964 dediti
3168 1908 3327 1965 sicuti
3347 1923 3566 1980 pecora,

296 2002 688 2057 consummavit
717 2003 857 2057 Deus
897 2003 1078 2056 omnia
1108 2018 1272 2071 opera
1300 2016 1396 2057 sua
1421 2019 1436 2055 :
1467 2010 1522 2057 et
1549 2001 1602 2055 in
1647 2002 1876 2070 septimo
1980 2000 2062 2055 vel
2088 2009 2302 2056 terrena
2316 2000 2639 2056 curiositate
2665 2001 2940 2056 obscurati
2968 2001 3121 2071 quasi
3147 2010 3450 2070 serpentes,
3482 2003 3568 2058 vel

298 2093 580 2163 requievit.
618 2092 722 2148 Sex
750 2093 999 2149 aetatibus
1032 2095 1327 2149 humanum
1365 2107 1534 2165 genus
1561 2094 1615 2148 in
1644 2095 1745 2149 hoc
1779 2108 1880 2148 sm-
1979 2094 2107 2149 elati
2135 2093 2385 2163 superbia
2414 2093 2571 2163 quasi
2597 2107 2745 2148 aves.
2772 2091 2846 2166 ,Ει
2882 2092 3024 2160 sicut
3070 2093 3125 2146 in
3168 2092 3258 2149 illo
3284 2093 3371 2149 die
3395 2094 3575 2163 pasci-

292 2185 538 2255 ‘culo-pcr
562 2187 933 2241 successiones
960 2197 1259 2257 temporum
1277 2186 1373 2241 Dei
1393 2201 1557 2257 opera
1581 2185 1876 2241 insinuant.
1976 2190 2071 2240 'tnr
2098 2184 2258 2239 homo
2282 2192 2339 2238 et
2359 2182 2632 2249 animalia,
2666 2198 2788 2253 quze
2816 2196 2939 2238 cum
2970 2181 3063 2237 illo
3108 2180 3234 2238 sunt
3282 2183 3466 2239 herbis
3491 2200 3573 2241 se-

300 2279 534 2346 Quarum
566 2277 737 2347 prima
767 2286 852 2332 est
883 2278 951 2332 ab
972 2277 1144 2333 Adam
1172 2292 1344 2347 usque
1384 2278 1452 2331 ad
1486 2275 1620 2338 Noe.
1648 2276 1880 2331 secunda
1980 2276 2290 2341 minalibns,
2322 2283 2377 2331 et
2403 2275 2565 2346 lignis
2602 2273 2915 2340 l‘rnctiferis,
2944 2282 3000 2330 et
3029 2275 3213 2331 benis
3242 2276 3574 2345 virentibus,

300 2387 330 2424 a
356 2369 465 2425 Noe
494 2382 665 2439 usque
686 2371 753 2423 ad
778 2369 1072 2432 Abraham,
1103 2371 1262 2424 tertia
1289 2371 1358 2425 ab
1401 2368 1671 2423 Abraham
1712 2383 1883 2437 usque
1973 2374 2060 2430 sic
2088 2374 2192 2430 ista
2236 2382 2396 2431 aetate
2443 2357 2736 2445 spiritualis
2763 2377 2944 2442 homo,
2974 2376 3067 2446 qui
3118 2377 3293 2433 bonus
3325 2378 3576 2435 minister

304 2464 367 2517 ad
384 2462 575 2525 David,
599 2470 790 2532 quarta
823 2479 852 2515 a
885 2460 1053 2516 David
1073 2475 1244 2532 usque
1264 2462 1329 2517 ad
1353 2460 1880 2532 transmigrationem
1972 2476 2067 2524 est
2095 2465 2222 2524 Iesu
2249 2465 2471 2533 Christi,
2501 2483 2625 2524 cum
2647 2468 2765 2538 ipso
2786 2467 2983 2540 papula
3014 2467 3366 2539 spiritualiter
3395 2469 3574 2541 pasci-

299 2552 638 2625 Dabylonim,
686 2554 875 2623 quinta
913 2554 1109 2609 deinde
1155 2566 1328 2623 usque
1377 2552 1445 2607 ad
1484 2551 1742 2606 humilem
1790 2550 1883 2605 adh

1985 2566 2074 2614 tur
2096 2571 2407 2614 sanctarum
2428 2557 2836 2630 Scripturarum
2864 2559 3155 2623 alimentis,
3177 2569 3234 2614 et
3254 2558 3372 2631 lege
3396 2559 3573 2615 divina

300 2654 516 2700 ventum
544 2645 756 2699 Domini
790 2646 958 2699 nostri
988 2643 1113 2699 Jesu
1141 2644 1365 2708 Christi,
1399 2653 1551 2698 sexta
1578 2658 1700 2712 qum
1742 2657 1885 2698 nunc
1976 2650 2050 2705 ad
2074 2649 2491 2720 concipiendam
2530 2648 2915 2706 fecunditatem
2947 2649 3218 2705 rationum
3253 2657 3415 2719 atque
3463 2665 3574 2705 ser-

302 2738 491 2809 agitur,
526 2753 808 2808 usquequo
838 2740 1068 2793 mundus
1118 2738 1369 2803 ﬁniatur,
1426 2737 1598 2791 donec
1628 2735 1886 2791 Excelsus
1979 2754 2204 2797 monnm
2232 2781 2248 2807 ,
2299 2750 2561 2811 tanquam
2596 2742 2783 2798 uerbis
2827 2740 3178 2797 seminalibus
3205 2780 3221 2806 ,
3267 2740 3465 2811 partim
3508 2738 3574 2794 ad

303 2830 481 2883 veniat
510 2831 577 2883 ad
600 2828 887 2897 judicium,
917 2826 1144 2899 septima
1193 2840 1322 2883 vero
1373 2824 1691 2896 intelligitur
1715 2825 1770 2881 in
1801 2838 1886 2881 re-
1980 2832 2272 2888 utilitatem
2313 2847 2527 2889 morum
2552 2832 2931 2890 conversionis
2970 2832 3222 2886 humana:
3249 2872 3267 2897 ,
3319 2838 3574 2902 tanquam

290 2922 423 2993 quie
451 2931 785 2987 sanctorum,
818 2938 938 2992 qua:
980 2922 1190 2977 scilicet
1220 2936 1327 2975 non
1360 2919 1526 2975 habet
1569 2932 1883 2990 vesperam,
1982 2919 2146 2997 lignis
2174 2922 2484 2988 fructiferis,
2514 2926 2714 2995 partim
2765 2925 2834 2980 ad
2878 2924 3114 2995 vigorem
3174 2922 3318 2987 ﬁdei,
3349 2923 3463 2992 spei
3521 2930 3571 2978 et

300 3012 422 3081 quia
445 3028 563 3067 eam
583 3011 699 3082 jam
714 3013 979 3068 terminus
996 3012 1175 3067 nullus
1199 3011 1432 3067 claudet.
1448 3009 1745 3082 Pergamus
1758 3025 1888 3080 ergo
1980 3017 2271 3074 vehat-imis
2294 3018 2347 3073 in
2378 3018 2545 3073 vitam
2568 3026 2849 3080 mmmam,
2864 3024 3125 3084 tanquam
3145 3013 3328 3068 herbis
3353 3013 3572 3071 νει-ρηιί.

298 3108 536 3163 breviter
557 3124 656 3179 per
689 3109 787 3163 has
813 3123 1001 3164 omnes
1031 3109 1215 3163 mundi
1243 3112 1456 3169 :e'tates,
1481 3115 1537 3160 et
1564 3105 1886 3175 replicantes
1904 3160 1956 3180 n
1988 3108 2090 3164 bus
2114 3149 2131 3174 ,
2179 3123 2301 3178 quae
2353 3108 2499 3164 nullo
2541 3117 2677 3165 aestu
2707 3106 3114 3164 tribulationum
3145 3112 3436 3168 arescunt,
3480 3106 3575 3161 sed

290 3198 544 3255 ordinem
582 3209 906 3271 temporum,
934 3181 1120 3257 eorum
1149 3200 1379 3272 mystice
1405 3197 1737 3254 dill‘erentias
1775 3197 1884 3254 dis-
1910 3181 1957 3223 υ
1986 3200 2069 3255 sic
2096 3198 2467 3269 spiritualibus
2492 3199 2648 3264 cibis,
2675 3198 2755 3254 sic
2772 3198 2899 3253 istis
2925 3196 3201 3252 alimentis
3223 3195 3485 3266 pascitur,
3520 3202 3580 3249 ut

301 3292 629 3364 tinguamus.
675 3292 858 3349 Primo
900 3309 1137 3365 namque
1182 3294 1379 3350 saeculo
1418 3291 1596 3350 lactus
1633 3302 1718 3348 est
1764 3300 1885 3347 tan-
1985 3290 2153 3347 multa
2176 3290 2458 3362 intelligat,
2478 3290 2726 3346 carnalis
2752 3297 2955 3355 autem,
2990 3289 3042 3343 id
3078 3297 3193 3354 est,
3235 3286 3493 3358 parvulus
3523 3289 3578 3342 in

290 3399 462 3452 quam
490 3383 581 3438 lux
609 3384 772 3440 homo
800 3384 853 3439 in
878 3385 1159 3455 paradiso,
1188 3385 1242 3441 in
1285 3398 1390 3455 qua
1420 3393 1579 3441 (etate
1607 3385 1744 3440 ﬁlios
1788 3384 1884 3440 Dei
1980 3380 2222 3448 Christo,
2248 3390 2508 3453 tanquam
2541 3397 2708 3454 pecus
2730 3381 2861 3449 Dei,
2910 3390 2970 3436 ut
3006 3381 3174 3437 multa
3218 3381 3405 3437 credat
3458 3396 3581 3450 qua:

299 3474 355 3527 in
383 3474 523 3529 lucis
543 3475 761 3529 nomine
785 3475 969 3532 divisit
1000 3475 1143 3532 Deus
1177 3492 1207 3532 a
1249 3474 1375 3534 ﬁliis
1420 3476 1703 3532 hominum
1730 3474 1883 3546 quasi
1977 3473 2288 3544 intelligere
2309 3475 2537 3530 necdum
2567 3484 2776 3544 potest;
2809 3483 2990 3530 tamen
3021 3475 3242 3531 eosdem
3270 3474 3423 3532 cibos
3460 3490 3580 3530 om-

298 3581 329 3620 a
364 3567 622 3632 tenebris,
667 3562 833 3637 ﬁtque
872 3566 1028 3638 huius
1059 3568 1164 3624 diei
1198 3582 1421 3640 vespera
1447 3567 1725 3625 diluvium.
1783 3567 1885 3624 Se-
1976 3581 2086 3622 .nes
2111 3567 2333 3623 habent.
2353 3565 2524 3636 Hujus
2546 3576 2728 3623 autem
2749 3567 2927 3624 aetatis
2949 3567 3106 3636 quasi
3128 3580 3353 3637 vespera
3373 3565 3581 3621 utinam

290 3659 532 3713 cundum
560 3658 813 3714 saeculum
831 3658 1041 3715 factum
1067 3666 1153 3716 est
1189 3659 1343 3730 quasi
1370 3659 1775 3714 ﬁrmamentum
1799 3657 1888 3713 in-
1978 3670 2086 3713 nos
2113 3672 2222 3713 non
2265 3657 2528 3713 inveniat.
2552 3656 2652 3712 illa
2680 3665 2764 3713 est
2790 3658 2933 3713 enim
2969 3658 3047 3713 de.
3068 3673 3175 3728 qua
3205 3655 3468 3714 Dominus
3496 3656 3580 3711 di-

299 3757 386 3804 ter
415 3764 613 3819 aquam
645 3760 701 3805 et
729 3765 946 3821 aquam,
979 3762 1105 3807 arca
1153 3751 1339 3820 utique
1371 3750 1461 3805 illa
1511 3762 1634 3821 quae
1680 3749 1888 3806 natavit
1980 3748 2099 3804 cit:
2137 3747 2337 3812 Putas,
2398 3750 2609 3804 veniens
2659 3746 2835 3802 Filius
2880 3748 3106 3802 hominis
3152 3748 3374 3802 inveniet
3420 3746 3579 3817 [idem

292 3838 443 3893 inter
466 3838 706 3909 pluviam
736 3847 793 3895 et
818 3843 1022 3908 maria;
1061 3838 1223 3909 hujus
1250 3856 1477 3911 vespera
1506 3838 1616 3898 fuit
1640 3840 1889 3897 conlusio

300 3926 633 4000 linguarum.
652 3928 895 3984 Tertium
922 3931 1178 3986 saeculum
1203 3929 1407 3989 factum
1433 3940 1538 3998 est,
1563 3932 1779 4001 quando
1795 3946 1891 3988 se-

288 4018 509 4089 paravit
530 4020 787 4090 populum
822 4035 977 4075 suum
1010 4036 1041 4075 a
1066 4020 1317 4092 gentibus
1342 4034 1441 4091 per
1458 4019 1755 4085 Abraham,
1777 4020 1889 4075 dis-

293 4124 529 4165 cernens
550 4125 673 4165 eum
703 4110 857 4180 quasi
904 4111 1112 4166 aridam
1160 4110 1230 4166 ab
1273 4111 1469 4181 aquis,
1521 4119 1579 4165 ut
1618 4109 1890 4181 proferret

283 4214 518 4270 germen
547 4202 839 4257 herbarum
866 4209 1029 4273 atque
1056 4201 1345 4274 lignorum,
1380 4201 1432 4256 id
1460 4210 1561 4268 est,
1596 4210 1813 4257 sanctos
1832 4210 1889 4257 et

286 4290 535 4345 fructum
581 4303 892 4347 sanctarum
956 4289 1393 4364 Scripturarum,
1448 4293 1607 4362 hujus
1662 4307 1887 4363 vespera

296 4384 396 4438 fuit
423 4393 709 4453 peccatum
762 4392 820 4439 et
860 4384 1067 4440 malitia
1098 4384 1325 4455 pessimi
1380 4384 1523 4455 regis
1546 4381 1699 4440 Saul.
1760 4382 1887 4440 Inde

1986 3850 2144 3908 super
2167 3847 2365 3892 terram
2392 3835 2543 3909 (Luc.
2571 3836 2764 3906 xvul)?
2810 3836 2940 3893 Post
2980 3836 3140 3891 istam
3175 3850 3461 3906 vesperam
3489 3835 3583 3890 ﬁet

1988 3945 2168 3997 mane,
2192 3944 2317 3986 cum
2363 3930 2477 3999 ipse
2503 3928 2765 3987 Dominus
2792 3930 3141 3987 incharitate
3168 3937 3429 3985 venturus
3470 3937 3574 3983 est.

1989 4022 2142 4076 Tunc
2167 4020 2511 4091 requiescent
2536 4020 2910 4078 cum'Christo
2939 4022 3008 4076 ab
3047 4020 3298 4076 omnibus
3325 4016 3582 4089 operibus

1989 4112 2140 4175 suis,
2191 4110 2257 4167 lii
2306 4110 2508 4181 quibus
2548 4111 2752 4167 dictum
2798 4119 2918 4167 est:
2961 4110 3142 4165 Εειοιι
3180 4108 3395 4179 perlecti
3442 4108 3580 4162 sicut

1990 4203 2155 4258 Pater
2179 4209 2364 4267 vester,
2391 4201 2561 4274 quiin
2606 4200 2748 4256 mli:
2767 4211 2841 4256 est
2883 4199 3099 4273 (Matth.
3135 4197 3209 4272 v).
3240 4197 3396 4254 Tales
3432 4198 3579 4253 enim

1988 4292 2381 4366 faciuntvopera
2404 4295 2545 4350 bona
2573 4292 2751 4348 valde.
2773 4292 2903 4348 Post
2928 4292 3054 4348 talia
3081 4292 3227 4348 enim
3263 4306 3430 4362 opera
3458 4306 3581 4361 spe-

1984 4389 2157 4444 randa
2182 4395 2268 4443 est
2296 4389 2511 4457 requies
2552 4387 2608 4441 in
2652 4385 2742 4440 die
2768 4385 2998 4455 septimo
3026 4387 3118 4455 qui
3147 4399 3431 4455 vesperam
3463 4399 3573 4439 non

293 4483 554 4542 quartum
576 4475 831 4531 saeculum
860 4477 1026 4546 cmpit
1054 4492 1085 4531 a
1122 4476 1289 4531 David
1312 4515 1328 4542 ,
1366 4476 1581 4546 quando
1605 4475 1887 4532 constituit
1912 4512 1964 4571 Β
1989 4478 2171 4533 habet.
2226 4476 2483 4546 Sequitur
2535 4476 2663 4532 hinc
2708 4475 3085 4546 recapitulatio
3139 4475 3407 4531 universae
3454 4488 3583 4529 con-

294 4564 441 4621 l)eus
465 4564 757 4620 luminaria
785 4564 838 4619 in
870 4566 1210 4622 ﬁrmamento
1233 4566 1379 4632 caeli,
1409 4566 1463 4621 id
1501 4574 1606 4631 est,
1636 4563 1887 4635 splendo-
1912 4563 1955 4571 ”
1990 4568 2117 4623 (litae
2138 4577 2421 4623 creaturae.

282 4668 409 4710 rem
442 4656 596 4727 regni
627 4664 880 4726 tanquam
919 4656 1292 4712 excellentiam
1323 4656 1454 4713 solis
1479 4696 1495 4721 ,
1547 4665 1606 4713 et
1654 4657 1707 4711 in
1738 4656 1888 4711 lunae

288 4746 481 4815 specie
507 4746 987 4818 obtemperantem,
1006 4757 1264 4818 tanquam
1288 4746 1650 4821 Synagogam,
1683 4757 1739 4805 et
1758 4748 1888 4805 stel-

289 4835 674 4907 lasprincipes
713 4834 873 4905 ejus:
914 4835 1067 4905 cujus
1112 4839 1290 4893 aetatis
1318 4838 1379 4893 ﬁt
1411 4853 1634 4908 vespera
1669 4837 1723 4892 in
1757 4852 1885 4908 pec-

285 4927 435 4981 catis
465 4942 676 4997 regum,
716 4929 912 4998 quibus
963 4944 1097 4998 gens
1149 4930 1238 4985 illa
1283 4933 1483 4986 meruit
1537 4931 1803 5001 captivari
1832 4931 1887 4986 in

288 5015 668 5088 Babyloniam.
698 5019 867 5075 Porro
887 5022 1078 5091 quinto
1108 5023 1325 5088 saaculo,
1359 5023 1412 5077 id
1436 5032 1520 5079 est
1545 5024 1601 5078 in
1636 5026 1891 5079 transmi-

286 5110 546 5178 gratione
569 5109 897 5182 Babyloniae,
927 5112 1066 5169 facta
1114 5122 1241 5170 sunt
1285 5117 1437 5187 quasi
1489 5117 1774 5182 animalia,
1835 5118 1887 5173 in

287 5201 474 5269 aquis,
499 5211 560 5257 et
586 5202 824 5257 volatilia
848 5205 994 5269 cmli,
1022 5206 1152 5275 quia
1177 5215 1305 5262 tunc
1327 5205 1499 5262 Judmi
1530 5208 1675 5264 inter
1698 5214 1889 5279 gentes

289 5301 558 5364 tanquam
608 5294 665 5349 in
718 5297 856 5351 mari
882 5298 1068 5354 vivere
1117 5308 1431 5368 cmperunt;
1465 5314 1569 5356 nec
1616 5301 1890 5355 habebant

287 5385 547 5440 stabilem
598 5386 774 5443 locum
808 5396 1064 5460 tanquam
1094 5389 1336 5447 volantes
1373 5405 1523 5446 aves.
1575 5388 1745 5460 Hujus
1785 5392 1893 5448 diei

284 5476 453 5546 quasi
476 5492 706 5549 vespera
727 5488 812 5534 est
835 5480 1211 5553 multiplicatio
1236 5491 1582 5554 peccatorum
1618 5482 1672 5537 in
1700 5484 1896 5554 populo

284 5567 630 5634 Iudaeorum,
662 5572 879 5641 quando
917 5573 999 5628 sic
1039 5573 1296 5629 exemeati
1335 5582 1484 5640 sunt,
1507 5581 1568 5627 ut
1588 5573 1753 5628 etiam
1795 5573 1897 5631 Do-

286 5663 507 5718 minum
540 5662 726 5719 Jesum
756 5681 861 5720 non
889 5677 1111 5737 possent
1130 5680 1477 5739 cognoscere.
1512 5665 1630 5721 Jam
1677 5674 1890 5721 sextum

288 5753 559 5811 saeculum
588 5754 645 5809 ﬁt
676 5757 730 5810 in
762 5759 990 5815 adventu
1024 5760 1235 5816 Domini
1287 5760 1457 5815 nostri
1498 5756 1624 5815 Jesu
1668 5756 1887 5814 Christi.

2597 4655 2827 4713 CAPUT
2864 4657 2954 4713 XI.

2060 4748 2451 4820 “Recapitulatio
2483 4748 2971 4821 totiuacreationia,
2992 4758 3041 4803 et
3070 4749 3136 4804 de
3152 4750 3268 4820 ejus
3289 4752 3508 4821 mystico

2643 4818 2927 4873 intellectu.

2062 4931 2191 4986 Ista:
2216 4940 2336 4985 sunt
2365 4932 2726 5000 generationes
2755 4929 2868 4985 coeli
2892 4940 2939 4985 et
2977 4940 3134 4985 terra:
3152 4931 3364 5002 quando
3393 4942 3579 4984 creata:

1990 5034 2133 5079 sunt.
2180 5022 2294 5078 llac
2335 5021 2686 5078 conclusione
2737 5019 3019 5092 Scriptura
3070 5029 3257 5077 sancta
3290 5019 3461 5089 tangit
3485 5036 3580 5074 eos

1991 5116 2084 5186 qui
2116 5115 2374 5170 mundum
2404 5112 2523 5171 sine
2556 5112 2711 5169 initio
2740 5127 2957 5183 semper
2990 5110 3159 5167 fuisse
3179 5108 3470 5174 alﬁrmant,
3497 5109 3576 5163 vel

1993 5208 2083 5278 qni
2110 5207 2323 5263 tactum
2351 5222 2383 5261 a
2415 5208 2525 5261 Deo
2550 5206 2773 5276 quidem
2799 5214 3014 5277 putant,
3045 5218 3231 5259 verum
3256 5216 3325 5256 ex
3352 5200 3577 5255 materia

1993 5319 2154 5373 quam
2178 5302 2678 5367 non‘l'eceritDeus,
2702 5302 2796 5357 sed
2819 5316 2940 5371 quae
2963 5306 3231 5355 coaeterna
3252 5296 3359 5366 ipsi
3377 5294 3579 5365 absque

1987 5396 2153 5451 initio
2188 5393 2355 5451 fuerit
2376 5392 2646 5450 Creatori.
2688 5392 2833 5448 Dicit
2856 5390 3000 5446 enim
3037 5386 3415 5458 generationes
3455 5385 3579 5442 cmli

1985 5497 2054 5542 'et
2082 5495 2263 5551 terrae,
2293 5484 2471 5556 ipsum
2495 5483 2743 5539 ordinem
2792 5481 2986 5537 divime
3033 5476 3423 5542 institutionis,
3473 5492 3582 5546 quo

1982 5586 2223 5633 ornatus
2242 5592 2433 5633 eorum
2464 5590 2562 5646 per
2585 5588 2749 5645 opera
2774 5587 2867 5628 sex
2893 5572 3103 5627 dierum
3134 5570 3202 5624 ad
3236 5568 3384 5624 illam
3410 5584 3582 5638 usque

1997 5665 2404 5737 perfectionem,
2431 5681 2553 5736 qua:
2579 5663 2830 5733 superius
2852 5671 2936 5718 cst
2970 5662 3270 5734 designata,
3313 5660 3581 5731 pervenit,

1989 5758 2141 5826 juxta
2194 5758 2338 5827 quod
2366 5758 2420 5812 in
2448 5755 2711 5827 Decalogo
2762 5753 2893 5824 legis
2937 5768 3045 5809 sua:
3076 5752 3209 5809 dixit
3247 5751 3362 5823 ipse
3394 5752 3572 5807 condi-
