3958 6204
420 348 530 408 Ἢό

1107 341 1164 396 Β.
1208 333 1461 393 RABANI
1501 323 2070 390 MAURIARCIIIEP.
2115 324 2422 381 MOGUNT.
2464 318 2751 378 OPEBUM
2790 315 2967 371 PARS
3008 316 3047 370 Ι.

3581 318 3682 375 676

427 465 525 518 Dei
555 461 742 517 creavit
772 456 941 519 illum,
973 470 1077 508 non
1111 452 1212 507 nisi
1248 451 1301 505 in
1329 449 1543 513 anima;
1571 446 1713 517 quod
1745 444 2011 506 additum,
2040 446 2087 502 Α
2117 449 2373 509 tanquam
2394 438 2462 492 de
2491 436 2619 491 limo
2659 442 2840 490 terrae.
2872 433 2940 488 Et
2966 432 3237 504 inspiravit
3269 434 3323 487 in
3346 434 3537 504 [aciem
3572 435 3685 503 ejus

420 566 719 607 masculum
757 558 805 603 et
832 548 1079 617 feminam
1105 585 1120 610 ,
1168 558 1276 598 non
1307 541 1410 596 nisi
1443 539 1498 594 in
1526 552 1754 608 corpore
1783 534 2004 598 factum,

430 651 577 698 recte
613 639 949 707 intelligitur.
981 634 1096 689 Non
1126 633 1270 688 enim
1316 630 1567 687 audiendi
1606 638 1732 683 sunt
1772 626 1864 696 qui
1913 639 2011 694 pu-

432 742 546 787 tant
582 732 818 785 animam
865 736 1075 798 partem
1131 726 1223 780 Dei
1274 739 1395 779 esse
1444 740 1458 776 :
1507 722 1633 791 quia
1681 720 1728 774 si
1781 716 2012 773 hominis

432 826 611 879 anima
655 837 781 894 pars
821 821 917 875 Dei
946 828 1109 885 esset,
1143 834 1242 873 nec
1282 834 1312 871 a
1359 816 1558 885 seipsa,
1590 829 1691 868 nec
1720 814 1789 867 ah
1832 810 2013 879 aliquo

436 912 628 983 deripi,
649 928 746 967 nec
764 912 830 965 ad
861 911 1062 979 aliquid
1091 908 1544 972 maleficiundum,
1562 907 1675 960 sive
1698 901 2012 974 patiendum

435 1005 542 1057 ulla
566 1001 888 1057 necessitate
910 999 1178 1069 compelli,
1206 1014 1306 1052 nec
1332 998 1385 1051 in
1432 996 1623 1051 melius
1650 994 1732 1047 vel
1775 992 2015 1046 deterius

437 1094 635 1148 mutari
665 1093 884 1148 omiiino
922 1092 1200 1161 potuisset.
1235 1089 1414 1142 Flatus
1442 1097 1621 1142 autem
1670 1085 1757 1140 ille
1788 1084 1880 1139 Dei
1922 1082 2015 1153 qui

437 1183 710 1237 hominem
752 1182 1007 1236 animavit
1036 1180 1207 1234 factus
1234 1190 1315 1234 est
1360 1179 1427 1232 ab
1454 1179 1592 1249 ipso,
1626 1192 1731 1232 non
1760 1175 1827 1230 de
1852 1175 1969 1244 ipso
1999 1191 2012 1227 :

440 1275 564 1345 quia
593 1289 691 1327 nec
715 1273 945 1327 hominis
970 1272 1145 1333 flatus,
1176 1270 1409 1324 hominis
1434 1284 1559 1340 pars
1589 1275 1704 1332 est,
1730 1280 1829 1320 nec
1857 1265 2018 1319 homo

440 1380 562 1418 eum
586 1364 714 1418 facit
739 1365 803 1417 de
828 1365 1023 1433 seipso,
1053 1362 1148 1416 sed
1179 1378 1245 1416 ex
1276 1375 1435 1415 aereo
1463 1358 1703 1414 anhelitu
1726 1361 1941 1427 sumpto
1963 1364 2019 1409 et

442 1453 630 1509 eli'uso.
678 1454 820 1509 Deus
847 1470 977 1507 vero
1002 1452 1175 1523 potuit
1210 1461 1262 1506 et
1294 1453 1359 1507 de
1391 1451 1589 1517 nihilo,
1626 1458 1681 1505 et
1709 1450 1889 1504 vivum
1930 1463 2020 1503 ra-

443 1542 879 1612 tionabilemque,
904 1542 1045 1612 quod
1075 1558 1178 1595 non
1202 1549 1378 1611 potest
1401 1541 1594 1595 homo:
1615 1538 1863 1609 quamvis
1883 1553 2020 1592 non-

444 1632 573 1686 nulli
600 1631 911 1686 existiment
934 1647 1041 1686 non
1086 1640 1213 1685 tunc
1243 1631 1541 1684 animatum
1582 1630 1817 1699 primum
1847 1625 2023 1682 homi-

438 1736 589 1785 nem,
622 1721 836 1789 quando
859 1721 1000 1774 Deus
1036 1720 1089 1774 in
1116 1718 1233 1789 ejus
1263 1720 1454 1776 faciem
1495 1717 1746 1784 sufﬂavit,
1774 1725 1829 1773 et
1849 1717 2022 1772 factus

2110 529 2432 603 spiraculum
2478 529 2595 583 ritis
2619 568 2635 594 ,
2687 527 2871 595 utique
2922 525 3247 580 inlusionem
3297 526 3469 581 sancti
3516 525 3687 596 Spiri-

2115 630 2233 684 tus.
2273 621 2364 690 qui
2392 626 2646 691 operatus
2692 627 2777 673 est
2819 618 3091 672 hominem
3117 617 3391 673 Christum
3443 636 3457 672 :
3499 618 3567 672 Et
3608 620 3689 687 {a-

2112 724 2227 769 ctus
2272 720 2348 767 est
2389 712 2544 765 homo
2570 712 2625 765 in
2661 711 2895 764 animam
2924 711 3175 764 vicenum
3206 726 3225 763 :
3255 709 3463 765 scilicet
3503 720 3562 764 ut
3599 714 3691 782 qui

2113 806 2388 879 perfectus
2409 812 2528 859 erat
2552 803 2719 868 Deus,
2746 802 3020 874 perfectus
3044 802 3356 858 crederetur
3379 812 3436 858 et
3461 803 3644 859 homo.

2713 931 2942 987 CAPUT
2980 931 3091 987 Xll.

2116 1028 2194 1083 De
2245 1027 2567 1099 plantatione
2603 1024 2837 1099 paradisi
2869 1033 2928 1099 et
2973 1034 3198 1095 quatuor
3236 1024 3515 1099 fluminum
3566 1025 3697 1099 diri-

2187 1093 2351 1162 sione,
2384 1097 2439 1150 in
2480 1113 2581 1166 quo
2604 1093 2764 1149 homo
2793 1094 2963 1149 cultor
2986 1093 3034 1147 et
3080 1104 3252 1147 custos
3294 1111 3326 1147 a
3354 1093 3466 1149 Deo
3500 1095 3699 1149 consti-

2188 1178 2330 1222 tutus
2363 1176 2457 1221 εει.
3104 1186 3107 1187 ⁷

2195 1256 2528 1311 Plantaverat
2574 1265 2748 1309 autem
2788 1254 3047 1308 Dominus
3097 1252 3236 1306 Deus
3277 1254 3585 1322 paradisum
3616 1271 3701 1308 uo-

2119 1349 2332 1421 luptatis
2351 1365 2383 1401 a
2403 1347 2681 1417 principio,
2712 1344 2767 1399 in
2806 1361 2907 1415 quo
2935 1344 3108 1413 posuit
3127 1343 3389 1398 hominem
3414 1361 3567 1415 quem
3596 1345 3704 1428 [qr-

2120 1451 2370 1498 maverat.
2402 1440 2483 1494 Ab
2511 1439 2602 1494 illo
2630 1439 2817 1508 utique
2841 1437 3107 1507 principio
3123 1436 3402 1507 plantasse
3429 1437 3572 1492 Deus
3614 1454 3648 1507 p
3681 1467 3705 1477 -

2122 1531 2359 1587 radisum
2407 1526 2709 1584 credendus
2755 1534 2875 1594 est,
2924 1541 2991 1580 ex
3039 1540 3147 1595 quo
3213 1525 3446 1596 irrigans
3502 1533 3703 1580 terram

2123 1636 2364 1685 omnem,
2398 1619 2621 1674 remotis
2654 1633 2776 1687 qua:
2808 1632 2929 1672 eam
2957 1624 3357 1686 cooperuerunt
3380 1616 3555 1685 aquis,
3584 1616 3709 1669 her-

2125 1712 2225 1769 b‘as
2252 1720 2307 1768 et
2345 1710 2488 1781 ligna
2527 1707 2807 1764 fructifera
2840 1707 3139 1777 producere
3160 1706 3361 1777 jussit;
3413 1706 3467 1759 in
3493 1721 3604 1774 quo
3633 1714 3710 1759 ta—

437 1820 527 1867 ‘est
568 1812 729 1866 homo
760 1812 813 1865 in
845 1811 1077 1864 animam
1122 1811 1411 1875 viventem,
1457 1810 1550 1865 sed
1595 1817 1721 1863 tunc
1750 1809 2022 1877 accepisse
2054 1799 2096 1858 Β
2123 1818 2247 1859 men
2274 1801 2546 1857 hominem
2591 1800 2679 1854 die
2722 1807 2898 1863 sexto,
2927 1813 3036 1867 quo
3058 1806 3114 1852 et
3159 1797 3331 1867 ipsum
3359 1795 3708 1861 formaverat,

448 1902 709 1972 Spiritum
758 1909 1023 1955 sanctum.
1077 1899 1361 1967 Quodlibet
1409 1910 1589 1955 autem
1636 1901 1829 1954 horum
1847 1897 2027 1953 credi-

447 1995 608 2048 bilius
635 1993 972 2057 ostendatur,
1010 1994 1247 2047 animam
1295 2004 1474 2048 tamen
1509 2009 1617 2046 non
1659 2007 1779 2048 esse
1817 2002 2025 2062 partem

449 2084 563 2149 Dei,
596 2100 695 2139 nec
723 2085 788 2139 de
812 2083 1112 2138 substantia
1148 2091 1203 2137 et
1240 2092 1434 2138 natura
1464 2082 1580 2153 ejus
1626 2094 1866 2138 creatam
1914 2084 2029 2137 sive

447 2175 736 2245 prolatam,
767 2176 860 2230 sed
888 2190 952 2229 ex
979 2175 1145 2229 nihilo
1167 2174 1387 2240 factam,
1415 2175 1499 2230 dul
1523 2175 1661 2229 itare
1675 2174 1763 2229 fas
1791 2190 1895 2229 non
1926 2183 2026 2229 est.

450 2266 697 2338 (Isidor.)
728 2266 953 2337 Mystice
982 2274 1163 2321 autem
1193 2266 1271 2320 sic
1315 2265 1626 2335 intelligitur
1650 2272 1669 2318 ‘:
1713 2265 1838 2319 Istat
1874 2281 2030 2335 gene-

453 2360 678 2414 rationes
712 2359 824 2414 caeli
862 2368 908 2413 et
934 2368 1088 2413 terra:
1114 2358 1324 2429 quando
1350 2367 1537 2413 creata:
1559 2368 1701 2424 sunt,
1728 2358 1785 2412 in
1809 2357 1893 2411 die
1928 2372 2031 2427 quo

453 2452 573 2522 fecit
600 2450 856 2503 Dominus
884 2448 1067 2503 caelum
1087 2460 1134 2503 et
1156 2458 1368 2515 terram,
1396 2458 1452 2504 et
1488 2459 1707 2505 caetera.
1730 2449 1902 2521 Hujus
1927 2449 2031 2504 diei

458 2541 677 2597 nomine
709 2540 999 2595 secundum
1031 2540 1365 2611 prophetiam
1408 2555 1568 2595 omne
1617 2550 1829 2611 tempus
1874 2541 2034 2609 hujus

453 2634 579 2688 vitae
602 2631 955 2703 signiﬁcatur,
985 2631 1039 2686 in
1088 2646 1193 2700 quo
1222 2631 1417 2686 coelum
1442 2639 1498 2686 et
1526 2640 1671 2687 terra
1719 2632 1861 2687 facta
1884 2642 2032 2697 sunt,

457 2723 512 2777 id
548 2730 649 2789 est,
682 2721 735 2777 in
760 2736 866 2792 quo
894 2730 1158 2776 creaturae
1179 2720 1416 2776 visibiles
1463 2720 1836 2791 disponuntur,
1866 2722 2036 2776 admi-

456 2812 756 2866 nistrantur
788 2819 952 2880 atque
993 2811 1251 2866 existunt.
1299 2810 1406 2866 Sed
1446 2811 1574 2880 quid
1603 2812 1705 2867 sibi
1734 2812 1865 2875 vult,
1894 2811 2034 2880 quozl

460 2917 604 2956 nunc
641 2901 918 2955 nominato
955 2900 1093 2956 cmlo
1129 2909 1183 2955 et
1210 2909 1374 2965 terra,
1402 2900 1597 2970 adjecit
1619 2901 1896 2973 virgultum
1923 2904 2036 2972 agri

459 3001 506 3045 et
552 2989 763 3053 herbam
808 2991 1056 3061 regionis,
1087 3001 1141 3045 et
1192 2993 1358 3047 tacuit
1410 3001 1606 3047 caetera
1646 3006 1765 3062 qua:
1811 3005 1937 3047 sunt
1978 2993 2036 3047 in

461 3081 600 3137 cmlo
628 3088 684 3135 et
724 3081 779 3135 in
810 3089 977 3147 terra,
1023 3081 1107 3135 vel
1157 3083 1318 3135 etiam
1348 3083 1403 3136 in
1447 3084 1606 3148 mari,
1656 3084 1759 3138 nisi
1789 3083 1915 3152 quia
1941 3098 2039 3153 per

462 3168 751 3241 virgultum
799 3171 915 3242 agri
961 3171 1287 3226 invisibilem
1350 3179 1654 3228 creaturam
1704 3175 2041 3230 demonstrat

464 3262 710 3333 intelligi,
739 3262 877 3317 sicut
920 3272 1005 3317 est
1048 3262 1269 3317 anima?
1320 3263 1469 3319 Dieta
1498 3272 1704 3332 autem,
1753 3265 2041 3337 virgultum

466 3362 686 3425 propter
730 3354 966 3423 vigorem
1014 3355 1154 3416 vitae,
1204 3354 1370 3435 herba
1422 3363 1642 3425 propter
1682 3357 1927 3413 eamdem
1958 3359 2041 3413 via-

468 3456 576 3501 taui
628 3460 901 3514 nunquam
947 3454 1383 3499 marcescentcm.
1432 3445 1635 3502 Deinde
1681 3447 1829 3502 addit
1876 3467 1889 3502 :
1940 3448 2045 3503 An-

469 3547 675 3605 tequam
711 3544 840 3589 esset
887 3551 1042 3606 super
1080 3544 1269 3589 terram
1314 3549 1332 3587 :
1389 3535 1703 3607 intelligitur
1754 3547 2044 3609 antequam

470 3629 648 3681 anima
692 3634 961 3696 peccaret.
1013 3624 1266 3680 Terrenis
1316 3627 1460 3681 enim
1508 3627 1889 3697 cupiditatibus
1930 3644 2047 3683 sor-

469 3716 692 3780 didata,
747 3724 1004 3785 tanquam
1051 3730 1215 3785 super
1264 3724 1465 3770 terram
1526 3726 1693 3782 natae,
1747 3717 1831 3772 vel
1887 3733 2048 3789 super

473 3816 672 3861 terram
718 3817 897 3871 esset,
954 3814 1101 3861 recte
1156 3806 1368 3861 dicitur.
1423 3805 1573 3863 Unde
1620 3808 1859 3878 adjecit:
1891 3807 2045 3863 Non-

473 3899 597 3951 dum
646 3899 782 3952 enim
836 3896 1038 3968 pluerat
1080 3896 1336 3952 Dominus
1393 3915 1549 3969 super
1589 3909 1784 3954 terram
1829 3914 1848 3952 :
1893 3902 2047 3970 quasi

473 3994 658 4056 aperte
688 3986 890 4041 diceret
916 4004 929 4040 :
968 3986 1267 4056 Antequam
1294 3996 1542 4057 peccaret
1568 3989 1779 4055 anima,
1810 3991 2048 4045 nondum

473 4075 705 4131 nubibus
752 4073 1153 4145 Scripturarum
1205 4075 1440 4146 pluviam
1490 4078 1747 4133 doctrina:
1789 4079 2048 4135 Dominus

459 4168 539 4222 ad
581 4168 814 4222 animam
866 4167 1192 4239 irrigandam
1236 4176 1607 4234 concesserat;
1660 4171 1898 4226 nondum
1926 4183 2050 4241 pro-

462 4260 593 4325 pter
608 4256 902 4321 hominem,
917 4256 1010 4326 qui
1036 4264 1118 4310 est
1134 4265 1301 4322 terra,
1318 4259 1574 4312 Dominus
1600 4266 1784 4313 noster
1805 4260 2049 4315 nubilum

475 4349 655 4404 carnis
686 4357 883 4405 nostra:
905 4357 1293 4419 assumpserat,
1315 4366 1410 4420 per
1434 4352 1573 4419 quod
1611 4352 1839 4408 imbrem
1875 4354 2049 4410 sancti

464 4438 749 4511 Evangelii
776 4437 1139 4508 largissimum
1163 4437 1374 4493 infudit.
1394 4438 1546 4506 Quod
1578 4454 1706 4495 vero
1732 4441 2045 4511 subjunxit:

477 4530 545 4582 Et
570 4530 723 4581 homo
746 4544 850 4582 non
871 4537 981 4582 erat
1010 4527 1099 4599 qui
1127 4539 1430 4597 operaretur
1451 4540 1647 4583 terram
1674 4543 1693 4581 .'
1717 4531 1842 4599 quia
1872 4523 2048 4588 nullus

463 4614 637 4673 'homo
658 4624 913 4686 operatus
941 4625 1026 4671 est
1070 4617 1122 4670 in
1153 4616 1375 4687 virgine,
1424 4618 1565 4672 unde
1594 4626 1751 4673 natus
1786 4628 1869 4675 est
1895 4620 2052 4676 Chri-

478 4716 616 4759 stus.
660 4704 777 4772 lpse
828 4712 913 4758 est
966 4703 1109 4757 enim
1156 4703 1291 4772 lapis
1341 4704 1407 4757 de
1437 4714 1618 4760 monte
1644 4708 1889 4765 abscisus
1933 4710 2051 4766 sine

478 4795 748 4858 manibus,
784 4793 835 4849 id
881 4801 983 4859 cst,
1031 4793 1234 4863 absque
1266 4794 1410 4849 coitu
1448 4803 1502 4849 et
1544 4796 1782 4852 humano
1822 4800 2047 4867 semine,

478 4886 545 4940 de
573 4884 817 4955 virginali
861 4892 1036 4949 utero,
1063 4884 1217 4953 quasi
1249 4885 1315 4939 de
1353 4893 1535 4941 monte
1571 4887 1818 4943 humanae
1846 4898 2052 4946 natum

477 4986 532 5032 et
567 4977 863 5033 substantia
890 4976 1068 5047 carnis
1095 4976 1355 5032 abscisus.
1399 4976 1505 5034 Sed
1546 4979 1663 5049 fons
1689 4980 1999 5036 ascendebat
2025 4998 2053 5037 e

478 5080 638 5133 terra,
671 5069 897 5138 irrigans
945 5068 1239 5123 universam
1287 5070 1613 5140 superﬁciem
1661 5082 1834 5126 terrm.
1886 5073 2054 5129 Terra

479 5168 652 5216 mater
698 5159 848 5230 virgo
880 5158 1091 5214 Domini
1142 5159 1308 5214 Maria
1329 5162 1629 5216 rectissime
1670 5163 1954 5232 accipitur,
1991 5164 2056 5218 de

480 5268 583 5321 qua
614 5249 873 5319 scriptum
906 5258 991 5305 est
1017 5267 1030 5302 :
1062 5249 1347 5318 Aperiatur
1375 5260 1518 5304 terra
1564 5258 1613 5304 et
1656 5252 1907 5321 germinet
1936 5250 2055 5306 Sal-

480 5350 705 5393 uatorcm
737 5337 871 5409 (13a.
902 5336 1050 5411 xcv).
1098 5338 1271 5406 Quam
1299 5346 1503 5394 terram
1545 5341 1793 5411 irrigavit
1824 5340 2057 5412 Spiritus

482 5436 720 5491 sanctus,
759 5427 851 5497 qui
893 5424 1058 5482 fontis
1092 5435 1148 5482 et
1197 5443 1350 5497 aqua:
1401 5429 1619 5484 nomine
1661 5431 1716 5484 in
1767 5431 2058 5502 Evangelio

484 5518 835 5585 significatur.
871 5517 1142 5573 Formauit
1186 5521 1346 5590 igitur
1371 5520 1511 5575 Deus
1538 5522 1796 5579 hominem
1826 5525 1892 5579 de
1933 5525 2057 5581 limo

488 5621 658 5670 .eme,
684 5606 735 5660 id
757 5615 860 5673 est,
884 5607 1055 5675 [actus
1079 5622 1153 5664 est
1184 5607 1445 5674 Christus,
1466 5610 1618 5681 juxta
1648 5614 1791 5684 quod
1822 5614 1898 5668 ait
1917 5616 2057 5685 Apo-

489 5695 673 5761 stolus,
705 5713 772 5751 ex
801 5700 991 5753 sentiae
1022 5699 1187 5755 Dauid
1218 5701 1500 5757 secundum
1527 5718 1733 5757 carnem
1764 5704 1783 5775 (
1800 5703 1951 5759 Rom.
1992 5707 2054 5777 I),

2127 1893 2325 1964 posuit.
2358 1890 2541 1961 Neque
2588 1890 2857 1945 ullatenus
2907 1889 3257 1943 dubitandum
3287 1896 3372 1942 est
3399 1888 3709 1958 paradisum

2132 1984 2189 2038 in
2238 1997 2347 2053 quo
2402 1981 2616 2052 positus
2659 1988 2745 2035 est
2791 1980 2953 2034 homo
2997 1978 3222 2048 primus,
3252 1985 3308 2032 et
3351 1977 3400 2033 si
3453 1977 3712 2032 Ecclesia.

2129 2073 2432 2145 praesentis,
2462 2071 2547 2126 vel
2574 2069 2768 2124 futurae
2808 2068 2997 2139 patriae
3043 2076 3226 2138 typum
3262 2075 3429 2133 tenet,
3477 2069 3547 2121 ad
3593 2085 3714 2137 pro-

2127 2165 2414 2235 prietatem
2439 2162 2632 2217 litterae
2668 2159 3072 2231 intelligendum
3115 2174 3255 2225 esse,
3289 2159 3468 2214 locum
3510 2159 3717 2216 scilicet

2131 2253 2558 2309 ammoissimum
2583 2292 2598 2318 ,
2653 2250 2947 2306 fructuosis
3003 2250 3317 2306 nemoribus
3384 2256 3715 2320 Opacatum,

2126 2345 2488 2415 ‘cumdemque
2528 2358 2819 2413 magnum,
2855 2349 2912 2395 et
2957 2356 3154 2412 magno
3204 2339 3353 2396 fonte
3401 2342 3716 2398 fecundum.

2130 2435 2238 2490 Pro
2264 2449 2330 2488 eo
2376 2441 2559 2489 autem
2590 2432 2732 2501 quod
2759 2440 2944 2486 nostra
2970 2430 3160 2495 editio,
3204 2446 3335 2500 quae.
3350 2430 3419 2485 de
3446 2430 3718 2487 Bebraiea

2131 2527 2363 2582 veritate
2391 2525 2647 2580 translata
2678 2531 2783 2590 est,
2814 2524 2978 2579 habet
3012 2541 3045 2577 α
3093 2524 3368 2595 principio,
3397 2524 3453 2578 in
3495 2526 3719 2595 antiqua

2132 2615 2485 2671 translatione
2497 2614 2731 2685 positum
2745 2621 2850 2678 est,
2864 2613 2933 2666 ad
2955 2613 3226 2666 orientem.
3245 2612 3320 2666 Ex
3344 2628 3451 2682 quo
3476 2615 3721 2670 nonnulli

2133 2706 2319 2762 volunt
2344 2704 2565 2775 intelligi
2586 2702 2729 2774 quod
2754 2702 2808 2757 in
2826 2702 3074 2757 orientali
3096 2710 3250 2771 parte
3271 2702 3424 2757 orbis
3449 2712 3721 2758 terrarum

2134 2796 2207 2851 sit
2233 2795 2383 2851 locus
2410 2793 2646 2865 paradisi
2660 2824 2680 2858 ν,
2712 2792 2960 2864 quamvis
3002 2791 3317 2861 longissimo
3364 2792 3725 2864 interiacente

2136 2886 2332 2957 spatio,
2376 2885 2460 2941 vel
2495 2883 2719 2949 Oceani,
2760 2884 2841 2938 vel
2895 2892 3194 2949 terrarum,
3222 2899 3256 2939 a
3282 2884 3496 2939 cunctis
3542 2886 3724 2955 regio-

2132 2976 2314 3040 nibus,
2346 2990 2483 3045 quas
2514 2989 2656 3030 nunc
2686 2974 2980 3029 humanum
3011 2989 3181 3045 genus
3206 2972 3397 3029 incolit
3429 2984 3722 3029 secretum.

2139 3066 2294 3122 Unde
2318 3081 2419 3122 nec
2457 3081 2612 3135 aqua:
2640 3065 2848 3131 diluvii,
2888 3080 3009 3135 qua:
3054 3071 3218 3119 totam
3246 3065 3417 3120 nostri
3455 3065 3610 3120 orbis
3639 3082 3728 3121 su-

2064 3137 2109 3198 C
2141 3156 2418 3227 perliciem
2459 3155 2720 3211 altissime
2739 3163 3157 3225 eooperuerunt,
3186 3154 3254 3209 ad
3279 3170 3404 3209 enin
3435 3156 3728 3224 pervenire

2137 3255 2452 3317 potuerunt.
2482 3245 2683 3302 Verum
2711 3246 2825 3301 sive
2851 3245 2947 3311 ibi,
2986 3261 3081 3300 seu
3115 3245 3241 3301 alibi
3268 3246 3361 3312 sit,
3396 3247 3541 3303 Deus
3562 3263 3731 3302 nove-

2140 3342 2237 3408 rit,
2258 3357 2358 3397 nos
2383 3350 2563 3396 tamen
2584 3340 2761 3395 locum
2804 3340 2947 3395 hunc
2974 3338 3163 3405 fuisse,
3191 3348 3248 3395 et
3272 3355 3394 3395 esse
3422 3350 3729 3406 terrenum,

2139 3433 2391 3489 dubitare
2418 3449 2527 3490 non
2542 3432 2691 3489 licet.
2726 3432 2966 3503 Denique
2987 3433 3339 3503 sequentibus
3365 3432 3547 3488 verbis
3580 3434 3734 3488 Scri-

2137 3532 2302 3597 ptura
2328 3524 2538 3596 plenius
2561 3523 2799 3593 qualiter
2824 3538 2953 3579 eum
3001 3524 3142 3579 Deus
3160 3522 3518 3594 plantaverit,
3560 3539 3731 3594 expo~

2139 3616 2230 3671 nit
2255 3617 2443 3671 dicens
2470 3630 2484 3669 :

2216 3705 2578 3779 Produa‘itque
2607 3707 2863 3762 Dominus
2890 3706 3031 3762 Deus
3060 3708 3125 3762 de
3145 3708 3302 3761 humo
3340 3724 3493 3761 omne
3527 3708 3733 3777 lignum

2142 3800 2421 3873 pulchrum
2442 3801 2576 3866 visu,
2607 3810 2656 3854 et
2684 3800 2755 3854 ad
2786 3800 3091 3854 vescendum
3115 3816 3304 3864 suave;
3339 3800 3538 3870 lignum
3571 3801 3737 3853 etiam

2144 3896 2267 3948 vitta
2306 3894 2367 3947 in
2396 3893 2569 3947 medio
2608 3892 2863 3963 paradisi,
2897 3892 3194 3964 lignumque
3242 3892 3473 3947 scientia:
3514 3892 3644 3947 boni
3687 3905 3733 3946 et

2146 3981 2295 4036 mali.
2320 3980 2431 4036 Hoc
2454 3994 2522 4037 eo
2547 3981 2633 4036 die
2659 3981 2862 4037 factum
2906 3981 3243 4052 intelligitur,
3271 3997 3380 4051 quo
3419 3991 3475 4036 et
3522 3983 3735 4052 reliqua

2140 4075 2291 4147 ligna
2326 4073 2603 4130 fructifera
2631 4081 2775 4129 terra
2812 4074 2922 4129 Deo
2942 4071 3166 4142 iubente
3190 4074 3471 4143 produxit.
3509 4072 3625 4128 Sed
3649 4074 3739 4129 hic

2144 4168 2273 4224 ideo
2304 4168 2619 4224 necessario
2648 4168 2930 4238 repetitur,
2956 4174 3017 4222 ut
3064 4168 3241 4237 qualis
3265 4169 3339 4223 sit
3379 4166 3530 4223 locus
3579 4184 3743 4239 para-

2147 4261 2249 4317 disi
2289 4275 2448 4316 nosse
2473 4275 2781 4331 possemus,
2833 4259 3068 4315 maxime
3113 4260 3239 4329 quia
3297 4259 3365 4314 de
3411 4259 3559 4330 ligno
3590 4262 3736 4324 vitm,

2147 4351 2398 4423 lignoque
2437 4350 2676 4406 scientiae
2719 4349 2847 4406 boni
2891 4355 2947 4405 et
2981 4349 3108 4403 mali
3159 4356 3278 4404 erat
3305 4349 3619 4419 specialiter
3658 4365 3719 4404 re

2150 4438 2450 4496 ferendum.
2508 4440 2565 4494 In
2623 4454 2852 4510 quorum
2909 4455 3019 4495 uno
3071 4440 3276 4494 homini
3337 4441 3549 4509 signum
3615 4442 3745 4495 obe—

2151 4531 2366 4586 dientim
2407 4546 2569 4600 quam
2598 4531 2710 4586 Deo
2737 4530 2989 4597 debebat,
3018 4530 3075 4584 in
3123 4531 3293 4586 altero
3332 4542 3746 4587 sacramentum

2146 4621 2275 4675 vitze
2290 4630 2520 4683 aeterna},
2540 4635 2701 4688 quam
2721 4635 2819 4689 per
2837 4620 3007 4689 ipsam
3028 4621 3388 4675 obedientiam
3411 4632 3745 4684 mereretur,

2149 4713 2348 4768 inerat.
2390 4712 2459 4768 Et
2509 4712 2726 4782 quidem
2769 4712 2976 4783 lignum
3006 4711 3127 4766 vitae
3172 4711 3299 4767 inde
3343 4712 3574 4776 dictum,
3610 4714 3743 4783 quia

2154 4804 2294 4860 hanc
2314 4804 2592 4869 virtutem,
2615 4813 2675 4858 ut
2697 4803 2951 4869 diximus,
2968 4803 3221 4859 divinitus
3238 4804 3529 4872 acceperit,
3558 4813 3625 4858 ut
3651 4806 3747 4875 qui

2145 4912 2220 4953 ex
2249 4913 2315 4952 eo
2345 4897 2714 4961 manducaret,
2746 4911 2943 4965 corpus
2983 4893 3098 4963 ejus
3148 4894 3328 4949 stabili
3375 4895 3617 4950 sanitate
3661 4895 3752 4949 fir-

2160 4995 2425 5051 maretur,
2452 5002 2631 5056 neque
2660 4985 2766 5040 ulla
2816 5001 3053 5056 unquam
3100 4984 3426 5039 infirmitate
3453 4986 3533 5039 vel
3581 4996 3753 5042 natale

2158 5074 2211 5130 in
2255 5077 2497 5130 deterius
2532 5083 2861 5140 mutaretur,
2896 5083 2990 5127 aut
3016 5075 3068 5128 in
3098 5088 3352 5129 occasum
3377 5078 3543 5128 etiam
3592 5076 3752 5131 labe—

2156 5178 2325 5222 retur.
2354 5166 2459 5222 Sed
2486 5167 2585 5221 h0e
2616 5167 2689 5220 ita
2718 5165 3072 5236 corporaliter
3106 5165 3307 5220 factum
3333 5175 3439 5229 est,
3470 5174 3529 5218 ut
3554 5181 3750 5222 saera-

2157 5258 2324 5313 menti
2358 5272 2569 5327 quoque
2597 5266 2738 5311 esset
2768 5256 2939 5327 ﬁgura
2982 5255 3299 5327 spiritualis,
3342 5256 3396 5311 id
3423 5266 3529 5322 est,
3560 5259 3661 5313 Dei
3695 5270 3754 5313 et

2160 5346 2375 5399 Domini
2405 5345 2574 5400 nostri
2608 5344 2733 5400 Jesu
2759 5344 2981 5408 Christi,
3005 5344 3072 5399 de
3112 5360 3221 5414 quo
3246 5344 3301 5400 in
3332 5344 3491 5400 laude
3519 5349 3755 5417 sapien-

2156 5435 2250 5488 tiai
2277 5436 2477 5490 dictum
2507 5443 2591 5489 est
2621 5452 2634 5487 :
2679 5433 2902 5503 Liguum
2942 5436 3057 5489 vita:
3102 5444 3179 5489 est
3207 5436 3288 5489 Itis
3326 5436 3420 5507 qui
3458 5439 3761 5506 apprehen-

2158 5527 2328 5581 derint
2349 5543 2485 5581 eam.
2526 5528 2592 5582 Et
2612 5526 2666 5580 in
2698 5526 3016 5598 Apocalypsi
3048 5529 3218 5584 sancti
3260 5527 3489 5584 Joannis
3517 5530 3704 5599 inquit
3741 5549 3758 5586 :

2163 5614 2269 5679 Qui
2296 5617 2491 5681 vicerit,
2521 5616 2655 5670 dabo
2699 5616 2745 5669 ei
2782 5616 2935 5670 edere
2974 5617 3039 5671 de
3067 5617 3208 5689 ligno
3245 5617 3535 5689 sitmquod
3573 5628 3656 5673 est
3698 5621 3761 5674 in

2160 5706 2410 5775 paradiso
2436 5705 2529 5759 Dei
2548 5706 2648 5759 mei
2676 5704 2859 5776 (Apoc.
2897 5706 2979 5776 ιι).
3007 5708 3159 5775 Quod
3182 5716 3264 5763 est
3303 5718 3496 5778 aperte
3520 5710 3756 5766 dicere:
