3958 6204
162 341 235 396 ὂῖἹ
1155 339 1506 398 ΕΟΜΜΕΝΤ.
1550 338 1613 393 IN
1653 338 1712 395 Gl

1817 338 1979 393 ESIM.
2017 370 2087 381 —-
2125 342 2253 397 LIB.
2295 344 2335 398 l.

156 462 233 529 Qui
262 460 448 515 vicerit
497 460 850 515 tentationcm
896 458 1164 529 serpentis
1213 457 1460 526 antiqui,
1516 472 1547 511 a
1598 468 1707 526 quo
1735 454 1782 513 Α
1883 450 1989 517 Qui
2033 452 2156 507 inde
2192 454 2446 509 dividitur
2473 458 2525 510 in
2556 467 2787 527 quatuor
2810 466 2983 528 capita
3020 474 3038 510 :

158 558 301 610 ticius
320 561 401 607 est
429 554 622 616 Adam,
642 553 780 608 dabo
806 552 946 621 quod
970 552 1198 605 daturus
1220 565 1391 611 eram,
1419 549 1463 605 si
1495 550 1707 614 vicerit,

160 647 281 708 Adzc,
304 652 361 699 ut
389 642 642 714 praesenti
673 644 880 698 visione
917 642 1087 714 gloria
1113 641 1315 699 Christi
1360 643 1416 697 in
1443 649 1709 696 aeternum

160 737 423 799 reﬁciatur,
454 734 686 803 ideoque
716 734 862 789 nullo
906 726 1335 804 possit'incursu
1381 732 1574 787 mortis
1623 741 1711 786 at-

160 827 283 892 tingi.
324 825 423 892 Qui
455 824 711 880 videlicet
740 824 998 879 Dominus
1031 822 1297 890 Christus,
1339 822 1513 878 virtus
1540 828 1595 877 et
1625 836 1712 876 sa-

159 918 324 989 picntia
368 917 466 973 Dei
512 915 712 983 Patris,
756 917 808 970 in
837 915 1087 987 paradiso
1126 926 1210 971 est
1252 914 1402 986 regni
1446 911 1708 977 caelestis,

158 1024 287 1078 quem
330 1022 457 1062 cum
507 1008 723 1063 caeteris
773 1006 977 1062 sanctis
1014 1006 1175 1062 etiam
1222 1003 1499 1060 conﬁtenti
1540 1019 1599 1058 sc
1656 1003 1709 1058 in

160 1113 289 1153 cruce
317 1098 515 1153 latroni
562 1099 881 1169 promittere
930 1098 1184 1167 dignatus
1213 1104 1315 1151 est.
1349 1094 1606 1164 Sequitur
1655 1102 1713 1148 ut

160 1191 404 1245 videamus
434 1191 501 1245 de
544 1190 691 1262 ligno
729 1189 971 1244 scientiae
1030 1187 1379 1257 dignoscendi
1420 1186 1617 1240 bonum
1658 1193 1714 1240 et

159 1280 343 1336 malum.
373 1278 607 1335 Prorsus
645 1287 702 1334 et
731 1278 831 1333 hoc
880 1277 1082 1349 lignum
1112 1285 1230 1332 erat
1256 1274 1467 1331 visibile
1502 1282 1560 1330 et
1586 1289 1713 1329 cor-

156 1371 307 1443 porale
325 1371 468 1426 sicut
487 1370 712 1425 arbores
735 1380 961 1424 cauerat.
987 1367 1139 1435 Quod
1168 1382 1298 1437 ergo
1316 1367 1517 1437 lignum
1543 1375 1713 1432 esset,

160 1480 242 1519 non
273 1473 353 1519 est
375 1464 757 1527 dubitandum,
790 1463 883 1517 sed
913 1478 1012 1517 cur
1038 1463 1141 1517 hoc
1183 1475 1379 1517 nomen
1418 1459 1712 1529 adceperit,

160 1554 533 1625 requirendum.
586 1551 712 1608 Mihi
748 1562 928 1609 autem
961 1553 1124 1608 etiam
1156 1558 1307 1622 mque
1344 1550 1714 1606 consideranti

159 1646 237 1701 dici
271 1660 378 1699 non
409 1647 587 1713 potest
610 1652 874 1714 quantum
903 1642 1114 1713 placeat
1143 1642 1234 1696 illa
1259 1642 1526 1699 sententia
1546 1681 1560 1707 ,
1605 1644 1711 1696 nOn

161 1735 292 1789 fuisse
328 1734 476 1788 illam
516 1735 764 1789 arborem
820 1735 942 1793 cibo
990 1734 1300 1789 obnoxiam.
1334 1732 1520 1802 Neque
1567 1733 1712 1787 enim

3295 344 3399 402 478

3092 473 3277 510 nomen
3309 459 3402 510 imi

1814 539 2036 597 Phison.
2053 542 2298 609 Cdnstat,
2329 548 2698 602 astruentibus
2726 547 3044 602 certissimis
3066 547 3396 611 auctoribus,

1812 632 2008 687 horum
2052 635 2295 689 omnium
2345 634 2647 703 ﬂuminum,
2675 653 2796 707 qua:
2843 637 2910 692 de
2954 637 3206 707 paradiso
3250 637 3404 691 exire

1812 722 2145 790 referuntur,
2188 724 2245 779 in
2294 734 2479 781 nostra
2513 735 2658 783 terra
2688 727 2865 783 fontes
2905 742 3027 783 esse
3072 735 3250 782 notos.
3277 726 3404 782 Plii-

1812 815 1962 872 sonis
1981 816 2219 887 quidem,
2248 833 2407 889 quem
2447 835 2591 875 nunc
2621 820 2843 892 Gangen
2873 820 3167 890 appellant,
3186 820 3238 873 in
3269 820 3403 875 locis

1811 906 2039 963 Caucasi
2072 910 2289 965 montis.
2334 909 2439 964 Nili
2463 925 2613 978 vero,
2641 929 2801 982 quem
2826 911 3129 981 Scriptura,
3170 923 3228 967 ut
3258 913 3404 967 dixi-

1812 1012 1957 1065 mus,
1979 996 2128 1053 Geon
2157 1010 2450 1070 nuncupat,
2482 1018 2586 1057 non
2617 1003 2804 1073 procul
2838 1005 2906 1057 ab
2932 1003 3151 1057 Atlante
3197 1012 3401 1067 monte,

1813 1087 1906 1156 qui
1941 1096 2026 1143 est
2062 1089 2284 1145 ultimus
2321 1090 2518 1147 Africae
2563 1094 2631 1147 ad
2676 1093 3013 1149 occidentem
3046 1092 3186 1148 finis.
3232 1092 3403 1149 Porro

1815 1180 1995 1252 Tigris
2034 1192 2089 1238 et
2123 1183 2427 1253 Euphrates
2478 1187 2531 1241 in
2582 1186 2858 1243 Armenia.
2895 1189 3046 1244 Unde
3075 1188 3405 1244 credendum

1814 1280 1899 1327 est
1926 1274 2182 1343 quoniam
2209 1274 2360 1331 locus
2399 1278 2515 1348 ipse
2546 1280 2785 1348 paradisi
2825 1295 2855 1332 a
2882 1280 3190 1348 cognitione
3230 1280 3405 1334 homi-

1816 1383 1943 1423 num
1980 1377 2067 1424 est
2095 1371 2509 1437 remotissimus,
2540 1372 2666 1428 inde
2697 1380 2930 1443 quatuor
2959 1387 3222 1441 aquarum
3272 1387 3399 1441 par~

1817 1468 1903 1516 tes
1936 1460 2131 1528 dividi;
2162 1465 2258 1519 sed
2292 1478 2356 1517 ea
2386 1462 2639 1529 ﬂumina,
2668 1479 2899 1534 quorum
2928 1462 3105 1518 fontes
3133 1464 3242 1518 noti
3283 1477 3405 1518 esse

1816 1552 2089 1613 dicuntur,
2145 1553 2342 1608 alicubi
2391 1554 2504 1624 ipsa
2558 1554 2659 1608 sub
2710 1554 2890 1619 terris,
2923 1560 2978 1609 et
3024 1561 3146 1622 post
3195 1561 3404 1607 tractus

1818 1643 2147 1715 prolixarum
2179 1646 2481 1713 regionum,
2528 1645 2664 1700 locis
2703 1645 2823 1700 aliis
2852 1645 3117 1715 erupisse,
3145 1643 3234 1698 ubi
3282 1651 3402 1698 lan-

1820 1749 1983 1804 quam
2012 1735 2066 1789 in
2118 1735 2232 1789 suis
2261 1734 2499 1790 fontibus
2528 1738 2637 1791 noti
2678 1753 2800 1791 esse
2850 1730 3225 1805 perhibentur.
3268 1734 3404 1790 Nam

159 1828 228 1897 qui
266 1827 473 1884 fecerat
495 1828 649 1882 valde
695 1829 835 1883 bona
864 1828 1049 1883 omnia
1091 1822 1152 1881 in
1179 1824 1430 1898 paradiso
1461 1826 1711 1881 instituc-
1744 1818 1791 1879 Β
1818 1825 1922 1880 hoc
1974 1826 2149 1881 solere
2208 1827 2494 1883 nolinullas
2545 1844 2715 1897 aquas
2762 1822 2942 1883 facere
3000 1828 3122 1898 quis
3157 1826 3408 1896 ignorat?

163 1929 222 1972 rat
240 1919 433 1987 aliquid
485 1919 637 1983 mali,
680 1920 773 1973 sed
825 1918 1025 1972 malum
1080 1917 1246 1973 fuisse
1296 1917 1502 1973 homini
1537 1927 1714 1973 trans-

160 2011 404 2079 gressioue
452 2010 726 2081 praecepti.
776 2008 1070 2079 Oportebat
1098 2017 1280 2062 autem
1330 2016 1390 2062 ut
1420 2008 1580 2063 homo
1615 2007 1716 2063 sub

160 2101 354 2155 Domino
404 2102 517 2155 Deo
565 2101 802 2169 positus,
835 2098 1085 2154 alicunde
1133 2094 1534 2168 prohiberetur,
1580 2106 1640 2153 ut
1664 2097 1714 2152 ei

159 2194 466 2262 promerendi
518 2203 665 2249 esset
712 2194 999 2249 Dominum
1035 2208 1192 2248 suum
1233 2194 1348 2262 ipsa
1386 2193 1557 2249 virtus
1586 2194 1718 2248 obe-

158 2282 364 2349 dientia,
414 2300 579 2355 quam
630 2288 918 2354 possumus
974 2284 1255 2340 verissime
1309 2284 1492 2339 dicere
1544 2278 1714 2339 solam

155 2391 254 2461 esse
274 2377 528 2459 virtutem
577 2376 726 2432 omni
776 2376 1044 2432 creaturze
1093 2374 1342 2430 rationali
1390 2375 1569 2445 agenti
1614 2375 1716 2431 sub

1820 1915 1924 1971 Sed
1956 1916 2028 1971 ibi
2061 1918 2163 1973 hoc
2193 1919 2383 1982 scitur,
2435 1918 2523 1973 ubi
2569 1936 2672 1973 non
2704 1919 2792 1973 diu
2830 1919 2929 1973 sub
2958 1918 3120 1973 terris
3153 1924 3402 1973 currunt.

1818 1994 2061 2078 Denique
2089 2008 2277 2063 eadem
2328 2010 2441 2079 ipsa
2471 2006 2692 2063 flumina
2722 2009 2930 2081 Tigrin,
2983 2007 3296 2078 Euphraten
3350 2015 3407 2061 et

1816 2097 1997 2153 Nilum
2038 2098 2219 2153 ferunt
2257 2099 2498 2154 historici
2549 2099 2822 2169 plerisque
2853 2099 2905 2152 in
2956 2097 3091 2153 locis
3125 2106 3267 2151 terra
3304 2095 3400 2150 ah-

1816 2191 1980 2259 sumi,
2003 2198 2058 2245 et
2086 2190 2363 2261 aliquanto
2402 2189 2752 2259 interjacente
2779 2188 2955 2259 spatio
2997 2203 3186 2244 rursus
3229 2202 3405 2243 emcr-

1814 2285 2023 2357 gentia,
2065 2283 2283 2340 solitum
2325 2297 2486 2352 agere
2517 2298 2758 2337 cursum.
2810 2280 2965 2349 Quod
3011 2281 3177 2338 etiam
3228 2280 3404 2350 ipsum

1818 2376 2080 2431 Dominus
2133 2374 2200 2428 ad
2240 2375 2495 2429 indicium
2536 2372 2717 2429 facere
2760 2372 3064 2430 credendus
3121 2380 3206 2426 est
3262 2370 3405 2426 illius

158 2457 232 2519 Dei
261 2457 552 2535 potestate;
580 2464 931 2536 primumque
960 2475 1108 2522 esset
1130 2457 1186 2519 et
1210 2466 1507 2520 maximum
1532 2473 1714 2521 tumo-
1810 2478 2029 2532 cursus,
2058 2481 2165 2537 quo
2193 2466 2307 2522 haec
2337 2465 2403 2521 ad
2435 2482 2532 2521 nos
2565 2465 2631 2521 de
2664 2464 2917 2536 paradiso
2944 2479 3041 2535 per
3082 2461 3406 2518 occultiores

154 2548 217 2612 'ris
236 2558 417 2612 vitium
465 2558 535 2611 ad
567 2552 780 2611 ruinam
810 2571 908 2611 sua
955 2554 1223 2626 potestate
1254 2555 1390 2611 velle
1431 2555 1532 2620 uti,
1563 2555 1717 2624 cujus
1818 2564 1979 2610 terrm
2016 2555 2167 2611 sinus
2190 2571 2462 2625 venasque
2489 2555 2764 2628 longiores
2804 2560 3025 2610 exeunt.
3072 2551 3395 2621 Interpreta-

156 2649 246 2703 vitii
265 2665 460 2705 nomen
488 2658 575 2705 est
606 2649 660 2703 in
696 2648 1032 2705 obedientia.
1073 2647 1191 2703 Non
1220 2655 1368 2703 es$et
1393 2663 1545 2718 ergo,
1574 2648 1717 2704 unde
1814 2642 1908 2703 tur
1935 2657 2117 2703 autem
2162 2648 2361 2704 Phison
2392 2650 2498 2704 oris
2529 2650 2774 2715 mutatio,
2809 2649 2923 2703 sive
2970 2663 3029 2702 os
3058 2644 3301 2717 pupillae;
3349 2653 3405 2701 et

157 2746 204 2794 se
226 2741 491 2796 dominum
531 2742 696 2798 homo
725 2742 926 2798 habere
975 2734 1239 2813 cegitaret
1275 2742 1437 2810 atque
1465 2740 1713 2804 sentiret,
1818 2749 1988 2807 recte,
2015 2742 2143 2810 quia
2190 2742 2445 2796 nimirum
2487 2741 2648 2795 aliam
2682 2740 2737 2797 in
2770 2749 2953 2796 nostra
2983 2750 3125 2795 terra
3173 2738 3403 2807 gratiam

158 2831 238 2885 nisi
272 2833 316 2887 ei
346 2832 551 2902 aliquid
574 2833 662 2916 'qu
685 2842 891 2887 eretur.
923 2832 1103 2887 Arbor
1134 2831 1317 2902 itaque
1344 2846 1449 2885 non
1481 2830 1569 2885 illa
1599 2839 1717 2885 erat
1811 2831 1997 2897 faciei,
2029 2832 2082 2887 id
2112 2840 2215 2899 est,
2254 2832 2501 2887 viliorem
2532 2831 2721 2898 multo,
2747 2848 2910 2902 quam
2939 2829 2992 2885 in
3018 2827 3272 2901 paradiso
3301 2826 3401 2881 ha—

152 2918 287 2988 ‘mala,
317 2925 412 2979 sed
439 2924 706 2994 appellata
740 2932 827 2979 est
865 2924 1107 2978 scientia:
1136 2921 1486 3011 dignoscendi
1515 2921 1716 2977 bonum

154 3022 197 3067 et
238 3014 463 3077 malum,
523 3015 671 3093 quia
700 3015 744 3070 si
792 3016 1014 3084 propter
1058 3010 1475 3083 prohibitionem
1514 3027 1579 3066 ex
1626 3010 1713 3066 illa

150 3104 287 3160 homo
312 3106 520 3171 ederet,
548 3106 600 3160 in
632 3100 721 3160 illa
754 3096 874 3160 erat
910 3105 1165 3177 prmcepti
1207 3104 1386 3159 futura
1416 3111 1717 3174 transgres-

1810 2911 1933 2989 bet,
1960 2922 2221 2978 ostendit.

1886 3015 2011 3088 Ipse
2045 3024 2118 3070 est
2163 3017 2255 3089 qui
2304 3016 2488 3070 circuit
2540 3031 2745 3069 omnem
2783 3025 2980 3069 terram
3023 3008 3235 3066 Evilah.
3278 3008 3404 3065 llusc

1820 3115 1904 3164 est
1929 3106 2095 3163 India:
2122 3107 2289 3178 regio,
2324 3122 2521 3163 nomen
2564 3105 2690 3161 inde
2723 3105 2949 3171 habens,
2981 3103 3123 3173 quod
3154 3117 3403 3171 possessa

153 3197 319 3262 sio,in
367 3213 476 3269 qua
505 3200 668 3255 homo
698 3213 795 3269 per
817 3171 1246 3269 experimentum
1275 3202 1450 3267 poma:
1476 3171 1790 3275 disceretc
1822 3201 1893 3256 sit
1918 3208 2041 3272 post
2094 3171 2349 3256 dildvium
2395 3198 2464 3252 ab
2514 3196 2702 3251 Evilah
2756 3195 2865 3252 filio
2914 3171 3126 3259 lectan,
3173 3192 3263 3263 qui
3308 3190 3408 3246 fuit

152 3291 259 3358 quid
297 3302 444 3346 esset
472 3286 615 3347 inter
642 3290 963 3347 obedientite
1005 3290 1206 3346 bunum
1244 3299 1300 3344 et
1342 3286 1716 3346 inobedientite

154 3382 348 3438 malum.
380 3384 618 3441 Proinde
656 3370 842 3441 ethoc
893 3400 1001 3440 non
1043 3384 1097 3439 in
1144 3384 1316 3456 ﬁgura
1344 3383 1578 3449 dictum,
1621 3383 1716 3439 sed

156 3489 256 3529 vere
275 3474 542 3548 quoddam
595 3478 797 3549 lignum
823 3476 1194 3548 accipiendum
1222 3487 1324 3542 est,
1372 3478 1461 3533 cui
1498 3493 1605 3533 non
1649 3478 1716 3534 de

153 3562 320 3631 fructu.
344 3569 431 3624 vel
463 3586 643 3639 pomo,
672 3570 817 3641 quod
847 3570 972 3625 inde
1000 3578 1335 3634 nasceretur,
1362 3556 1457 3625 sed
1502 3585 1568 3625 ex
1599 3570 1716 3640 ipsa

148 3674 200 3743 re
234 3676 419 3717 nomen
456 3656 772 3732 impositum
798 3670 915 3727 est,
940 3677 1096 3732 quae,
1128 3662 1220 3716 illo
1258 3669 1448 3718 contra
1488 3662 1713 3717 vetitum

152 3758 293 3818 tacto,
318 3753 499 3809 fuerat
534 3763 805 3810 secutura.

206 3841 265 3896 Et
292 3845 486 3914 ﬂuvius
532 3832 893 3915 egrediebatur
920 3832 1005 3924 de.
1026 3845 1139 3900 loco
1170 3843 1448 3918 voluptatis
1487 3846 1557 3900 ad
1594 3843 1718 3899 irri-

146 3934 356 4009 gandum
405 3932 738 4008 paradisum,
772 3938 835 3993 id
863 3940 967 4003 e‘st,
1007 3938 1155 4008 ligna
1186 3938 1276 3992 illa
1304 3936 1527 4008 pulchra
1554 3944 1716 4005 atque

149 4022 421 4093 iniuriosa,
461 4043 585 4098 qua:
632 4027 847 4084 omnem
892 4038 1095 4084 terram
1135 4029 1373 4100 regionis
1418 4028 1561 4084 illius
1587 4041 1718 4097 opa-

140 4113 336 4173 ‘cabant.
388 4118 545 4186 Quod
574 4134 639 4174 eo
685 4118 885 4174 faetum
929 4104 1105 4175 fuisse
1148 4121 1338 4176 ordine
1386 4118 1715 4195 credendum

144 4215 231 4273 est,
251 4221 359 4280 quo
376 4209 436 4265 in
483 4208 604 4274 hac,
642 4206 804 4280 quam
836 4220 935 4266 nos
979 4207 1266 4266 ineolimus
1300 4203 1532 4278 terram,
1565 4210 1716 4267 Nilus

145 4299 280 4367 plana
310 4303 505 4375 irrigat
535 4301 781 4373 Egypti.
816 4302 973 4359 Unde
995 4302 1139 4373 quod
1171 4309 1226 4357 et
1249 4317 1412 4373 supra
1436 4302 1716 4373 posuimus

142 4392 321 4450 dictum
343 4404 430 4453 est
450 4398 518 4452 de
541 4383 698 4451 'terra
737 4396 1117 4463 Sodomorum,
1139 4412 1260 4467 qua:
1292 4394 1546 4452 universa
1586 4398 1713 4452 irri-

143 4482 349 4552 gabatnr
390 4486 536 4541 sicut
568 4488 851 4557 paradisus
893 4487 1106 4564 Domini
1130 4486 1231 4551 ,"et
1253 4487 1395 4543 sicut
1423 4486 1707 4559 Egyptus.

140 4573 189 4626 Et
230 4579 455 4645 provida
484 4579 668 4648 utique
698 4579 1049 4649 dispositione
1080 4574 1345 4634 Dominus
1373 4594 1437 4635 ac
1464 4580 1712 4635 conditor

140 4680 296 4720 rerum
330 4664 387 4723 in
437 4663 627 4724 nostro
665 4670 798 4723 orbe
840 4668 1011 4723 voluit
1050 4664 1253 4723 habere
1302 4667 1708 4724 similitudinem

136 4740 433 4813 nonnullam
485 4759 676 4830 patria:
723 4760 890 4826 illius,
918 4761 987 4816 ad
1022 4775 1189 4831 quam
1238 4758 1628 4831 possidendam
1654 4758 1710 4816 in

136 4844 290 4909 primo
346 4859 579 4920 parente
629 4851 798 4906 creati
834 4858 1043 4917 Sumus,
1074 4842 1136 4905 ut
1187 4851 1255 4906 ad
1292 4852 1708 4922 promerendum

131 4936 233 5006 ejus
282 4943 527 4999 reditum
575 4944 641 4999 de
678 4944 860 5000 vicino
900 4960 1000 5000 nos
1053 4944 1372 5000 admoneret
1424 4943 1708 5014 exemplo,

131 5034 351 5089 maxime
380 5052 449 5092 ex
496 5034 717 5091 flumine
766 5034 876 5100 illo,
922 5034 1067 5105 quod
1096 5035 1163 5090 de
1208 5034 1463 5105 paradiso
1494 5028 1709 5089 constat

118 5126 391 5184 'em'a'nare.
421 5128 577 5184 Nilus
612 5128 850 5199 namque
878 5128 972 5200 qui
1003 5129 1194 5199 irrigat
1218 5126 1543 5198 Egyptum,
1595 5126 1709 5195 ipse

124 5228 194 5272 est
229 5219 410 5286 Geon,
438 5221 532 5292 qui
565 5222 617 5275 in
643 5222 999 5292 sequentibus
1038 5221 1106 5276 de
1135 5218 1385 5290 paradiso
1415 5217 1710 5289 procedere

123 5321 472 5367 memoratur.
503 5312 659 5369 Sicut
679 5312 845 5368 etiam
874 5311 1080 5367 eversis
1105 5311 1314 5366 eisdem
1344 5309 1705 5385 Sodomorum

120 5400 450 5469 civitatibus,
480 5418 601 5474 quae
633 5403 905 5472 quondam
932 5410 993 5456 ut
1016 5401 1296 5473 paradisus
1335 5399 1547 5454 Domini
1574 5398 1710 5453 irri-

119 5494 401 5561 subanthr,
447 5496 756 5567 exemplum
783 5509 994 5560 eorum,
1021 5494 1114 5564 qui
1156 5491 1321 5563 impie
1348 5491 1523 5546 acturi
1552 5498 1707 5555 sunt,

112 5588 310 5654 γδοευίι,
360 5596 429 5643 ut
460 5586 688 5657 vestigia
718 5584 1041 5658 perditionis
1084 5583 1352 5637 malorum
1405 5580 1707 5637 certissima

118 5674 165 5730 in
208 5679 423 5734 mundo
471 5679 753 5745 habentes,
781 5675 1091 5750 vigilantius
1125 5676 1326 5731 (eterna
1356 5688 1567 5731 eorum
1603 5681 1711 5728 tor-

116 5785 288 5829 menta
310 5773 665 5844 fugeremus.
1486 5779 1495 5788 '

1816 3291 1962 3348 filius
1989 3289 2170 3346 [leber
2212 3289 2545 3360 patriarcha:
2593 3287 2965 3343 Hebraeorum.
3017 3283 3191 3350 Quem
3239 3281 3404 3336 etiam

1817 3378 2086 3451 Iosephus
2139 3379 2309 3435 refert
2355 3393 2478 3435 cum
2536 3377 2797 3431 fratribus
2827 3375 2940 3430 suis
2983 3389 3015 3428 a
3058 3371 3277 3427 flumine
3306 3370 3407 3425 Ce-

1814 3473 1995 3544 phene
2037 3478 2093 3527 et
2127 3469 2345 3541 regione
2395 3467 2558 3524 india:
2600 3483 2772 3538 usque
2809 3464 2875 3522 ad
2917 3465 3093 3522 locum
3133 3478 3257 3519 eum
3313 3460 3406 3533 qui

1819 3563 2123 3634 appellatur
2156 3559 2338 3615 Hieria
2377 3560 2703 3631 possedisse.

1885 3655 1992 3711 'Ubi
2016 3656 2253 3711 nascitur
2270 3671 2481 3715 aurum.
2518 3663 2565 3708 et
2594 3668 2782 3707 aurum
2807 3663 2960 3706 term
2984 3648 3129 3703 illius
3152 3647 3404 3718 Optimum

1809 3752 1912 3806 est.
1949 3749 2017 3804 Et
2046 3747 2250 3802 Plinius
2286 3745 2568 3801 Secundus
2598 3752 2786 3798 narrat
2820 3741 2984 3795 ludite
3010 3738 3262 3811 regiones
3286 3736 3404 3790 auri

1809 3836 1973 3895 'venis
2003 3853 2116 3910 pra:
2137 3835 2351 3892 ueteris
2396 3833 2671 3889 abundare
2714 3833 2895 3886 terris.
2932 3828 3083 3886 Unde
3126 3837 3181 3883 et
3218 3824 3406 3880 insulae

1817 3945 2007 3987 eorum
2036 3929 2223 4005 χρῦσα
2248 3934 2303 3981 et
2321 3925 2541 4001 ἀργυρᾶ,
2559 3938 2589 3977 a
2611 3921 2764 3993 copia
2796 3921 2912 3976 auri
2934 3920 3047 3976 sive
3069 3916 3278 3989 argenti
3311 3929 3403 3970 vc-

1818 4021 2009 4079 cabula
2038 4024 2404 4089 sumpserunt.

1889 4112 2073 4183 Ibique
2101 4110 2364 4164 invenitur
2383 4105 2630 4162 bdellium
2659 4115 2705 4161 et
2743 4102 2879 4174 lapis
2910 4100 3216 4172 onychinus.
3245 4097 3402 4153 Bdel-

1810 4191 1949 4261 ilium
1979 4212 2093 4266 est,
2143 4208 2204 4254 ut
2251 4198 2393 4254 idem
2427 4197 2633 4253 Plinius
2680 4193 2826 4255 dicit,
2861 4192 3025 4248 arbor
3069 4189 3400 4253 ardmatiea,

1805 4296 2000 4353 'colore
2045 4294 2221 4366 nigra,
2276 4288 2645 4360 magnitudine
2687 4286 2860 4351 oliva},
2896 4292 2952 4339 et
2984 4281 3111 4338 folio
3168 4280 3401 4345 roboris,

1810 4378 2105 4458 lructuque
2129 4385 2437 4456 capriﬁcus,
2469 4381 2639 4452 ipsius
2679 4388 2871 4434 natura
2903 4392 3023 4448 quae
3045 4373 3271 4448 gummi.
3306 4372 3404 4428 Est

1818 4491 1997 4537 autem
2024 4480 2261 4550 lacryma
2285 4474 2402 4545 ejus
2423 4472 2598 4528 lucida
2618 4512 2631 4537 ,
2655 4467 2956 4532 subalbida,
2980 4465 3133 4530 levis,
3164 4462 3401 4535 pinguis,

1816 4575 2011 4632 cereali
2039 4574 2264 4644 liquore,
2289 4578 2345 4627 et
2369 4583 2491 4639 qua:
2519 4564 2675 4621 facile
2708 4561 2999 4625 molliatur,
3018 4566 3175 4630 gustu
3196 4570 3402 4621 amara,

1806 4667 2002 4723 '"odoris
2032 4664 2184 4729 boni,
2238 4661 2333 4717 sed
2369 4660 2496 4715 vino
2526 4652 2745 4730 perfusa
2795 4651 3091 4717 odoratior,
3142 4647 3296 4719 cujus
3336 4653 3406 4701 et

1812 4759 1953 4814 liber
2008 4756 2370 4811 Numerorum
2407 4748 2693 4806 meminit:
2724 4745 2854 4799 Erat
2901 4753 3096 4805 autem,
3127 4739 3403 4811 inquiens,

1810 4856 1943 4905 ‘man
1977 4848 2129 4919 quasi
2158 4862 2331 4901 semen
2361 4839 2661 4904 coriandri,
2703 4835 2894 4891 coloris
2920 4831 3096 4889 bdellii
3122 4830 3310 4904 (Num.
3340 4832 3403 4899 t),

1822 4940 1877 4996 id
1910 4949 2016 5004 est,
2070 4936 2233 4991 lucidi
2282 4944 2337 4989 et
2366 4929 2653 4988 subalbidi.
2693 4926 2847 4999 Onyx
2902 4932 3084 4979 autem
3134 4922 3273 4992 lapis
3322 4933 3405 4977 est

1815 5032 2107 5106 pretiosus,
2154 5031 2278 5085 inde
2326 5026 2626 5098 appellatus
2676 5026 2817 5094 quod
2848 5022 3014 5079 habet
3062 5022 3116 5075 in
3166 5034 3225 5073 se
3274 5032 3401 5086 pcr-

1809 5123 2040 5181 ‘t‘nistum
2063 5121 2376 5185 candorem,
2403 5119 2459 5181 in
2492 5115 2899 5173 similitudinem
2926 5112 3120 5183 unguis
3157 5108 3394 5165 humani.

1804 5214 1993 5274 'Grzeei
2022 5216 2165 5271 enim
2201 5227 2434 5284 unguem
2475 5211 2661 5267 dicunt
2686 5209 2974 5280 onychem.
3005 5206 3155 5259 Hunc
3184 5210 3239 5255 et
3266 5200 3401 5253 Ara-

1806 5311 1905 5366 bia
1935 5308 2123 5380 gignit,
2169 5305 2264 5362 sed
2294 5305 2508 5361 Indicus
2562 5301 2823 5374 igniculos
2872 5299 3053 5361 habet,
3105 5293 3241 5348 albis
3286 5289 3401 5345 cin-

1809 5399 2066 5471 gentibus
2087 5397 2259 5452 zonis.
2291 5395 2557 5450 Arabicus
2596 5401 2775 5447 autem
2823 5389 2974 5457 niger
3014 5392 3096 5440 est
3125 5398 3247 5437 cum
3273 5395 3400 5435 can-

1814 5490 2071 5547 dentibus
2112 5488 2284 5543 zonis.
2336 5486 2570 5554 Antiqua
2631 5479 2911 5536 translatio
2962 5490 3061 5547 pro
3106 5474 3191 5529 bis
3235 5473 3401 5528 habet

1801 5576 2190 5635 carbunculum
2226 5584 2274 5629 et
2323 5573 2547 5643 lapidem
2581 5570 2874 5643 prasinum.
2927 5565 3022 5620 Est
3065 5570 3244 5617 autem
3275 5574 3399 5615 caro

1813 5670 2096 5732 bunculus,
2118 5667 2259 5722 sicut
2287 5675 2337 5722 et
2362 5666 2575 5721 nomine
2602 5661 2811 5731 probat,
2841 5658 2977 5728 lapis
3011 5655 3150 5727 ignei
3179 5652 3396 5720 coloris,

1814 5762 1905 5833 qui
1929 5760 2105 5816 noctis
2131 5773 2343 5829 quoque
2366 5758 2617 5811 tenebras
2652 5751 2923 5807 illustrare
2942 5748 3275 5822 perhibetur.
3302 5745 3398 5801 Est
