3974 6200
548 408 615 464 79
912 372 915 375 I
1152 396 1214 450 B.
1255 389 1508 447 RABANI
1549 384 1765 442 MAURI
1802 375 2123 437 ARCHIEP.
2168 367 2474 426 MOGUNT.
2515 363 2799 422 OPERUM
2837 361 3017 417 PARS
3052 359 3090 414 l.
3680 355 3800 410 480

504 510 648 592 lapis
687 515 940 588 prasinus
989 507 1271 566 viridantis
1313 511 1579 574 aspectus.
1607 497 1758 554 Unde
1800 503 1857 550 et
1900 492 2086 548 Gl‘tBCe
2117 484 2165 544 Α
2191 479 2335 582 ltum.
2355 479 2421 535 de
2442 493 2569 549 quo,
2593 476 2708 548 qui,
2738 473 2924 530 relicta
2944 472 3040 528 Dei
3065 470 3237 542 gratia
3263 469 3578 541 gustaverit,
3604 475 3804 522 morte

2201 580 2481 625 morietur.

2291 661 2434 716 Tulit
2483 677 2606 732 ergo
2651 659 2908 714 Dominus
2962 655 3102 711 Deus
3144 653 3406 710 hominem
3455 667 3611 724 quem
3679 650 3801 720 for-

2200 762 2473 816 maverat,
2523 759 2572 806 et
2608 752 2784 822 posuit
2836 764 2953 803 eum
2997 749 3052 801 in
3102 745 3352 816 paradiso
3392 743 3690 813 voluptatis
3741 748 3804 794 ut

2202 854 2505 919 operaretur
2522 852 2570 900 et
2600 841 2885 898 custodiret
2911 839 3083 894 illum.
3110 837 3192 892 Ad
3219 852 3345 893 eum
3368 835 3586 891 videtur
3618 834 3809 904 respi-

2202 952 2327 994 cere
2364 935 2562 1000 locum,
2588 933 2644 990 in
2671 948 2778 1005 quo
2806 931 3172 1001 supradictum
3198 937 3284 984 est
3306 946 3320 982 :
3343 926 3515 982 Homo
3539 943 3652 980 non
3685 933 3806 980 erat

2201 1029 2293 1101 qui
2318 1033 2623 1098 operaretur
2640 1033 2853 1079 terram.
2878 1022 3078 1078 Verum
3102 1035 3202 1074 nos
3220 1027 3275 1072 et
3297 1018 3352 1072 in
3379 1016 3543 1085 hujus
3572 1014 3809 1086 exposi-

2206 1120 2352 1176 tione
2383 1117 2554 1182 verbi,
2597 1116 2738 1171 dicta
2786 1112 2959 1169 sancti
3002 1111 3182 1167 Patris
3221 1109 3505 1181 Augustini
3559 1122 3814 1177 expona-

2206 1224 2329 1268 mus
2354 1229 2367 1265 :
2398 1209 2552 1278 Quod
2578 1214 2914 1279 operaretur,
2946 1204 3151 1275 inquit,
3187 1202 3268 1257 vel
3298 1202 3427 1272 quid
3456 1198 3814 1255 custodiret?

512 629 545 667 a
584 624 747 681 porro
767 647 783 674 ,
826 604 969 676 quod
999 601 1140 674 apud
1165 614 1259 656 eos
1277 598 1479 673 πράσον
1514 593 1729 655 dicitur,
1761 602 1955 644 nomen
2000 599 2094 639 ac-

515 701 679 772 cepit.
710 728 719 741 α

585 812 653 866 Et
678 825 865 864 nomen
893 806 1052 877 ﬂuvio
1080 802 1308 858 secundo
1336 796 1480 854 Geon
1508 811 1525 849 :
1558 797 1666 866 ipse
1686 802 1761 849 est
1783 792 1873 863 qui
1912 786 2096 844 circuit

514 918 720 958 omnem
746 910 941 954 terram
965 894 1275 959 Ethiopiw,
1293 900 1348 947 et
1379 891 1764 958 interpretatur
1780 890 1959 954 pectus
1985 879 2101 935 sive

505 1002 865 1065 "pm-ruptum.

612 1100 820 1155 Nomen
874 1115 990 1154 vero
1048 1095 1282 1168 fluminis
1332 1093 1471 1147 tertii
1526 1089 1699 1161 Tigris
1745 1103 1763 1143 :
1804 1087 1913 1157 ipse
1958 1082 2101 1140 vadit

521 1204 704 1251 contra
758 1192 1021 1262 Assyrios.
1076 1190 1318 1244 Vocatur
1380 1198 1595 1257 quoque
1645 1180 1825 1253 Tigris
1881 1184 2105 1249 propter

525 1286 903 1348 velocitatem,
961 1283 1132 1337 instar
1170 1279 1358 1335 bestia:
1394 1276 1558 1332 nimia
1604 1272 1925 1345 pernicitate
1974 1284 2108 1325 cur-

524 1378 714 1432 routis.

598 1510 820 1565 Flavius
865 1520 1037 1563 autem
1086 1516 1305 1579 quartus
1350 1505 1456 1575 ipse
1506 1511 1581 1557 est
1631 1499 1945 1571 Euphrates.
2001 1493 2109 1551 Eu-

529 1604 751 1676 phrates
797 1616 926 1656 vero
976 1600 1365 1668 interpretatur
1411 1593 1635 1665 frugifer
1685 1591 1799 1647 sive
1850 1596 2105 1643 creseens.

526 1693 734 1749 Idcirco
767 1691 834 1746 de
879 1690 1153 1760 Euphrate
1195 1688 1283 1742 ubi
1316 1686 1495 1749 vadat,
1548 1696 1751 1753 quasve
1797 1689 1972 1736 terras
2001 1677 2111 1734 cir-

529 1792 765 1842 cumeat.
803 1798 908 1835 non
949 1781 1099 1844 dicit,
1156 1779 1283 1848 quia
1339 1778 1453 1846 ipse
1500 1776 1556 1831 in
1609 1774 1791 1829 vicino
1834 1766 2110 1844 proﬂ'Iiens

2209 1301 2454 1373 nunquid
2483 1298 2623 1355 forte
2660 1295 3046 1368 agriculturam
3082 1292 3340 1347 Dominus
3378 1289 3553 1345 voluit
3582 1288 3811 1357 operari

2209 1394 2442 1465 primum
2473 1389 2777 1445 hominem?
2815 1386 2897 1441 An
2944 1402 3050 1440 non
3096 1390 3180 1438 est
3211 1379 3467 1437 credibile
3494 1379 3646 1449 quod
3679 1392 3815 1432 eum

2212 1491 2339 1539 ante
2380 1487 2663 1554 peccatum
2704 1474 3043 1533 damnaverit
3093 1472 3162 1527 ad
3205 1469 3482 1526 laborem?
3533 1469 3618 1523 Ita
3674 1481 3817 1521 sane

2212 1576 2623 1637 arbitraremur,
2663 1568 2768 1624 nisi
2811 1567 3121 1623 videremus
3166 1577 3288 1617 cum
3342 1569 3490 1615 tanta
3518 1558 3817 1627 voluptate

2214 1668 2381 1724 animi
2412 1662 2696 1737 agricolari
2729 1659 3011 1731 quosdam,
3045 1664 3102 1710 ut
3147 1654 3230 1710 eis
3276 1667 3468 1721 magna
3522 1664 3693 1719 pmna
3742 1649 3821 1702 sit

2218 1761 2342 1816 inde
2394 1759 2461 1815 ad
2499 1756 2644 1811 aliud
2688 1751 2926 1809 evocari.
2983 1747 3256 1818 Quidquid
3303 1760 3433 1816 ergo
3478 1743 3815 1799 deliciarum

530 1887 687 1929 teme
725 1835 1191 1942 repromissionis:
1213 1835 1465 1923 facillime
1486 1883 1517 1922 a
1544 1865 1740 1937 pepqu
1776 1835 1935 1919 lsrael
1958 1905 1972 1929 ,
2015 1861 2107 1931 qui
2140 1843 2184 1904 Β
2215 1852 2377 1908 habet
2404 1846 2756 1921 agricultura,
2786 1851 2919 1897 tunc
2955 1841 3142 1910 utique
3183 1838 3341 1909 longe
3383 1835 3622 1906 amplius
3663 1842 3814 1897 erat,

530 1967 726 2022 ibidem
755 1962 960 2034 positus
988 1962 1104 2015 lucc
1132 1958 1368 2014 lecturus
1402 1965 1540 2023 erat,
1570 1963 1781 2026 poterat
1801 1953 1947 2009 sciri.
1976 1952 2111 2018 Quia

534 2075 661 2113 vero
706 2072 804 2127 per
831 2070 999 2125 aquas
1050 2052 1473 2123 regeneratrices
1521 2063 1799 2121 regressus
1842 2046 1998 2100 nobis
2046 2042 2113 2098 ad

518 2150 771 2206 ‘cmlcstia
819 2153 986 2217 patet,
1022 2143 1264 2215 congruit
1323 2141 1456 2197 satis
1484 2135 1870 2209 dispensationi
1921 2134 2116 2190 divinis

518 2241 769 2312 tpietatis,
802 2247 863 2293 ut
892 2239 1067 2308 ipsum
1088 2236 1414 2292 elementum
1443 2246 1539 2303 per
1558 2231 1700 2301 quod
1724 2228 1790 2282 ad
1825 2231 2114 2296 supernam

532 2334 764 2406 patriam
811 2331 1137 2395 reducimur,
1171 2327 1328 2384 nobis
1351 2326 1423 2381 sit
1453 2339 1576 2380 cum
1610 2321 1883 2393 paradiso,
1907 2319 1964 2373 in
2008 2329 2116 2386 quo

532 2427 744 2497 positus
771 2431 857 2479 est
876 2423 1036 2478 homo
1080 2421 1311 2491 primus,
1340 2431 1643 2481 commune,
1688 2423 1743 2469 et
1776 2414 1916 2469 sicut
1943 2409 2115 2482 gratia

538 2529 636 2570 nos
666 2528 919 2568 recreans
952 2510 1296 2566 invisibiliter
1336 2507 1487 2579 regni
1538 2504 1776 2562 cmlestis
1814 2504 2118 2574 ingressum

537 2612 824 2676 praeparat,
850 2604 925 2657 ita
964 2602 1127 2657 etiam
1172 2597 1513 2655 invisibiliter
1541 2596 1611 2651 ad
1645 2599 1889 2650 nostrum
1930 2594 2119 2649 orbem

535 2696 605 2752 de
624 2680 876 2768 paradiso
904 2709 1002 2763 per
1036 2701 1195 2748 terra:
1222 2704 1389 2746 venas
1417 2689 1551 2758 ipsa,
1582 2702 1680 2757 per
1706 2700 1866 2755 quam
1892 2698 1992 2738 nos
2033 2696 2121 2737 re-

536 2796 710 2854 creat,
743 2787 884 2842 unda
911 2784 1173 2856 prosiliat.
1207 2781 1268 2838 Si
1295 2795 1423 2852 ergo
1470 2779 1687 2849 spiritus
1746 2776 1834 2830 ubi
1864 2773 1969 2829 vutt
2008 2772 2119 2843 spi-

539 2887 641 2943 rat,
680 2887 729 2932 et
780 2893 951 2933 vocem
979 2876 1095 2946 ejus
1125 2874 1313 2939 audis,
1343 2871 1434 2926 sed
1465 2886 1567 2925 non
1614 2869 1715 2922 scis
1765 2866 1904 2921 unde
1954 2865 2122 2918 veniat

540 2976 633 3021 aut
677 2983 780 3038 quo
809 2967 961 3021 vadat
1003 2963 1188 3038 (Joan.
1250 2961 1366 3033 ιιι),
1420 2961 1500 3016 sic
1550 2959 1713 3014 etiam
1785 2956 2009 3012 decebat
2066 2958 2125 3008 ιιι

543 3071 703 3127 aqua,
744 3070 864 3126 quae
896 3070 990 3111 eos
1015 3069 1150 3124 quos
1178 3052 1293 3107 vult
1322 3051 1556 3122 Spiritus
1579 3046 1902 3110 sanctificat,
1925 3043 2127 3116 ignotis

543 3147 613 3201 ad
640 3160 739 3201 nos
768 3144 872 3199 viis
892 3144 959 3199 de
984 3143 1236 3214 paradiso
1264 3141 1534 3207 adveniat,
1565 3148 1621 3195 et
1656 3139 1725 3194 ad
1744 3137 1935 3208 ignota
1971 3135 2128 3190 nobis

2213 1944 2429 2016 quando
2454 1939 2590 1996 nihil
2630 1937 2912 1993 accidebat
2944 1935 3029 1988 vel
3055 1941 3232 1995 terrae,
3276 1929 3363 1984 vel
3390 1928 3529 1984 caelo
3560 1926 3809 1982 adversi.

2215 2036 2331 2091 Non
2360 2036 2504 2089 enim
2550 2036 2669 2087 erat
2713 2026 2917 2083 laboris
2962 2021 3203 2087 atllictio,
3231 2020 3326 2076 sed
3354 2018 3691 2075 exhilaratio
3717 2032 3816 2071 vo-

2215 2124 2457 2188 luntatis,
2484 2137 2607 2177 cum
2643 2135 2705 2175 ea
2728 2133 2849 2189 qua:
2874 2113 3014 2170 Deus
3041 2117 3341 2176 creaverat,
3371 2109 3600 2164 humani
3630 2107 3818 2177 operis

2217 2214 2484 2287 adjutorio
2511 2212 2687 2267 laetius
2707 2208 3047 2277 feraciusque
3079 2202 3446 2275 provenirent,
3473 2200 3628 2255 unde
3652 2196 3822 2256 Crea-

2217 2317 2303 2363 tor
2337 2307 2450 2377 ipse
2489 2303 2713 2359 uberius
2753 2299 3087 2363 laudaretur,
3124 2294 3219 2366 qui
3249 2293 3442 2348 anima:
3478 2292 3535 2346 in
3575 2304 3818 2360 corpore

2214 2395 2439 2452 animali
2486 2394 2794 2450 constitutae
2839 2390 3105 2446 rationem
3158 2385 3397 2441 dedisset
3439 2382 3715 2454 operandi
3753 2396 3820 2437 ac

2216 2486 2552 2551 facultatem,
2578 2491 2840 2555 quantum
2869 2480 3052 2536 animo
3076 2475 3278 2534 volenti
3327 2475 3461 2531 satis
3488 2480 3666 2536 esset,
3703 2489 3837 2533 non,

2215 2588 2481 2651 quantum
2531 2575 2760 2631 invitum
2822 2570 3114 2642 indigentia
3158 2566 3409 2639 corporis
3450 2573 3704 2637 cogeret.
3752 2562 3821 2619 Ui

2222 2675 2549 2741 operaretur,
2598 2662 2806 2734 inquit,
2860 2672 2908 2715 et
2955 2658 3243 2714 custodiret
3289 2655 3459 2721 illum,
3508 2655 3824 2711 custodiret

2224 2759 2475 2816 videlicet
2512 2754 2762 2814 eumdem
2812 2751 3122 2824 paradisum
3171 2750 3286 2821 ipse
3329 2747 3456 2815 sibi,
3486 2762 3558 2804 ne
3607 2745 3823 2818 aliquid

2227 2853 2559 2918 admitteret,
2604 2857 2828 2921 propter
2878 2846 3024 2919 quod
3081 2844 3207 2900 inde
3250 2851 3552 2899 mereretur
3593 2841 3820 2914 erpelli.

2228 2942 2473 3012 Denique
2527 2938 2726 3010 accipit
2770 2943 3137 3008 praeceptum,
3177 2942 3239 2989 ut
3286 2933 3359 2989 sit
3381 2947 3479 3003 per
3519 2933 3670 3002 quod
3717 2930 3824 2987 sibi

2230 3032 2499 3089 costodiat
2544 3028 2881 3101 paradisum,
2907 3025 2962 3081 id
2992 3032 3098 3092 est,
3129 3039 3237 3095 quo
3272 3032 3485 3080 servato
3526 3038 3639 3078 non
3694 3023 3825 3078 inde

2230 3122 2563 3194 projiciatur.
2598 3118 2768 3174 Recte
2815 3117 2961 3172 enim
2989 3115 3221 3188 quisque
3246 3114 3445 3169 dicitur
3486 3128 3595 3167 non
3638 3122 3826 3168 custo-

548 3237 664 3292 loca
686 3235 894 3301 redeat,
918 3197 1080 3305 quia
1113 3241 1293 3289 tamen
1314 3232 1380 3289 de
1410 3197 1665 3303 paradiso
1688 3197 1978 3298 voluptatis
2001 3197 2203 3281 εοιι-Ε
2235 3214 2379 3269 disse
2429 3225 2543 3266 rem
2602 3223 2755 3305 suam
2775 3248 2791 3275 .
2826 3207 2919 3278 qui
2966 3206 3047 3261 sic
3099 3204 3212 3276 egit
3237 3203 3614 3305 ut‘amitteret
3656 3218 3785 3258 eam

548 3335 658 3384 stat
708 3328 911 3383 habere
955 3326 1241 3398 originem.
1267 3323 1608 3378 Plantaverat
1647 3330 1823 3375 autem
1869 3317 2131 3374 Dominus

548 3418 693 3472 Deus
738 3416 1046 3489 paradisum
1101 3414 1380 3486 voluptatis
1428 3430 1462 3467 a
1507 3410 1782 3483 principio.
1840 3408 2134 3464 Paradisus

550 3510 790 3566 Ecclesia
812 3519 914 3576 est,
939 3510 1019 3564 sic
1042 3508 1188 3564 enim
1219 3508 1285 3564 de
1320 3506 1407 3562 illa
1433 3506 1630 3577 legitur
1655 3504 1710 3558 in
1739 3501 1978 3558 Canticis
2007 3516 2136 3557 cau-

552 3604 782 3657 ticorum
818 3618 832 3655 :
871 3600 1073 3656 Hortus
1117 3599 1392 3655 conclusus
1419 3614 1571 3654 soror
1598 3614 1714 3652 mea
1759 3595 1934 3667 (Cant.
1962 3593 2059 3666 tv).
2087 3592 2134 3647 A

550 3694 816 3765 principio
855 3701 1035 3748 autem
1081 3691 1360 3762 plantatur
1403 3688 1703 3760 paradisus,
1735 3687 1861 3757 quia
1890 3685 2135 3743 Ecclesia

552 3783 820 3839 catholica
877 3798 908 3837 a
957 3780 1197 3848 Christo,
1234 3781 1325 3850 qui
1377 3788 1461 3836 est
1499 3777 1823 3850 principium
1869 3775 2132 3841 omnium,

554 3877 773 3932 condita
799 3892 919 3932 esse
939 3875 1284 3948 cognoscitur
1314 3873 1520 3947 (Isid.).
1548 3868 1769 3927 Fluvius
1799 3870 1865 3926 de
1882 3868 2138 3940 paradiso

552 3967 774 4030 exiens,
832 3965 1123 4036 imaginem
1150 3971 1334 4035 portat
1360 3961 1564 4018 Christi
1606 3962 1673 4017 de
1714 3968 1942 4030 paterno
1989 3956 2140 4014 fonte

554 4056 793 4122 liuentis,
823 4055 913 4126 qui
942 4055 1133 4126 irrigat
1176 4053 1472 4110 Ecclesium
1504 4068 1658 4109 suam
1688 4051 1854 4107 verbo
1877 4048 2141 4120 praedica-

558 4149 722 4204 tionis
750 4158 806 4203 et
849 4149 989 4204 dono
1023 4148 1295 4218 baptismi.
1322 4146 1399 4203 De
1438 4162 1544 4217 quo
1589 4146 1727 4200 bene
1764 4161 1859 4216 per
1902 4145 2140 4215 prophe-

559 4248 668 4291 tam
695 4238 893 4293 dicitur
925 4257 937 4292 :
971 4238 1228 4293 Dominus
1254 4238 1392 4292 Deus
1416 4244 1592 4292 norter
1630 4237 1820 4307 ﬂuvius
1855 4234 2140 4306 gloriosus,

558 4330 804 4384 exsiliens
826 4340 1019 4384 terram
1047 4330 1305 4385 sitientem
1349 4329 1485 4400 (Isa.
1520 4327 1687 4399 xciv).
1710 4325 1867 4395 Quod
1910 4334 2144 4396 quatuor

561 4420 869 4474 ﬂuminibus
906 4420 974 4475 de
1015 4421 1264 4490 paradiso
1291 4418 1692 4490 egredientibus
1726 4426 1873 4472 terra
1912 4415 2141 4486 rigatur,

563 4508 790 4563 solidum
824 4510 1019 4564 mentis
1048 4519 1246 4564 nostra:
1281 4508 1568 4564 aediﬁcium
1590 4549 1605 4572 ,
1654 4507 1956 4577 prudentia,
2011 4516 2145 4560 tem-
2172 4547 2220 4606 ι)

564 4600 829 4668 perantia,
880 4598 1159 4665 fortitudo,
1200 4600 1410 4671 justitia
1462 4600 1739 4665 continet;
1787 4599 1910 4669 quia
1958 4599 2014 4653 in
2060 4599 2144 4653 his

563 4698 795 4760 quatuor
833 4689 1125 4746 virtutibus
1166 4699 1276 4745 tota
1314 4690 1439 4745 boni
1485 4689 1664 4759 operis
1699 4697 1970 4743 structura
2010 4706 2143 4744 con-

563 4781 755 4853 surgit.
787 4779 989 4854 (Creg.)
1018 4782 1261 4849 Quatuor
1287 4798 1415 4853 ergo
1437 4781 1673 4853 paradisi
1700 4780 1919 4836 flumina
1947 4790 2143 4836 terram

566 4872 811 4944 irrigant,
863 4874 990 4943 quia
1042 4873 1168 4928 dum
1217 4872 1305 4928 his
1338 4881 1569 4943 quatuor
1609 4873 1900 4928 virtutibus
1930 4888 2025 4927 cor
2057 4872 2146 4925 in-

569 4960 829 5028 funditur,
887 4964 955 5018 ab
1009 4963 1155 5017 omni
1215 4963 1603 5019 desideriorum
1657 4962 1953 5018 carnalium
2011 4969 2146 5016 :estu

570 5064 917 5126 temperatur.
970 5054 1102 5110 ltem
1144 5055 1431 5126 allegorice
1476 5063 1711 5124 quatuor
1765 5053 2001 5124 paradisi
2046 5050 2145 5104 ﬂu-

569 5150 735 5212 mina,
796 5156 1027 5218 quatuor
1075 5158 1201 5202 sunt
1255 5146 1540 5219 Evangelia
1597 5147 1661 5201 ad
1710 5148 2146 5216 praedicationem

566 5243 778 5300 cunctis
819 5241 1068 5314 gentibus
1126 5240 1310 5294 missa.
1370 5238 1539 5310 Ligna
1594 5236 1902 5303 fructifera,
1960 5254 2149 5295 omnes

570 5335 741 5392 sancti
775 5342 925 5397 sunt;
971 5332 1181 5387 fructus
1214 5345 1423 5393 eorum,
1472 5344 1638 5397 opera
1681 5340 1899 5396 eorum;
1945 5328 2145 5401 lignum

571 5428 735 5490 vitar,
782 5434 1002 5481 sanctus
1037 5434 1346 5479 sanctorum
1396 5421 1584 5490 utique
1630 5430 1713 5476 est
1759 5420 2028 5486 Christus,
2082 5422 2150 5476 azl

571 5512 732 5590 quem
763 5518 992 5587 quisque
1023 5515 1066 5570 si
1110 5512 1414 5584 porrexerit
1451 5528 1692 5573 manum,
1725 5512 1870 5566 vivet
1900 5511 1954 5565 in
1997 5519 2154 5565 teter-

574 5626 722 5664 uum.
765 5607 946 5679 tlsid.)
988 5605 1217 5677 Lignum
1264 5613 1445 5659 autem
1481 5603 1719 5658 scientiae
1765 5601 1891 5657 ι)οηί
1920 5611 1973 5657 et
2024 5602 2151 5657 ma‘li

570 5700 851 5770 proprium
894 5708 979 5754 est
1007 5684 1297 5753 voluntatis
1336 5695 1645 5759 arbitrium,
1695 5693 1837 5765 quod
1883 5694 1936 5750 in
1976 5693 2155 5749 medio

567 5794 745 5848 ‘uostri
774 5801 855 5850 cst
875 5793 1104 5862 positum
1143 5794 1207 5849 ad
1255 5793 1679 5864 diguosccndum
1726 5791 1930 5845 bonum
1957 5798 2009 5846 et
2037 5805 2152 5845 ma-

2225 3305 2394 3361 ‘etiam
2434 3302 2480 3358 si
2503 3299 2658 3356 alteri
2678 3297 2826 3354 salva
2850 3298 2943 3364 sit,
2974 3295 3065 3367 qui
3106 3310 3225 3351 eam
3244 3292 3331 3350 vel
3353 3293 3581 3357 invenit,
3610 3291 3703 3348 vel
3734 3307 3825 3348 ae-

2235 3397 2415 3467 cipere
2457 3394 2673 3450 meruit.
2704 3391 2801 3447 Est
2828 3390 2967 3446 alius
2990 3390 3043 3444 in
3074 3389 3161 3444 bis
3183 3386 3365 3443 verbis
3406 3400 3625 3452 sensus,
3653 3400 3823 3457 quem

2230 3497 2364 3560 puto
2392 3503 2501 3543 non
2536 3485 2816 3542 immerito
2840 3482 3281 3556 praeponendum,
3313 3487 3375 3533 ut
3418 3478 3592 3549 ipsum
3640 3477 3823 3533 homi-

2235 3595 2360 3635 nem
2406 3585 2731 3649 operaretur
2786 3576 2931 3632 Deus
2974 3581 3031 3630 et
3073 3571 3403 3629 custodiret.
3467 3569 3623 3625 Sicut
3672 3569 3824 3624 enim

2230 3670 2398 3725 homo
2421 3674 2679 3737 operatur
2703 3673 2928 3732 terram,
2956 3678 3063 3719 non
3103 3669 3167 3717 at
3204 3676 3325 3716 eam
3356 3656 3524 3715 faciat
3561 3673 3689 3714 esse
3725 3668 3828 3714 ter-

2238 3774 2373 3822 ram,
2401 3758 2496 3815 sed
2518 3765 2579 3813 ut
2610 3755 2811 3814 cultam
2839 3763 3003 3826 atque
3031 3753 3397 3816 fructuosam;
3438 3749 3519 3805 sic
3540 3750 3697 3805 Deus
3726 3750 3825 3804 bo-

2234 3852 2437 3908 minem
2461 3849 2633 3906 multo
2664 3849 2841 3920 magis
2869 3862 3032 3918 quem
3061 3846 3181 3916 ipse
3205 3843 3411 3900 creavit
3430 3851 3495 3898 ut
3530 3843 3701 3897 homo
3726 3843 3825 3903 sit,

2234 3956 2363 3999 eum
2395 3943 2509 4013 ipse
2534 3950 2788 4012 operatur
2830 3937 3089 4007 otiustus
3129 3937 3221 4001 sit,
3248 3943 3304 3990 et
3330 3942 3391 3989 ut
3432 3933 3599 3989 homo
3628 3933 3702 3988 ab
3736 3933 3827 3987 illo

2231 4047 2336 4108 per
2383 4035 2691 4106 superbiam
2742 4046 2849 4089 non
2891 4032 3164 4088 abscedat.
3197 4028 3387 4085 Posuit
3414 4045 3535 4099 ergo
3562 4028 3827 4081 hominem

2232 4129 2296 4183 in
2333 4126 2582 4199 paradiso
2637 4124 2934 4195 voluptatis,
2980 4131 3085 4179 etc.
3129 4120 3468 4191 Operaretur,
3515 4117 3733 4172 scilicet
3770 4126 3831 4170 ut

2240 4218 2415 4273 bonus
2455 4217 2754 4286 beatusque
2775 4221 2957 4279 esset;
2999 4211 3283 4267 custodiret
3306 4225 3436 4265 vero
3470 4219 3528 4262 ut
3555 4218 3710 4263 tutus
3740 4222 3831 4261 es-

2242 4315 2355 4372 set,
2385 4306 2557 4376 ipsius
2598 4320 2657 4361 se
2686 4303 3043 4360 dominationi
3090 4316 3156 4357 ac
3192 4297 3521 4372 protectioni
3547 4297 3835 4352 humiliter

2230 4397 2540 4454 subdendo.

2829 4503 3056 4561 CAPUT
3104 4501 3239 4556 Xlll.

2253 4597 2351 4653 Ubi
2383 4607 2694 4670 praeceptum
2717 4595 2853 4670 Adae
2883 4612 2916 4649 a
2948 4594 3058 4670 Deo
3085 4594 3141 4670 in
3173 4592 3836 4670 paradiso.datumoest,~a

2394 4658 2565 4722 Adam
2586 4668 2799 4722 nomina
2823 4666 3024 4720 cunctis
3046 4658 3398 4717 animantibus
3420 4658 3685 4730 imposuit.

2324 4783 2682 4853 Pm'cepitque
2729 4779 2776 4834 ei
2815 4778 2994 4833 dicens
3029 4790 3049 4829 :
3083 4776 3169 4830 Eat
3215 4776 3354 4830 oinui
3401 4771 3543 4842 tigno
3599 4770 3840 4840 paradisi

2254 4877 2481 4939 comede,
2521 4876 2588 4931 de
2619 4874 2758 4944 ligno
2786 4882 2961 4926 autem
2982 4868 3222 4925 scientiis
3250 4866 3369 4921 boni
3403 4874 3450 4920 et
3484 4863 3613 4917 mali
3642 4878 3709 4915 ne
3756 4879 3842 4915 co-

2254 4966 2453 5021 medas.
2486 4965 2601 5019 Non
2626 4971 2710 5019 est
2730 4960 3056 5017 credendum
3078 4959 3228 5028 quod
3251 4957 3303 5011 in
3331 4955 3486 5026 iigno
3512 4953 3605 5007 illo
3633 4951 3841 5021 aliquid

2252 5059 2378 5115 mali
2412 5056 2729 5112 naturaliter
2773 5054 3004 5117 inesset,
3047 5052 3189 5107 sicut
3221 5056 3283 5104 'et
3327 5063 3489 5118 supra
3531 5047 3840 5105 docuimus,

2254 5151 2346 5206 sed
2382 5150 2448 5203 ab
2475 5164 2541 5203 eo
2569 5148 2711 5218 ligno
2734 5146 2878 5216 quod
2909 5144 3106 5199 malum
3139 5154 3244 5198 n‘On
3273 5149 3394 5196 erat
3428 5139 3741 5211 prohibitus
3763 5145 3841 5190 est

2253 5241 2437 5305 homo,
2481 5249 2539 5294 ut
2577 5239 2690 5309 ipsa
2728 5253 2826 5308 per
2863 5252 2921 5291 se
2945 5234 3211 5306 'prtecepti
3260 5230 3603 5288 conservatio
3645 5241 3844 5283 mnino

2253 5334 2331 5388 illi
2359 5342 2502 5388 esset
2529 5339 2585 5386 et
2616 5329 2975 5399 transgressio
3003 5325 3226 5383 ma‘ium.
3258 5326 3499 5395 Denique
3528 5339 3556 5377 a
3584 5329 3847 5393 pecmme

2253 5423 2389 5479 nihil
2427 5418 2570 5476 aliud
2609 5421 2906 5491 appetitum
2940 5426 3057 5482 est,
3088 5418 3191 5472 nisi
3237 5431 3344 5472 non
3376 5429 3498 5470 esse
3539 5415 3643 5468 sub
3671 5412 3847 5466 domi-

2252 5513 2470 5568 natione
2516 5511 2632 5574 Dei,
2659 5510 2873 5579 quando
2898 5506 3035 5562 illud
3062 5507 3357 5561 admissum
3400 5512 3502 5567 est,
3533 5503 3587 5556 in
3619 5516 3748 5571 quo,
3782 5513 3851 5553 ne

2257 5605 2651 5666 admitteretur.
2683 5600 2796 5657 sola
2825 5600 3043 5655 deberet
3066 5597 3241 5666 jussio
3267 5594 3599 5652 dominantis
3616 5590 3852 5647 attendi.

2257 5697 2387 5763 Quae
2415 5695 2458 5750 si
2505 5694 2616 5748 sola
2661 5692 3055 5754 attenderetur,
3085 5689 3214 5757 quid
3253 5687 3398 5741 aliur-l
3428 5700 3592 5754 quam
3622 5682 3721 5737 Boi
3752 5696 3851 5736 vo-

2262 5772 2445 5841 luntas
2471 5783 2776 5840 amaretur?
2802 5780 2929 5850 quid
2967 5777 3108 5833 aliud
3136 5793 3297 5848 quam
3344 5776 3437 5831 Dei
3466 5773 3725 5828 voluntas
3755 5773 3847 5827 bu-
