3958 6204
194 316 286 372 681

1213 318 1562 376 COMMENT.
1601 323 1666 378 IN
1705 325 2024 382 GENESIM.
2065 359 2131 367 -—
2172 329 2294 383 LIB.
2334 328 2372 382 l.

3335 339 3446 396 l8?!

190 444 360 496 mana)
402 427 666 484 voluntati
715 431 1151 500 praeponerelut'?
1194 431 1304 488 Nec
1339 433 1454 489 lierl
1500 444 1674 504 potest
1712 446 1771 490 ut
1801 442 1846 499 Λ
1873 453 1961 490 eos
1994 438 2049 491 in
2078 439 2284 492 nomine
2312 449 2420 502 tuo,
2451 455 2579 510 quos
2609 441 2794 496 dedisti
2822 445 2954 498 mihi
2985 446 3236 502 custodiri
3264 449 3443 521 (Joan.

190 521 437 575 voluntas
476 519 691 591 propria
738 536 844 575 non
885 521 1075 591 grandi
1124 523 1291 578 ruina:
1333 525 1564 592 pondere
1609 541 1770 595 super

189 610 467 666 hominem
511 610 697 673 cadat,
740 611 786 664 si
815 624 937 665 eam
979 611 1241 666 voluntati
1276 614 1570 683 superioris
1599 617 1768 670 extol-

187 701 340 756 lendo
369 708 670 770 praeponat.
696 699 811 755 Hoc
833 709 1088 770 expertus
1115 710 1199 758 est
1223 704 1384 758 homo
1417 714 1767 762 contemnens

187 798 514 859 pneceptum
556 789 672 852 Dei,
717 797 773 842 et
817 790 920 846 hoc
969 791 1339 860 experimento
1381 794 1594 859 didicit,
1634 796 1766 865 quid

189 882 474 934 interesset
507 879 650 933 inter
694 880 895 934 bonum
937 888 992 935 et
1039 881 1276 948 malum;
1321 884 1518 939 bonum
1559 886 1767 942 scilicet

185 971 525 1036 obedientiz‘e,
567 972 767 1027 malum
809 983 989 1027 autem
1034 973 1434 1042 inobedientire,
1479 979 1760 1046 superbite,

185 1063 553 1126 contumaciae,
583 1076 851 1136 perversae
897 1062 1213 1118 imitationis
1241 1065 1356 1130 Dei,
1389 1072 1444 1123 et
1486 1067 1662 1121 noxia:
1697 1066 1763 1122 li-

183 1154 426 1208 bertatis.
454 1153 569 1208 Hoc
595 1163 773 1208 autem
800 1154 854 1208 in
886 1169 994 1224 quo
1030 1154 1174 1226 ligno
1199 1157 1445 1214 accidere
1471 1160 1669 1228 potuit,
1697 1174 1765 1214 ex

185 1251 289 1315 ipsa
325 1259 409 1311 re,
460 1254 520 1299 ut
564 1245 676 1314 jam
728 1245 1097 1314 supradictum
1141 1255 1253 1312 est,
1285 1263 1482 1304 nomen
1529 1251 1760 1320 accepit.

182 1339 516 1406 Praeceptum
559 1333 700 1405 quod
747 1335 954 1405 accepit
999 1335 1296 1406 ﬁguraliter
1348 1339 1619 1406 Christus,
1664 1355 1764 1398 nos

183 1428 478 1498 accipimus
505 1426 558 1482 in
597 1425 686 1480 illo
719 1425 846 1496 quia
891 1427 1260 1496 unusquisque
1283 1427 1624 1487 Christianus
1653 1447 1762 1487 non

183 1522 474 1588 incongrue
531 1525 704 1589 gestat
749 1532 1037 1586 personam
1095 1517 1325 1587 Christi,
1379 1522 1592 1578 dicente
1647 1524 1762 1594 ipso

182 1609 406 1664 Domino
433 1628 446 1662 :
477 1609 606 1674 Qua:
647 1609 843 1678 fecistis
872 1610 964 1662 uni
997 1625 1062 1663 ea:
1089 1611 1318 1666 minimis
1347 1613 1480 1679 istis,
1520 1616 1648 1673 mihi
1692 1617 1766 1687 fe-

182 1704 316 1756 cistis
347 1701 563 1773 (Matth.
591 1702 738 1773 xxv).
757 1701 937 1773 (Isid.)
965 1703 1171 1758 Dicitur
1193 1719 1323 1776 ergo
1349 1705 1433 1760 Ex
1454 1711 1595 1764 omni
1619 1710 1760 1781 ligno

180 1793 414 1862 paradisi
459 1792 725 1857 comedes;
769 1792 835 1845 de
880 1791 1020 1863 ligno
1061 1803 1234 1848 autem
1274 1797 1506 1851 scientia:
1551 1799 1667 1853 boni
1707 1795 1833 1854 etB

180 1885 299 1938 mali
343 1902 410 1940 ne
442 1884 700 1938 comedas.
728 1882 1044 1954 Przecipitur
1067 1885 1209 1940 enim
1239 1887 1395 1943 nobis
1433 1899 1490 1942 ut
1519 1890 1760 1947 fruamur

177 1978 318 2031 omni
375 1976 520 2047 ligno
561 1975 818 2046 paradisi,
859 1991 966 2046 quo
1013 1977 1389 2047 signiﬁcantur
1445 1982 1758 2051 spirituales

178 2068 401 2123 deliciae.
447 2065 679 2121 Fructus
727 2077 901 2121 autem
943 2069 1156 2137 spiritus
1202 2079 1276 2123 est
1326 2071 1578 2137 charitas,
1627 2091 1756 2144 gau-

177 2159 338 2220 dium,
362 2174 486 2227 pax,
512 2157 901 2227 longanimitas,
929 2157 1240 2228 benignitas,
1268 2159 1493 2226 bonitas,
1521 2179 1760 2218 mansue-

177 2253 319 2315 tudo,
350 2251 688 2313 continentia,
722 2251 936 2305 castitas
964 2249 1164 2322 (Galat.
1189 2255 1266 2324 v),
1299 2255 1439 2310 sicut
1463 2257 1592 2312 dicit
1618 2259 1760 2328 Apo-

179 2341 361 2395 stolas.
394 2341 460 2394 Et
492 2357 597 2395 non
641 2348 922 2411 tangamus
968 2340 1169 2412 lignum
1199 2343 1254 2397 in
1301 2346 1478 2407 modio
1518 2349 1756 2418 paradisi

179 2430 473 2499 plantatum
503 2428 742 2485 scientiae
788 2428 914 2483 boni
955 2437 1010 2484 et
1056 2430 1217 2497 mali,
1247 2432 1300 2486 id
1337 2442 1450 2498 est,
1481 2451 1584 2490 non
1623 2437 1756 2490 veli-

179 2535 290 2573 mus
318 2519 601 2588 superbire
631 2519 697 2573 de
731 2527 921 2572 natura
961 2519 1170 2574 arbitrii
1213 2523 1408 2588 nostri,
1437 2539 1557 2594 qute
1582 2527 1755 2580 modia

180 2621 290 2674 est,
331 2622 393 2665 ut
435 2610 646 2677 decepti
701 2619 920 2682 propter
966 2612 1252 2670 scientiam
1300 2616 1643 2684 experiamur
1689 2619 1754 2671 ad

181 2702 395 2756 malum.

242 2794 307 2848 In
332 2809 646 2864 quocunque
669 2794 804 2848 enim
829 2794 915 2848 die
943 2795 1227 2850 comederis
1247 2813 1311 2850 ex
1339 2813 1422 2862 eo,
1448 2808 1612 2852 morte
1651 2815 1759 2852 nta-

179 2885 339 2938 vien’s.
371 2883 492 2939 Non
525 2884 601 2938 ait
625 2901 640 2938 :
670 2883 727 2938 Si
756 2885 1054 2940 comederis
1085 2886 1347 2952 mortalis,
1372 2887 1499 2942 eris.
1528 2887 1594 2941 la
1624 2905 1752 2960 quo-

179 2989 388 3043 cunque,
422 2974 620 3044 inquit,
651 2974 734 3027 die
776 2974 1061 3028 comederis
1088 2991 1154 3029 ea:
1183 2991 1265 3039 eo,
1299 2988 1462 3032 morte
1496 2978 1751 3034 morieris.

180 3065 412 3120 Mortuus
440 3081 672 3136 namque
701 3076 786 3120 est
827 3067 986 3121 homo
1018 3067 1071 3122 in
1100 3068 1280 3124 anima
1322 3085 1444 3131 cum
1485 3071 1750 3138 peccavit,

1876 529 2030 600 xvu).
2079 530 2416 584 Pensandutn
2464 548 2785 603 magnopere
2837 547 2941 601 est,
2976 540 3100 607 quia
3138 541 3273 595 bona
3326 558 3448 612 pro-

1871 619 2028 675 desse
2057 631 2351 690 nequeunt,
2379 623 2421 675 si
2452 625 2590 678 mala
2625 642 2743 694 qua:
2783 629 3076 698 subrepunt
3111 647 3212 684 non
3255 649 3448 688 caven-

1871 719 1978 764 tur.
2004 709 2151 764 l’erit
2187 727 2345 766 omne
2381 713 2577 767 bonum
2608 717 2748 783 quod
2788 719 2984 786 agitur,
3015 720 3058 774 si
3087 736 3190 773 non
3219 721 3449 777 sollicite

1871 799 1925 854 in
1979 800 2282 856 humilitate
2333 805 2683 858 custodiatur.
2738 807 2891 862 Unde
2935 813 3072 864 bene
3117 827 3332 882 quoque
3382 815 3447 868 de

1869 890 1984 959 ipso
2017 901 2239 960 parente
2267 904 2451 947 nostro
2483 895 2717 950 dicitur:
2749 896 2931 952 Posmt
2958 918 3077 954 eum
3109 902 3363 958 Dominus
3393 905 3451 960 in.

1867 981 2171 1050 paradisum
2203 981 2499 1052 voluptatis,
2532 994 2587 1037 ut
2633 998 2934 1054 aperaretur
2960 999 3009 1042 et
3049 992 3331 1046 custodiret
3376 993 3444 1045 il-

1868 1070 1996 1149 lum.
2033 1070 2301 1140 Operatur
2341 1075 2536 1143 quippe
2563 1077 2651 1144 qui
2702 1077 2812 1147 agit
2840 1079 3038 1133 bonum
3078 1084 3219 1152 quod
3265 1085 3448 1152 praeci-

1866 1160 2031 1229 pitur,
2073 1162 2165 1214 sed
2187 1162 2328 1230 quod
2366 1173 2620 1232 operatus
2648 1165 2818 1219 fuerat
2850 1171 3042 1236 periit,
3076 1174 3158 1224 cui
3198 1173 3298 1227 hoc
3321 1176 3445 1228 seb-

1867 1250 2060 1319 ripitur
2097 1251 2240 1319 quod
2288 1253 2620 1324 prohibetur.
2677 1256 2826 1311 Unde
2872 1276 3190 1330 magnopere
3232 1275 3447 1332 Oportet

1865 1349 1922 1400 et
1959 1342 2098 1397 bona
2143 1357 2354 1412 semper
2399 1358 2578 1413 agere,
2605 1354 2658 1404 et
2685 1347 2753 1399 ab
2803 1349 2932 1416 ipsis
2974 1366 3073 1404 nos
3121 1353 3272 1406 bonis
3310 1371 3439 1422 ope-

1869 1431 2018 1484 ribus
2057 1440 2215 1488 caute
2261 1432 2313 1485 in
2348 1433 2670 1501 cogitatione
2701 1438 2986 1500 custodire,
3017 1455 3082 1492 ne
3125 1440 3170 1492 si
3206 1452 3440 1496 utentem

1864 1519 2075 1574 elevent
2127 1521 2262 1576 bona
2308 1521 2452 1588 sint,
2501 1538 2620 1592 quae
2669 1540 2773 1579 non
2823 1529 3030 1592 auctori
3078 1529 3307 1583 militant
3347 1535 3438 1584 sed

1864 1608 2104 1671 elationi.

2455 1700 2681 1756 CAPUT
2720 1703 2856 1757 XIV.

2135 1787 2210 1841 De
2238 1787 2445 1858 [actura
2485 1791 2717 1845 mulieris
2747 1809 2812 1845 ea:
2837 1804 2979 1847 costa
3010 1794 3159 1849 Adic.

1933 1877 2077 1936 Dixit
2103 1897 2306 1951 quoque
2335 1881 2590 1935 Dominus
2619 1883 2760 1938 Deus
2785 1901 2802 1938 :
2830 1885 2955 1939 Non
2989 1896 3062 1940 est
3104 1888 3292 1942 bonam
3332 1907 3440 1950 esse

1857 1969 2116 2036 hominem
2147 1970 2338 2036 solum,
2367 1972 2626 2041 [accentus
2654 1975 2701 2026 ei
2729 1975 3023 2044 adjutorem
3061 1977 3283 2031 similent
3315 1980 3432 2033 sibi.

1857 2060 1925 2125 Et
1951 2062 2066 2115 haec
2097 2062 2295 2124 locutio
2321 2062 2415 2119 Dei
2443 2079 2548 2129 non
2578 2065 2844 2133 corporali
2874 2081 3003 2120 voce
3026 2066 3172 2122 foras
3196 2069 3248 2122 in
3274 2085 3461 2124 auras.

1857 2154 2076 2220 emissa,
2124 2156 2220 2210 sed
2267 2155 2478 2220 interna
2525 2158 2730 2210 ratione
2757 2158 2950 2213 divinte
2993 2159 3298 2226 voluntatis,
3342 2178 3437 2232 per

1858 2258 2018 2319 quam
2067 2252 2250 2306 creata
2307 2255 2434 2311 sunt
2482 2248 2691 2313 omnia,
2740 2248 3080 2305 inell‘abiliter
3129 2251 3267 2306 facta
3319 2270 3438 2308 esse

1858 2332 2123 2386 credenda
2158 2342 2260 2387 est.
2305 2333 2465 2396 Juxta
2506 2336 2648 2405 quod
2691 2345 2746 2391 et
2790 2353 2952 2408 supra
2997 2341 3295 2406 docuimus,
3347 2346 3440 2412 ubi

1859 2423 2118 2493 scriptum
2161 2435 2244 2480 est
2277 2444 2289 2478 :
2325 2425 2610 2492 Faciamus
2649 2429 2910 2484 hominem
2955 2432 3024 2484 ad
3067 2431 3344 2503 imaginem
3389 2448 3434 2488 ct

1858 2513 2250 2578 similitudinem
2294 2530 2546 2577 nostram.
2593 2519 2649 2574 Si
2677 2528 2857 2574 autem
2903 2523 3095 2590 qurerit
3128 2523 3322 2593 aliquis
3369 2528 3437 2592 ad,

1857 2621 2019 2676 quam
2067 2621 2182 2660 rem
2226 2607 2342 2664 ﬁeri
2383 2611 2683 2679 oportuerit
2726 2612 2828 2665 hoc
2869 2612 3223 2679 adjutorium,
3253 2615 3436 2685 audiat

1860 2709 2175 2763 responsum
2202 2697 2373 2752 sancti
2401 2699 2706 2768 Augustini,
2736 2701 2888 2770 cujus
2916 2712 2972 2755 et
2994 2705 3243 2771 superius
3277 2707 3437 2772 verba

1858 2784 2152 2854 saepiSsinie
2199 2787 2362 2842 tacito
2395 2787 2509 2855 ejus
2553 2790 2768 2843 nomine
2802 2792 3096 2858 posuimus.
3142 2793 3318 2859 Nihil,
3354 2795 3435 2847 iu-

1857 2879 1998 2949 quit,
2027 2878 2172 2932 aliud
2200 2878 2550 2948 probabiliter
2574 2883 2834 2948 occurrit,
2862 2899 3022 2951 quam
3049 2895 3269 2954 propter
3299 2887 3437 2949 [ilius

1855 2970 2240 3036 procreandos,
2271 2971 2410 3026 sicut
2445 2972 2770 3040 adjutorium
2801 2975 2992 3030 semini
3041 2977 3094 3030 in
3132 2986 3278 3032 terra
3321 2989 3435 3043 est,

1857 3068 1919 3114 ut
1959 3060 2245 3131 virgultum
2276 3077 2341 3116 ex
2368 3071 2612 3118 utrarum
2647 3075 2802 3134 parte
2843 3077 3116 3122 nascatur.
3152 3067 3264 3134 lloc
3291 3072 3434 3132 enim

178 3157 294 3225 quia
326 3157 552 3212 recessit
592 3157 661 3211 ab
701 3171 766 3211 eo
791 3155 956 3221 Deus,
983 3159 1073 3227 qui
1104 3167 1190 3213 est
1216 3159 1324 3213 vita
1351 3160 1562 3214 animae.
1591 3160 1756 3231 Cujus
1783 3152 1826 3213 C
1858 3163 1914 3208 et
1938 3153 1992 3207 in
2021 3154 2196 3223 prima
2227 3170 2406 3209 rerum
2433 3157 2707 3212 creatione
2732 3159 2934 3213 dictum
2959 3169 3112 3214 erat:
3142 3161 3435 3227 Masculino

178 3247 364 3302 merito
397 3247 592 3302 mortis
617 3255 802 3302 secuta
828 3257 912 3301 est
951 3249 1114 3302 etiam
1163 3265 1311 3304 mors
1351 3251 1620 3320 corporis,
1647 3253 1756 3307 dis-

178 3341 392 3394 cedente
429 3339 500 3396 ab
541 3340 633 3396 illo
667 3343 868 3409 anima,
910 3359 1029 3412 quae
1063 3353 1149 3400 est
1185 3345 1295 3400 vita
1335 3343 1470 3414 ejus.
1521 3347 1757 3416 Quinque

179 3445 314 3490 mors
357 3431 538 3493 eidem
590 3431 764 3500 primo
797 3433 1002 3488 homini
1051 3443 1180 3490 tunc
1221 3437 1424 3501 evenit,
1452 3451 1574 3491 cum
1615 3452 1755 3506 pra:-

178 3525 337 3578 sentis
365 3525 493 3578 vita:
525 3525 814 3579 terminum
842 3527 1069 3596 accepit,
1117 3543 1224 3582 non
1263 3543 1430 3598 parvo
1461 3539 1584 3598 post
1624 3537 1756 3584 tem-

179 3628 296 3682 pore
325 3630 492 3682 quam
538 3616 761 3674 vetitum
791 3618 1044 3672 comedit.
1089 3617 1270 3673 Potest
1312 3627 1368 3672 et
1410 3620 1483 3673 ita
1528 3619 1754 3691 intelligi

178 3701 309 3768 quod
355 3703 504 3756 illaut
552 3712 781 3762 mortem
825 3705 880 3760 in
906 3707 987 3760 eis
1016 3705 1208 3771 iecerit
1243 3708 1359 3762 dies
1397 3707 1508 3773 ille,
1555 3708 1608 3762 in
1649 3724 1757 3777 quo

180 3806 518 3862 peccaverat,
560 3811 722 3866 quam
761 3798 1048 3868 Apostolus
1089 3813 1310 3870 gemens
1351 3800 1524 3856 dicit:
1559 3800 1759 3855 Conde-

181 3886 328 3940 lector
351 3889 453 3958 legi
485 3889 582 3942 Dei
607 3889 896 3944 secundum
938 3891 1236 3944 interiorem
1278 3892 1574 3955 hominem;
1610 3892 1758 3945 video

178 3987 342 4030 autem
372 3978 533 4032 aliam
563 3978 722 4050 legem
754 3981 806 4033 in
834 3981 1077 4041 membris
1099 3981 1225 4043 meis
1258 3992 1627 4051 repugnantem
1655 3981 1757 4052 legi

179 4068 353 4120 mentis
381 4083 530 4134 mea’,
569 4079 616 4122 et
651 4069 997 4138 captivantem
1024 4087 1104 4124 me
1144 4071 1200 4124 in
1237 4070 1344 4142 lege
1381 4071 1610 4140 peccati,
1639 4087 1758 4142 qua:

177 4166 247 4208 ut
279 4158 331 4210 in
362 4158 606 4213 membris
648 4160 794 4213 meis.
825 4158 1024 4228 Infelix
1059 4176 1150 4230 ego
1191 4161 1366 4238 homo,
1411 4159 1528 4229 quis
1570 4176 1653 4214 me
1692 4159 1758 4213 li-

179 4249 367 4301 berabit
417 4249 483 4302 de
530 4267 744 4320 corpore
790 4253 971 4305 mortis
1022 4252 1226 4321 hujus?
1258 4251 1434 4322 (Rom.
1464 4251 1590 4321 xtl.)
1640 4251 1756 4306 Non

177 4337 312 4390 enim
353 4339 626 4394 sulliceret
657 4341 707 4394 ei
753 4341 797 4394 si
827 4341 1072 4396 diceret:
1105 4340 1237 4406 Quis
1273 4355 1360 4394 me
1401 4340 1652 4396 liberabit
1690 4342 1758 4396 de

177 4428 274 4480 hoc
317 4430 529 4482 mortali
559 4431 822 4499 corpore?
845 4431 941 4485 sed
971 4430 1034 4483 de
1063 4446 1298 4500 corpore,
1337 4431 1539 4500 inquit,
1570 4431 1754 4486 mortis

1855 3257 1903 3301 et
1928 3247 2179 3317 feminam
2214 3247 2332 3317 fecit
2363 3265 2469 3314 eos,
2495 3259 2542 3303 et
2569 3250 2827 3306 benedixit
2864 3253 2938 3306 eis
2967 3253 3142 3317 dicens
3166 3269 3184 3306 :
3214 3255 3440 3312 Crescite

1855 3347 1904 3392 et
1931 3338 2373 3409 multiplicamini,
2406 3340 2560 3410 imple
2583 3359 2611 3395 e
2635 3353 2827 3398 terram
2853 3353 2900 3398 et
2930 3345 3272 3400 dominamini
3299 3346 3434 3415 ejus.

1857 3429 1989 3500 Quae
2019 3431 2158 3491 ratio
2188 3432 2493 3488 conditione
2519 3441 2573 3488 et
2598 3433 2996 3502 conjunctionis
3021 3438 3241 3494 masculi
3271 3448 3326 3492 et
3362 3439 3436 3504 li:-

1856 3520 2016 3583 ininm
2041 3529 2204 3589 atque
2243 3522 2561 3589 benedictio,
2592 3539 2692 3579 nec
2728 3533 2850 3594 post
2876 3535 3153 3595 peccatum
3202 3529 3434 3595 hominis

1855 3623 2178 3683 poenamque
2220 3610 2434 3666 defecit.
2475 3613 2594 3684 Ipsa
2633 3614 2776 3670 enim
2805 3626 2918 3680 est,
2950 3619 3243 3672 secundum
3275 3636 3435 3688 quam

1857 3716 1998 3755 nunc
2030 3711 2172 3757 terra
2199 3703 2505 3760 hominibus
2531 3706 2692 3774 plena
2711 3715 2794 3761 est
2815 3707 3269 3764 dominationibus
3296 3711 3431 3778 ejus.

1858 3790 2170 3860 Quanquam
2199 3793 2343 3858 enim
2365 3793 2478 3862 jam
2509 3796 2694 3850 emissi
2719 3797 2784 3851 de
2820 3799 3071 3864 paradiso
3114 3801 3434 3854 convenisse

1857 3888 1912 3933 et
1936 3882 2185 3950 genuisse
2215 3894 2738 3952 commemorentur,
2769 3897 2946 3942 tamen
2987 3907 3090 3942 non
3125 3889 3172 3941 vi
3198 3907 3277 3942 .co
3308 3893 3434 3958 quit

1857 3973 2142 4043 prohibere
2169 3977 2422 4045 potuerit,
2453 3977 2529 4030 uti
2566 3987 2750 4033 essent
2778 3978 2858 4034 eis
2891 3980 3056 4033 etiam
3102 3979 3154 4032 iu
3188 3981 3436 4050 paradiso

1857 4063 2200 4124 honorabiles
2226 4065 2424 4134 nuptiae
2448 4074 2503 4120 et
2545 4067 2732 4123 thorus
2758 4068 3150 4124 immaculatus.
3185 4070 3293 4134 lloc
3330 4071 3436 4122 Deo

1857 4162 2146 4224 praestante
2186 4153 2416 4217 ﬁdeliter
2453 4154 2704 4226 justeque
2747 4159 3072 4222 viventibus,
3107 4174 3260 4229 anque
3303 4160 3435 4212 obc-

1857 4244 2069 4299 dienter
2096 4254 2386 4322 sancteque
2407 4248 2787 4312 servientibus,
2814 4257 2872 4302 ut
2899 4250 3014 4303 sine
3044 4250 3435 4319 ullo'iuquieta:

1858 4337 2052 4396 ardore
2080 4336 2337 4400 libidinis,
2366 4338 2481 4392 sine
2512 4339 2618 4392 ullo
2648 4339 2830 4392 labore
2859 4356 2922 4393 ac
2951 4339 3135 4394 dolore
3166 4341 3431 4410 pariendi,

1861 4427 2000 4482 l‘etus
2045 4429 2112 4494 ei
2135 4442 2321 4487 eorum
2361 4431 2566 4482 semine
2605 4428 2934 4499 gigneretur,
2967 4446 3074 4483 non
3113 4440 3171 4484 ut
3207 4432 3436 4501 morien-

179 4518 348 4588 hnjus.
387 4520 540 4575 Sicut
586 4497 747 4576 etiam
793 4522 960 4577 illud:
994 4497 1196 4593 Corpus
1239 4497 1446 4593 quidem
1489 4533 1754 4578 mortuum
1789 4497 1832 4553 D
1861 4520 2004 4578 tibus
2044 4519 2356 4589 parentibus
2406 4519 2499 4573 lilii
2547 4497 2926 4585 succederent,
2965 4521 3058 4576 sed
3090 4530 3150 4575 ut
3195 4522 3298 4587 illis
3343 4497 3436 4594 qui

176 4619 267 4672 est,
308 4611 502 4679 inquit,
550 4621 760 4680 propter
786 4625 1080 4680 peccatum.
1128 4612 1239 4668 Nec
1278 4615 1348 4668 ibi
1385 4617 1462 4667 ait
1505 4613 1755 4676 mortale,

178 4702 267 4754 sed
300 4713 592 4766 mortuum,
619 4703 865 4770 quamvis
894 4703 1076 4772 utique
1110 4713 1163 4758 et
1199 4703 1442 4767 mortale,
1476 4703 1601 4772 quia
1643 4719 1758 4756 mo-

179 4790 422 4847 riturum.
452 4791 566 4845 Non
599 4792 672 4845 ita
704 4793 1030 4848 credendum
1062 4803 1145 4848 est
1188 4794 1351 4847 fuisse
1380 4796 1462 4847 illa
1503 4808 1754 4862 corpora,

178 4883 268 4933 sed
311 4882 432 4945 licet
479 4883 734 4936 animalia
766 4871 1004 4939 nondum
1049 4885 1372 4954 spiritualia,
1420 4901 1527 4938 non
1577 4892 1756 4937 tamen

178 4982 405 5038 mortua,
438 4973 490 5027 id
516 4983 617 5035 est,
644 4989 764 5043 qua:
785 4991 1006 5030 necesse
1031 4985 1114 5030 est
1139 4984 1197 5029 ut
1220 4985 1580 5040 morerentur,
1607 4975 1750 5044 quod

176 5074 240 5115 eo
285 5063 369 5116 die
398 5063 596 5124 factum
625 5073 729 5131 est,
755 5081 862 5135 quo
888 5065 1091 5136 lignum
1133 5075 1323 5126 contra
1375 5067 1600 5132 vetitum
1632 5066 1754 5129 teli-

176 5162 387 5222 gerunt.

246 5243 425 5317 (lsid.)
456 5245 676 5318 Mystiee
702 5257 884 5310 autem
910 5248 1027 5311 tulit
1055 5249 1196 5303 Deus
1221 5249 1478 5312 hominem
1505 5263 1551 5302 et
1581 5250 1754 5319 posuit

173 5354 294 5396 eum
341 5339 394 5392 in
436 5340 768 5408 paradisum,
813 5341 916 5395 hoc
960 5349 1042 5394 est
1078 5359 1090 5393 :
1123 5341 1414 5410 assumpsit
1449 5340 1587 5394 Deus
1631 5355 1752 5394 car-

176 5444 322 5490 nem,
348 5438 403 5482 et
441 5429 616 5484 factus
649 5439 734 5485 est
759 5441 920 5501 caput
963 5431 1232 5486 Etuzlesiaa.
1265 5431 1332 5484 Ut
1368 5443 1671 5500 operaretur
1707 5443 1754 5485 et

176 5522 454 5576 custodiret
485 5521 660 5586 illum,
691 5524 743 5577 id
787 5534 904 5590 est,
937 5524 1210 5579 voluntate
1261 5525 1451 5584 Patris,
1486 5541 1552 5584 es
1584 5528 1758 5578 omni-

177 5612 278 5664 bus
313 5615 558 5681 gentibus
605 5614 899 5670 Ecclesiam
950 5615 1303 5684 adimpleret;
1349 5624 1511 5685 atque
1565 5615 1755 5684 imple-

177 5713 326 5758 retur
373 5721 574 5769 sermo,
619 5723 778 5776 quem
829 5709 1082 5762 Dominus
1130 5708 1300 5762 dixit:
1338 5706 1448 5774 Ego
1489 5709 1753 5762 serratum:
1806 5785 1816 5796 .

1859 4609 2172 4677 genuissent
2216 4611 2268 4673 in
2298 4610 2476 4680 aliquo
2507 4610 2688 4664 forma:
2714 4619 2856 4664 statu
2898 4613 3258 4684 manentibus,
3288 4623 3343 4667 et
3369 4600 3438 4668 ex

1861 4703 2002 4773 ligno
2023 4701 2146 4765 vita:
2170 4702 2312 4771 quod
2343 4703 2415 4756 ibi
2442 4701 2743 4771 plantatum
2777 4712 2894 4758 erat
2919 4705 3257 4776 corporalem
3291 4705 3441 4774 vigo-

1862 4809 1972 4853 rem
2017 4793 2372 4858 sumcntibus,
2398 4803 2446 4847 et
2481 4795 2554 4849 illi
2597 4796 2688 4865 qui
2725 4796 3072 4866 gignerentur
3095 4799 3161 4852 ad
3190 4798 3437 4852 eumdem

1860 4888 2284 4958 perducet-eatur
2324 4897 2546 4953 statum,
2573 4889 2744 4944 donec
2769 4900 2920 4944 certo
2949 4905 3173 4956 numero
3200 4891 3436 4960 impleto,

1856 4977 1901 5032 si
1927 4975 2074 5046 juste
2117 4992 2306 5031 onmes
2345 4977 2763 5048 obcdientesque
2806 4980 3080 5046 viverent,
3120 4989 3243 5034 tunc
3287 4981 3441 5034 ﬁet-ct

1856 5067 1949 5124 illa
1973 5069 2344 5133 commutatio,
2369 5076 2428 5122 ut
2455 5068 2572 5124 sine
2598 5069 2702 5124 ulla
2733 5081 2908 5127 morte
2932 5072 3183 5140 animalia
3213 5086 3438 5140 corpora

1856 5173 2119 5216 conversa
2166 5157 2219 5212 in
2266 5157 2424 5212 aliam
2469 5159 2805 5228 qualitatem,
2839 5177 2904 5217 eo
2931 5162 3074 5232 quod
3117 5162 3184 5214 ad
3223 5175 3439 5214 Omnem

1859 5261 2050 5308 nutum
2075 5251 2281 5320 regenti
2308 5266 2367 5306 se
2391 5252 2603 5322 spiritui
2640 5253 2994 5324 deservit-ent,
3019 5262 3074 5321 et
3103 5251 3218 5318 solo
3245 5251 3437 5319 spiritu

1860 5343 2167 5397 viviﬁcante
2209 5343 2326 5397 sine
2354 5341 2478 5396 ullis
2519 5343 2897 5397 alimentorum
2927 5339 3285 5409 corporalium
3321 5345 3441 5393 sns-

1864 5435 2150 5490 tentaculis
2184 5437 2448 5500 viverent,
2493 5435 2790 5506 spiritualia
2833 5440 3175 5500 vocarentur.
3208 5430 3343 5489 Nam
3394 5432 3440 5485 si

1864 5524 2044 5583 l'inoeh
2069 5534 2123 5578 et
2152 5525 2294 5579 Elias
2326 5526 2377 5579 in
2403 5526 2574 5580 Adam
2604 5540 2706 5578 non
2747 5523 2964 5597 mortui,
2994 5521 3290 5591 mortisque
3319 5536 3441 5593 pro-

1864 5617 2106 5685 paginem
2145 5617 2195 5672 in
2234 5634 2398 5680 carne
2434 5625 2723 5687 gestantes,
2760 5614 2902 5684 quod
2947 5612 3184 5668 debitum
3229 5621 3288 5666 ut
3333 5613 3443 5667 sol-

1866 5719 2012 5762 vant.
2049 5708 2341 5767 creduntur
2375 5709 2534 5761 etiam
2583 5706 2799 5760 redituri
2835 5705 2900 5768 ad
2939 5705 3077 5772 hanc
3121 5703 3318 5771 vitam,
3354 5710 3443 5766 et,
