3958 6204
542 319 648 375 485
976 344 980 355 ·
1215 316 1273 368 ιι.
1316 312 1567 368 ΒΑΒΑΝΙ
1606 311 1825 367 ιιΑιιιιι
1862 311 2080 367 ARCUIJ

2220 307 2527 365 MOGUNT.
2568 306 2853 365 OPERUM
2891 306 3070 364 PARS
3111 309 3147 363 l.
3685 317 3785 377 s3;

531 429 675 499 quod
718 430 899 485 tandiu
930 428 1149 481 dilatum
1180 436 1292 490 est,
1339 426 1616 487 morituri,
1652 441 1794 480 nunc
1830 434 2009 480 tamen
2050 425 2105 478 in
2135 430 2180 488 Α
2210 438 2316 492 que
2356 424 2500 490 genti
2536 424 2808 494 propriam
2857 430 3020 492 atque
3064 424 3334 480 diversam
3383 428 3643 488 tribueret
3687 434 3783 489 Iin-

533 520 633 573 alia
664 518 772 572 vita
800 524 945 579 sunt,
972 517 1060 570 ubi
1094 526 1218 570 ante
1248 514 1698 571 resurrectionem
1728 514 1928 578 carnis,
1957 521 2110 568 ante-
2212 530 2400 586 guam,
2449 526 2577 571 tunc
2618 517 2697 571 eis
2741 516 3007 571 credenda
3052 525 3181 571 sunt
3219 517 3385 572 etiam
3434 522 3784 581 animantium

531 624 693 678 quam
744 607 973 662 animale
1019 621 1216 676 corpus
1268 606 1320 660 in
1371 605 1649 675 spirituale
1698 614 1955 671 mutetur,
2006 619 2109 660 nec
2208 604 2490 669 vocabula,
2512 604 2782 674 quomodo
2807 615 2864 660 et
2887 618 3068 660 rerum
3093 613 3428 673 caeterarum,
3452 609 3606 678 juxta
3637 627 3783 671 suam

530 701 740 761 morbo,
768 713 867 751 nec
889 704 1164 751 senectute
1189 695 1468 760 deficiunt,
1491 704 1695 766 quanto
1718 696 1920 766 justius
1944 703 2106 765 atque
2208 693 2404 763 cuique
2450 693 2763 749 distinxisse
2804 694 3073 763 loquelam
3109 713 3121 747 :
3170 698 3418 765 quamvis
3465 700 3634 755 etiam
3682 719 3783 759 non

528 788 858 858 probabilius
902 786 1088 857 primis
1135 785 1240 841 illis
1266 786 1574 845 hominibus
1610 796 1961 858 praestaretur
1989 787 2106 843 sine
2206 784 2338 839 latet
2381 784 2624 839 homines
2662 794 2850 854 postea
2893 785 3140 856 plurimis
3175 802 3295 856 quae
3333 789 3434 843 sibi
3474 805 3617 845 nova
3652 792 3785 864 forte

526 880 634 933 ullo
663 894 762 933 suo
781 887 1132 947 parentumve
1158 885 1378 947 peccato
1406 878 1728 941 viventibus,
1758 887 1819 932 ut
1848 877 1899 933 in
1927 876 2106 939 melio-

526 984 639 1021 rem
671 967 903 1036 aliquem
932 975 1129 1020 statum
1162 965 1288 1021 filiis
1315 965 1509 1035 genitis
1537 965 1808 1028 cederent,
1841 966 1982 1020 unde
2010 980 2105 1020 sae-

525 1058 644 1111 culo
673 1058 823 1110 linito
849 1071 971 1111 cum
1000 1055 1144 1109 omni
1174 1055 1485 1124 posteritate
1515 1062 1823 1123 sanctorum
1854 1053 1907 1120 in
1938 1068 2102 1124 ange-

528 1150 682 1201 licam
711 1147 959 1209 formam,
986 1161 1092 1209 non
1121 1159 1218 1214 per
1259 1144 1440 1199 carnis
1467 1152 1714 1207 mortem,
1745 1143 1841 1205 sed
1880 1159 1979 1215 per
2004 1140 2101 1199 Dei

527 1238 777 1291 virtutem
806 1235 974 1301 multo
997 1235 1208 1302 felicius
1232 1242 1588 1288 mutarentur.

594 1325 861 1381 Formatis
904 1327 1066 1396 igitur
1104 1323 1358 1378 Dominus
1404 1324 1547 1391 Deus
1586 1323 1651 1377 de
1693 1324 1852 1378 Immo
1899 1326 2099 1389 eunetis

521 1419 877 1473 animantibus
909 1426 1080 1487 teme,
1117 1426 1166 1471 et
1212 1417 1462 1485 universis
1494 1415 1788 1487 volatilibus
1827 1416 1972 1489 caeli,
2001 1417 2099 1475 ad-

520 1511 667 1564 duxit
696 1527 757 1564 ea
785 1510 853 1564 ad
899 1509 1089 1565 Adam.
1120 1508 1177 1575 Si
1215 1524 1375 1579 quem
1418 1517 1620 1584 movet,
1645 1510 1770 1581 quia
1802 1526 1909 1565 non
1938 1509 2094 1575 dixit,

520 1599 764 1653 formatis
788 1600 855 1653 de
901 1600 1067 1667 humo
1096 1586 1304 1654 cunctis
1331 1600 1694 1654 animantibus
1724 1608 1905 1674 terrae,
1931 1608 1988 1654 et
2030 1600 2098 1656 de

517 1690 672 1759 aquis
699 1690 963 1753 universis
1004 1689 1310 1755 volatilibus
1349 1688 1495 1755 etnli,
1520 1689 1614 1753 sed
1644 1697 1899 1758 tanquam
1948 1697 2097 1744 utra-

2203 884 2552 930 occurrerent
2598 876 2777 940 rebus,
2823 875 2939 930 sive
2981 877 3365 943 animantibus.
3398 894 3498 950 per
3545 884 3785 955 s’ngulas

2202 975 2392 1039 gentes
2427 964 2581 1036 juxta
2628 981 2784 1021 suum
2825 966 3086 1039 placitum
3123 968 3382 1039 indidisse
3415 974 3701 1038 voeabula,
3729 987 3783 1031 et

2201 1070 2346 1111 nunc
2364 1056 2529 1112 etiam
2554 1056 2677 1111 inde
2700 1056 3006 1112 discernere
3037 1057 3229 1112 solere.
3265 1057 3506 1130 Denique
3529 1063 3597 1118 de
3627 1065 3785 1132 pisci—

2200 1146 2302 1201 bus
2325 1146 2573 1201 adductis
2598 1146 2666 1202 ad
2706 1146 2883 1205 Adam
2906 1155 2968 1204 ut
2992 1147 3070 1201 eis
3096 1148 3312 1205 nomina
3352 1150 3673 1220 imponeret,
3707 1157 3773 1219 nil

2201 1226 2483 1309 Scriptura
2513 1237 2715 1293 refert:
2749 1237 2946 1311 quibus
2984 1245 3165 1307 tamen
3200 1239 3457 1307 credibile
3483 1251 3571 1298 est
3596 1247 3780 1314 paula-

2198 1329 2295 1383 tim
2320 1329 2552 1401 cognitis
2576 1344 2676 1399 pro
2702 1330 3016 1389 diversitate
3040 1330 3278 1403 gentium
3312 1332 3531 1405 nomina
3566 1335 3640 1389 ab
3673 1352 3780 1402 ont-

2197 1420 2356 1491 nibus
2379 1435 2498 1476 esse
2520 1421 2733 1477 diversa
2758 1421 3031 1491 imposita.
3056 1421 3292 1489 Primam
3321 1433 3503 1480 autem
3540 1408 3776 1500 linguam

2196 1508 2363 1565 fuisse
2383 1511 2565 1581 generi
2590 1511 2828 1568 humano
2857 1511 3134 1587 llebrzeam
3165 1515 3398 1581 videtur,
3427 1532 3495 1571 ex
3533 1533 3603 1573 eo
3633 1520 3775 1590 quod

2194 1600 2412 1654 nomina
2456 1610 2650 1656 cuncta
2700 1600 2979 1673 hominum
3028 1618 3306 1679 quousque
3339 1606 3409 1677 ad
3453 1606 3775 1665 divisionem

2192 1688 2493 1759 linguarum
2520 1689 2575 1743 in
2603 1687 2799 1745 Genesi
2843 1689 3091 1761 legimus,
3130 1692 3273 1747 illius
3300 1703 3515 1771 constat
3544 1712 3671 1753 esse
3698 1698 3776 1772 lo-

517 1796 620 1850 que
667 1797 863 1851 genera
903 1780 972 1835 de
1018 1790 1157 1836 terra
1192 1780 1527 1845 formaverit,
1576 1780 1864 1858 Formatis,
1898 1783 2087 1852 inquit,
2124 1802 2165 1861 Β
2194 1778 2383 1865 quelat.
2409 1778 2585 1844 Causa
2612 1787 2793 1843 aui-3m
2822 1778 3115 1854 adducendi
3143 1782 3212 1855 ad
3238 1782 3410 1860 Adam
3437 1794 3635 1851 cuncta
3660 1789 3774 1857 ani-

516 1871 772 1925 Dominus
806 1871 971 1935 Deus,
999 1870 1063 1925 de
1103 1871 1259 1925 humo
1289 1872 1489 1926 cunctis
1523 1872 1875 1941 animantibus
1911 1883 2087 1939 terrm,

514 1969 561 2014 et
610 1962 862 2014 universis
911 1959 1203 2028 volatilibus
1253 1959 1398 2025 caeli;
1438 1960 1619 2017 videat
1663 1961 1871 2016 duobus
1914 1962 2087 2018 modis

514 2070 633 2109 esse
662 2056 1060 2126 intelligendum
1089 2075 1102 2110 :
1132 2063 1225 2109 aut
1253 2055 1487 2111 tacuisse
1528 2071 1671 2112 nunc
1712 2058 1854 2113 unde
1882 2059 2087 2125 forma-

510 2150 649 2203 verit
674 2150 909 2204 volatilia
937 2150 1081 2213 cteli,
1109 2150 1233 2218 quia
1254 2158 1308 2205 et
1336 2150 1555 2217 tacitum
1582 2151 1749 2221 possit
1776 2166 2084 2219 occurrere,

511 2247 571 2291 ut
614 2254 718 2293 non
765 2241 832 2295 de
880 2248 1025 2295 terra
1075 2248 1367 2311 utrumque
1413 2241 1713 2313 accipiatur
1755 2242 1922 2298 Demn
1970 2242 2085 2299 for-

512 2343 717 2393 masse;
745 2329 836 2384 sed
867 2331 1235 2401 tantummodo
1257 2331 1551 2389 animantia
1581 2341 1739 2387 teme
1769 2343 1824 2389 et
1849 2334 2082 2390 volatilia

509 2418 661 2483 caeli,
709 2421 873 2474 etiam
918 2427 1129 2483 tacente
1178 2420 1456 2489 Scriptura
1513 2421 1892 2494 intelligamus,
1940 2426 2083 2479 unde

510 2506 820 2562 formaverit
848 2518 941 2563 aut
989 2518 1189 2563 terram
1230 2508 1609 2575 universaliter
1638 2511 1716 2566 sic
1758 2513 2080 2582 appellatam

508 2597 665 2651 simul
691 2613 811 2652 cum
839 2600 1011 2668 aquis,
1040 2598 1490 2669 quemadmodum
1512 2603 1775 2675 appellata
1800 2595 1883 2659 est
1908 2605 1960 2659 in
1991 2607 2083 2675 illo

507 2687 733 2756 psalmo,
775 2688 864 2741 ubi
905 2689 1201 2743 ctelestium
1246 2689 1492 2746 laudibus
1530 2693 1835 2750 terminatis
1873 2696 1938 2748 ad
1975 2704 2082 2750 tcr-

508 2795 621 2832 ram
654 2778 790 2834 facta
821 2788 904 2836 est
941 2781 1223 2836 conversio
1265 2782 1530 2838 sermonis
1572 2792 1628 2839 et
1667 2785 1868 2840 dictum
1897 2805 1910 2840 ε
1935 2786 2079 2841 Lau-

505 2870 625 2922 date
652 2870 930 2928 Dominum
965 2872 1029 2926 de
1055 2881 1216 2936 terra,
1244 2871 1494 2926 dracones
1523 2883 1570 2927 et
1598 2890 1773 2937 omnes
1806 2874 1999 2949 abyssi,
2027 2886 2081 2933 et

504 2970 699 3016 czetera
722 2959 893 3033 (Psal.
920 2961 1098 3033 exrtx)
1120 2962 1258 3027 ;Nec
1278 2972 1460 3032 postea
1484 2964 1683 3021 dictum
1705 2974 1815 3020 est:
1842 2966 2080 3023 Laudate

506 3054 788 3107 Dominum
812 3056 879 3109 de
907 3055 1078 3124 aquis.
1107 3056 1180 3124 lbi
1209 3056 1350 3109 enim
1373 3065 1497 3119 sunt
1516 3073 1703 3118 omnes
1731 3060 1928 3130 abyssi,
1960 3076 2080 3131 qua:

2195 1870 2396 1924 mantia
2427 1879 2587 1926 terra:
2624 1879 2682 1926 et
2712 1870 2948 1939 volatilia
2991 1873 3137 1937 eteli,
3166 1882 3227 1928 ut
3258 1875 3464 1940 videret
3491 1879 3639 1948 quod
3680 1896 3772 1939 vo-

2190 1968 2341 2016 caret
2365 1976 2430 2015 ea
2467 1970 2524 2016 et
2562 1962 2644 2023 eis
2678 1963 2895 2032 nomina
2943 1963 3270 2033 imponeret,
3316 1966 3421 2039 hoc
3449 1976 3566 2033 est,
3598 1978 3664 2037 ut
3693 1971 3771 2026 sic

2190 2052 2331 2109 Deus
2357 2053 2749 2109 demonstraret
2780 2053 2982 2109 homini
3008 2046 3217 2129 quanto
3256 2057 3448 2112 melior
3473 2038 3626 2124 esset
3653 2076 3767 2117 om.

2188 2146 2345 2200 nibus
2400 2144 2858 2201 irrationabilibus
2909 2146 3289 2215 animantibus.
3334 2150 3412 2224 Es
3468 2151 3574 2213 hoc
3618 2154 3766 2211 enim

2186 2243 2411 2312 apparet
2437 2236 2551 2306 ipsa
2581 2236 2788 2295 ratione
2828 2235 3101 2307 hominem
3148 2238 3424 2294 meliorem
3453 2255 3575 2299 esse
3600 2258 3762 2312 quam

2186 2309 2402 2395 peoora,
2447 2326 2591 2395 quod
2640 2326 2971 2396 distinguere
2996 2336 3054 2381 ct
3099 2328 3416 2384 nominatim
3456 2345 3522 2386 ea
3552 2309 3760 2401 ἀίξειεν..

2185 2431 2313 2488 nere
2338 2431 2445 2470 non
2470 2417 2574 2472 nisi
2604 2416 2744 2472 ratio
2770 2424 2966 2486 potest,
2994 2432 3114 2487 qua:
3141 2417 3333 2474 melior
3356 2429 3460 2474 est.
3493 2420 3763 2490 Spiritus-

2183 2504 2308 2566 liter
2335 2521 2483 2571 vero,
2515 2496 2836 2575 faciemussi
2863 2507 3185 2579 adjutorium
3209 2509 3378 2563 simile
3404 2512 3510 2575 sui,
3541 2514 3671 2582 quia
3709 2510 3763 2581 iu

2184 2596 2301 2666 ipso
2344 2597 2560 2669 homine
2604 2605 2854 2669 suscepto
2906 2598 3149 2653 Ecclesia
3196 2599 3308 2663 Deo
3352 2592 3606 2677 copulata
3655 2612 3761 2667 est.

2183 2686 2487 2767 Appellavit
2514 2687 2683 2743 Adam
2730 2688 3037 2758 nominibus
3069 2689 3181 2744 suis
3217 2699 3413 2745 cuncta
3458 2693 3761 2750 animantia

2181 2790 2236 2834 et
2270 2779 2508 2836 volatilia
2534 2781 2675 2847 εαξη,
2703 2790 2760 2836 et
2784 2782 2985 2837 bestias
3017 2791 3198 2847 terrae,
3224 2782 3541 2858 significans
3570 2796 3762 2856 gentes

2180 2884 2301 2953 quae
2340 2870 2501 2925 salva:
2535 2870 2727 2927 fierent
2758 2870 2813 2926 in
2854 2870 3117 2945 Ecclesia,
3148 2880 3203 2926 et
3235 2886 3332 2941 per
3353 2872 3635 2945 Christum
3664 2892 3761 2932 no-

2182 2975 2303 3029 men
2349 2970 2503 3017 erant
2555 2972 2855 3032 accepturae
2898 2963 3041 3032 quod
3082 2963 3234 3036 prius
3280 2978 3387 3019 non
3434 2965 3761 3032 habuerant,

2181 3055 2322 3113 sicut
2364 3055 2620 3127 scriptum
2645 3063 2729 3111 est
2757 3072 2770 3108 :
2802 3055 2870 3127 Et
2896 3053 3099 3110 vocabo
3139 3069 3327 3129 servos
3358 3070 3512 3121 meos
3540 3059 3766 3128 nomine

507 3154 682 3197 tamen
710 3143 775 3197 de
803 3153 944 3199 terra
972 3144 1191 3200 laudant
1232 3146 1535 3200 Dominum.
1567 3148 1641 3204 lbi
1674 3148 1836 3203 etiam
1867 3151 2077 3220 reptilia
2106 3149 2150 3225 C
2181 3147 2308 3210 allo-

504 3241 559 3284 et
588 3231 821 3286 volatilia
866 3245 1116 3303 pennata,
1150 3249 1270 3304 qmc
1301 3235 1646 3297 nihilominus
1679 3238 1745 3292 de
1775 3247 1914 3294 terra
1962 3241 2078 3302 laue-

504 3325 633 3376 tlant
663 3323 828 3391 Deum
856 3326 1148 3391 secundum
1178 3326 1337 3381 istam
1368 3329 1727 3396 universalem
1758 3332 2075 3401 appellatio-

504 3430 624 3468 nem
657 3423 835 3480 terrze,
879 3419 1169 3485 secundum
1209 3435 1371 3489 quam
1417 3421 1576 3481 etiam
1621 3422 1687 3481 de
1723 3431 1835 3477 toto
1876 3425 2077 3479 mundo

502 3505 698 3559 dicitur
723 3525 735 3559 :
763 3507 902 3562 Deus
944 3508 1034 3578 qui
1083 3507 1209 3563 fecit
1251 3510 1445 3564 etelum
1486 3521 1541 3566 et
1571 3520 1803 3576 terram,
1850 3514 1964 3568 sive
2008 3515 2076 3570 de

500 3596 681 3658 arida,
724 3597 836 3652 sive
880 3599 947 3653 de
992 3600 1147 3668 aquis
1192 3616 1529 3671 quzecunque
1576 3612 1760 3673 creata
1802 3612 1959 3673 sunt,
2009 3606 2076 3660 de

502 3694 645 3740 terra
677 3688 943 3741 veraciter
966 3688 1339 3760 intelliguntur
1364 3699 1571 3745 creata.

568 3780 802 3834 Adduxit
832 3797 915 3845 ea,
948 3779 1154 3853 inquit,
1199 3782 1268 3834 ad
1298 3782 1464 3849 Adam
1497 3790 1552 3835 ut
1586 3782 1777 3836 videret
1818 3784 1944 3852 quid
1987 3800 2075 3838 vo-

498 3880 637 3923 raret
672 3886 752 3922 ea.
803 3869 917 3923 Non
948 3877 1031 3924 est
1078 3872 1421 3941 cogitandum
1461 3872 1770 3942 carnaliter,
1817 3875 1960 3942 quod
2001 3874 2073 3928 ita

496 3961 779 4015 adduxerit
811 3961 953 4015 Deus
979 3960 1276 4014 animantia
1305 3969 1464 4016 teme
1499 3960 1582 4031 vel
1619 3976 1746 4016 aves
1788 3964 1854 4016 ad
1882 3962 2072 4032 Adam,

496 4047 766 4119 quomodo
794 4050 931 4105 solet
958 4057 1143 4120 pastor
1171 4064 1388 4129 gregem
1429 4050 1635 4104 minare
1669 4065 1824 4105 suum
1855 4053 1921 4107 de
1957 4052 2075 4120 loco

496 4144 564 4217 ad
606 4143 811 4207 locum;
860 4142 954 4196 sed
1000 4142 1172 4217 magis
1208 4141 1632 4214 intelligendum,
1676 4143 1801 4212 quia
1832 4144 1970 4213 sicut
1997 4144 2078 4200 di-

494 4236 619 4289 vina
647 4235 905 4304 potentia,
938 4250 1060 4290 cum
1086 4235 1273 4297 voluit,
1306 4236 1421 4288 lucc
1450 4234 1516 4288 de
1544 4233 1701 4304 aquis
1721 4234 1806 4295 vel
1832 4234 1898 4289 de
1930 4242 2074 4297 terra

495 4326 728 4389 creavit;
762 4325 832 4380 ita
863 4325 1024 4380 etiam
1052 4325 1236 4391 eadem
1275 4324 1487 4379 occulto
1518 4332 1651 4379 nutu
1684 4338 1797 4378 sua:
1825 4325 2076 4393 potentiae

495 4418 710 4485 quando
737 4417 924 4481 voluit,
952 4419 1019 4470 ad
1065 4417 1334 4469 hominem
1374 4413 1754 4491 conspicienda
1802 4413 2071 4482 perduxit.

2248 3239 2418 3292 Adam
2450 3254 2568 3293 vero
2604 3255 2707 3301 non
2739 3238 3098 3298 inveniebatur
3128 3238 3343 3309 adjutor
3380 3238 3571 3294 similis
3610 3240 3764 3310 ejus;

2178 3329 2364 3398 utique
2383 3327 2630 3398 quamvis
2653 3326 2823 3383 fidelis
2847 3336 2943 3382 aut
2962 3324 3144 3395 justus
3163 3328 3235 3396 sit
3256 3328 3511 3407 quisque,
3537 3328 3765 3401 Christo

2179 3426 2358 3474 tamen
2387 3418 2588 3487 :cquari
2614 3431 2719 3472 non
2749 3424 2944 3488 potest.
2976 3416 3108 3491 Quis
3133 3418 3291 3482 enim,
3314 3417 3499 3491 inquit
3522 3417 3758 3491 Moyses,

2177 3511 2365 3579 similis
2393 3511 2488 3566 tibi
2512 3511 2569 3565 in
2599 3510 2722 3583 diis,
2756 3500 3017 3566 Domine?
3035 3508 3168 3565 Nam
3196 3518 3253 3566 et
3276 3509 3443 3565 David
3474 3511 3552 3581 ait
3576 3528 3590 3564 :
3631 3510 3764 3581 Spe-

2176 3601 2349 3657 ciosus
2376 3601 2547 3671 forma
2573 3616 2682 3671 pra:
2722 3599 2850 3669 [iliis
2874 3600 3145 3655 hominum
3186 3596 3358 3671 (Psal.
3386 3598 3556 3672 μιν).
3588 3598 3760 3667 Nemo

2176 3692 2319 3748 enim
2348 3699 2561 3762 poterat
2596 3705 2628 3744 a
2671 3698 2845 3746 morte
2869 3704 3039 3766 genus
3080 3690 3357 3765 hominum
3398 3689 3664 3753 liberare,
3707 3700 3763 3744 et

2179 3784 2349 3853 ipsam
2384 3790 2611 3852 mortem
2636 3797 2891 3852 superare
2920 3781 3020 3837 nisi
3065 3781 3331 3845 Christus,
3376 3780 3520 3852 sicut
3542 3781 3759 3862 Apoca-

2178 3872 2342 3943 lypsis
2366 3872 2441 3927 ait
2465 3890 2479 3929 :
2512 3870 2679 3925 Nemo
2718 3871 2957 3929 inventus
2984 3879 3058 3925 est
3079 3871 3297 3940 dignus,
3326 3886 3492 3943 neque
3520 3872 3577 3924 in
3610 3872 3757 3947 uelo,

2177 3980 2339 4032 neque
2377 3963 2435 4016 in
2475 3971 2648 4035 terra,
2690 3978 2853 4032 neque
2883 3962 3028 4035 infra
3072 3970 3265 4016 terram
3312 3961 3520 4031 aperire
3566 3962 3757 4014 librum

2180 4058 2360 4128 (Apoc.
2385 4055 2461 4127 v).

2248 4148 2472 4213 Immisit
2518 4164 2638 4221 ergo
2688 4146 2942 4219 Dominus
2996 4144 3137 4213 Deus
3172 4160 3409 4215 soporem
3455 4146 3513 4199 in
3566 4144 3754 4220 Adam.

2176 4239 2412 4310 Cumque
2458 4238 2827 4303 obdormisset,
2874 4235 2993 4290 tulit
3037 4252 3197 4306 unam
3243 4236 3308 4289 tle
3339 4236 3501 4295 costis
3535 4235 3673 4305 ejus,
3705 4244 3755 4289 et

2178 4328 2385 4399 replevit
2416 4343 2625 4382 carnem
2654 4341 2745 4395 pro
2790 4340 2875 4388 ea,
2903 4334 2951 4378 et
2997 4323 3277 4391 aediﬁcavit
3308 4323 3569 4376 Dominus
3614 4322 3758 4397 Deus

2176 4427 2372 4492 costam
2410 4432 2567 4487 quam
2610 4413 2803 4485 tulerat
2839 4410 2904 4485 de
2949 4410 3119 4483 Adam
3163 4410 3219 4463 in
3262 4409 3556 4469 mulierem.
3605 4410 3761 4476 Quod

495 4508 774 4575 Quomodo
801 4508 963 4561 etiam
1007 4506 1073 4559 ad
1104 4520 1284 4574 aream
1320 4505 1430 4558 Noe
1474 4505 1650 4564 cuncti
1680 4505 1894 4575 generis
1927 4505 2074 4559 vola-
2099 4497 2152 4557 D
2178 4505 2371 4560 mulier
2396 4500 2462 4560 de
2505 4503 2600 4558 viri
2644 4502 2812 4576 latere
2840 4500 2985 4563 facta
3013 4507 3116 4560 est,
3151 4506 3372 4566 propter
3416 4497 3592 4576 ipsius
3636 4513 3766 4550 con-

496 4599 609 4652 tilia
635 4597 717 4651 vel
747 4596 1112 4667 quadrupedia
1145 4612 1248 4651 non
1279 4595 1513 4649 hominis
1544 4611 1702 4648 manu
1727 4606 2067 4669 congregata,

495 4687 587 4749 sed
616 4687 873 4741 divinitus
896 4670 1013 4755 acta
1040 4686 1270 4755 venisse,
1294 4700 1520 4756 eamque
1544 4686 1776 4741 intrasse
1800 4686 2067 4757 leguntur,

496 4777 863 4844 nescientibus
897 4776 1114 4845 quidem
1149 4774 1278 4845 ipsis
1301 4775 1370 4829 ad
1406 4777 1534 4849 quid
1568 4776 1831 4838 venirent.
1868 4777 2073 4831 sciente

495 4881 672 4937 autem
719 4869 940 4924 homine
969 4868 1059 4941 qui
1100 4882 1162 4921 ea
1209 4868 1480 4941 venientia
1517 4868 1569 4922 in
1610 4883 1794 4923 arcam
1830 4867 1939 4939 Deo
1971 4867 2071 4928 do:

494 4971 649 5018 cente
679 4977 741 5017 ac
763 4958 986 5033 iubente
1017 4959 1362 5029 suscipiebat.

565 5053 732 5119 Omne
768 5054 903 5107 enim
959 5053 1098 5124 quod
1152 5052 1347 5119 vocavit
1385 5050 1552 5105 Adam
1595 5049 1786 5113 animle
1840 5050 2069 5119 viventis,

492 5160 661 5221 ipsum
693 5155 766 5199 est
796 5160 979 5221 nomen
1005 5144 1137 5214 ejus.
1167 5141 1555 5212 Appellavitque
1580 5139 1749 5193 Adam
1778 5139 2071 5197 nominibus

491 5239 600 5298 suis
622 5249 808 5294 cuncta
830 5239 1120 5313 animantia
1146 5248 1318 5313 terrm,
1346 5245 1392 5290 et
1420 5235 1657 5303 universa
1683 5233 1913 5287 volatilia
1936 5234 2068 5300 caeli,

490 5340 539 5384 et
567 5345 742 5384 omnes
772 5330 960 5389 bestias
1002 5340 1173 5395 terrm.
1200 5327 1423 5381 Constat
1465 5325 1636 5397 Adam
1682 5325 1733 5398 in
1780 5339 1843 5378 ea
1889 5324 2069 5395 lingua

492 5434 597 5488 qua
627 5428 793 5474 totum
817 5436 984 5491 genus
1011 5422 1304 5492 humanum
1331 5432 1502 5486 usque
1526 5417 1591 5469 ad
1616 5402 2068 5489 constructionem

494 5510 677 5571 turris,
714 5511 769 5564 in
799 5525 905 5579 qua
950 5511 1143 5581 lingua:
1176 5509 1362 5574 divisae
1390 5518 1537 5569 sum,
1578 5506 1915 5577 loquebatur,
1954 5506 2070 5580 ani-

455 5600 764 5653 ‘mantibus
804 5610 962 5654 terrae
1010 5609 1064 5652 et
1107 5599 1412 5671 volatilibus
1462 5597 1676 5650 nomina
1729 5598 2065 5673 imposuisse.

491 5680 755 5751 Cirterittti
785 5689 836 5763 in
875 5687 1172 5757 dejectione
1216 5687 1402 5749 turris,
1450 5702 1569 5739 cum
1606 5687 1744 5741 Deus
1773 5702 1923 5742 suam
1955 5689 2085 5779 ριιί-⁸

2170 4594 2466 4667 junctionis
2500 4594 2612 4648 vim
2645 4573 3158 4663 commendandam,
3188 4588 3263 4641 ita
3295 4586 3412 4642 ﬁeri
3440 4573 3765 4660 oportuisse

2176 4676 2501 4740 credendum
2548 4691 2650 4757 est,
2691 4682 2847 4748 Quod
2884 4688 3062 4736 autem
3108 4678 3398 4751 dormienti
3427 4676 3506 4749 illi
3554 4676 3763 4748 factum

2174 4783 2278 4840 est,
2308 4774 2448 4843 quod
2481 4786 2605 4832 esse
2628 4771 2871 4826 detracto
2897 4770 2952 4824 in
2981 4767 3140 4848 hujus
3169 4766 3345 4839 locum
3376 4781 3510 4820 caro
3542 4767 3761 4836 supple-

2178 4878 2346 4938 retur,
2376 4863 2584 4937 altioris
2620 4860 2862 4938 mysterii
2890 4860 3064 4931 gratia
3110 4858 3309 4914 factum
3333 4867 3437 4913 est.
3471 4852 3774 4935 Significa-

2175 4936 2340 5013 batur.
2358 4955 2503 5010 enim
2534 4948 2687 5023 quod
2704 4952 2772 5007 de
2798 4936 2969 5006 latere
2992 4949 3192 5006 Christi
3221 4949 3276 5004 in
3300 4963 3464 5005 cruce
3490 4963 3592 5019 per
3621 4963 3775 5003 mor-

2173 5062 2280 5107 tem
2308 5049 2486 5131 sopiti,
2531 5040 2869 5113 s‘aeramenta
2906 5052 3088 5117 essent
3126 5043 3316 5097 salutis
3338 5041 3583 5119 esitura,
3615 5041 3775 5095 vide—

2174 5144 2298 5207 licet
2332 5141 2550 5213 sanguis
2583 5148 2638 5194 ct
2665 5154 2825 5208 aqua,
2868 5137 2934 5192 de
2962 5137 3157 5206 quibus
3199 5149 3399 5209 sponsa
3446 5132 3523 5205 illi
3561 5134 3773 5188 conde-

2172 5244 2321 5290 retur
2346 5232 2624 5288 -Ecclesia.
2654 5225 2789 5293 Nam
2828 5228 2877 5304 si
2926 5227 3061 5282 tanti
3098 5225 3427 5280 sacramenti
3458 5240 3570 5278 non
3618 5232 3773 5277 esset

2175 5324 2345 5394 ﬁgura
2382 5324 2435 5377 in
2481 5321 2753 5377 creatione
2784 5318 2994 5375 feminae
3029 5316 3423 5387 prmmittenda,
3454 5315 3591 5386 quid
3628 5330 3776 5383 opus

2172 5423 2291 5470 erat
2319 5414 2583 5483 dormisse
2612 5412 2804 5477 Adam,
2835 5419 2893 5464 ut
2925 5419 3131 5485 costam
3172 5409 3246 5480 illi
3281 5409 3422 5476 Deus
3448 5409 3521 5462 de
3546 5422 3656 5477 qua
3686 5407 3779 5461 fe.

2174 5505 2374 5560 minam
2422 5504 2625 5560 faceret
2654 5503 2884 5575 tolleret,
2914 5501 3005 5579 qui
3049 5511 3102 5564 et
3145 5499 3387 5581 vigilanti
3420 5515 3489 5555 ac
3515 5514 3626 5554 non
3673 5498 3781 5551 do-

2172 5598 2302 5656 lenti
2347 5598 2488 5660 idem
2534 5597 2713 5651 facere
2752 5596 2996 5672 poterat?
3038 5593 3176 5661 Quid
3215 5592 3592 5653 necessarium
3638 5588 3787 5656 fuit,

2171 5699 2229 5744 ut
2254 5706 2373 5755 cum
2401 5705 2463 5745 os
2492 5690 2633 5760 quod
2665 5691 2731 5745 de
2758 5689 2858 5745 viri
2893 5687 3061 5745 latere
3103 5693 3376 5754 sumptum
3406 5693 3494 5741 est
3527 5686 3582 5738 in
3610 5682 3786 5753 femi-
