3958 6204
260 321 360 379 435

1291 318 1643 376 COMMENT.
1686 316 1750 371 IN
1790 315 2113 372 GENESIM.
2156 350 2225 360 —-
2263 320 2389 376 LIB.
2433 322 2474 376 l.

3438 334 3548 393 4864

254 452 376 493 nam
418 434 779 497 condebatur,
818 434 870 487 in
919 433 1098 488 locum
1141 431 1300 495 ossis,
1330 446 1436 485 non
1484 444 1567 493 os,
1595 427 1690 483 sed
1717 442 1847 482 caro
1875 429 1924 487 Α
1954 425 2203 483 videlicet
2247 428 2561 486 Christiana
2608 424 2915 501 vo‘earctur,
2958 452 2987 490 a
3016 436 3164 505 .lesu,
3197 440 3249 495 id
3278 452 3388 510 est,
3422 444 3539 501 Sal:

254 524 616 594 supplentur,
645 522 749 576 nisi
772 522 896 590 quia
925 521 1260 592 figurabatur
1283 519 1427 589 quod
1452 516 1703 573 Christus
1730 531 1849 586 pro-

255 625 372 687 pter
400 611 701 668 Ecclesiam
734 610 1003 676 inlirmus,
1029 619 1085 665 at
1109 625 1241 665 vero
1268 608 1512 665 Ecclesia
1548 623 1645 678 per
1668 607 1847 677 ipsum

255 712 397 762 esset
441 702 599 758 firma
645 701 864 756 futura?
907 701 1057 757 Unde
1102 700 1343 769 ejusdem
1389 698 1634 771 mysterii
1673 696 1846 768 gratia

253 797 428 868 typieo
448 809 668 865 quoque
693 792 861 848 verbo
881 808 981 848 usa
1006 801 1091 848 est
1116 791 1397 863 Scriptura
1421 801 1482 846 ut
1506 806 1612 846 non
1642 790 1847 846 diceret

252 886 406 951 fecit,
438 893 534 939 aut
580 883 867 948 formavit,
909 891 1004 937 aut
1032 882 1265 947 creavit,
1304 883 1446 938 sicut
1492 881 1548 935 in
1591 879 1846 935 omnibus

251 992 408 1048 supra
432 975 711 1046 operibus,
741 974 834 1029 sed
865 974 1168 1043 a'di/icacit,
1197 974 1393 1044 inquit,
1420 972 1678 1029 Dominus
1702 970 1843 1027 Deus

252 1076 444 1120 costam
497 1080 660 1135 quam
714 1064 908 1119 tulerat
952 1064 1017 1119 de
1053 1063 1226 1119 Adam
1270 1065 1326 1123 in
1374 1062 1678 1127 mulierem,
1732 1076 1840 1117 non

252 1165 510 1225 tanquam
556 1169 757 1226 corpus
793 1156 1104 1219 humanum,
1153 1153 1247 1211 sed
1291 1162 1546 1223 tanquam
1577 1154 1837 1213 domum:

251 1264 367 1318 qua:
394 1248 595 1303 domus
638 1263 825 1302 sumus
865 1262 984 1311 nos,
1015 1247 1062 1302 si
1091 1246 1342 1302 ﬁduciam
1372 1255 1426 1303 et
1453 1246 1678 1319 gloriam
1725 1245 1838 1316 spei

250 1356 416 1410 usque
460 1340 530 1394 ad
578 1338 739 1394 linem
788 1338 999 1397 ﬁrmam
1044 1340 1396 1395 retineamus.
1447 1339 1651 1394 Taliter
1691 1338 1838 1394 enim

250 1431 506 1495 decebat,
549 1438 612 1487 ut
657 1430 874 1489 humani
915 1431 1130 1501 generis
1171 1431 1324 1501 origo
1359 1431 1472 1486 Deo
1512 1436 1838 1499 cooperante

249 1520 585 1590 procederet,
613 1527 881 1589 quatenus
909 1519 1281 1593 redemptione
1306 1519 1475 1589 ipsius
1496 1534 1618 1589 qua:
1648 1518 1700 1573 in
1730 1518 1838 1573 ﬁne

247 1620 362 1666 erat
396 1610 584 1666 saeculi
618 1625 715 1679 per
741 1611 992 1666 eumdem
1029 1619 1255 1665 ventura
1282 1610 1616 1665 conditorem
1646 1609 1837 1665 conci-

248 1701 499 1757 nentibus
532 1700 720 1771 figuris
766 1701 1138 1757 testimonium
1175 1701 1348 1757 daret.
1389 1698 1592 1773 (Grcg.)
1641 1700 1832 1757 Scien-

249 1793 375 1847 dum
416 1806 550 1848 vero
578 1769 673 1847 est
708 1792 836 1862 quia
881 1806 1224 1862 nequaquam
1252 1769 1463 1849 culmen
1513 1769 1836 1863 contempla-
1863 1769 1912 1829 Β

248 1884 409 1939 tionis
448 1883 790 1955 attingimus,
817 1883 864 1939 si
892 1898 999 1941 non
1039 1884 1109 1939 ab
1136 1884 1395 1940 exteriori
1435 1899 1581 1940 cura:
1611 1897 1836 1956 oppres-

246 1978 397 2033 sione
425 1992 724 2033 cessamus.
754 1975 1101 2048 Nequaquam
1140 1978 1500 2047 nosmetipsos
1538 1977 1835 2042 intuemur,

245 2077 301 2123 ut
337 2070 578 2126 sciamus
600 2069 743 2124 aliud
782 2070 836 2124 in
865 2069 1023 2126 nobis
1044 2084 1168 2129 esse
1198 2070 1463 2125 rationale
1492 2070 1635 2141 quod
1674 2069 1834 2141 regit,

245 2159 389 2216 aliud
412 2158 647 2216 animale
673 2159 818 2229 quod
855 2159 1081 2230 regitur,
1107 2158 1213 2215 nisi
1241 2157 1310 2213 ad
1338 2166 1608 2213 secretum
1634 2156 1833 2213 silentii

244 2257 610 2314 recurrentes,
638 2249 707 2303 ab
746 2248 892 2302 omni
929 2248 1170 2304 exterius
1211 2248 1621 2318 perturbatione
1657 2246 1836 2317 sopia-

246 2354 389 2393 mur.
418 2337 573 2406 Quod
607 2337 881 2399 silentium
910 2349 1157 2393 nostrum
1186 2338 1324 2395 bene
1347 2337 1520 2393 Adam
1555 2336 1833 2392 dormiens

247 2430 518 2501 ﬁguravit,
548 2429 616 2484 de
654 2428 809 2500 cuius
833 2443 957 2487 mox
985 2428 1155 2490 latere
1190 2427 1385 2487 mulier
1410 2427 1698 2498 processit,
1724 2441 1832 2497 qua

245 2522 492 2593 quisquis
526 2521 595 2577 ad
635 2521 895 2577 interiora
939 2520 1281 2592 intelligenda
1326 2521 1555 2591 rapitur,
1593 2535 1624 2573 a
1672 2518 1832 2577 rebus

242 2612 600 2673 invisibilibus
630 2613 829 2669 mentis
868 2611 1055 2667 oculos
1083 2611 1305 2677 claudit,
1330 2618 1386 2665 et
1416 2619 1544 2666 tunc
1574 2611 1626 2665 in
1654 2610 1832 2679 seipse

242 2707 320 2762 vel
359 2720 485 2776 qua
509 2718 744 2776 praesae
783 2704 1016 2759 debeant
1039 2701 1289 2769 viriliter,
1332 2700 1416 2757 vel
1445 2716 1565 2770 qua:
1608 2700 1832 2756 subesse

243 2798 451 2868 possint
477 2794 693 2857 inﬁrma
718 2795 1021 2867 distinguit,
1059 2804 1122 2851 ut
1156 2794 1302 2850 aliud
1345 2793 1402 2848 in
1432 2793 1548 2863 ipso
1587 2792 1659 2847 sit
1684 2790 1828 2865 quod

242 2904 428 2962 regere
476 2888 655 2949 valeat
702 2896 959 2959 tanquam
1004 2887 1107 2953 vir,
1138 2885 1283 2951 aliud
1330 2894 1586 2955 tanquam
1627 2882 1825 2938 femina

239 2985 384 3063 quod
412 2991 653 3059 regatur.

306 3074 380 3129 Et
420 3073 647 3129 adduxit
689 3090 805 3129 eam
849 3073 918 3127 ad
957 3072 1148 3127 Adam.
1188 3069 1435 3142 Dixitque
1461 3069 1681 3125 Adam:
1713 3064 1826 3122 Hoc

238 3184 373 3223 nunc
412 3184 471 3223 as
499 3182 565 3221 ea:
591 3166 795 3221 ossibus
818 3165 965 3228 meis,
998 3172 1044 3218 et
1076 3178 1199 3224 caro
1241 3162 1306 3215 de
1331 3177 1489 3216 carne
1516 3176 1651 3215 mea.
1682 3157 1826 3226 Quo-

241 3257 385 3311 niam
410 3256 585 3315 Adam
614 3254 860 3309 adductis
885 3253 951 3307 ad
982 3268 1041 3308 se
1069 3251 1433 3307 animantibus
1466 3258 1623 3304 teme
1649 3257 1705 3303 et
1732 3263 1827 3304 vo-

243 3346 479 3411 latilibus
499 3345 731 3410 cunctis,
764 3343 971 3405 nullum
1001 3343 1055 3397 in
1083 3342 1169 3409 his
1195 3341 1297 3404 sibi
1324 3340 1497 3396 simile
1522 3338 1823 3405 invenerat,

240 3438 435 3499 merito
457 3451 605 3491 nunc
625 3435 718 3491 ubi
743 3432 1069 3509 adiutorium
1106 3431 1283 3489 simile
1324 3430 1406 3486 sui
1433 3424 1635 3485 factum
1663 3437 1826 3500 atque

240 3530 304 3585 ad
332 3543 393 3584 se
420 3528 713 3591 adductum
738 3526 892 3591 vidit,
919 3525 1139 3600 agnovit
1160 3532 1216 3580 et
1247 3522 1571 3588 exclamavit
1600 3522 1785 3581 dicens
1809 3538 1823 3575 :

246 3619 353 3676 Hoc
393 3637 534 3679 nunc
579 3636 637 3674 os
669 3635 736 3674 ex
762 3619 963 3673 ossibus
993 3619 1140 3683 meis,
1176 3626 1224 3671 et
1255 3632 1378 3670 caro
1405 3615 1470 3669 de
1495 3630 1653 3669 carne
1686 3630 1822 3669 mea.

239 3708 388 3765 Nunc
415 3709 704 3774 videlicet,
745 3709 871 3780 quia
916 3708 1067 3779 prius
1108 3707 1240 3762 visis
1288 3704 1656 3761 animantibus
1683 3704 1822 3769 aliis,

237 3802 405 3857 simile
434 3802 542 3865 sibi
575 3816 683 3856 non
712 3802 941 3856 viderat.
967 3799 1039 3859 Os
1067 3810 1242 3857 autem
1270 3799 1335 3853 de
1368 3799 1570 3859 ossibus
1598 3799 1746 3864 meis,
1777 3806 1828 3852 et

237 3907 357 3944 caro
383 3892 450 3946 de
476 3906 639 3945 carne
689 3907 803 3949 mea
827 3903 845 3942 :
871 3890 996 3967 quia
1044 3897 1239 3944 caetera
1284 3904 1405 3961 quae
1432 3903 1494 3943 os
1523 3898 1578 3941 et
1606 3900 1827 3942 carnem

237 3982 491 4047 habentia
524 3981 736 4037 viderat
771 3980 1199 4050 nominatimque
1245 3979 1579 4041 distinxerat,
1615 3992 1724 4032 non
1760 3991 1827 4040 ex

236 4087 327 4125 sua
376 4073 708 4138 substantia,
745 4074 840 4128 sed
879 4087 947 4127 ex
996 4082 1142 4128 terra
1188 4071 1271 4127 vel
1318 4071 1475 4141 aquis
1518 4084 1640 4134 esse
1682 4069 1825 4126 facta

235 4173 481 4224 noverat.
517 4162 675 4223 Sicut
702 4178 832 4218 vero
875 4163 995 4227 aliis
1022 4163 1342 4225 vocabulum
1375 4162 1445 4217 ad
1476 4176 1535 4218 se
1577 4161 1827 4226 adductis

232 4266 527 4326 posuerat,
572 4258 653 4314 sic
708 4259 982 4322 restabat,
1024 4266 1085 4312 ut
1119 4257 1169 4321 ei
1224 4271 1385 4337 quem
1439 4254 1542 4319 sibi
1598 4252 1828 4319 similem

229 4363 292 4406 ac
343 4350 413 4405 de
461 4364 565 4407 suo
613 4363 841 4427 corpore
891 4358 1135 4407 creatum
1194 4346 1448 4427 cognovit
1496 4360 1693 4403 nomen
1742 4343 1827 4400 in-.-

230 4439 405 4501 deret.

298 4528 455 4591 Haec.
502 4529 712 4598 inquit,
745 4531 1030 4584 vocabatur
1068 4530 1265 4600 virago,
1304 4531 1551 4601 quoniam
1597 4531 1663 4589 de
1710 4532 1822 4603 viro

225 4631 439 4691 sumpta
468 4631 568 4676 est.
595 4620 876 4688 Quomodo
910 4629 1091 4687 autem
1131 4621 1320 4687 Latine
1343 4623 1666 4694 etymologia
1693 4637 1825 4678 con-

224 4714 375 4783 gruit
406 4714 461 4768 in
494 4712 582 4767 his
624 4712 954 4777 nominibus,
992 4728 1114 4768 cum
1142 4728 1172 4766 a
1210 4714 1328 4767 viro
1364 4724 1707 4784 nuncupatur
1743 4712 1825 4766 vi.-

225 4820 379 4876 rago,
412 4804 491 4859 ita
525 4804 782 4859 convenit
808 4812 862 4857 et
890 4803 1137 4870 Hebrzca,
1166 4805 1217 4861 in
1239 4821 1346 4876 qua
1370 4805 1620 4871 videlicet
1643 4806 1823 4874 lingua

226 4897 309 4951 vir
360 4895 676 4967 appellatur
714 4895 762 4949 is
797 4903 936 4960 iam,
966 4903 1020 4950 et
1066 4896 1310 4952 derivato
1337 4898 1405 4952 ab
1439 4898 1544 4952 hoc
1586 4898 1828 4965 nomine,

224 4988 439 5044 femina
492 4988 693 5044 dicitur
736 4988 844 5042 issa
888 4998 1036 5048 mea.
1070 4988 1309 5069 Denique
1338 4990 1483 5060 quod
1511 4990 1557 5044 is
1598 4989 1829 5069 appelle-

226 5091 318 5139 tur
344 5082 625 5140 Ilebraiee
651 5082 757 5146 vir,
787 5089 1014 5137 testatur
1039 5081 1204 5137 etiam
1227 5067 1427 5137 nomen
1452 5081 1615 5141 Israel

221 5175 319 5246 qui
341 5176 431 5230 vir
450 5174 632 5233 ridens
654 5172 820 5227 Deam
835 5172 1245 5243 interpretatur.
1272 5172 1377 5227 Sed
1404 5182 1459 5237 et
1471 5172 1824 5228 sacramentis

223 5268 439 5325 Christi
482 5273 539 5322 et
564 5265 825 5322 Ecclesia:
866 5266 1120 5322 convenit
1155 5264 1454 5335 aptissime,
1483 5268 1626 5337 quod
1653 5266 1825 5322 Adam

222 5360 522 5415 mulierem
549 5359 619 5414 de
652 5373 751 5413 sua
780 5373 944 5413 carne
980 5367 1243 5423 creatam,
1280 5357 1515 5413 nominis
1542 5358 1626 5413 sui
1662 5358 1830 5427 parti-

1952 525 2160 584 vatore,
2192 519 2422 575 salutem
2450 534 2875 595 consequeretur
2902 536 3183 585 cateruam.
3212 529 3329 586 Non
3357 544 3537 589 autem

1947 612 2407 680 praetereundum,
2433 614 2576 683 quod
2613 631 2774 684 super
2790 604 2914 682 ille,
2939 618 3053 674 sive
3076 621 3328 687 exstasis,
3354 623 3406 677 id
3432 632 3535 690 est,

1946 698 2148 756 mentis
2172 714 2451 769 excessus,
2480 711 2542 757 ut
2586 705 2808 774 antiqua
2840 707 3121 762 translatio
3150 710 3331 776 habet,
3375 726 3536 781 quam

1946 785 2211 847 Dominus
2250 793 2554 849 transmisit
2598 795 2651 849 in
2686 795 2880 863 Adam,
2931 807 3079 853 recte
3110 799 3448 871 intelligitur,
3479 812 3535 857 ut

1944 888 2165 938 sanctus
2191 882 2527 954 Augustinus
2554 887 2702 949 dicit,
2738 888 2803 943 ad
2834 888 2938 942 hoc
2976 888 3237 957 immissa,
3269 900 3330 947 ut
3368 892 3531 963 ipsius

1902 963 1907 969 ’
1945 984 2102 1026 mens
2129 988 2228 1043 per
2244 976 2484 1030 exstasin
2513 978 2785 1047 particeps
2815 978 2971 1035 ﬁeret
2998 987 3252 1050 tanquam
3281 984 3535 1055 angelica'

1943 1062 2129 1127 curia),
2158 1072 2216 1119 et
2259 1056 2472 1119 intrans
2515 1067 2569 1122 in
2619 1068 2987 1124 sanctuarium
3029 1068 3160 1135 Dei,
3210 1071 3532 1144 intelligeret

1941 1151 2257 1209 novissima.
2282 1155 2523 1226 Denique
2546 1157 2806 1229 evigilans
2829 1166 3089 1230 tanquam
3114 1163 3395 1231 prophetia
3423 1164 3531 1234 ple-

1940 1258 2063 1311 nus,
2095 1260 2219 1301 cum
2249 1247 2315 1301 ad
2352 1262 2410 1302 se
2459 1249 2745 1303 adductam
2779 1250 3058 1306 mulierem
3103 1267 3257 1307 suam
3303 1254 3531 1319 videret,

1938 1339 2205 1392 cruetavit
2233 1339 2492 1394 continuo
2514 1355 2769 1411 magnum
2798 1348 3199 1401 sacramentum
3227 1346 3370 1414 quod
3394 1360 3545 1399 com:

1938 1430 2215 1486 mendavit
2254 1430 2590 1502 Apostolus:
2626 1432 2740 1488 Hoc
2775 1452 2915 1491 nunc
2947 1453 3004 1492 os
3044 1452 3110 1491 ea:
3148 1437 3349 1493 ossibus
3380 1438 3533 1503 meis,

1936 1529 1986 1573 et
2012 1536 2137 1575 caro
2164 1521 2230 1576 de
2262 1539 2421 1577 carne
2455 1540 2590 1578 mea.
2624 1524 2755 1580 Hcec
2790 1528 3059 1587 vocabitur
3084 1530 3282 1599 virago,
3315 1530 3437 1602 quia
3467 1529 3530 1582 de

1934 1610 2048 1665 viro
2080 1622 2289 1684 sumpta
2314 1622 2411 1678 est,
2434 1624 2490 1669 et
2513 1616 2657 1686 quod
2688 1619 2951 1688 sequitur.

2011 1698 2363 1765 Quamobrem
2387 1704 2639 1775 relinquet
2658 1707 2815 1762 homo
2831 1717 3035 1778 patrem
3054 1725 3207 1763 suum
3223 1719 3270 1764 et
3287 1721 3531 1775 matrem,

1940 1799 1991 1847 et
2015 1790 2299 1848 adhcerebit
2335 1797 2491 1849 uxori
2517 1812 2662 1863 sum,
2710 1807 2756 1852 et
2784 1807 2938 1863 erunt
2977 1799 3082 1855 duo
3122 1800 3176 1855 in
3205 1818 3362 1857 carne
3400 1819 3527 1859 una.

1941 1880 2074 1948 Quae
2101 1884 2265 1938 verba
2294 1900 2417 1942 cum
2447 1887 2606 1954 primi
2638 1888 2875 1947 hominis
2906 1888 3073 1945 fuisse
3105 1889 3381 1961 Scriptura
3416 1893 3530 1963 ipsa

1939 1978 2192 2039 testatur,
2225 1974 2486 2030 Dominus
2512 1984 2691 2034 tamen
2726 1978 2778 2032 in
2809 1980 3101 2051 Evangelia
3126 1980 3298 2037 Deum
3328 1983 3531 2038 dixisse

1939 2063 2254 2122 declaravit.
2283 2065 2376 2127 Ait
2406 2067 2553 2121 enim
2596 2086 2608 2123 :
2656 2067 2778 2122 Non
2813 2068 3010 2140 legistis
3037 2071 3163 2141 quia
3191 2073 3283 2143 qui
3310 2071 3432 2141 fecit
3462 2073 3528 2131 ab

1938 2152 2127 2217 initio,
2180 2154 2475 2217 masculum
2525 2166 2575 2210 et
2631 2156 2880 2225 feminam
2927 2159 3051 2227 fecit
3094 2162 3223 2221 eos?
3266 2172 3314 2216 et
3343 2158 3520 2216 dixit.

1939 2241 2166 2313 Propter
2214 2243 2312 2297 hoc
2352 2245 2576 2300 dimittet
2631 2246 2785 2307 homo
2830 2258 3033 2318 patrem
3075 2262 3124 2304 et
3172 2261 3424 2318 matrem,
3478 2265 3526 2309 et

1937 2333 2223 2389 adhtcrebit
2275 2337 2433 2391 uxori
2492 2353 2604 2391 sua:
2630 2377 2645 2403 ,
2688 2328 2742 2393 at
2800 2348 2951 2393 erunt
2982 2339 3087 2394 duo
3129 2342 3185 2395 in
3220 2359 3379 2397 carne
3421 2360 3524 2397 una

1939 2422 2158 2495 (Matth.
2188 2425 2327 2498 xix),
2354 2434 2415 2480 ut
2437 2426 2563 2484 hinc
2588 2428 3009 2499 intelligeremus
3034 2441 3258 2503 propter
3286 2435 3525 2490 exstasin

1936 2530 2057 2588 qua:
2091 2527 2447 2587 praecesserat
2482 2518 2538 2573 in
2566 2516 2736 2574 Adam
2758 2559 2771 2585 ,
2803 2520 2907 2575 hoc
2940 2536 3062 2576 eum
3103 2523 3361 2578 divinitus
3401 2518 3522 2578 tan-

1935 2623 2098 2681 quam
2146 2610 2468 2681 prophetam
2504 2611 2688 2666 dicere
2714 2612 2976 2689 potuisse.
3018 2612 3075 2668 Si
3116 2629 3246 2684 ergo
3276 2614 3526 2671 Christus

1935 2699 2171 2765 adhaesit,
2219 2700 2504 2766 Ecclesia},
2564 2710 2623 2763 ut
2674 2711 2860 2759 essent
2918 2703 3025 2758 duo
3071 2704 3125 2759 in
3179 2721 3345 2761 carne
3374 2722 3523 2777 una,

1935 2790 2209 2861 quomodo
2255 2792 2473 2863 reliquit
2508 2800 2742 2863 patrem,
2790 2794 3061 2863 quomodo
3087 2798 3350 2851 matrem?
3382 2797 3521 2866 Quia

1933 2897 2053 2945 cum
2084 2874 2140 2938 in
2165 2881 2337 2953 forma
2370 2883 2465 2938 Dei
2505 2894 2669 2951 esset,
2698 2900 2802 2939 non
2828 2886 3070 2956 rapinam
3110 2888 3397 2943 arbitratus
3444 2899 3523 2944 est

1932 2990 2043 3034 esse
2095 2990 2153 3029 se
2203 2975 2457 3046 wqualem
2506 2976 2616 3030 Deo
2642 3016 2658 3041 ,
2705 2976 2798 3040 sed
2854 2977 3186 3048 semetipsum
3235 2979 3520 3035 exinanivit

1935 3065 2162 3134 formam
2204 3068 2339 3126 servi
2384 3068 2641 3137 accipiens
2698 3066 2865 3140 (Phil.
2912 3067 2996 3140 ιι).
3048 3068 3163 3124 Hoc
3208 3078 3291 3125 est
3337 3071 3519 3137 enim,

1935 3156 2155 3228 reliquit
2193 3169 2434 3228 patrem.
2482 3175 2590 3214 non
2634 3161 2759 3229 quia
2803 3160 3081 3225 deseruit,
3128 3170 3183 3216 et
3223 3163 3447 3218 recessit
3490 3179 3521 3217 a

1933 3247 2119 3315 Patre,
2149 3249 2245 3306 sed
2272 3250 2398 3321 quia
2423 3266 2531 3305 non
2564 3251 2616 3305 in
2644 3267 2704 3307 ea
2738 3250 2909 3307 forma
2936 3252 3184 3324 apparuit
3212 3254 3522 3311 hominibus

1933 3341 1989 3400 in
2017 3357 2125 3413 qua
2155 3342 2379 3412 aequalis
2399 3353 2485 3399 est
2506 3343 2674 3409 Patri.
2705 3345 2985 3412 Quomodo
3015 3346 3233 3415 reliquit
3257 3351 3524 3403 matrem?

1931 3434 2310 3505 Belinquendo
2329 3435 2668 3508 Synagugam
2688 3435 2993 3502 ,ludreorum
3017 3437 3084 3493 de
3097 3436 3202 3507 qha
3225 3440 3518 3495 secundum

1930 3542 2151 3582 carnem
2182 3533 2341 3589 natus
2369 3534 2473 3592 est,
2526 3534 2581 3580 et
2626 3527 2940 3589 inhaerendo
2968 3528 3224 3584 Ecclesia:
3246 3546 3407 3600 quam
3450 3546 3518 3585 ex

1930 3615 2444 3688 omnibus'gentibus
2455 3619 2822 3689 congregavit,
2839 3627 2898 3673 ut
2916 3633 3051 3692 pace
3067 3620 3189 3674 novi
3213 3623 3521 3678 testamenti

1929 3719 2115 3771 essent
2147 3710 2254 3765 duo
2291 3710 2342 3764 in
2378 3724 2542 3765 carne
2592 3725 2729 3775 una;
2773 3711 2897 3780 quia
2930 3725 3053 3765 cum
3090 3711 3162 3765 sit
3200 3712 3339 3767 Deus
3376 3715 3517 3783 apud

1931 3801 2148 3857 Patrem
2168 3801 2358 3867 Deum,
2380 3801 2555 3865 factus
2576 3811 2660 3858 est
2677 3818 2774 3874 per
2788 3818 3007 3858 carnem
3029 3803 3297 3875 particeps
3311 3813 3519 3870 noster,

1932 3901 1995 3955 ut
2023 3892 2167 3948 illius
2191 3891 2385 3963 capitis
2411 3906 2609 3962 corpus
2640 3907 2762 3951 esse
2790 3908 3090 3962 possemus.

2003 3983 2137 4045 Erat
2184 3993 2359 4043 autem
2409 3995 2625 4053 uterque
2670 3985 2864 4049 nudus,
2892 3986 3058 4038 Adam
3083 3986 3279 4040 scilicet
3308 3996 3354 4040 et
3384 4003 3519 4041 uror

1929 4078 2086 4148 ejus,
2137 4086 2339 4145 et'non
2384 4077 2774 4143 erubescebant,
2821 4087 2876 4141 et
2929 4078 3142 4135 merito,
3186 4076 3323 4144 Quid
3370 4079 3514 4133 enim

1930 4170 2178 4251 puderet,
2204 4169 2422 4239 quando
2448 4169 2650 4237 nullam
2672 4168 2845 4237 legem
2870 4176 3158 4225 senserunt
3179 4169 3231 4223 in
3260 4169 3521 4225 membris

1931 4261 2046 4323 suis
2070 4267 2457 4337 repugnantem
2503 4259 2606 4327 legi
2632 4259 2830 4314 mentis
2866 4259 3010 4314 suae?
3048 4273 3168 4329 qum
3196 4259 3317 4326 illos
3355 4273 3515 4328 pcena

1929 4350 2167 4424 peccati,
2205 4356 2327 4428 post
2351 4349 2807 4431 perpetrationem
2834 4349 3298 4420 praevaricationis
3333 4358 3518 4419 secuta

1851 4468 1905 4542 Ι)
1931 4448 2037 4505 est,
2083 4446 2377 4508 usurpante
2416 4438 2781 4494 inobedientia
2822 4438 3211 4542 prohibitum,”
3234 4447 3289 4493 et
3308 4438 3519 4509 iustitia

1938 4533 2194 4603 puniente
2236 4531 2605 4597 commissum.
2662 4529 2817 4597 Quod
2846 4538 3131 4601 antequam
3182 4528 3364 4597 ﬁeret,
3393 4529 3521 4612 noudi

1938 4632 2117 4689 erant,
2141 4630 2202 4678 ut
2233 4623 2436 4679 dictum
2463 4630 2564 4685 est,
2591 4630 2648 4675 et
2680 4636 2787 4676 non
2815 4621 3306 4689 confundebantur.
3334 4620 3523 4681 Nullus

1938 4722 2062 4772 erat
2082 4724 2261 4771 motus
2281 4715 2334 4769 in
2356 4728 2586 4784 corpore
2612 4713 2698 4768 cui
2723 4713 3050 4769 verecundia
3078 4712 3366 4768 deberetur
3388 4712 3521 4769 nihil

1897 4837 1901 4841 υ
1938 4807 2200 4879 putabant
2228 4806 2543 4872 velandum,
2588 4805 2711 4876 quia
2744 4804 2879 4873 nihil
2927 4811 3209 4859 senserant
3238 4802 3519 4860 refrenane

1939 4900 2088 4963 dum.

2524 4986 2747 5057 CAPUT
2789 4986 2903 5041 xv.

1934 5101 2014 5161 De
2035 5100 2360 5170 suggestione
2382 5098 2631 5173 serpentis
2654 5109 2708 5179 et.
2726 5099 3028 5159 seductwne
3054 5094 3184 5159 Adae
3208 5103 3255 5153 et
3278 5092 3518 5163 conjugis

2657 5186 2791 5222 ειιιε.

2010 5260 2158 5332 (αλιι.
2217 5260 2320 5333 ιιι).
2364 5258 2468 5315 Sed
2512 5268 2561 5314 et
2612 5185 2821 5328 seiras
2864 5266 2978 5313 erat
3028 5253 3271 5320 callidior
3320 5250 3519 5304 cunctis

1936 5356 2290 5413 animantibus
2312 5365 2466 5409 terra:
2501 5370 2619 5424 quae
2644 5352 2836 5420 fecerat
2866 5348 3118 5403 Dominus
3147 5343 3310 5397 Deus.
3333 5339 3521 5396 Potest

222 5451 408 5521 cipem
464 5447 585 5506 ﬁeri
617 5446 825 5514 voluit,
868 5448 995 5519 quia
1039 5455 1096 5502 et
1131 5447 1391 5503 Dominus
1441 5455 1624 5502 noster
1674 5446 1833 5509 Jesus
1938 5449 2041 5502 iste
2078 5460 2302 5516 serpens
2331 5456 2440 5499 non
2489 5440 2790 5498 irrationali
2822 5438 3002 5493 anima
3043 5450 3174 5499 sua,
3201 5433 3298 5488 sed
3340 5430 3519 5486 alieno

220 5541 694 5610 Christus,qu
728 5534 986 5594 Ecclesia:
1030 5554 1194 5609 quam
1239 5553 1338 5607 per
1385 5539 1465 5593 sui
1509 5538 1754 5608 corporis
1781 5547 1839 5593 et
1930 5538 2044 5607 iam
2071 5537 2286 5608 spiritu,
2314 5537 2367 5592 id
2413 5544 2518 5601 est,
2545 5531 2841 5595 diabolica,
2888 5527 3132 5583 callidior
3155 5524 3262 5580 dici
3306 5525 3521 5579 cunctis

223 5629 525 5702 sanguinis
549 5628 786 5699 pretium
812 5630 1042 5684 redemit
1065 5629 1275 5699 sibique
1296 5627 1574 5697 adoptavit
1594 5628 1647 5683 in
1675 5643 1837 5699 spon-
1940 5627 2322 5692 animantibus.
2398 5621 2803 5691 Quantumlibet
2865 5617 3008 5672 enim
3076 5615 3521 5686 praevaricatores

222 5737 366 5788 sam,
404 5720 757 5792 participium
801 5721 883 5777 sui
915 5721 1150 5777 nominis
1177 5719 1416 5786 donavit,
1463 5729 1524 5774 ut
1552 5734 1584 5774 a
1619 5719 1838 5777 Christo
1942 5718 2115 5787 angeli
2140 5718 2206 5772 de
2237 5715 2488 5785 supernis
2518 5714 2734 5769 sedibus
2765 5724 2877 5766 sure
2919 5705 3294 5773 perversitatis
3321 5714 3378 5761 et
3428 5721 3519 5777 su-
