3974 6200
459 294 561 352 487

1134 294 1192 346 ll.
1237 293 1484 347 llAliANl
1526 292 1740 346 MAlllll
1780 291 2096 347 ARCIHEP.
2138 289 2445 345 MOGL’NT.
2486 288 2769 344 Ol’l-ll’tL'M
2811 288 2990 344 PARS
3031 290 3069 344 l.

3618 290 3724 349 488

459 410 662 483 perbizc
677 407 870 464 merito
885 406 1073 477 deiecti
1096 416 1242 471 sunt,
1274 416 1465 461 natura
1482 415 1658 460 tamen
1686 405 2036 460 excellentio-
2068 410 2114 467 Α
2144 403 2351 457 lierem.
2402 401 2640 458 Callidus
2675 417 2908 472 namque
2949 402 3171 457 humani
3201 402 3417 473 generis
3443 401 3723 469 inimicus,

464 516 556 558 res
580 508 705 555 sunt
725 499 978 555 omnibus
1001 497 1366 553 animantibus
1385 505 1543 550 terra:
1570 505 1792 567 propter
1819 494 2042 549 rationis

462 589 831 645 eminentiam.
858 587 997 653 Quid
1020 601 1150 655 ergo
1175 587 1371 643 mirum
1392 587 1436 640 si
1461 600 1560 640 suo
1583 585 1838 640 instinctu
1866 584 2045 639 diabo-
2084 632 2091 635 .

463 678 549 733 lus
572 677 684 746 jam
707 676 934 746 implens
955 683 1282 745 serpentem,
1305 675 1463 745 eique
1479 690 1636 730 suum
1664 673 1916 744 spiritum
1942 673 2043 727 mi-

462 783 645 833 scens,
660 783 725 821 eo
738 782 889 821 more
912 782 1020 836 quo
1046 775 1199 822 vates
1210 766 1593 821 dmmouiorum
1610 765 1819 835 impleri
1848 764 2038 829 solent,

464 857 868 919 callidissimum
886 855 1191 911 reddiderat
1211 856 1453 911 omnium
1469 856 1824 911 animantium
1846 856 2044 911 terrae?

459 949 575 1003 sive
637 955 695 1001 ut
744 946 849 1000 alia
891 946 1023 1001 dicit
1066 945 1261 1011 editio,
1317 946 1773 1016 sapientissimum
1802 945 2043 1001 omnium

462 1041 780 1105 bestiarum,
813 1040 1104 1094 secundum
1133 1040 1367 1093 animam
1389 1039 1566 1093 vivam
1591 1037 2046 1093 irrationabilem—

463 1147 569 1201 que
590 1131 917 1186 viventium?
944 1129 1216 1201 (August.)
1245 1130 1304 1185 Si
1340 1145 1473 1200 ergo
1498 1129 1757 1199 quaeritur
1782 1144 1879 1184 cur
1901 1129 2044 1183 Deus

466 1223 665 1277 tentari
688 1221 998 1291 permiserit
1024 1220 1317 1286 hominem,
1348 1236 1507 1290 quem
1532 1220 1789 1276 tentatori
1811 1234 2042 1275 consen-

359 1345 366 1351 ο
463 1328 647 1367 surum
671 1326 792 1368 esse
819 1312 1158 1383 praesciebat,
1188 1312 1427 1367 occurrit
1452 1311 1592 1365 ratio
1609 1325 1735 1365 vera
1755 1351 1770 1377 ,
1798 1325 1903 1364 non
1929 1325 2045 1365 ma-

464 1420 581 1474 gna:
606 1402 801 1458 laudis
848 1400 1086 1457 futurum
1137 1400 1304 1457 fuisse
1351 1400 1623 1456 hominem
1648 1439 1663 1465 ,
1693 1399 1739 1455 si
1760 1406 2045 1469 propterea

465 1503 648 1564 posset
667 1496 807 1550 bene
833 1494 1037 1559 vivere,
1062 1492 1189 1563 quia
1212 1507 1371 1548 nemo
1398 1491 1537 1546 male
1563 1491 1745 1545 vivere
1767 1484 2043 1553 suaderet,

464 1600 588 1639 cum
615 1592 671 1640 et
697 1585 752 1638 in
782 1592 974 1638 natura
999 1598 1174 1652 posse,
1209 1591 1264 1638 et
1293 1582 1347 1636 in
1374 1590 1640 1652 potestate
1660 1581 1886 1635 haberet
1908 1578 2045 1635 velle

466 1691 572 1730 non
602 1674 907 1731 consentire
954 1674 1232 1737 suadenti,
1281 1673 1570 1740 adjuvante
1614 1679 1795 1726 tamen
1830 1670 1922 1727 illo
1952 1670 2044 1740 qui

2145 493 2286 562 quod
2314 493 2366 546 in
2392 491 2644 562 paradiso
2669 492 2801 563 egit,
2832 493 2935 547 hoc
2963 492 3203 562 quotidie
3232 505 3398 563 agere
3443 508 3554 548 uou
3583 493 3726 549 desi-

2143 583 2257 637 stit.
2287 581 2464 637 Verba
2490 581 2691 652 quippe
2715 582 2810 636 Dei
2836 582 2903 636 de
2925 581 3179 638 cordibus
3204 582 3485 644 hominum
3507 584 3728 645 molitur

2142 671 2405 737 evellere,
2435 680 2598 741 atque
2624 672 2677 726 in
2704 671 2785 726 eis
2814 671 2937 727 ﬁcta
2966 671 3343 742 promissionis
3370 688 3482 732 suae
3519 671 3727 734 blandi-

2141 774 2324 820 menta
2355 766 2622 820 radicare.
2653 764 2909 832 Quotidie
2955 764 3009 820 id
3035 764 3178 834 quod
3208 766 3352 821 Deus
3381 765 3625 841 minatur
3650 767 3727 833 les-

2141 857 2291 928 vigat
2318 896 2333 921 ,
2384 864 2441 911 et
2482 856 2548 911 ad
2593 856 2695 911 hoc
2738 855 3065 912 credendum
3110 856 3255 926 quod
3284 855 3422 912 falso
3460 857 3730 926 promittit

2143 949 2356 1004 invitat.
2402 948 2563 1003 Falso
2590 947 2734 1012 enim
2759 947 3044 1017 pollicetur
3078 947 3414 1017 temporalia,
3446 958 3507 1020 ut
3538 950 3730 1010 menti-

2143 1040 2245 1095 bus
2272 1039 2552 1093 hominum
2580 1053 2646 1092 ea
2674 1037 2936 1108 supplicia
2966 1035 3193 1108 leviget,
3221 1053 3343 1108 quae
3384 1037 3533 1098 Deus
3554 1039 3727 1100 mina-

2145 1138 2234 1185 tur
2265 1138 2488 1186 mterna.
2512 1128 2645 1184 Nam
2681 1145 2804 1184 cum
2829 1130 3112 1199 praesentis
3138 1130 3262 1184 vita:
3302 1130 3527 1202 gloriam
3569 1146 3728 1202 spon-

2145 1220 2254 1284 det,
2285 1220 2416 1291 quid
2444 1221 2590 1296 aliud
2617 1220 2750 1275 dicit
2777 1238 2791 1274 :
2822 1220 3050 1276 Gustate
3077 1229 3134 1276 et
3178 1221 3334 1276 eritis
3360 1221 3501 1277 sicut
3527 1222 3641 1277 dii?
3666 1240 3728 1279 ac

2144 1312 2193 1367 si
2219 1321 2405 1381 aperte
2430 1311 2575 1368 dicat
2628 1310 3050 1382 :rTemporalem
3079 1311 3578 1383 concupiscentiam
3612 1323 3725 1388 tan-

2144 1400 2274 1471 gite,
2321 1408 2378 1455 et
2418 1401 2472 1456 in
2512 1400 2615 1456 hoc
2650 1400 2852 1456 mundo
2895 1400 3154 1470 sublimes
3194 1411 3469 1471 apparate.
3502 1403 3723 1471 Etcum

2146 1472 2395 1543 timorem
2423 1489 2617 1544 divinae
2638 1489 2923 1544 sententiae
2943 1503 2973 1544 a
3000 1490 3163 1548 cerde
3188 1504 3444 1545 amovere
3476 1502 3725 1559 conatur,

2145 1579 2274 1649 quid
2300 1578 2447 1634 aliud
2470 1578 2711 1650 loquitur
2734 1593 2894 1649 quam
2940 1578 2997 1635 id
3034 1579 3176 1648 quod
3201 1579 3393 1648 primis
3418 1580 3726 1647 hominibus

2147 1670 2316 1726 dicit:
2347 1668 2459 1724 Cur
2477 1671 2723 1742 prwcepit
2753 1670 2895 1726 vobis
2919 1669 3062 1725 Deus
3087 1680 3145 1725 ut
3171 1687 3276 1727 non
3305 1674 3640 1733 comedemis
3663 1677 3727 1739 de

464 1766 698 1839 superbis
723 1766 934 1832 resistit,
964 1763 1247 1818 humilibus
1277 1773 1450 1818 autem
1479 1763 1569 1816 dat
1600 1763 1825 1833 gratiam
1858 1761 2039 1835 (Prov.
2072 1764 2118 1824 Β
2146 1760 2286 1815 omni
2307 1760 2448 1829 ligno
2468 1760 2743 1831 paradisi?
2761 1758 2868 1816 Sed
2886 1762 3013 1831 quia
3033 1761 3216 1817 divino
3235 1776 3461 1818 munere
3482 1774 3725 1835 receptus

465 1856 571 1928 ιιι).
631 1856 742 1913 Nec
799 1854 1171 1911 arbitrandum
1226 1862 1309 1910 est
1364 1854 1510 1925 quod
1560 1844 1707 1909 esset
1769 1853 2042 1909 hominem

465 1947 771 2018 deiecturus
807 1948 910 2004 iste
941 1954 1198 2012 tentator,
1240 1946 1343 2002 nisi
1381 1945 1746 2035 praecessisset
1782 1944 1836 1998 in
1863 1944 2043 1998 anima

465 2040 699 2097 hominis
723 2040 966 2111 quaedam
991 2039 1156 2095 elatio
1183 2037 1610 2111 comprimenda,
1663 2045 1721 2092 ut
1746 2052 1844 2108 per
1864 2036 2042 2091 humi-

464 2131 737 2186 liationern
779 2129 988 2203 peccati
1032 2143 1193 2199 quam
1225 2128 1292 2183 de
1327 2143 1388 2184 se
1424 2126 1559 2182 falso
1601 2125 2041 2205 praesumpserit,

462 2214 711 2279 disceret.
743 2221 1033 2278 Verissime
1057 2223 1255 2293 quippe
1288 2223 1491 2278 dictum
1518 2229 1603 2277 est
1631 2240 1644 2276 :
1672 2221 1807 2276 Ante
1834 2222 2043 2274 ruinam

460 2313 726 2369 exaltatur
755 2315 995 2386 spiritus,
1017 2323 1064 2368 et
1090 2324 1211 2369 ante
1248 2313 1471 2385 gloriam
1520 2312 1833 2367 Itumilialur
1858 2308 2041 2382 (Prov.

456 2410 596 2481 λγι).
643 2407 735 2464 Sic
764 2418 944 2464 autem
974 2408 1191 2481 quidam
1223 2416 1508 2485 moventur
1530 2407 1597 2464 de
1623 2408 1726 2462 hac
1751 2407 1911 2479 primi
1941 2408 2041 2463 ho-

464 2500 625 2555 minis
669 2503 996 2567 tentatione,
1030 2501 1176 2573 quod
1200 2516 1321 2556 eam
1351 2499 1466 2577 ﬁcri
1512 2499 1820 2572 permiserit
1869 2500 2039 2564 Deus,

460 2590 614 2660 quasi
642 2606 785 2646 nunc
812 2607 918 2646 non
938 2592 1157 2647 videant
1181 2593 1495 2663 universum
1520 2587 1693 2672 genus
1724 2590 2041 2657 humanum,

461 2683 658 2740 diaboli
706 2684 914 2741 insidiis
955 2685 1071 2740 sine
1121 2685 1429 2741 cessatione
1473 2682 1688 2739 tentari.
1727 2682 1837 2738 Cur
1858 2689 1916 2737 et
1939 2681 2044 2737 hoc

461 2774 725 2844 permittit
763 2776 939 2830 Deus?
991 2790 1059 2829 an
1116 2776 1242 2845 quia
1286 2775 1575 2846 probatur,
1618 2781 1681 2827 ut
1724 2780 2044 2845 exerceatur

459 2863 633 2919 virtus
665 2872 725 2919 et
768 2873 851 2920 est
891 2864 1071 2935 palma
1108 2864 1393 2936 gloriosior
1423 2879 1526 2919 non
1553 2864 1893 2920 consensisse
1923 2873 2042 2919 ten-

457 2961 651 3020 tatum,
682 2969 846 3024 quam
875 2970 982 3010 non
1011 2955 1252 3025 potuisse
1286 2954 1518 3030 tentari?
1542 2952 1599 3008 Si
1628 2963 1806 3028 autem
1845 2954 2044 3023 quaeri-

456 3054 547 3101 tur
586 3062 685 3102 cur
723 3047 1059 3118 potissimum
1101 3060 1199 3116 per
1227 3053 1531 3117 serpentem
1559 3043 1803 3101 diabolus
1847 3047 2041 3101 tentari

2146 1851 2309 1907 homo
2327 1851 2590 1922 justitiam
2621 1850 2842 1922 recipit,
2873 1865 3036 1920 quam
3065 1851 3266 1907 dudum
3299 1853 3551 1909 conditus
3586 1855 3721 1909 ami-

2145 1941 2247 2007 sit,
2304 1940 2579 1997 robustior
2630 1957 2688 2004 se
2724 1942 2838 2011 jam
2876 1951 3065 2003 contra
3112 1944 3478 2002 blandimenta
3519 1947 3724 2017 cang

2145 2034 2512 2105 persuasionis
2568 2043 2831 2101 exercet,
2886 2037 3015 2106 quia
3072 2038 3445 2107 experimento
3492 2039 3719 2105 didicit,

2144 2132 2407 2194 quantum
2436 2124 2696 2181 obediens
2741 2140 2862 2181 esse
2902 2127 3097 2199 debeat
3145 2137 3444 2199 praerepto;
3481 2137 3534 2186 et
3563 2145 3723 2201 quem

2144 2224 2276 2273 tunc
2300 2215 2457 2287 culpa
2498 2217 2565 2271 ad
2596 2231 2844 2287 ptenam,
2877 2236 3020 2275 nunc
3043 2234 3204 2290 pana
3228 2236 3324 2279 sua
3373 2224 3649 2294 restringit
3693 2241 3723 2280 a

2144 2306 2332 2379 culpa;
2364 2316 2421 2362 et
2470 2314 2619 2363 tanto
2645 2309 2820 2380 magis
2869 2310 3183 2381 delinquere
3226 2313 3449 2380 metuit,
3498 2325 3726 2386 quanto,

2143 2406 2370 2469 mente
2396 2398 2656 2470 supplicio
2675 2439 2691 2466 ,
2717 2409 2774 2456 et
2801 2400 3050 2471 ipseiam
3079 2404 3223 2474 quod
3254 2407 3589 2476 perpetravit
3634 2423 3698 2466 ac

2144 2499 2318 2547 (ειιεειι.

2214 2591 2362 2648 Dixit
2404 2603 2580 2648 autem
2624 2609 2835 2665 serpens
2878 2593 2949 2648 ad
2993 2593 3265 2649 mulierem
3311 2608 3330 2647 :
3374 2594 3725 2667 Nequaquam

2142 2694 2310 2755 marte
2330 2685 2643 2763 moriemini.
2673 2684 2784 2749 Scit
2807 2685 2945 2740 enim
2966 2685 3131 2752 Deus,
3152 2684 3291 2758 quod
3337 2686 3394 2741 in
3417 2703 3726 2758 quocunque

2143 2777 2228 2832 die
2248 2762 2577 2833 comederitis
2602 2794 2668 2833 ea:
2697 2794 2779 2864 eo,
2810 2778 3111 2850 aperientur
3134 2779 3272 2833 oculi
3297 2781 3473 2847 vestri,
3504 2791 3554 2835 et
3579 2783 3728 2837 eritis
3798 2776 3809 2783 “

2143 2880 2201 2925 ut
2221 2871 2313 2936 dii,
2339 2871 2554 2926 scientes
2572 2870 2763 2927 bonum
2780 2880 2829 2926 et
2854 2871 3073 2927 malum.
3103 2871 3244 2940 Quid
3271 2874 3360 2930 hic
3387 2873 3723 2947 intelligitur,

2142 2961 2247 3038 nisi
2268 2976 2585 3032 persuasum
2608 2976 2731 3018 esse
2754 2963 2835 3018 eis
2861 2970 2921 3017 ut
2946 2963 3047 3019 sub
3077 2963 3187 3019 Deo
3213 2979 3336 3021 esse
3363 2966 3597 3033 nollent,
3628 2970 3726 3032 sed

2144 3052 2198 3107 in
2242 3062 2511 3123 potestate
2532 3055 2714 3125 potius
2739 3054 2856 3109 sine
2886 3055 3014 3121 Deo,
3041 3064 3102 3110 ut
3132 3055 3304 3128 legem
3330 3057 3450 3128 ejus
3479 3073 3587 3113 non
3626 3059 3728 3115 ob-

452 3140 751 3209 permissus
774 3140 867 3206 sit,
889 3138 1004 3208 jam
1028 3138 1133 3195 hoc
1152 3137 1490 3215 signiﬁcandi
1510 3138 1682 3209 gratia
1706 3136 1906 3194 factum
1927 3145 2033 3217 est,
2062 3123 2108 3190 C
2138 3131 2440 3213 sedarent,
2472 3123 2626 3217 quasi
2658 3146 2947 3203 invidentis
2975 3146 3074 3202 sibi
3108 3123 3265 3203 ne'se
3294 3123 3396 3220 ipéi
3441 3158 3722 3220 regerem,

455 3244 560 3282 non
588 3230 730 3298 quod
749 3228 993 3285 diabolus
1025 3229 1225 3299 aliquid
1253 3229 1321 3284 ad
1351 3228 1763 3305 instructionem
1793 3238 2033 3285 nostram

451 3318 759 3387 signiﬁcare
778 3318 1038 3384 voluerit,
1067 3320 1163 3375 sed
1186 3333 1310 3375 cum
1335 3318 1594 3374 accedere
1623 3318 1690 3373 ad
1719 3318 2032 3374 tentandum

453 3422 559 3460 non
604 3416 787 3477 posset
829 3406 930 3462 nisi
973 3406 1292 3477 permissus,
1339 3423 1466 3462 num
1494 3406 1641 3476 aliud
1684 3415 1896 3477 posset,
1928 3391 2032 3463 nisi

446 3497 595 3565 quod
643 3497 1060 3566 permittebatur
1087 3497 1378 3553 accedere?
1406 3490 1691 3573 Quidquid
1718 3498 1885 3568 igitur
1911 3513 2030 3554 ser-

451 3604 586 3658 pens
606 3588 693 3643 ille
720 3588 1062 3660 signiﬁcavit,
1089 3589 1139 3644 ei
1162 3588 1513 3659 providentia:
1542 3588 1882 3645 tribuendum
1912 3597 1996 3644 est
2013 3629 2031 3656 ,

448 3681 553 3735 sub
579 3697 684 3750 qua
711 3690 766 3736 et
795 3682 908 3752 ipse
936 3680 1183 3737 diabolus
1223 3680 1385 3736 habet
1424 3679 1641 3751 quidem
1682 3680 2028 3750 cupiditatem

449 3768 713 3840 nocendi,
762 3771 1070 3828 facultatem
1107 3782 1287 3828 autem
1318 3787 1427 3827 non
1458 3772 1562 3827 nisi
1590 3786 1711 3841 qua:
1739 3763 1917 3836 datur,
1944 3770 2030 3827 vel

448 3862 515 3916 ad
543 3861 901 3916 subvertenda
933 3876 999 3916 ac
1032 3861 1302 3931 perdenda
1329 3876 1457 3917 vasa
1488 3861 1583 3916 iraa
1601 3900 1616 3926 ,
1645 3861 1729 3924 vel
1758 3860 1826 3915 ad
1852 3859 2031 3915 humi-

446 3953 626 4009 liauda
655 3954 767 4009 sive
793 3954 1065 4024 probanda
1093 3971 1219 4010 vasa
1254 3955 1657 4011 misericordiae.
1689 3953 1805 4010 Non
1848 3954 2030 4025 itaque

441 4059 668 4119 serpens
697 4046 983 4099 verborum
1015 4061 1179 4102 sonos
1208 4045 1558 4118 intelligebat,
1589 4045 1680 4116 qui
1712 4061 1777 4102 ex
1807 4045 1899 4100 illo
1927 4045 2025 4101 ﬁev-

445 4135 576 4189 hant
604 4135 672 4189 ad
720 4135 1033 4203 mulierem;
1077 4150 1251 4206 neque
1284 4136 1427 4191 enim
1456 4151 1720 4191 conversa
1757 4135 2025 4194 credenda

442 4232 530 4278 est
549 4224 727 4278 anima
748 4223 865 4292 ejus
881 4226 935 4279 in
963 4235 1209 4279 naturam
1233 4224 1568 4289 rationalem,
1592 4224 2023 4295 quandoquidem

444 4330 545 4370 nec
571 4316 671 4385 ipsi
699 4317 942 4371 homines
964 4332 1193 4386 quorum
1222 4316 1501 4377 rationalis
1529 4325 1724 4379 natura
1750 4324 1854 4380 est,
1898 4331 2022 4384 cum

444 4406 654 4460 dzemon
699 4406 756 4459 in
781 4405 862 4461 eis
888 4406 1127 4477 loquitur
1151 4422 1214 4462 ea
1254 4408 1503 4477 passione
1527 4407 1613 4462 cui
1642 4408 1909 4463 exorcista
1940 4423 2026 4464 re-

442 4497 699 4566 quiritur,
748 4497 923 4551 sciunt
951 4498 1081 4567 quid
1121 4494 1449 4568 loquantur;
1493 4507 1694 4569 quanto
1718 4500 1898 4556 minus
1931 4500 2022 4565 ille

443 4585 766 4657 intelligeret
808 4588 1097 4643 verborum
1125 4603 1289 4644 sonos
1333 4605 1468 4659 quos
1501 4605 1599 4661 per
1620 4606 1743 4646 eum
1782 4600 1838 4646 et
1863 4608 1932 4648 ex
1954 4608 2020 4649 eo

439 4679 688 4735 diabolus
710 4679 801 4735 illo
826 4682 986 4737 modo
1010 4680 1266 4748 faciebat,
1291 4682 1386 4754 qui
1412 4682 1681 4755 hominem
1710 4683 2018 4755 loquentem

441 4784 547 4823 non
575 4768 916 4838 intelligeret.
937 4770 982 4826 si
1005 4785 1128 4825 eum
1152 4786 1182 4826 a
1205 4771 1468 4827 diabolica
1490 4772 1741 4842 passione
1766 4772 2019 4841 immunis

336 4890 341 4897 ~
437 4861 670 4917 audiret.

512 4950 655 5006 Dixit
682 4967 803 5022 ergo
855 4952 923 5006 ad
950 4951 1220 5008 mulierem
1255 4968 1275 5007 :
1298 4953 1409 5009 Cur
1434 4955 1676 5024 pra'cepit
1704 4954 1843 5010 vobis
1877 4956 2017 5013 Deus
2054 4958 2065 4969 ’

436 5053 495 5097 ut
525 5058 629 5096 non
665 5042 1003 5097 cornederetis
1030 5043 1096 5097 de
1122 5044 1264 5097 omni
1304 5043 1444 5113 ligno
1484 5043 1764 5117 paradisi?
1798 5045 1897 5100 Cui
1931 5064 2016 5116 rg-

430 5132 642 5199 spona'it
668 5132 893 5188 mulier:
920 5131 994 5188 De
1013 5131 1185 5203 fructu
1206 5131 1466 5205 lignorum
1490 5149 1607 5204 qua:
1627 5144 1747 5187 sunt
1771 5134 1824 5188 in
1852 5152 2015 5206 para-

430 5224 551 5295 diso
577 5224 848 5290 vescimur,
896 5224 961 5277 de
994 5223 1171 5294 fructu
1195 5239 1314 5278 vero
1340 5223 1468 5295 ligni
1498 5226 1639 5294 quod
1660 5234 1736 5278 est
1766 5226 1819 5279 in
1845 5226 2014 5295 medio

432 5313 689 5390 paradisi,
716 5316 961 5386 pracepit
991 5314 1138 5369 nobis
1166 5315 1305 5369 Deus
1327 5331 1389 5369 ne
1410 5314 1824 5380 comederemus,
1855 5327 1903 5371 et
1950 5332 2013 5373 ne

427 5394 760 5473 tangeremtts
810 5404 944 5460 illud
974 5445 990 5470 ,
1043 5423 1106 5460 ne
1153 5406 1286 5475 forte
1322 5409 1634 5470 moriamur.
1687 5409 1811 5483 ideo
1864 5410 2012 5481 prius

432 5494 788 5577 interrogavit
809 5511 1031 5564 serpens
1053 5506 1109 5551 et
1133 5496 1409 5568 respondit
1430 5502 1531 5552 hoc
1557 5498 1767 5577 mulier,
1797 5509 1855 5556 ut
1874 5515 2009 5570 prie-

433 5573 696 5640 varicatio
723 5596 865 5642 esset
889 5588 1272 5645 inexcusabilis
1302 5607 1317 5644 :
1365 5605 1539 5660 neque
1569 5573 1867 5650 ullo‘modo
1901 5594 2007 5651 dici

434 5685 613 5755 posset
638 5675 690 5731 id
721 5678 862 5746 quod
890 5689 1221 5751 praeceperat
1247 5681 1391 5737 Deus
1428 5681 1651 5753 oblitam
1681 5682 1846 5741 fuisse
1891 5701 2008 5753 mu-

2136 3253 2243 3293 non
2299 3238 2599 3312 indigentes
2652 3238 2794 3294 illius
2845 3248 3050 3294 aeterno
3098 3224 3337 3305 lumine,
3386 3241 3726 3298 sedutentts

2133 3328 2374 3400 proprio,
2401 3328 2745 3398 providentes
2766 3329 2919 3399 quasi
2947 3330 3119 3386 oculis
3145 3331 3258 3387 suis
3289 3331 3357 3386 ad
3401 3332 3725 3402 dignoscen»

2134 3406 2262 3474 dum
2312 3421 2511 3476 bonum
2542 3428 2599 3475 et
2628 3419 2851 3483 malum,
2909 3421 3052 3490 quod
3101 3420 3190 3476 ille
3232 3422 3616 3491 prohibuisset.
3663 3421 3723 3478 In

2132 3510 2328 3579 quibus
2356 3509 2536 3590 verbis
2563 3494 2858 3566 notandum
2882 3520 3084 3581 quanta
3113 3520 3232 3567 arte
3256 3514 3511 3584 nequitiae
3530 3512 3722 3581 diabo-

2132 3596 2218 3679 lus
2277 3600 2552 3679 hominem
2599 3601 2668 3655 ab
2699 3602 2852 3684 initio
2901 3603 3228 3668 tentaverit,
3260 3605 3351 3674 qui
3402 3620 3508 3685 non
3538 3592 3717 3685 solum

2130 3703 2254 3744 eum
2326 3688 2745 3769 iuobedientiam
2784 3682 3289 3769 contemptumque'
3314 3694 3398 3752 sui
3454 3682 3722 3769 creatoris

2129 3778 2277 3835 velut
2321 3762 2425 3836 sibi
2462 3762 2762 3841 iinvrdentis
2785 3762 3141 3847 docuit,rsed
3168 3780 3223 3837 et
3268 3762 3716 3841 numerositatem

2130 3867 2354 3923 deorum
2390 3866 2466 3923 illi
2497 3869 2822 3924 credendam
2857 3871 3155 3941 proposuit,
3188 3871 3374 3927 dicens
3418 3890 3431 3927 :
3463 3872 3531 3927 Et
3568 3863 3719 3930 eritis

2128 3959 2262 4013 sicut
2301 3959 2401 4025 dii,
2426 3966 2694 4029 quatenus
2725 3967 2782 4031 et
2817 3949 3029 4038 si'forle
3055 3963 3122 4030 ad
3149 3962 3566 4023 inobedicntiarn
3619 3981 3719 4023 eos

2126 4050 2445 4121 pertrahere
2487 4052 2766 4125 nequiret,
2819 4054 2942 4110 ﬁdei
2973 4063 3153 4111 tamen
3181 4072 3287 4126 qua
3327 4073 3491 4111 unum
3542 4058 3714 4114 Deum

2119 4135 2379 4195 colebant
2409 4142 2714 4196 castitatem
2749 4153 3140 4213 corrumperet.
3178 4145 3235 4199 Si
3269 4160 3397 4200 vero
3427 4149 3715 4215 pertrahe-

2128 4237 2231 4295 ret,
2263 4229 2317 4284 in
2353 4238 2582 4305 utroque
2603 4232 2778 4289 victor
2798 4233 3076 4291 existeret.
3108 4235 3387 4301 Quomodo
3413 4236 3499 4297 his
3526 4249 3713 4294 autem

2125 4323 2307 4378 verbis
2332 4320 2578 4379 crederet
2607 4324 2799 4383 mulier
2822 4342 2851 4381 a
2878 4326 3017 4383 bona
3042 4338 3205 4399 atque
3228 4329 3343 4391 utili
3369 4311 3428 4386 re
3454 4332 3716 4408 divinitus

2127 4428 2188 4493 se
2221 4414 2386 4471 fuisse
2410 4417 2732 4486 prohibitos,
2761 4419 2863 4474 nisi
2884 4418 2998 4501 jam
3027 4421 3229 4478 inesset
3251 4425 3415 4479 menti
3440 4440 3594 4501 arnor
3619 4427 3715 4482 ille

2126 4507 2359 4577 proprire
2393 4504 2707 4578 potestatis,
2755 4519 2811 4565 et
2856 4498 3101 4582 q'uazdam
3130 4513 3197 4573 de
3225 4531 3285 4585 se
3313 4496 3717 4589 supe'rbaipne-

2125 4598 2391 4677 sumptio,
2434 4614 2553 4668 qua:
2586 4614 2681 4670 per
2716 4601 2860 4655 illam
2890 4604 3243 4660 tentationem
3288 4604 3463 4664 fuerat
3486 4610 3714 4663 convin-

2124 4689 2297 4749 cenda
2340 4699 2393 4753 et
2422 4691 2788 4748 bumilianda?
2821 4693 3062 4765 Denique
3094 4699 3274 4754 verbis
3301 4716 3407 4755 non
3451 4711 3711 4760 contenta

2124 4784 2413 4851 serpentis,
2445 4786 2808 4841 consideravit
2832 4787 3059 4858 lignum.

2203 4869 2466 4943 Viditqua,
2491 4881 2553 4928 ut
2578 4873 2860 4944 Scriptura
2894 4877 3058 4945 dicit,
3084 4879 3223 4951 quod
3261 4880 3451 4935 bonum
3479 4896 3612 4941 esset
3637 4888 3710 4940 od

2123 4965 2449 5035 vescendum,
2473 4975 2521 5019 et
2544 4966 2822 5037 pulchrum
2836 4969 3020 5035 oculis,
3046 4980 3359 5043 aspectuque
3376 4959 3705 5040 delectabile;

2120 5061 2175 5107 ct
2213 5067 2319 5107 non
2366 5053 2777 5125 credensposse
2823 5056 2948 5113 inde
2973 5074 3032 5114 se
3073 5061 3235 5126 mori,
3277 5062 3517 5125 arbitror
3559 5065 3708 5135 quod

2116 5141 2391 5210 putaverit
2411 5141 2581 5197 Deum
2602 5143 2828 5217 alicujus
2845 5146 3253 5218 signiﬁcationis
3270 5138 3433 5211 eausa
3454 5152 3666 5209 dixisse
3688 5173 3704 5208 :

2120 5232 2183 5288 Si
2197 5233 2657 5301 ntanducaveritis,
2678 5246 2847 5291 morte
2867 5238 3178 5294 moriemini.
3199 5240 3375 5311 Atque
3388 5241 3511 5298 ideo
3527 5262 3543 5303 ;
3562 5243 3706 5299 Tulit

2118 5328 2183 5382 de
2208 5330 2384 5399 fructu
2413 5329 2558 5385 illius
2587 5340 2633 5385 et
2654 5332 2894 5397 comedit,
2919 5332 3160 5409 deditque
3179 5335 3290 5390 viro
3309 5352 3427 5400 suo,
3458 5336 3707 5395 fortassis

2117 5420 2284 5474 etiam
2330 5435 2453 5475 cum
2483 5422 2652 5476 verbo
2697 5423 2964 5490 suasorio,
3000 5424 3144 5494 quod
3175 5424 3456 5496 Scriptura
3502 5429 3709 5485 intelli-

2117 5509 2350 5580 gendum
2377 5518 2566 5566 tacens
2616 5511 2853 5581 reliquit.
2884 5513 2968 5569 An
3016 5513 3157 5571 forte
3200 5531 3301 5574 nec
3337 5517 3554 5574 suaderi
3582 5517 3706 5586 jam

2115 5614 2253 5671 opus
2278 5608 2399 5655 erat
2427 5601 2568 5666 viro,
2596 5603 2814 5672 quando
2843 5592 2963 5660 eam
3007 5603 3098 5660 illo
3136 5605 3258 5661 cibo
3285 5616 3557 5671 mortuam
3588 5624 3705 5667 non

2116 5705 2235 5751 esse
2260 5692 2551 5748 cernebat?
2588 5693 2856 5765 Antiquus
2884 5694 3059 5752 hostis
3084 5706 3272 5775 contra
3320 5698 3558 5770 primum
3599 5700 3708 5773 hq-
