3958 6204
243 308 339 369 ιεθ

1269 306 1619 387 (ῘΟῘιῙῘιῘΕΝΤ.
1658 304 1737 360 ΙΝ
1761 304 2081 359 ΟΕΝΕΞΙΜ.
2122 337 2190 346 -—
2228 298 2354 363 LIB.
2395 309 2435 364 1.

3387 314 3491 369 490

244 431 441 484 minem
471 412 761 497 parentem
790 428 1031 478 nostrum
1061 421 1112 475 in
1140 421 1313 475 tribus
1339 436 1395 475 se
1439 421 1822 475 tentationibus
1852 425 1895 485 Α
1919 419 2031 487 jam
2061 422 2143 475 vir
2170 424 2423 493 deceptus
2451 433 2553 489 est,
2577 423 2688 491 jam
2719 423 2909 479 mulier
2940 425 3148 482 dedisse
3174 427 3291 482 viro
3317 429 3497 486 cibum

246 521 434 579 erexit.
464 518 589 587 quia
615 518 759 571 hunc
789 514 1036 570 videlicet
1068 514 1214 591 gula,
1244 530 1384 568 vana
1417 515 1583 584 gloria
1610 525 1666 568 et
1693 530 1821 568 ava-

247 612 368 666 ritia
392 609 646 674 tentavit,
675 609 768 663 sed
813 606 1072 662 tentando
1098 607 1389 679 superavit,
1419 607 1545 676 quia
1574 607 1675 663 sibi
1698 622 1823 661 cum

247 719 343 772 per
366 717 696 758 consensum
728 700 1001 755 subdidit.
1048 700 1128 753 Ex
1157 690 1295 770 gula
1339 700 1535 770 quippe
1563 700 1822 779 tentavit,

247 809 367 847 cum
390 794 570 848 cibum
586 790 717 862 ligni
732 792 955 845 vetitum
978 790 1234 854 ostendit,
1258 800 1418 859 atque
1438 790 1823 847 comedendum

248 885 436 940 suasit.
482 885 564 938 ΕΚ
588 889 732 937 'vana
760 876 1136 953 au‘t'em'glm'ia
1166 874 1411 947 tentavit,
1448 898 1570 966 cum
1597 882 1825 946 diceret,

254 976 412 1030 Eritis
443 976 575 1029 sicut
602 970 699 1027 'dii.
730 974 795 1027 Et
816 974 1058 1044 profecto
1086 990 1151 1028 ex
1182 974 1406 1033 avaritia
1434 974 1676 1039 tentavit,
1705 990 1827 1029 cum

249 1070 495 1123 diceret:
531 1065 766 1122 Scientcs
816 1067 1005 1119 bonum
1036 1077 1084 1119 et
1133 1065 1351 1119 malum.
1399 1066 1638 1121 Avaritia
1682 1066 1825 1121 enim

249 1175 353 1213 non
378 1158 551 1213 solum
578 1157 820 1226 pecunia:
847 1164 951 1222 est,
983 1157 1078 1211 sed
1109 1157 1272 1211 etiam
1303 1156 1620 1211 altitudinis.
1660 1157 1829 1211 Recte

249 1246 391 1303 enim
423 1247 652 1301 avaritia
684 1233 900 1309 dicitur,
932 1260 1057 1299 cum
1084 1258 1243 1314 supra
1270 1246 1486 1308 modum
1527 1245 1830 1300 sublimitas

250 1337 505 1391 ambitur.
557 1335 615 1389 Si
646 1335 788 1389 enim
821 1348 925 1387 non
975 1335 1042 1391 ad
1071 1334 1348 1405 avaritiam
1392 1333 1615 1388 honoris
1641 1335 1827 1403 rapina

249 1426 571 1495 pertineret.
618 1414 957 1493 nequaquam
1010 1421 1210 1477 Paulus
1258 1422 1643 1493 de'tmigenito
1694 1422 1830 1476 Filio

253 1517 499 1578 diceret:
534 1513 655 1584 Non
687 1515 927 1583 rapinam
957 1513 1240 1566 arbitratus
1270 1521 1477 1565 estesse
1504 1511 1829 1581 sanqualem

252 1607 359 1663 Deo
396 1604 566 1677 (Phil.
608 1608 691 1676 ιι).
721 1605 779 1660 in
830 1607 931 1683 hoc
959 1620 1088 1674 ergo
1127 1604 1373 1659 diabolus
1408 1611 1687 1673 parentem
1735 1619 1831 1658 no-

251 1709 422 1756 stram
463 1700 528 1754 ad
556 1698 859 1769 superbiam
894 1698 1094 1761 traxit,
1132 1713 1244 1767 quo
1287 1712 1409 1751 eum
1449 1698 1516 1751 ad
1548 1698 1830 1752 avaritiam

1924 513 2149 568 videtur.
2182 512 2447 589 illecebra:
2478 516 2623 570 enim
2656 518 2983 595 consentire,
3030 518 3094 573 de
3137 519 3280 591 ligno
3311 522 3497 592 prohi-

1926 603 2035 659 bito
2075 604 2402 660 manducare
2434 614 2536 662 est.
2570 608 2720 662 Tunc
2745 609 2940 679 quippe
2977 609 3099 678 jure
3126 630 3156 666 a
3204 605 3360 669 beata
3391 617 3501 672 vita

1926 700 2178 761 tanquam
2206 709 2237 748 a
2280 683 2532 765 paradiso
2559 696 2845 768 expellitur
2874 700 3067 765 homo,
3114 712 3503 775 peccatumque

1925 781 1974 835 ei
2000 782 2311 853 imputatur,
2342 786 2554 839 etiamsi
2582 802 2687 841 non
2718 788 3077 859 subsequatur
3102 791 3345 858 effectus,
3377 795 3503 865 quia

1925 872 2026 927 etsi
2055 888 2159 926 non
2202 882 2286 928 est
2322 874 2377 929 in
2402 874 2560 931 factis
2599 877 2788 945 culpa,
2837 878 2891 932 in
2934 880 3276 937 confessione
3316 891 3503 940 tamen

1926 978 2016 1019 rea
2052 972 2265 1018 tenetur
2294 956 2642 1021 conscientia.
2672 967 2797 1024 llzcc
2849 972 3142 1027 secundum
3189 988 3489 1048 anagogen:

1927 1060 2179 1107 cmterum
2213 1056 2369 1127 juxta
2394 1057 2765 1125 metaphoram
2806 1060 3006 1129 poterit
3031 1061 3255 1119 callidus
3283 1055 3516 1135 serpens.

1929 1143 2071 1209 iste,
2123 1145 2503 1201 htcreticorum
2555 1150 2846 1205 versutiam
2896 1136 3199 1223 designare.
3251 1154 3505 1210 Nonnulli

1929 1234 2073 1287 enim
2084 1231 2375 1304 loquacius
2397 1244 2559 1304 atque
2579 1238 2829 1293 subtilius
2850 1242 3172 1309 promittunt
3191 1244 3508 1298 curiositate

1929 1330 2258 1378 secretorum
2306 1326 2707 1395 adapertionem
2755 1337 2916 1397 atque
2966 1332 3243 1386 scientiam
3289 1332 3416 1388 boni
3450 1344 3508 1387 ct

1930 1414 2095 1479 mali,
2144 1423 2211 1471 et‘
2228 1417 2286 1471 in
2331 1418 2448 1486 ipso
2490 1419 2707 1475 homine
2744 1428 2995 1490 tanquam
3024 1424 3076 1477 in
3114 1426 3339 1491 arbore,
3387 1441 3509 1495 quas

1930 1507 2167 1578 plumata
2193 1519 2277 1564 est
2303 1509 2358 1564 in
2384 1512 2562 1566 medio
2590 1511 2976 1582 paradisi,eam
3003 1513 3163 1568 etiam
3186 1514 3507 1584 dignoscen—

1930 1601 2054 1679 dam
2103 1602 2494 1657 demonstrare.
2545 1601 2744 1657 Contra
2783 1604 2924 1657 hunc
2957 1618 3264 1675 serpentem
3308 1606 3509 1660 clamat
3576 1650 3580 1657 .

1932 1692 2241 1762 Apostolus,
2274 1708 2395 1747 cum
2427 1693 2557 1748 dicit
2584 1707 2598 1745 :
2631 1690 2807 1746 Metuo
2832 1709 2894 1747 ne
2915 1693 3048 1746 sicut
3068 1688 3275 1763 serpens
3305 1693 3508 1748 Hevam

249 1791 599 1847 sublimitatis
645 1791 919 1845 excitavit.
967 1787 1076 1845 Sed
1128 1791 1321 1860 quibus
1374 1790 1548 1844 modis
1593 1790 1827 1860 primum
1858 1784 1903 1843 B
1931 1783 2138 1837 seduxit
2182 1784 2377 1837 astutia
2404 1798 2539 1848 sua,
2593 1782 2669 1837 sic
2714 1799 2896 1837 sensus
2926 1786 3077 1838 vestri
3108 1795 3515 1852 corrumpantur

251 1882 525 1938 hominem
580 1870 812 1947 stravit,
868 1882 1069 1940 eisdem
1130 1881 1303 1935 modis
1343 1881 1580 1935 secundo
1625 1879 1829 1935 homini

255 1983 461 2028 tentato
488 1973 788 2028 succubuit.
822 1971 926 2027 Per
968 1972 1148 2042 gulam
1179 1972 1410 2026 tentavit
1459 1987 1579 2025 cum
1626 1971 1763 2025 dixit
1814 1986 1827 2024 :

258 2062 349 2117 Dic
379 2075 436 2117 ut
462 2063 662 2135 lapides
693 2063 782 2116 isti
799 2076 959 2131 panes
988 2062 1118 2130 ﬁant
1141 2061 1354 2131 (Matth.
1379 2061 1476 2135 Iv).
1513 2062 1614 2119 Per
1638 2078 1831 2117 vanam

253 2156 478 2225 gloriam
506 2154 734 2209 tentavit
761 2162 884 2207 eum
914 2152 1047 2206 disit
1080 2170 1095 2205 :
1126 2149 1183 2206 Si
1211 2149 1383 2206 Filius
1428 2152 1529 2207 Dei
1571 2169 1623 2206 es
1642 2194 1656 2207 .
1687 2154 1833 2206 mitte

254 2255 300 2299 te
327 2246 576 2298 deorsum
606 2242 817 2314 (Ibid).
846 2240 952 2297 Per
973 2242 1321 2297 sublimitatis
1350 2244 1630 2297 avaritiam
1654 2250 1831 2298 tenta-

252 2336 348 2399 vit,
391 2349 517 2389 cum
547 2348 712 2403 regna
741 2332 921 2395 omnia
951 2333 1132 2387 mundi
1158 2333 1393 2388 ostendit
1418 2334 1605 2388 dicens
1632 2350 1645 2385 ε
1701 2333 1831 2388 Η(τέ

250 2423 344 2477 tibi
366 2425 545 2477 omnia
563 2422 770 2491 φώτιρὶ
781 2422 1061 2493 procidcns
1078 2423 1377 2476 adoratum
1398 2439 1477 2477 me
1492 2421 1700 2493 (Ibid.).
1727 2423 1830 2478 Sed

251 2513 458 2567 eisdem
506 2513 682 2585 modis
712 2528 742 2565 a
780 2512 1018 2566 secundo
1044 2500 1261 2566 homine
1284 2512 1455 2568 victus
1491 2521 1603 2576 est,
1634 2514 1833 2583 quibus

252 2607 489 2676 primum
530 2592 800 2675 hominem
830 2605 1028 2659 vicisse
1071 2596 1139 2659 se
1178 2604 1533 2672 gloriabatur,
1565 2613 1624 2659 ut
1666 2622 1697 2661 a
1738 2598 1833 2660 no-

251 2697 383 2749 sti-is
422 2696 679 2750 cordibus
707 2696 822 2764 ipso
845 2695 991 2748 aditu
1021 2700 1211 2763 captus
1239 2702 1396 2748 cveat
1428 2708 1538 2762 quo
1560 2709 1658 2747 nos
1687 2692 1831 2749 aditu

256 2786 601 2842 intromissus
630 2788 865 2842 tenebat.

325 2878 433 2942 Qui
460 2878 702 2943 comedit,
733 2888 783 2931 et
828 2879 996 2948 aperti
1045 2887 1165 2932 sunt
1191 2878 1329 2939 oculi
1358 2865 1659 2943 amborum,
1702 2896 1839 2951 quo,
1872 2922 1877 2927 .

254 2969 357 3024 nisi
392 2969 695 3023 adinvicem
727 2971 1249 3047 concupiscendum?
1280 2973 1346 3025 ad
1378 2972 1586 3041 peccati
1614 2987 1843 3043 pmnam

251 3061 440 3117 carnis
472 3060 641 3131 ipsius
668 3063 1217 3134 mortegconceptami
1245 3072 1301 3117 ut
1318 3063 1427 3134 jam
1457 3073 1603 3121 esset
1633 3080 1831 3137 corpus

250 3166 362 3206 non
391 3151 623 3205 animale
650 3159 878 3216 tantum,
915 3153 1057 3222 quod
1086 3162 1327 3223 poterat,
1377 3155 1423 3210 si
1468 3156 1855 3213 obedientiam

253 3243 749 3307 censmarcntﬁn
775 3243 1056 3297 meliorem
1106 3230 1550 3317 spiritualemque
1589 3247 1830 3303 habitum

242 3335 561 3390 sinemortc
586 3334 804 3399 mutari,
818 3336 1084 3390 sedetiam
1099 3350 1296 3405 corpus
1311 3337 1518 3404 mortis,
1546 3340 1597 3393 in
1620 3355 1727 3409 quo
1747 3340 1830 3396 lex

253 3425 309 3479 in
339 3426 603 3481 membris
628 3434 947 3496 repugnaret
971 3426 1073 3497 legi
1091 3429 1305 3503 mentis.
1319 3424 1506 3499 Neque
1522 3416 1664 3486 enim
1680 3432 1830 3488 clau-

248 3519 328 3575 sis
356 3518 533 3579 oculis
561 3518 889 3582 facti'erant,
929 3526 984 3572 et
1012 3519 1064 3573 in
1094 3520 1342 3588 paradiso
1364 3519 1677 3593 deliciarum
1703 3524 1840 3592 caeci

249 3610 451 3680 palpan
459 3618 648 3679 tesque
661 3604 1003 3665 oberrabant.
1021 3610 1149 3665 Tale
1161 3621 1242 3666 est
1256 3610 1381 3666 illud
1400 3599 1696 3684 Evangelii,
1710 3630 1832 3671 cum

246 3705 466 3760 diceret
491 3705 559 3759 de
591 3700 697 3759 illis
727 3705 954 3778 duobus,
979 3719 1206 3774 quorum
1237 3722 1375 3764 unus
1403 3716 1522 3762 erat
1548 3706 1829 3778 Cleophas,

245 3796 400 3865 quod
424 3789 549 3851 cum
582 3795 938 3866 fregisset'eis
965 3796 1223 3853 Dominus
1249 3795 1477 3867 panem,
1522 3802 1688 3870 aperti
1713 3810 1833 3855 sunt

244 3887 398 3941 oculi
424 3904 636 3951 eorum,
668 3898 737 3955 et,
766 3896 1108 3958 cognoverunt
1136 3905 1254 3941 eum
1296 3888 1448 3958 (Luc.
1489 3890 1651 3957 ΔιιΙι.),
1674 3905 1834 3959 quem

240 3992 350 4047 per
373 3978 531 4032 viam
549 3993 654 4032 non
672 3988 1064 4048 cognoverunt,
1096 3972 1413 4048 non'utidue
1440 3969 1637 4035 clausis
1663 3981 1834 4037 oculis

244 4069 617 4129 ambulantes,
664 4071 757 4123 sed
799 4085 921 4124 cum
959 4072 1297 4140 cogndsccre'
1315 4084 1424 4125 non
1464 4060 1722 4126 valentes.
1753 4070 1834 4127 Ad

240 4157 354 4211 hoc
384 4172 515 4229 ergo
546 4146 877 4227 apertisunt
904 4160 1043 4213 oeuli
1070 4156 1379 4227 primorum
1402 4152 1724 4224 hominum,
1765 4161 1834 4215 ad

238 4248 403 4317 quod
436 4257 593 4302 antea
624 4264 729 4302 non
768 4249 1039 4317 patebant,
1067 4251 1313 4318 quamvis
1338 4251 1405 4305 ad
1428 4250 1530 4304 alia
1558 4260 1829 4318 paterent.

236 4337 495 4406 Serpens
536 4348 717 4391 autem
748 4337 854 4402 ille,
896 4338 1190 4407 sapientior
1216 4340 1458 4395 omnium
1504 4341 1831 4409 beatiarum,

236 4426 459 4483 indicat
485 4426 782 4491 diabolum,
809 4428 901 4496 qui
926 4427 1050 4481 inde
1073 4443 1297 4498 serpens
1322 4428 1538 4494 dicitur,
1564 4431 1707 4498 quod
1735 4447 1833 4485 vo—

1937 1873 2020 1943 (Il
2051 1871 2172 1927 Cor.
2204 1873 2302 1947 ιιι).
2328 1873 2619 1929 Seducitur
2642 1870 2823 1928 autem
2845 1874 3026 1928 verbis
3055 1872 3213 1941 hujus
3244 1876 3515 1946 serpentis

1936 1965 2168 2021 carnalis
2190 1973 2374 2020 nostra
2396 1966 2829 2035 concupiscentia
2855 1985 2869 2020 :
2899 1974 2953 2020 et
2973 1982 3070 2036 per
3090 1966 3236 2020 illam
3255 1966 3514 2038 deceptus

1935 2066 2018 2112 cst
2043 2058 2240 2125 Adam,
2267 2073 2372 2112 non
2395 2057 2661 2123 Christus,
2693 2058 2788 2113 sed
2817 2057 3178 2113 Christianus.
3217 2059 3359 2115 Dicit
3384 2076 3512 2131 ergo

1934 2147 2038 2201 iste
2067 2148 2135 2202 ad
2173 2143 2453 2203 mulierem
2481 2163 2495 2200 :
2525 2147 2633 2201 Cur
2666 2148 2909 2220 pra'ce'pit
2946 2148 3089 2201 vobis
3114 2146 3255 2202 Deus
3286 2160 3340 2203 ut
3372 2167 3515 2204 com-

1933 2239 2150 2292 edcrctis
2186 2254 2250 2292 ex
2280 2239 2420 2292 omni
2446 2237 2588 2308 ligno
2614 2238 2890 2307 paradisi?
2915 2238 3006 2294 Sic
3032 2246 3086 2292 et
3124 2240 3513 2308 ,hzeretieorum

1934 2328 2148 2383 curiosa
2176 2328 2460 2397 cupiditas,
2491 2328 2571 2382 sic
2598 2327 2750 2397 pravi
2783 2329 3163 2398 praedicatores
3192 2330 3259 2384 ad
3288 2330 3513 2402 diligen-

1934 2417 2057 2472 dam
2103 2419 2306 2475 erroris
2352 2416 2621 2473 fallaciam
2670 2418 2974 2474 auditorum
3009 2420 3306 2475 carnalium
3349 2423 3512 2476 corda

1934 2510 2302 2574 succendunt,
2369 2510 2615 2566 dicentes
2672 2528 2685 2563 :
2745 2510 2922 2576 Quare
2970 2508 3184 2583 fugistis
3229 2513 3515 2568 scientiam

1936 2602 2135 2657 habere
2191 2602 2529 2656 latitantem?
2572 2602 2720 2668 Nova
2764 2619 2985 2675 semper
3031 2607 3331 2677 exquirite,
3385 2610 3513 2663 boni

1935 2693 2167 2762 malique
2185 2692 2462 2747 scientiam
2486 2690 2813 2764 perpetrate.
2834 2696 2986 2752 Unde
3007 2698 3147 2766 apud
3170 2696 3513 2755 Salomonem

1934 2786 2128 2841 mulier
2151 2786 2260 2851 illa,
2286 2786 2660 2843 haireticorum
2684 2790 2919 2859 speciem
2944 2796 3150 2855 tenens,
3176 2791 3515 2865 dicitutquaz

1934 2879 2141 2948 furtim
2186 2878 2446 2955 dulciares
2468 2889 2608 2945 sunt,
2651 2890 2697 2935 et
2736 2884 2889 2951 panis
2930 2882 3267 2937 absconditus
3298 2885 3516 2939 suarior

1934 2964 2115 3036 (Prov.
2141 2967 2240 3039 Ix).
2275 2966 2518 3039 Subjecit
2547 2968 2778 3039 denique
2807 2971 2948 3025 idem
2973 2984 3199 3041 serpens
3222 2985 3237 3025 :
3259 2972 3512 3038 Quarun-

1930 3073 2029 3131 que
2056 3057 2516 3125 dic'comederitis,
2547 3058 2721 3113 statim
2743 3061 3044 3129 aperientur
3072 3061 3209 3115 oculi
3246 3063 3422 3128 vestri,
3467 3074 3517 3118 et

1936 3151 2082 3204 eritis
2108 3150 2240 3204 sicut
2257 3151 2351 3215 dii,
2376 3152 2592 3211 scientes
2621 3152 2809 3209 bonum
2831 3165 2877 3207 ct
2901 3153 3116 3207 malum.
3139 3154 3229 3210 Sic
3246 3163 3299 3210 ct
3324 3171 3514 3211 omnes

1936 3242 2259 3313 generaliter
2286 3242 2525 3298 limretici
2555 3244 2852 3300 divinitatis
2889 3247 3141 3300 meritum
3169 3247 3513 3318 proﬁtentur.

1937 3338 2099 3404 atque
2126 3334 2363 3388 scicntia:
2389 3333 2773 3407 pollicitatione
2800 3335 3076 3405 decipiunt
3122 3345 3177 3390 et
3223 3339 3513 3407 reprelien-

1936 3425 2071 3480 dunt
2098 3439 2213 3491 eos,
2235 3424 2280 3479 si
2304 3440 2442 3495 quos
2463 3425 2783 3495 simpliciter
2807 3430 3089 3482 credentes
3111 3428 3433 3492 invenerint;
3457 3439 3509 3485 ct

1938 3514 2061 3583 quia
2077 3515 2256 3569 omnia
2270 3515 2505 3569 carnalia
2519 3516 2863 3584 persuadent,
2886 3516 3041 3586 quasi
3055 3517 3123 3572 ad
3137 3519 3370 3572 carnalia
3389 3533 3515 3573 ocu-

1938 3606 2111 3660 lorum
2137 3607 2541 3677 adapertionem
2568 3619 2833 3663 conantur
2860 3609 3148 3673 adducere,
3201 3620 3259 3663 ut
3284 3611 3509 3667 interior

1937 3700 2124 3755 oculus
2148 3700 2484 3756 obscuretur.
2528 3700 2669 3754 Vidit
2701 3703 2860 3770 igitur
2902 3703 3091 3757 mulier
3130 3706 3268 3773 quod
3317 3706 3508 3760 bonum

1936 3802 2064 3846 esset
2077 3792 2294 3862 lignum,
2319 3792 2610 3865 t‘ulitquede
2634 3792 2805 3862 fructu
2832 3792 2975 3849 illius
2993 3804 3040 3847 et
3063 3797 3299 3849 comedit.
3320 3796 3511 3852 Mulier

1935 3882 2167 3939 comedit
2188 3890 2345 3937 antea
2372 3892 2427 3937 et
2456 3897 2560 3935 non
2591 3884 2695 3948 vir,
2722 3883 2862 3947 ideo,
2886 3884 3010 3953 quia
3038 3883 3250 3939 facilius
3271 3887 3516 3941 carnales

1935 3972 2332 4044 persuadeatur
2361 3973 2427 4026 ad
2454 3983 2757 4043 peccatum,
2795 3990 2895 4030 nec
2921 3975 3182 4030 velociter
3209 3974 3515 4047 spirituales

1936 4064 2297 4132 decipiuntur.
2350 4062 2418 4116 Et
2455 4063 2594 4116 dedit
2628 4065 2737 4135 riro
2766 4080 2891 4127 suo,
2935 4073 2983 4117 et
3025 4065 3282 4129 comedit,
3328 4064 3516 4134 utique

1936 4154 2061 4222 quia
2116 4163 2237 4222 post
2277 4150 2708 4208 delectationem
2770 4154 3004 4209 carnalis
3063 4155 3513 4224 concupiscentiai

1936 4253 2154 4308 nostrae,
2178 4244 2349 4307 etiam
2373 4246 2510 4299 ratio
2554 4252 2735 4321 nostra
2772 4244 3056 4314 subjicitur
3099 4246 3167 4299 ad
3195 4256 3474 4316 peccatum
3497 4288 3511 4310 ,

1936 4338 2079 4391 unde
2106 4336 2349 4407 quaedam
2375 4336 2577 4391 lubrica
2602 4336 2667 4390 in
2695 4336 3025 4407 cogitatione
3047 4350 3344 4393 versormrs.
3377 4337 3510 4394 Pre~

1944 4420 2231 4484 videndum
2251 4429 2406 4484 nobis
2429 4438 2534 4493 est,
2563 4430 2688 4499 quia
2711 4430 2903 4486 intueri
2927 4446 3031 4485 non
3058 4431 3217 4487 debet
3242 4431 3385 4501 quod
3402 4448 3515 4489 non

234 4518 416 4572 lnbili
451 4525 701 4572 versetur
723 4518 941 4572 astutia.
990 4517 1097 4572 Sed
1144 4519 1274 4588 quid
1322 4529 1404 4574 est
1433 4520 1575 4589 quod
1604 4521 1719 4591 ipse
1744 4534 1841 4592 per
1946 4527 2068 4579 licet
2093 4526 2417 4596 concupisci.
2446 4526 2519 4582 Ut
2540 4527 2682 4580 enim
2708 4516 3085 4581 munda'mens
3108 4527 3161 4580 in
3191 4529 3518 4599 cogitatione

232 4610 545 4667 mulierem
567 4609 781 4678 decepit
807 4619 863 4671 et
885 4620 990 4664 non
1018 4626 1113 4679 per
1139 4610 1351 4664 virum?
1382 4612 1508 4680 quia
1533 4625 1637 4665 non
1664 4620 1839 4682 potest

228 4702 393 4756 ratio
421 4707 612 4753 nostra
644 4699 825 4754 seduci
867 4699 932 4753 ad
975 4701 1305 4773 peccandum
1326 4742 1340 4764 ,
1371 4701 1472 4755 nisi
1505 4702 1837 4771 prcccedente

224 4791 615 4853 delectatione
650 4790 852 4844 carnali
882 4791 1221 4869 inﬁrmitatis
1249 4792 1441 4846 all‘ectu
1465 4832 1479 4855 ,
1512 4806 1635 4860 qum
1664 4795 1835 4864 magis

220 4872 421 4938 debet
443 4876 821 4951 obtemperare
852 4882 1049 4955 rationi
1082 4890 1332 4950 tanquam
1368 4884 1485 4936 viro
1513 4883 1828 4938 dominanti.

228 4971 540 5027 [loc-enim
566 4971 620 5025 in
649 4986 866 5040 unoque
887 4968 1094 5041 geritur
1122 4972 1356 5037 homine,
1390 4974 1442 5026 in
1466 4974 1674 5029 occulto
1700 4991 1836 5043 quo-

221 5063 371 5119 dam
406 5052 733 5131 secretoque
759 5061 1025 5135 coniugio.
1056 5061 1466 5133 Snggestionem
1493 5066 1689 5134 quippe
1714 5082 1830 5121 scr-

220 5164 476 5226 pentcm
493 5153 814 5222 accipimus,
837 5154 1117 5209 mulierem
1141 5170 1267 5210 vero
1285 5156 1833 5227 animalemcorporis

216 5260 475 5305 sensum
505 5285 520 5303 .
570 5245 835 5301 rationem
864 5255 1041 5300 autem
1066 5248 1267 5301 virum.
1301 5249 1447 5321 Ergo.
1482 5251 1697 5318 quando
1743 5264 1832 5303 or-

215 5336 431 5394 currit
457 5334 597 5388 mala
627 5336 900 5403 suggestio
929 5338 1079 5405 quasi
1110 5352 1333 5411 serpens
1360 5339 1629 5407 loquitur;
1667 5340 1758 5393 sed
1786 5357 1830 5393 si

213 5433 353 5487 sola
379 5429 653 5497 cogitatio
666 5429 966 5483 oblectetur
987 5428 1129 5485 illius
1150 5432 1527 5501 suggestionis,
1551 5441 1604 5485 et
1625 5432 1831 5486 ratione

214 5524 571 5579 refrcnante
594 5530 894 5573 consensus
916 5520 1165 5589 explendi
1195 5524 1376 5591 aperis
1396 5538 1505 5577 non
1545 5523 1797 5582 succedat
1814 5565 1826 5583 ,

213 5611 600 5670 sola-mulier
621 5610 838 5664 videtur
867 5611 1161 5686 comedisse
1189 5612 1456 5666 illicitum.
1484 5612 1635 5678 Quod
1673 5614 1715 5667 si
1754 5614 1833 5681 ip-

213 5722 355 5765 εωιι
372 5711 672 5774 peccatum
695 5702 854 5754 etiam
874 5710 929 5754 et
946 5712 1096 5767 mens
1112 5704 1528 5772 perpetrandum
1552 5703 1826 5763 decernat,

700 5791 964 5850 ι’,ιτιιοιη
1000 5792 1181 5852 CVII.

1941 4626 2187 4672 servetur
2216 4633 2246 4670 τι
2288 4616 2506 4671 lascivia
2534 4618 2826 4686 voluptatis
2850 4632 2961 4671 sua:
2979 4659 2993 4683 ,
3030 4618 3362 4689 deprimendi
3392 4629 3519 4675 sunt

1939 4710 2100 4773 oculi,
2132 4709 2285 4779 quasi
2318 4711 2535 4779 quidam
2564 4718 2829 4780 raptores,
2862 4727 2890 4764 a
2921 4710 3097 4780 culpa.
3147 4710 3330 4782 Neque
3369 4714 3515 4768 enim

1940 4800 2084 4857 lleva
2100 4784 2312 4871 lignum
2339 4786 2565 4855 vetitum
2594 4800 2937 4871 contigisset,
2971 4802 3073 4856 nisi
3101 4803 3205 4857 hoc
3232 4804 3383 4873 prius
3427 4804 3512 4858 in-

1934 4887 2089 4949 caute
2119 4894 2429 4963 respiceret.
2461 4892 2597 4948 Hine
2626 4907 2754 4963 ergo
2783 4878 3117 4963 pensandum
3136 4935 3149 4956 ,
3183 4878 3512 4962 quanto'de—

1941 4984 2128 5038 bemus
2153 4984 2521 5039 moderamine
2564 4998 2691 5052 erga
2732 4983 2920 5038 illicita
2952 4986 3124 5039 visum
3153 4983 3510 5053 restringere.

1940 5087 2038 5127 nos
2055 5072 2146 5142 qui
2176 5072 2455 5128 moraliter
2474 5073 2723 5138 vivimus,
2754 5074 2798 5127 si
2825 5083 2881 5129 et
2904 5082 3075 5129 mater
3102 5073 3394 5127 viventium
3416 5084 3514 5140 per

1939 5163 2123 5217 oculos
2169 5163 2235 5216 ad
2264 5172 2489 5216 mortem
2518 5163 2681 5218 venit.
2712 5163 2849 5220 Hinc
2874 5164 3038 5218 etiam
3072 5164 3175 5218 sub
3206 5162 3356 5217 Juda:
3380 5175 3514 5215 voco

1938 5254 2030 5321 qui
2057 5253 2323 5307 exteriora
2348 5254 2596 5319 videndo,
2626 5270 2734 5309 non
2762 5255 3147 5325 concupiscens
3175 5254 3341 5311 bona,
3376 5252 3514 5305 intea

1940 5344 2084 5396 riora
2115 5342 2441 5412 perdiderat,
2462 5345 2722 5413 propheta
2742 5345 2871 5399 dicit
2890 5362 2903 5394 :
2922 5342 3118 5397 Oculus
3143 5357 3288 5395 meus
3311 5341 3514 5408 (le-prte-

1938 5433 2096 5486 datus
2126 5441 2201 5486 cst
2244 5435 2472 5487 animam
2510 5451 2681 5488 meam
2712 5433 2927 5505 (Thrcn.
2969 5431 3069 5499 In).
3113 5431 3513 5499 Concupisccns

1940 5525 2086 5577 enim
2115 5524 2345 5577 visibilia
2368 5566 2381 5588 ,
2415 5525 2709 5578 invisibiles
2739 5524 2965 5576 virtutes
2991 5523 3188 5575 amisit.
3234 5521 3335 5586 ραι
3380 5535 3514 5590 ergo

1940 5614 2254 5668 interiorem
2283 5602 2514 5668 t‘metum
2547 5629 2644 5683 per
2670 5613 2990 5666 exteriorem
3036 5613 3209 5666 visum
3261 5611 3508 5681 perdidit.

1945 5720 2040 5773 per
2076 5704 2288 5762 oculum
2312 5696 2565 5775 corporis
2592 5704 2814 5773 pertulit
2856 5705 3090 5771 piratam
3133 5705 3329 5763 cordis.
3359 5704 3514 5760 Unde
