3958 6204
486 284 582 346 itit

480 400 639 458 nobis
666 398 734 454 ad
771 393 1177 452 custodiendam
1213 394 1392 450 cordis
1420 394 1773 458 munditiam,
1829 393 2063 448 exterio-

482 506 602 546 rum
627 502 841 560 quoque
866 500 1123 542 sensuum
1153 484 1437 557 disciplina
1483 485 1749 540 servanda
1793 495 1894 540 est.
1931 483 2062 538 Nam

476 583 816 657 quantalibet
847 582 1048 637 virtute
1072 596 1224 637 mens
1248 580 1468 650 polleat,
1500 580 1834 652 quantalibet
1882 582 2065 652 gravi-

476 684 590 733 tate
625 675 822 745 vigeat,
850 673 1095 728 carnales
1125 681 1303 728 tamen
1344 688 1537 728 sensus
1563 672 1769 741 puerile
1811 672 2065 743 quiddam

474 767 719 827 exterius
766 773 1139 838 perstrepunt;
1196 772 1251 820 et
1299 765 1404 819 nisi
1455 764 1733 820 interioris
1784 765 2067 837 gravitatis

473 860 743 932 pondere,
777 867 833 913 et
856 857 1011 928 quasi
1035 856 1261 927 juvenili
1288 856 1522 926 quodam
1550 855 1735 925 vigore
1759 854 2061 922 frenentur,

474 954 541 1008 ad
572 950 712 1007 ﬂuxa
738 967 966 1023 quisque
991 958 1045 1005 et
1078 950 1220 1004 levia
1251 957 1486 1004 mentem
1516 948 1794 1005 inermem
1819 950 2061 1005 trahunt.

472 1044 530 1099 ln
560 1046 738 1116 primo
773 1053 996 1114 parente
1025 1051 1214 1099 nostro
1235 1040 1523 1096 didicimus
1544 1042 1672 1112 quia
1698 1042 1871 1098 tribus
1889 1042 2064 1098 modis

476 1139 656 1194 omnis
703 1137 871 1207 culpa:
905 1136 1203 1206 nequitiam
1232 1144 1611 1205 perpetramus
1651 1153 1662 1188 :
1721 1135 2064 1206 suggestione

477 1231 706 1296 scilicet,
738 1226 1121 1294 delectatione,
1146 1241 1433 1281 consensu.
1462 1224 1705 1280 Primum
1740 1226 1924 1295 itaque
1966 1239 2065 1297 per

475 1324 707 1385 hostem,
759 1320 1054 1377 secundum
1084 1332 1213 1372 vero
1262 1332 1359 1386 per
1383 1330 1605 1371 carnem
1633 1357 1648 1385 ,
1700 1315 1920 1371 tertium
1966 1331 2064 1386 per

474 1413 724 1484 spiritum
744 1416 1112 1481 perpetratur.
1129 1408 1417 1463 lnsidiator
1437 1409 1582 1463 enim
1604 1423 1771 1478 prava
1797 1408 2062 1479 suggerit,

475 1518 604 1558 caro
651 1515 708 1556 se
758 1498 1104 1555 delectationi
1159 1497 1391 1567 subiicit,
1422 1506 1587 1568 atque
1636 1498 1704 1552 ad
1758 1509 2062 1554 extremum

474 1594 699 1665 spiritus
727 1592 902 1647 victus
940 1590 1302 1648 delectatione
1341 1589 1632 1645 consentit.
1672 1589 1826 1645 Unde
1853 1597 1909 1644 et
1947 1605 2063 1645 ser-

474 1700 610 1756 pens
638 1697 805 1754 prava
829 1682 1116 1755 suggessit.
1145 1680 1291 1736 Heva
1316 1688 1494 1736 autem
1524 1680 1679 1750 quasi
1721 1695 1852 1736 caro
1878 1695 1936 1736 se
1970 1681 2062 1737 de-

472 1776 764 1831 lectatione
813 1774 1078 1839 subdidit,
1114 1772 1288 1827 Adam
1323 1785 1453 1827 vero
1488 1770 1633 1826 velut
1662 1770 1890 1841 spiritus
1930 1760 2073 1844 sug-V

473 1869 746 1938 gestione,
779 1865 1134 1923 delectatione
1164 1872 1479 1934 superatus.
1533 1862 1784 1918 assensit.
1826 1859 2059 1932 Sugges-

474 1963 677 2016 tionem
705 1961 886 2029 itaque
906 1974 1001 2030 per
1021 1966 1300 2028 peceatum
1319 1956 1684 2028 agnoscimus,
1704 1954 2061 2011 delectatione

471 2054 763 2119 vincimur,
789 2066 1058 2107 consensu
1104 2050 1267 2106 etiam
1294 2046 1550 2119 ligamur.
1604 2046 1754 2103 Unde
1780 2056 1836 2103 et
1878 2046 2060 2103 excla-

472 2148 730 2203 mandum
755 2144 911 2201 nobis
931 2160 1052 2201 cum
1074 2141 1331 2214 Apostolo
1360 2161 1373 2197 ε
1404 2141 1601 2211 Infelix
1623 2159 1715 2212 ego
1737 2142 1915 2207 homo,
1943 2142 2060 2215 quis

472 2253 555 2292 me
580 2235 816 2290 liberabit
840 2234 906 2289 de
945 2249 1162 2304 corpore
1204 2234 1384 2286 mortis
1423 2232 1623 2302 hujus?
1651 2231 1823 2302 (Rom.
1855 2231 1972 2304 vit.)
2001 2239 2063 2286 ut

474 2327 826 2382 exaudiamus
849 2326 1267 2393 subsequentem
1295 2339 1392 2377 nos
1417 2320 1842 2377 consolationem
1877 2339 1889 2375 :
1920 2318 2059 2375 Gra-

474 2419 548 2472 tia
571 2417 670 2472 Dei
691 2433 784 2487 per
802 2414 984 2470 Iesum
1007 2414 1273 2471 Christum
1289 2414 1572 2468 Dominum
1596 2423 1832 2470 nostrum
1847 2411 2057 2485 (lbid.).

472 2510 606 2565 item
628 2519 861 2579 quatuor
884 2508 1059 2564 modis
1105 2516 1389 2577 peccatum
1412 2513 1759 2577 perpetratur
1796 2506 1852 2561 in
1875 2506 2057 2571 corde,

475 2610 708 2669 quatuor
735 2606 1146 2655 consummatur
1193 2598 1246 2653 in
1292 2612 1478 2668 opere.
1525 2597 1583 2651 ιιι
1627 2597 1793 2652 corde
1826 2612 2061 2666 namque

474 2693 844 2763 suggestione,
874 2690 1254 2755 delectatione,
1287 2704 1588 2753 consensu,
1626 2698 1684 2744 et
1732 2688 2063 2745 defensionis

475 2783 701 2839 audacia
727 2790 1091 2854 perpelratur.
1124 2780 1213 2835 Fit
1253 2780 1397 2835 enim
1430 2780 1707 2851 suggestio
1746 2794 1843 2850 per
1871 2780 2066 2835 adver-

477 2874 703 2941 sarium,
732 2873 1019 2929 delectatio
1049 2887 1143 2942 per
1172 2886 1391 2927 carnem
1412 2912 1427 2935 ,
1455 2884 1750 2926 consensus
1780 2886 1878 2941 per
1902 2868 2063 2940 spiri-

476 2975 591 3021 tum
606 2965 950 3030 defensionis,
983 2963 1207 3018 audacia
1227 2978 1324 3033 per
1346 2962 1663 3018 elationem.
1682 2961 1876 3017 iisdem
1898 2962 2061 3019 etiam

474 3062 707 3124 quatuor
760 3054 931 3109 modis
986 3064 1268 3124 peccatum
1320 3062 1728 3109 consummatur
1769 3053 1823 3107 in
1873 3067 2055 3122 opere.

479 3143 634 3200 Prius
658 3159 892 3214 namque
908 3143 1090 3199 latens
1118 3144 1273 3215 culpa
1302 3144 1509 3216 agitur;
1558 3143 1901 3214 postmodum
1931 3158 2061 3198 vero

476 3238 643 3293 etiam
674 3246 800 3293 ante
836 3236 1023 3292 oculos
1053 3237 1330 3292 hominum
1377 3236 1493 3290 sine
1531 3234 1847 3290 confusione
1881 3241 2060 3290 reatus

477 3330 755 3402 aperitur;
800 3329 994 3384 dehinc
1023 3329 1157 3384 etin
1211 3326 1659 3389 consuetudinem
1703 3328 1948 3394 ducitur;
1993 3326 2061 3382 ad

475 3430 783 3477 extremum
829 3436 1064 3491 quoque,
1093 3419 1177 3473 vel
1205 3418 1357 3499 falsa:
1387 3418 1501 3489 spei
1528 3417 1949 3486 seductionibus,
1979 3419 2061 3475 vel

475 3511 843 3579 obstinatione
869 3515 1078 3567 misera:
1108 3509 1523 3580 desperationis,
1552 3509 1845 3565 enutritur.

892 3660 899 3673 .
1073 3621 1301 3679 CAPUT
1330 3622 1469 3679 XVI.

708 3692 806 3748 Ubi
833 3709 887 3748 se
909 3693 1075 3748 nudos
1105 3693 1342 3750 viderunt
1374 3695 1544 3749 Adam
1575 3702 1623 3749 et
1648 3693 1815 3750 Hera.

547 3782 779 3856 Cumque
796 3783 1151 3854 cognovissent
1176 3800 1285 3839 esse
1308 3800 1362 3839 se
1385 3784 1577 3851 nudos,
1594 3794 1908 3841 consuerunt
1931 3785 2062 3855 folia

478 3877 609 3947 ﬁcus
631 3918 645 3943 ,
676 3876 1005 3947 feceruntque
1031 3876 1131 3931 sibi
1170 3880 1514 3949 perizomata.
1545 3879 1739 3933 Anima
1784 3878 2062 3934 rationalis

448 3969 766 4026 ~bestialem
795 3976 997 4024 motum
1052 3968 1104 4023 in
1134 3969 1393 4025 membris
1426 3985 1538 4025 sua:
1588 3969 1767 4025 carnis
1814 3969 2060 4035 erubuit,

479 4064 638 4134 eique
677 4063 906 4119 incussit
938 4062 1198 4132 pudorem
1246 4079 1259 4116 :
1304 4077 1412 4118 non
1445 4061 1620 4117 solum
1666 4061 1794 4133 quia
1848 4062 1952 4118 hoc
1987 4061 2062 4118 ibi

481 4158 776 4224 sentiebat,
800 4157 891 4212 ubi
919 4170 1192 4226 nunquam
1237 4162 1395 4210 antea
1429 4152 1535 4209 tale
1557 4155 1760 4226 aliquid
1787 4162 2061 4219 senserat,

479 4264 668 4304 verum
708 4249 874 4305 etiam
898 4247 1038 4319 quod
1086 4246 1175 4301 ille
1202 4244 1486 4316 pudendus
1514 4252 1692 4299 motus
1719 4244 1785 4299 de
1809 4243 2063 4313 praecepti

482 4343 911 4415 transgressione
947 4343 1213 4398 veniebat.
1262 4340 1342 4396 lbi
1369 4340 1516 4395 enim
1558 4339 1729 4394 sensit
1762 4352 1868 4408 qua
1910 4338 2065 4407 prius

486 4434 660 4506 gratia
690 4433 1002 4498 vestiretur,
1031 4432 1248 4501 quando
1277 4431 1330 4484 in
1360 4445 1454 4486 sua
1484 4429 1728 4484 nuditate
1756 4429 1888 4484 nihil
1914 4428 2066 4483 inde-

483 4540 615 4581 cens
641 4524 987 4596 patiebatur;
1019 4522 1253 4593 denique
1282 4522 1370 4575 illa
1399 4520 1814 4576 conturbatione
1842 4521 1908 4575 ad
1938 4519 2063 4576 folia

485 4616 728 4674 ﬁcuhtete
780 4623 1176 4680 cucurrerunt,
1214 4629 1335 4684 quae
1375 4610 1514 4667 forte
1565 4611 1865 4681 perturbati
1892 4611 2064 4681 prima

484 4710 830 4772 invenerunt,
856 4706 1205 4776 perizomata,
1236 4705 1287 4759 id
1311 4712 1413 4767 est,
1447 4700 1806 4758 succinetoria
1835 4715 2064 4757 consue-

486 4805 634 4867 runt,
667 4805 724 4853 et
749 4795 877 4867 quia
901 4793 1181 4866 glorianda
1208 4793 1591 4857 deseruerant,
1620 4791 1868 4862 pudenda
1914 4800 2066 4846 texe-

486 4897 629 4946 runt.
662 4888 776 4945 Nec
804 4886 1041 4943 arbitror
1063 4900 1158 4941 eos
1185 4882 1451 4956 cogitasse
1471 4881 1677 4953 aliquid
1709 4881 1763 4936 in
1792 4881 1897 4936 illis
1920 4879 2066 4936 foliis

483 4983 627 5055 quod
660 4980 857 5036 talibus
882 4985 1205 5050 congrueret
1252 4974 1466 5044 contegi
1492 4972 1607 5044 jam
1652 4975 1893 5030 membra
1935 4988 2066 5045 pru-

484 5073 701 5141 rientia,
731 5069 830 5131 sed
855 5069 1067 5127 occulto
1094 5068 1353 5124 instinctu
1379 5065 1589 5120 adhoc
1616 5063 1691 5119 illi
1721 5078 1819 5134 per
1844 5072 2067 5120 contur:

483 5167 759 5223 hationem
809 5160 1073 5234 compulsi
1108 5168 1235 5216 sunt
1256 5199 1273 5225 ,
1328 5165 1387 5211 ut
1415 5155 1580 5212 etiam
1611 5154 1735 5210 talis
1757 5169 1931 5225 pmice
1957 5170 2067 5210 sua:

486 5256 811 5330 signiﬁcatio
856 5268 887 5309 a
936 5250 1301 5309 nescientibus
1338 5248 1527 5315 fleret,
1574 5263 1695 5320 qua:
1724 5254 2066 5317 peccatorem

485 5348 631 5405 facta
664 5344 1032 5411 convinceret,
1057 5350 1113 5396 et
1137 5341 1355 5396 doceret
1388 5338 1590 5407 scripta
1620 5337 1896 5392 lectorem.
1928 5336 2068 5407 Mys-

486 5439 685 5495 terium
714 5444 898 5492 autem
932 5434 1092 5505 hujus
1135 5431 1347 5487 arboris
1372 5470 1386 5495 ,
1429 5430 1530 5485 sub
1552 5446 1658 5499 qua
1686 5436 1741 5484 et
1771 5428 2069 5485 Nathanael

486 5529 666 5586 adhuc
691 5527 927 5602 positum
973 5523 1258 5580 Dominum
1304 5519 1465 5584 vidit,
1517 5520 1709 5575 beatus
1750 5519 2069 5576 Ambrosius

489 5621 725 5677 breviter
771 5619 1027 5689 quidem,
1088 5614 1183 5671 sed
1228 5620 1473 5685 patenter
1509 5614 1757 5682 exposuit
1805 5612 1995 5671 dicens
2052 5634 2065 5670 :

493 5710 641 5766 Beati
670 5711 763 5780 qui
803 5709 903 5766 sub
931 5709 1037 5765 vite
1060 5715 1115 5762 et
1139 5706 1256 5765 olea
1289 5719 1458 5777 equos
1478 5719 1603 5762 suos
1632 5704 1888 5775 alligant,
1920 5707 2070 5764 labo-

1107 271 1185 342 ἲ.
1228 282 1483 338 RABANI
1522 282 1740 337 M'Al’ltl
1780 270 2061 336 anetum

2169 280 2453 338 lOGUNT.
2491 281 2778 339 OPERUM
2820 282 3003 340 PARS
3036 284 3082 342 Ι.

3639 282 3750 341 4!!

2093 399 2138 456 Α
2172 410 2283 449 rem
2305 411 2557 451 cursuum
2588 413 2811 453 suorum
2840 399 2962 469 paci
2992 408 3047 454 et
3090 391 3291 455 laefitiaz
3325 408 3709 457 consecrantes
3728 440 3750 469 ,

2170 503 2238 542 ne
2262 488 2395 543 licus
2416 489 2590 544 adhuc
2634 489 2689 544 id
2716 499 2830 558 est,
2875 490 3193 546 illecebrosa
3218 490 3533 547 deliciarum
3559 492 3754 549 obum-

2166 575 2287 632 bret
2311 579 2533 651 prurigo
2560 579 2744 634 mundi
2769 619 2785 645 ,
2817 580 3038 635 humilis
3061 581 3128 635 ad
3155 581 3515 646 altitudinem.
3544 582 3752 656 fragilis

2166 666 2233 725 ad
2265 669 2528 735 laborem,
2559 672 2738 727 mollis
2761 673 2828 728 ad
2857 690 3038 740 usum,
3068 674 3269 730 sterilis
3295 675 3364 731 ad
3389 675 3644 731 fructum.
3684 678 3754 734 Et

2167 762 2219 816 in
2252 761 2358 817 alio
2386 762 2506 818 loco
2538 782 2551 817 :
2586 764 2741 831 Quod
2767 766 2932 837 igitur
2953 768 3173 838 gravius
3201 775 3305 835 est,
3335 769 3528 839 inquit,
3560 770 3663 826 hac
3693 785 3754 826 se

2162 850 2333 908 Adam
2366 855 2819 926 interpretatione
2852 860 3152 925 succinxit,
3182 875 3249 916 eo
3274 860 3398 917 loco
3422 863 3513 918 uhi
3570 862 3750 919 fructu

2162 946 2338 1017 magis
2367 947 2635 1003 castitatis
2680 964 2740 1004 se
2780 950 3096 1020 succingere
3119 951 3414 1007 debuisset.
3448 952 3507 1007 ln
3551 937 3755 1012 lumbis

2164 1039 2329 1103 enim,
2355 1040 2552 1110 quibus
2573 1041 2984 1111 prmcingimur,
3008 1043 3254 1112 quaedam
3286 1044 3491 1100 semina
3520 1059 3750 1114 generae

2163 1133 2329 1187 tionis
2374 1148 2497 1188 esse
2546 1133 2838 1199 dicuntur;
2886 1141 2941 1189 ct
2979 1134 3102 1190 ideo
3132 1134 3273 1190 male
3318 1135 3393 1190 ibi
3438 1136 3753 1192 succinctus

2161 1224 2333 1279 Adam
2380 1223 2522 1281 foliis
2544 1224 2845 1293 inutilibus,
2894 1226 2986 1280 ubi
3014 1225 3211 1282 futura:
3241 1228 3610 1297 generationis
3640 1244 3749 1284 non

2164 1314 2400 1371 fructum
2447 1317 2718 1381 futurum,
2775 1318 2871 1373 sed
2918 1319 3165 1387 quaedam
3209 1328 3435 1388 peccata
3484 1321 3749 1392 signaret.

2163 1406 2393 1479 Cumque
2418 1409 2773 1480 cognovissent
2799 1425 2858 1463 se
2884 1409 3052 1465 nudos
3079 1427 3190 1465 esse
3208 1451 3223 1477 ,
3274 1422 3591 1466 consuerunt
3617 1411 3750 1482 {alia

2160 1500 2269 1572 ﬁci,
2306 1511 2354 1555 et
2375 1517 2430 1555 se
2464 1510 2762 1570 contegunt,
2794 1502 2921 1571 quia
2946 1502 3041 1572 qui
3069 1501 3324 1557 szeculum
3351 1516 3603 1572 asperum
3631 1519 3751 1557 am-

2161 1591 2489 1661 plectuntur,
2515 1591 2607 1662 qui
2630 1592 2910 1664 prurigine
2930 1592 3165 1648 carnalis
3187 1592 3475 1663 voluptatis
3492 1602 3746 1653 arantur.

2162 1681 2360 1750 quique
2386 1680 2597 1750 decepti
2627 1680 2880 1736 haeretica
2910 1683 3203 1752 pravitate,
3233 1691 3289 1737 et
3309 1684 3481 1755 gratia
3512 1684 3608 1739 Dei
3648 1701 3751 1738 nn-

2088 1756 2308 1836 Bdati,
2359 1780 2669 1843 tegumenta
2718 1773 3127 1829 mendaciorum
3183 1783 3441 1846 tanquam
3484 1775 3609 1831 folia
3659 1776 3749 1833 ﬁci

2163 1860 2439 1932 colligunt,
2472 1859 2734 1917 facientes
2756 1863 2860 1918 sibi
2893 1864 3154 1921 cinctoria
3184 1868 3498 1937 pravitatis,
3528 1883 3654 1924 eum
3685 1870 3753 1925 de

2161 1950 2391 2006 Domino
2415 1952 2499 2007 vel
2532 1952 2771 2008 Ecclesia
2796 1955 3154 2011 mentiuntur.

2231 2041 2305 2097 Et
2328 2059 2448 2097 cum
2474 2044 2742 2100 audissent
2778 2061 2949 2100 vocem
2975 2046 3192 2103 Domini
3223 2048 3318 2104 Dei
3361 2051 3750 2107 deambulanti;

2160 2135 2218 2188 in
2266 2135 2513 2205 paradiso
2558 2134 2627 2188 ad
2665 2152 2851 2189 auram
2891 2146 3006 2207 post
3048 2130 3334 2206 meridiem,
3379 2141 3652 2197 abscondit
3696 2161 3750 2199 se

2162 2222 2332 2278 Adam
2361 2234 2407 2278 et
2430 2241 2566 2279 uxor
2582 2225 2721 2295 ejus.
2757 2224 2890 2281 Post
2927 2228 3211 2283 meridiem
3252 2231 3389 2286 tales
3408 2229 3524 2302 jam
3552 2248 3752 2291 conve-

2162 2326 2319 2373 nerat
2340 2318 2572 2384 visitari,
2598 2320 2691 2389 qui
2727 2319 3043 2376 defecerant
3076 2337 3107 2377 a
3137 2322 3255 2378 luce
3291 2320 3557 2383 veritatis.
3595 2318 3754 2385 Unde

2162 2417 2285 2478 apte
2310 2409 2572 2468 Dominus
2591 2426 2812 2468 erucem
2837 2413 3063 2485 meridie
3089 2417 3356 2482 ascendit,
3376 2427 3447 2482 et,
3478 2421 3752 2489 promissa

2161 2501 2357 2557 latroni
2387 2503 2719 2561 habitatione
2757 2506 3016 2576 paradisi,
3052 2515 3176 2577 post
3204 2509 3509 2577 meridiem,
3550 2512 3601 2566 id
3641 2524 3746 2574 est.

2162 2608 2304 2649 nona
2351 2595 2507 2661 hora,
2562 2594 2814 2666 spiritum
2865 2598 3105 2665 tradidit,
3155 2609 3215 2653 ut
3256 2601 3504 2657 videlicet
3554 2603 3752 2659 eadem

2162 2682 2318 2749 hora,
2341 2700 2446 2754 qua
2466 2687 2674 2756 primus
2705 2687 2868 2744 homo
2898 2688 3104 2761 lignum
3130 2693 3595 2761 prmvarieationis
3617 2698 3751 2752 teti-

2162 2786 2334 2847 gerat,
2364 2779 2632 2835 secundus
2658 2782 2820 2836 homo
2844 2781 3048 2853 lignum
3086 2784 3472 2856 redemptionis
3495 2790 3756 2845 ascende.

2162 2876 2268 2936 ret,
2294 2879 2348 2925 et
2382 2886 2487 2941 qua
2522 2871 2655 2927 hora
2683 2873 2790 2928 diei
2821 2875 3267 2943 praevaricatores
3290 2880 3542 2949 paradiso
3575 2895 3754 2952 expn-
3834 2856 3845 2871 ι

2163 2959 2321 3027 lerat,
2348 2975 2412 3016 ea
2440 2961 2807 3018 confessorem
2833 2964 2886 3018 in
2911 2966 3220 3035 paradisum
3247 2968 3544 3024 induceret.

2234 3048 2518 3105 Abscondit
2538 3068 2613 3118 se,
2636 3053 2835 3123 inquit,
2861 3055 3030 3110 Adam
3054 3066 3101 3113 et
3129 3074 3263 3112 uxor
3282 3059 3397 3129 ejus
3419 3077 3453 3114 a
3479 3061 3759 3130 facieba-

2165 3139 2293 3195 mini
2314 3138 2432 3205 Dei,
2478 3141 2532 3194 in
2576 3141 2744 3196 medio
2770 3143 2898 3214 ligni
2918 3145 3177 3215 paradisi.
3199 3146 3416 3220 (Βεάα.)
3440 3150 3574 3207 Cum
3605 3153 3756 3211 Deus

2163 3234 2363 3289 avertit
2408 3233 2602 3290 faciem
2633 3250 2787 3291 suam
2822 3238 3165 3306 intrinsecus,
3208 3258 3318 3297 non
3346 3245 3610 3303 miremur
3637 3251 3755 3306 b:ee

2162 3314 2285 3379 fieri
2308 3340 2428 3394 quae
2464 3325 2660 3380 similia
2685 3335 2814 3381 sunt
2851 3328 3155 3398 dementias,
3185 3346 3284 3402 per
3317 3333 3544 3391 nimium
3578 3339 3758 3409 pude-

2162 3429 2280 3469 rem
2313 3430 2377 3470 ac
2404 3416 2674 3474 timorem.
2706 3416 2802 3475 lllo
2826 3436 3039 3492 quoque
3077 3424 3289 3480 occulto
3334 3426 3619 3484 instinctu
3643 3445 3755 3486 non
3814 3457 3823 3463 -

2162 3503 2493 3575 quiescente,
2523 3514 2583 3560 ut
2611 3522 2673 3562 ea
2697 3510 3002 3567 nescientes
3025 3511 3283 3579 facerent,
3309 3531 3433 3585 quae.
3453 3517 3658 3588 aliquid
3687 3520 3758 3575 si-

2163 3596 2504 3666 gniﬁcarent,
2522 3601 2845 3670 quandoque
2871 3604 3087 3659 scituris
3102 3606 3353 3674 posteris,
3370 3616 3596 3679 propter
3615 3625 3759 3681 quos

2162 3693 2266 3746 ista
2296 3694 2598 3763 conscripta
2641 3705 2784 3751 sunt.
2812 3694 3163 3754 Abscondunt
3196 3714 3254 3755 se
3282 3717 3521 3772 namque
3558 3719 3589 3757 a
3616 3702 3759 3761 facie

2163 3784 2280 3847 Dei,
2310 3785 2401 3855 qui
2446 3795 2693 3855 peccant,
2753 3789 2878 3858 quia
2928 3789 3176 3861 indignos
3222 3807 3280 3847 se
3310 3792 3508 3849 divina:
3535 3794 3762 3866 pietatis

2164 3875 2394 3931 reddunt
2415 3878 2756 3947 aspectibus;
2798 3879 3135 3936 abscondunt
3161 3897 3221 3937 se
3250 3897 3282 3936 a
3318 3883 3458 3940 facie
3492 3883 3610 3950 Dei,
3644 3901 3758 3941 non

2162 3975 2225 4021 ut
2246 3966 2485 4037 ipsorum
2507 3971 3164 4027 conscientiaminternus
3187 3974 3394 4028 arbiter
3411 3990 3525 4030 non
3551 3977 3759 4041 videat,

2166 4058 2260 4113 sed
2299 4067 2360 4113 ut
2396 4060 2497 4130 ipsi
2535 4060 2760 4130 gloriam
2782 4060 2963 4116 vultus
2995 4061 3113 4131 ejus
3146 4078 3429 4134 nunquam
3477 4065 3589 4123 nisi
3621 4066 3764 4122 resi-

2165 4148 2425 4218 piscendo
2450 4149 2803 4219 conspiciant.

2728 4265 2955 4324 CAPUT
3014 4267 3173 4324 XVII.

2169 4353 2269 4410 Ubi
2294 4354 2552 4413 Dominus
2578 4358 2706 4413 Ada:
2728 4360 2783 4413 in
2800 4361 3054 4443 paradiso
3065 4361 3299 4433 loquitur
3320 4373 3438 4433 post
3463 4375 3769 4438 transgres-

2765 4447 2963 4484 sionem
3004 4448 3137 4502 εμιε.

2254 4516 2561 4589 νοσαυὶιιμιε
2575 4518 2831 4575 Dominus
2846 4520 2988 4576 Deus
3003 4523 3196 4589 Adam,
3213 4534 3261 4578 et
3282 4525 3418 4581 dixit
3439 4527 3488 4581 ei
3504 4542 3524 4579 :
3542 4527 3649 4583 Ubi
3668 4545 3732 4584 es
3748 4528 3776 4583 .’

2163 4617 2278 4672 Non
2307 4610 2491 4679 utique
2530 4611 2828 4680 ignorando
2865 4614 3137 4683 quaesivit,
3181 4615 3277 4671 sed
3304 4616 3640 4689 increpando
3667 4619 3776 4673 ad-

2167 4701 2397 4766 monuit,
2435 4710 2495 4757 ut
2539 4702 2930 4763 attenderetln
2965 4721 3071 4775 quo
3102 4722 3208 4761 non
3252 4717 3401 4763 esset
3445 4710 3608 4764 Deus.
3638 4708 3776 4764 Jam

2169 4790 2313 4844 enim
2342 4790 2468 4861 quia
2500 4790 2567 4846 de
2596 4793 2792 4848 arbore
2812 4793 2979 4849 vetita
3003 4795 3333 4863 comederat,
3361 4803 3614 4852 mortuus
3644 4807 3779 4853 erat

2171 4889 2345 4948 morte
2381 4882 2594 4947 animae,
2627 4898 2752 4938 cum
2785 4899 2908 4939 eam
2941 4883 3270 4940 deseruisset
3296 4884 3413 4940 vita
3447 4901 3549 4941 sua
3589 4880 3780 4943 Deus.

2162 4973 2235 5026 Et
2272 4973 2375 5027 hoc
2414 4986 2547 5029 sane
2579 4973 2647 5028 ad
2699 4973 2933 5044 aliquam
2974 4975 3209 5044 pertinet
3256 4975 3728 5046 significationem
3762 4995 3780 5032 :

2167 5065 2311 5136 quod
2343 5065 2485 5120 sicut
2509 5076 2835 5139 praeceptum
2866 5065 2982 5120 viro
3006 5066 3191 5122 datum
3218 5076 3321 5131 est,
3351 5081 3449 5137 per
3474 5082 3650 5137 quem
3678 5081 3787 5123 ve-

2168 5158 2310 5212 niret
2338 5156 2406 5211 ad
2432 5155 2708 5222 feminam,
2740 5156 2813 5211 ita
2833 5150 2920 5211 vir
2948 5157 3097 5227 prior
3120 5157 3483 5226 interrogatur
3507 5172 3521 5225 ;
3548 5172 3785 5226 pm

2169 5258 2320 5322 ptum
2359 5250 2506 5304 enim
2535 5266 2566 5305 a
2588 5249 2817 5305 Domino
2841 5263 2939 5319 per
2967 5249 3143 5303 virum
3168 5260 3339 5317 usque
3370 5247 3438 5303 ad
3470 5244 3785 5313 feminam,

2176 5351 2457 5412 peccatum
2493 5352 2677 5399 autem
2733 5358 2763 5396 a
2799 5342 3013 5398 diabolo
3048 5356 3146 5411 per
3175 5340 3434 5396 feminam
3476 5354 3662 5408 usque
3711 5340 3791 5395 ad

2178 5437 2374 5491 virum.
2411 5431 2722 5505 Vocavitque
2742 5433 2886 5488 Deus
2916 5433 3108 5497 Adam,
3147 5430 3247 5485 Ubi
3267 5430 3363 5485 es?
3397 5430 3496 5485 llic
3516 5431 3794 5485 osumdit

2176 5526 2300 5596 quia
2329 5524 2420 5594 qui
2448 5540 2478 5577 a
2518 5522 2623 5580 fide
2647 5523 2729 5580 vel
2756 5523 2914 5580 bonis
2942 5522 3198 5593 operibus
3224 5521 3292 5576 ad
3334 5518 3625 5575 mendacia
3679 5535 3796 5576 sua

2176 5617 2550 5688 desideriaquc
2587 5617 2863 5683 labuntur,
2894 5631 3003 5697 npn
3042 5614 3273 5685 despicit
3319 5612 3441 5669 illos
3469 5613 3645 5678 Deus,
3684 5614 3800 5669 sed

2178 5709 2353 5764 adhuc
2385 5717 2453 5763 nt
2484 5708 2708 5765 redeant
2741 5723 2840 5779 per
2865 5706 3236 5778 paenitentiam
3280 5713 3456 5770 vocat,
3488 5704 3629 5774 quia
3672 5722 3802 5764 non

2088 3109 2131 3170 C

2093 4470 2144 4529 D
