3974 6200
251 276 357 333 895

1286 262 1639 323 (ΣΟΜΒῙΕΝΤ.
1681 259 1745 320 IN
1782 262 2103 351 CENESIM.
2145 290 2214 303 ——
2252 261 2378 317 LIB.
2410 258 2453 314 Ι.

3407 261 3516 317 494

246 388 358 445 vult
388 392 620 441 mortem
645 382 966 454 peccatoris,
1000 380 1095 436 sed
1123 387 1181 434 ut
1206 388 1555 435 convertatur
1574 388 1629 433 et
1658 379 1824 432 vivat.
1858 391 1902 449 Α
1932 386 2039 431 tur.
2084 374 2186 443 Qui
2218 391 2340 431 cum
2385 383 2703 446 argueretur
2732 388 2763 427 a
2806 373 3053 439 Domino,
3087 374 3231 444 quod
3257 374 3324 430 de
3365 385 3513 449 ligno

250 486 388 551 Ergo
413 493 525 533 non
548 484 634 531 est
658 472 1052 545 desperandum
1078 464 1405 541 quibuslibet
1427 469 1827 540 peccatoribus,

249 587 374 628 eum
394 579 453 625 et
479 568 581 640 ipsi
608 565 763 636 impii
801 564 868 618 ad
897 578 1047 632 spem
1076 558 1419 631 indulgentiae
1444 566 1828 630 provocentur.

320 660 421 728 Qui
450 660 526 714 ait
554 676 567 711 :
598 656 786 710 Vocem
818 664 964 707 tuam
993 651 1170 705 audivi
1197 651 1253 704 in
1276 650 1543 720 paradiso,
1574 656 1624 702 et
1658 646 1831 709 timui,

248 770 308 809 eo
330 751 471 824 quod
493 748 670 803 nudus
694 762 879 809 essem,
906 754 953 797 et
980 740 1228 796 abscondi
1256 757 1356 794 me.
1386 738 1534 795 Satis
1557 732 1835 808 probabile

250 852 334 899 est
358 841 539 896 solere
561 839 729 892 Deum
755 850 850 905 per
868 840 1175 887 creaturam
1198 829 1291 884 tali
1315 827 1516 884 actioni
1539 840 1834 897 congruam

252 936 305 990 in
346 933 528 987 forma
557 930 791 988 humana
825 924 1017 997 primis
1046 922 1153 978 illis
1189 920 1502 976 hominibus
1528 932 1831 990 apparere:

251 1040 384 1096 quos
429 1034 709 1091 nunquam
737 1016 987 1087 permisit
1014 1014 1301 1069 advertere
1332 1012 1630 1067 nuditatem
1659 1025 1834 1073 suam,

252 1129 440 1172 eorum
481 1109 840 1167 intentionem
881 1108 937 1160 in
973 1118 1207 1176 superna
1247 1103 1555 1167 sustollens,
1581 1101 1687 1155 nisi
1714 1107 1839 1170 post

250 1186 573 1278 peccatum,
626 1198 932 1272 pudendum
979 1194 1339 1255 inmemhris
1390 1204 1598 1248 motum
1636 1191 1837 1261 pmnali

254 1296 625 1353 membrorum
646 1292 761 1362 lege
780 1288 1097 1344 sensissent.
1119 1284 1211 1340 Sic
1238 1298 1369 1354 ergo
1396 1282 1575 1338 affecti
1603 1290 1746 1344 sunt,
1780 1290 1840 1335 ut

254 1393 431 1449 solent
468 1388 719 1445 homines
747 1383 885 1439 allici
926 1383 1026 1439 sub
1060 1379 1233 1435 oculis
1276 1378 1594 1440 hominum;
1638 1385 1694 1431 et
1720 1375 1842 1429 talis

257 1482 472 1539 affectio
496 1478 704 1549 peccati
729 1477 795 1531 de
820 1489 980 1544 paena
1000 1481 1138 1536 erat,
1163 1486 1289 1525 eum
1311 1469 1481 1524 latere
1502 1468 1659 1533 velle,“
1679 1481 1840 1537 quem

257 1574 392 1632 nihil
431 1572 606 1627 latere
651 1575 851 1639 potest.
897 1564 1051 1633 Quod
1094 1563 1240 1619 enim
1263 1561 1378 1630 jam
1430 1562 1575 1631 ipsos
1604 1558 1842 1631 pudebat

260 1682 390 1737 erga
435 1664 662 1733 seipsos,
712 1660 854 1714 unde
911 1657 1013 1712 sibi
1071 1663 1126 1710 et
1163 1653 1526 1710 suecinctoria
1577 1651 1840 1714 fecerant,

1936 469 2101 523 vetito
2127 468 2471 532 comedisset,
2500 467 2670 522 Adam
2698 466 2904 522 scilicet
2938 477 2994 522 et
3033 483 3170 522 uxor
3197 466 3331 536 ejus,
3372 471 3516 527 illico

1934 560 2250 630 respondit:
2279 559 2503 628 Serpens
2546 558 2743 628 decepit
2791 574 2895 624 me,
2943 568 2991 611 et
3032 558 3253 613 comedi.
3287 560 3369 616 Ad
3414 561 3520 619 ltoc

1935 653 2133 722 quippe
2177 650 2425 719 requisiti
2460 647 2702 712 fuerunt,
2734 657 2797 702 ut
2831 656 3112 719 peccatum
3161 650 3304 719 quod
3336 661 3516 706 trans-

1935 743 2229 815 grediendo
2269 740 2677 802 commiserant,
2708 739 3017 794 confitendo
3060 740 3318 795 delerent.
3365 741 3522 798 Unde

1938 843 1994 888 et
2022 848 2245 903 serpens
2275 831 2364 886 ille
2402 846 2716 901 persuasor,
2745 831 2838 900 qui
2865 846 2974 886 non
3021 839 3142 885 erat
3184 833 3525 889 revocandus

1939 925 2008 980 ad
2036 925 2272 990 veniam,
2305 940 2409 979 non
2439 933 2524 978 est
2548 923 2614 979 de
2636 923 2789 993 culpa
2818 923 3129 993 requisitas.
3156 924 3525 998 Interrogatus

1939 1019 2102 1073 homo
2127 1018 2325 1087 quippe
2369 1026 2455 1070 est
2480 1015 2570 1069 ubi
2622 1023 2784 1079 esset,
2812 1023 2873 1070 ut
2898 1026 3266 1086 perpetratam
3308 1018 3526 1089 culpam

1937 1110 2256 1181 respiceret,
2303 1117 2358 1163 et
2401 1106 2708 1162 confitendo
2736 1116 3091 1177 cognosceret
3118 1124 3282 1179 quam
3308 1093 3467 1182 lbuge
3496 1127 3528 1165 a

1940 1201 2249 1256 Conditoris
2275 1200 2355 1255 sui
2393 1199 2532 1254 facie
2561 1199 2795 1255 abesset.
2865 1199 2972 1255 Sed
3008 1202 3268 1259 adhibere
3310 1202 3531 1260 sibimet

1943 1293 2161 1362 utrique
2190 1292 2519 1347 defensionis
2554 1287 2746 1347 solatia
2775 1307 2937 1363 quam
2963 1294 3322 1351 confessionis
3352 1296 3532 1367 elege-

1943 1395 2090 1439 runt.
2118 1383 2363 1453 Cumque
2389 1396 2651 1438 excusare
2675 1392 2957 1454 peccatum
2990 1384 3157 1440 voluit
3176 1386 3260 1440 vir
3284 1402 3383 1457 per
3409 1402 3531 1441 mu—

1942 1476 2165 1540 lierem,
2217 1474 2410 1529 mulier
2446 1491 2543 1545 per
2577 1487 2916 1547 serpentem,
2972 1488 3241 1535 auxerunt
3269 1480 3484 1550 culpam
3510 1523 3527 1544 ,

1943 1581 2106 1636 quam
2155 1565 2291 1620 tueri
2341 1567 2521 1619 conati
2571 1578 2698 1620 sunt
2732 1567 2991 1637 oblique:
3023 1568 3196 1624 Adam
3240 1571 3526 1626 Dominum

1946 1666 2196 1729 tangens,
2233 1654 2375 1725 quod
2415 1656 2532 1726 ipse
2572 1658 2778 1727 peccati
2805 1672 2993 1713 eorum
3023 1667 3214 1714 auctor
3238 1660 3531 1726 exstiterit,
3608 1714 3613 1720 ί

261 1757 435 1813 multo
456 1751 830 1808 vehementius
870 1748 939 1803 ab
964 1746 1057 1801 illo
1083 1746 1249 1800 etiam
1279 1743 1359 1799 sic
1387 1741 1653 1798 succincti
1675 1740 1846 1796 videri
1876 1737 1924 1796 Β
1951 1749 2043 1819 qui
2067 1749 2348 1807 mulierem
2371 1747 2534 1813 fecit;
2564 1747 2711 1804 Heva
2741 1749 2953 1819 culpam
2984 1750 3053 1804 ad
3078 1749 3364 1806 Dominum
3395 1752 3538 1808 refe-

260 1848 612 1908 verebantur,
638 1841 732 1912 qui
760 1849 1016 1909 tanquam
1045 1835 1297 1891 familiari
1320 1840 1743 1904 temperamento
1777 1830 1846 1885 ad

262 1954 356 1995 eos
377 1933 662 1998 videndos,
688 1947 787 2002 per
817 1938 1122 1986 creaturam
1157 1926 1441 1991 visibilem,
1468 1924 1617 1979 velut
1655 1925 1849 1978 huma-

266 2043 365 2084 nos
408 2024 595 2081 oculos
640 2020 915 2076 afferebat.
964 2017 1225 2072 Dominus
1274 2029 1404 2070 vero
1451 2014 1639 2069 volens
1682 2013 1847 2067 etiam

266 2131 587 2195 peccatores
626 2130 779 2171 more
831 2113 1056 2182 iustitia:
1101 2112 1462 2180 interrogatos
1499 2107 1693 2178 punire
1735 2122 1851 2162 am—

264 2214 409 2284 plius
446 2225 611 2281 quam
661 2215 779 2263 erat
821 2203 910 2259 illa
955 2218 1114 2273 pmna
1172 2202 1239 2255 de
1283 2215 1391 2270 qua
1422 2198 1538 2267 jam
1583 2198 1851 2267 cogeban-

268 2316 356 2359 tur
406 2300 770 2358 erubescere:
816 2296 946 2362 Quis
1001 2295 1161 2360 enim,
1218 2291 1411 2362 inquit,
1466 2289 1713 2344 indicavit
1757 2287 1850 2341 tibi

266 2396 408 2469 quod
438 2393 614 2447 nudus
640 2407 798 2455 esses,
823 2388 924 2442 nisi
945 2385 1082 2457 quod
1126 2400 1190 2438 ea:
1217 2383 1358 2453 ligno
1388 2382 1452 2436 de
1470 2397 1571 2452 quo
1597 2395 1852 2449 praecepe-

268 2504 383 2542 ram
419 2501 483 2539 ne
526 2481 817 2537 comederes
861 2475 1167 2532 comedisti?
1191 2474 1329 2528 Hinc
1368 2472 1512 2528 enim
1550 2484 1697 2525 mors
1727 2484 1855 2523 con-

268 2587 430 2649 cepta
454 2583 679 2647 propter
706 2572 802 2626 Dei
829 2569 1171 2634 sententiam,
1202 2567 1293 2635 qui
1322 2565 1403 2620 sic
1427 2563 1604 2617 fuerat
1629 2561 1852 2616 commi-

271 2680 454 2734 natus,
495 2666 623 2721 fecit
646 2662 851 2718 adverti
879 2657 1446 2730 concupiscentialiter
1471 2654 1732 2717 membra,
1761 2652 1853 2708 ubi

277 2761 423 2818 ducti
447 2756 625 2832 [dicti]
669 2762 793 2810 sunt
836 2750 1010 2823 aperti
1046 2749 1212 2815 oculi,
1241 2755 1297 2802 et
1325 2755 1571 2803 secutum
1605 2750 1689 2798 est
1711 2743 1853 2812 quod

275 2850 521 2921 puderet.

341 2937 594 3008 Dixitque
625 2935 793 2989 Adam
819 2950 835 2988 :
867 2931 1056 2988 Mulier
1075 2948 1232 3003 quam
1258 2930 1448 2984 dedisti
1470 2928 1600 2983 mihi
1628 2928 1852 2992 sociam,

272 3030 417 3085 dedit
468 3028 595 3082 mihi
630 3026 695 3080 de
740 3024 900 3097 ligno,
934 3034 981 3078 et
1008 3023 1228 3078 comedi.
1278 3020 1543 3093 Superbia
1578 3034 1854 3090 nunquam

275 3125 416 3180 dixit
448 3120 909 3178 Peccavizhabet
952 3116 1348 3173 deformitatem
1398 3113 1753 3178 confusionis,
1801 3103 1926 3168 etC

275 3229 387 3267 non
428 3210 591 3266 habet
639 3208 998 3264 confessionis
1041 3206 1422 3261 humilitatem.
1468 3203 1553 3258 Ad
1598 3204 1703 3258 hoc
1752 3203 1856 3258 ista

275 3304 481 3371 scripta
522 3310 671 3365 sunt,
716 3300 843 3370 quia
874 3308 930 3353 et
956 3299 1083 3367 ipsa:
1117 3296 1570 3368 interrogationes
1603 3296 1855 3351 nimirum

276 3395 345 3448 ad
378 3393 485 3447 hoc
508 3390 665 3447 facite
684 3398 826 3451 sunt,
851 3398 909 3443 ut
935 3388 1135 3443 utiliter
1162 3387 1553 3451 scriberentur,
1582 3393 1642 3440 ut
1668 3385 1860 3441 adver-

278 3497 458 3543 tamus
492 3486 762 3558 quomodo
807 3482 1057 3553 superbia
1107 3481 1355 3536 laborent
1390 3479 1637 3537 homines
1678 3477 1857 3542 hodie,

276 3597 387 3636 non
417 3580 521 3655 nisi
556 3579 613 3633 in
638 3577 952 3633 Creatorem
990 3582 1251 3629 conantes
1293 3569 1498 3626 referre
1520 3570 1566 3625 si
1589 3569 1719 3639 quid
1745 3582 1862 3638 ege-

276 3675 385 3729 rint
408 3672 561 3737 mali,
590 3686 711 3726 cum
740 3670 842 3725 sibi
862 3668 1030 3723 velint
1061 3665 1223 3721 tribui
1254 3665 1299 3719 si
1322 3663 1451 3734 quid
1481 3662 1691 3733 egerint
1710 3661 1856 3716 boni.

280 3763 496 3829 Mulier,
530 3762 723 3832 inquit,
761 3775 917 3830 quam
943 3757 1133 3812 dedisti
1161 3756 1359 3810 sociam
1385 3754 1539 3819 mihi,
1562 3752 1705 3806 dedit
1731 3751 1860 3805 mihi

278 3856 339 3910 de
369 3855 533 3926 ligno,
554 3863 602 3908 et
626 3851 848 3915 comedi,
870 3850 1024 3920 quasi
1046 3850 1115 3903 ad
1136 3848 1239 3903 hoc
1262 3848 1387 3902 data
1410 3846 1506 3911 sit,
1533 3851 1595 3898 ut
1615 3859 1722 3899 non
1748 3842 1862 3912 ipsa

275 3947 461 4016 potius
483 3944 729 4000 obediret
752 3942 893 4006 viro,
924 3948 977 3995 et
1012 3938 1171 3994 ambo
1199 3936 1337 3995 Deo.

350 4036 424 4091 Et
460 4036 593 4090 dixit
633 4034 896 4089 Dominus
933 4031 1073 4087 Deus
1110 4032 1179 4085 ad
1224 4030 1536 4085 mulierem:
1564 4027 1741 4095 Quare
1767 4028 1864 4081 hoc

278 4129 493 4200 fecisti?
521 4127 654 4194 Quae
679 4128 942 4197 respondit
969 4140 988 4179 :
1018 4126 1242 4197 Serpens
1282 4125 1479 4194 decepit
1508 4140 1606 4187 me,
1630 4132 1679 4176 et
1725 4138 1865 4175 com-

277 4221 389 4275 edi.
440 4219 552 4276 Nec
592 4221 694 4275 ista
724 4219 1014 4275 confitetur
1058 4226 1364 4288 peccatum,
1407 4215 1502 4271 sed
1539 4215 1594 4269 in
1634 4213 1864 4269 alterum

278 4311 451 4366 refert
477 4311 672 4381 impari
701 4326 853 4377 sexu,
881 4310 995 4380 pari
1025 4309 1187 4363 fastu.
1213 4307 1458 4378 Serpens,
1491 4304 1688 4375 inquit,
1717 4305 1867 4360 dece-

274 4402 353 4470 pit
398 4416 500 4463 me,
523 4409 573 4454 et
607 4399 827 4464 comedi,
865 4398 1020 4468 quasi
1061 4395 1341 4468 cujusdam
1369 4395 1553 4451 suasio
1592 4403 1864 4464 praecepto

276 4457 381 4547 Dei
413 4457 660 4545 debuerit
680 4457 933 4559 anteponi
952 4466 971 4554 ;7
996 4497 1052 4543 et
1073 4457 1188 4558 ipsa
1218 4494 1398 4541 autem
1432 4457 1611 4558 culpae-
1636 4457 1861 4543 causam
1891 4457 1941 4516 θ

276 4581 333 4634 in
362 4578 679 4636 Creatorem
709 4578 890 4644 refert,
923 4579 1014 4650 qui
1054 4587 1361 4649 serpentem
1388 4578 1440 4633 in
1470 4577 1744 4648 paradiso,
1768 4593 1866 4646 per

274 4684 445 4740 quem
464 4658 826 4739 deciperetur,
858 4669 1145 4726 creaverit.
1176 4665 1331 4726 Verte
1360 4666 1680 4722 humilitatis
1709 4667 1863 4722 testi-

275 4763 466 4818 monia
494 4770 635 4825 sunt,
665 4762 1006 4832 iniquitatem
1034 4776 1186 4816 suam
1216 4772 1484 4831 quemque
1515 4772 1861 4830 cognoscere,

274 4863 334 4908 et
354 4851 631 4922 cognitam
676 4867 808 4907 voce
842 4850 1197 4927 confessionis
1241 4849 1474 4921 aperire.
1532 4848 1605 4903 At
1646 4857 1860 4913 contra,

278 4943 542 4999 usitatum
569 4943 788 4999 humani
811 4945 1030 5014 generis
1054 4942 1245 4996 vitium
1267 4949 1371 5006 est,
1393 4948 1450 4995 et
1481 4939 1711 4996 labendo
1736 4955 1862 5009 pec-

275 5043 463 5090 catum
504 5036 864 5101 committere,
900 5044 954 5091 et
998 5035 1345 5090 commissum
1390 5032 1634 5104 negando
1669 5031 1858 5089 defen-

277 5129 432 5192 dere,
457 5136 512 5183 et
545 5131 851 5185 convictum
879 5127 1217 5184 defendendo
1254 5126 1630 5197 multiplicare.
1664 5126 1741 5182 Ex
1770 5125 1859 5181 illo

276 5219 481 5290 quippe
505 5218 661 5289 lapsu
689 5219 849 5291 primi
871 5218 1128 5283 hominis,
1159 5217 1275 5273 haec
1298 5226 1584 5288 augmenta
1611 5215 1864 5286 nequitia:

276 5309 547 5375 ducimus,
577 5326 643 5364 ex
666 5325 774 5380 quo
804 5310 975 5380 ipsam
1006 5310 1242 5371 radicem
1267 5308 1529 5363 traximus
1552 5308 1741 5378 culpae.
1773 5306 1864 5363 Sic

277 5414 517 5472 namque
572 5401 661 5457 ille
704 5403 830 5458 dum
871 5402 1073 5474 lignum
1103 5403 1325 5457 vetitum
1364 5402 1698 5474 contigisset,
1743 5401 1864 5455 abs-

276 5493 457 5550 condit
484 5512 539 5548 se
580 5511 613 5548 a
649 5495 783 5566 facie
812 5495 1021 5551 Domini
1056 5497 1192 5549 inter
1220 5495 1361 5566 ligna
1388 5495 1644 5565 paradisi.
1674 5492 1729 5548 In
1757 5508 1861 5563 qua

277 5580 639 5640 absconsione
667 5586 896 5651 scilicet,
925 5587 1051 5657 quia
1085 5585 1253 5641 Deum
1291 5586 1459 5641 latere
1490 5600 1595 5640 non
1625 5592 1858 5653 poterat.

279 5685 394 5729 non
439 5672 645 5730 latendi
671 5674 893 5732 effectus
916 5676 1267 5743 describitur,
1297 5675 1391 5731 sed
1444 5673 1669 5730 affectus
1711 5683 1863 5728 nota-

1953 1855 2097 1907 rens,
2140 1842 2232 1910 qui
2278 1852 2586 1912 serpentem
2628 1842 2682 1896 in
2712 1843 2965 1913 paradiso
3010 1844 3208 1914 posuit.
3239 1845 3339 1914 Qui
3388 1848 3534 1903 enim

1951 1946 2045 1987 ore
2071 1929 2267 1988 diaboli
2308 1931 2543 1988 fallentis
2583 1931 2886 2000 audierant,
2915 1933 3083 1989 Erilis
3117 1937 3251 1990 sicut
3280 1936 3376 2003 dii,
3407 1938 3538 2008 quia

1953 2027 2064 2081 Deo
2088 2043 2210 2083 esse
2244 2027 2450 2083 similes
2474 2027 2527 2081 in
2567 2027 2849 2083 divinitate
2880 2028 3257 2098 nequiverunt,
3290 2031 3357 2085 ad
3386 2046 3538 2087 erro-

1954 2116 2030 2171 ris
2052 2116 2135 2171 sui
2164 2117 2459 2180 cumulum,
2495 2117 2662 2171 Deum
2693 2117 2791 2171 sibi
2826 2116 3005 2172 facere
3030 2116 3260 2173 similem
3293 2119 3347 2174 in
3376 2122 3536 2193 culpa

1954 2205 2134 2259 conati
2173 2215 2317 2260 sunt.
2347 2205 2437 2261 Sic
2466 2220 2597 2276 ergo
2642 2214 2850 2259 reatum
2895 2221 3052 2261 suum
3076 2207 3205 2262 dum
3245 2208 3539 2268 defendere

1954 2298 2266 2364 moliuntur,
2300 2298 2642 2363 addiderunt,
2673 2307 2732 2352 ut
2760 2299 2915 2370 culpa
2942 2314 3127 2354 eorum
3161 2301 3399 2356 atrocior
3428 2302 3539 2358 dis-

1955 2402 2113 2443 cussa
2163 2389 2336 2454 fieret,
2385 2404 2549 2459 quam
2597 2388 2771 2444 fuerat
2822 2397 3150 2460 perpetrata.
3197 2389 3351 2447 Unde
3390 2408 3536 2448 nunc

1954 2494 2170 2549 quoque
2211 2480 2433 2534 humani
2478 2470 2865 2551 generis‘rami
2894 2496 2962 2536 ex
3011 2482 3112 2537 hac
3153 2483 3329 2538 adhuc
3356 2484 3540 2540 radice

1956 2570 2375 2626 amaritudinem
2406 2574 2648 2637 trahunt,
2690 2581 2751 2627 ut
2774 2588 2899 2629 cum
2926 2574 2991 2631 de
3017 2574 3150 2629 vitio
3184 2591 3283 2630 suo
3307 2576 3541 2647 quisque

1955 2665 2223 2737 arguitur,
2252 2665 2353 2721 sub
2382 2667 2712 2723 defensionis
2738 2669 2924 2735 verba,
2955 2671 3110 2740 quasi
3149 2672 3247 2727 sub
3292 2674 3538 2742 quaedam

1957 2773 2016 2813 se
2040 2758 2301 2812 arborum
2321 2758 2448 2813 folia
2476 2760 2781 2826 abscondit,
2807 2770 2863 2816 et
2894 2762 3038 2816 velut
3075 2763 3141 2817 ad
3170 2764 3415 2832 quaedam
3447 2781 3543 2820 ex-

1958 2847 2251 2905 cusationis
2281 2864 2391 2904 suae
2428 2863 2596 2920 opaca
2636 2858 2847 2906 secreta
2888 2851 3081 2907 faciem
3109 2850 3420 2910 Conditoris
3459 2854 3542 2911 fu-

1959 2938 2056 3009 git,
2090 2937 2219 2993 dum
2256 2953 2363 2993 non
2389 2937 2504 2993 vult
2536 2939 2789 3010 cognosci
2816 2939 2958 3010 quod
2992 2938 3138 2996 fecit.
3168 2940 3226 2996 In
3266 2957 3371 3012 qua
3400 2943 3544 2997 vide-

1959 3029 2086 3086 licet
2113 3030 2475 3086 occultatione
2502 3045 2610 3086 non
2639 3047 2696 3086 se
2716 3031 2959 3099 Domino,
2983 3034 3076 3088 sed
3101 3033 3386 3090 Dominum
3417 3036 3542 3091 abs-

1958 3124 2144 3179 condit
2187 3123 2330 3191 sibi,
2390 3125 2502 3195 agit
2535 3116 2733 3196 quippe
2779 3140 2845 3180 ne
2891 3126 3073 3180 omnia
3142 3126 3415 3183 videntem
3462 3129 3545 3183 vi-

1958 3215 2100 3279 deat,
2126 3231 2233 3270 non
2253 3223 2434 3270 autem
2462 3231 2532 3273 ne
2555 3217 2668 3287 ipse
2696 3217 2961 3272 videatur.
2992 3217 3111 3285 Quo
3138 3228 3326 3273 contra
3349 3221 3545 3291 cuique

1957 3303 2363 3374 peccatorljam
2393 3307 2674 3361 eitordium
2718 3306 3122 3364 illuminationis
3150 3318 3235 3365 cst
3268 3310 3545 3367 humilitas

1958 3396 2335 3461 confessionis,
2383 3398 2510 3466 quia
2548 3397 2868 3468 sibimetipsi
2902 3397 3018 3467 jam
3064 3414 3291 3469 parcere
3336 3402 3541 3466 renuit,

1959 3486 2052 3555 qui
2102 3485 2304 3541 malum
2354 3502 2461 3542 non
2509 3487 2780 3543 erubescit
2825 3490 3071 3546 confiteri
3102 3492 3246 3562 quod
3289 3489 3435 3548 fecit.
3480 3493 3550 3549 Et

1960 3578 2052 3647 qui
2079 3572 2414 3634 defendendo
2440 3592 2700 3636 excusare
2727 3582 2921 3650 potuit,
2952 3584 3256 3639 accusando
3281 3599 3342 3640 se
3380 3584 3558 3642 celer-

1962 3666 2098 3721 rime
2128 3666 2383 3725 defendit.
2436 3667 2590 3729 Unde
2637 3678 2694 3725 et
2737 3679 2951 3727 mortuo
2991 3671 3221 3741 Lazaro,
3264 3675 3356 3745 qui
3403 3675 3547 3732 mole

1964 3774 2155 3830 magna
2181 3759 2548 3830 premebatur,
2596 3778 2937 3833 nequaquam
2980 3765 3196 3827 dicitur,
3238 3764 3540 3831 Revivisce.

1962 3850 2078 3913 sed,
2125 3848 2254 3904 Veni
2284 3851 2448 3922 foras.
2481 3853 2558 3907 Ex
2590 3869 2695 3923 qua
2738 3853 2945 3910 scilicet
2978 3856 3394 3924 resurrectione,
3425 3872 3548 3927 qua:

1964 3944 2111 4008 gesta
2139 3947 2220 3993 est
2258 3939 2310 3992 in
2342 3939 2484 3995 illius
2511 3956 2756 4012 corpore,
2791 3942 3035 4014 signatur
3061 3944 3294 4013 qualiter
3319 3960 3420 3999 nos
3451 3961 3541 4000 re-

1964 4032 2291 4086 suscitemur
2325 4033 2377 4087 in
2411 4035 2596 4099 corde,
2624 4049 2746 4089 cum
2773 4035 3023 4101 videlicet
3072 4044 3286 4092 mortuo
3323 4036 3543 4103 dicitur,

1979 4116 2101 4177 Veni
2129 4121 2293 4190 foras.
2325 4121 2395 4177 Ut
2434 4123 2691 4179 nimirum
2736 4126 2898 4180 homo
2924 4126 2978 4179 in
3009 4135 3233 4196 peccato
3258 4141 3356 4181 suo
3392 4142 3542 4181 mor-

1966 4219 2108 4273 tuus,
2139 4217 2193 4265 et
2227 4225 2324 4281 per
2358 4211 2552 4266 molem
2605 4212 2759 4267 mala:
2782 4215 3187 4271 consuetudinis
3217 4215 3331 4286 jam
3368 4216 3547 4286 sepul-

1966 4310 2074 4367 tus,
2101 4302 2227 4381 quia
2278 4303 2416 4356 intra
2461 4304 2845 4359 conscientiam
2874 4322 3030 4362 suam
3070 4307 3366 4364 absconsus
3397 4307 3552 4377 jacet

1967 4404 2064 4459 per
2105 4392 2424 4460 nequitiam,
2457 4409 2487 4446 a
2534 4394 2712 4463 seipso
2748 4392 2896 4450 foras
2925 4405 3083 4451 exeat
3124 4411 3223 4468 per
3251 4396 3548 4455 confessio-

1967 4496 2113 4538 nem.
2162 4483 2374 4540 Mortuo
2406 4486 2551 4541 enim
2596 4484 2721 4541 Veni
2751 4486 2896 4558 foras
2923 4490 3140 4555 dicitur,
3169 4500 3228 4545 ut
3280 4490 3349 4545 ab
3384 4506 3550 4548 excu-

1969 4573 2178 4629 satione
2201 4582 2362 4645 atque
2387 4575 2752 4632 occultatione
2784 4579 2997 4648 peccati
3028 4579 3096 4634 ad
3139 4580 3546 4636 accusationem

1966 4680 2118 4720 suam
2146 4681 2241 4721 ore
2260 4668 2480 4738 preprio
2501 4668 2652 4723 exire
2674 4677 3016 4740 provocetur.
3047 4670 3201 4727 Unde
3226 4671 3396 4728 David
3422 4687 3551 4745 pro—

1966 4757 2125 4827 pheta
2153 4758 2222 4814 ah
2252 4758 2339 4813 illa
2368 4760 2503 4815 tanti
2526 4768 2699 4815 morte
2726 4759 2986 4817 facinoris
3012 4762 3342 4819 reviviscens
3361 4762 3429 4818 ad
3455 4778 3552 4831 νοτ

1968 4866 2086 4906 cem
2114 4852 2325 4907 Domini
2351 4854 2505 4922 quasi
2533 4853 2680 4909 foras
2700 4854 2853 4921 exiit,
2882 4854 3033 4922 dum,
3059 4871 3159 4927 per
3188 4854 3403 4911 Nathan
3427 4870 3552 4911 cor-

1968 4952 2172 5024 reptus,
2209 4945 2352 5014 quod
2379 4942 2585 5000 fecerat
2612 4945 2906 5001 accusavit.

2527 5056 2756 5115 CAPUT
2804 5057 2990 5115 Χνιη.

2246 5124 2349 5183 Ubi
2377 5129 2631 5183 sententia
2650 5129 2822 5200 fertur
2847 5130 2903 5183 in
2937 5139 3241 5201 serpentem.

2037 5217 2106 5272 Et
2148 5219 2219 5273 ait
2261 5218 2516 5273 Dominus
2557 5219 2625 5273 ad
2672 5230 2956 5291 serpentem
2980 5233 2999 5271 :
3035 5217 3173 5285 Quia
3214 5218 3384 5289 fecisti
3427 5218 3549 5285 hoc,

1966 5308 2272 5363 maledictus
2309 5325 2362 5363 es
2393 5309 2530 5363 inter
2557 5311 2732 5364 omnia
2755 5309 3048 5364 animantia
3075 5320 3123 5363 et
3152 5309 3339 5363 bestias
3367 5317 3547 5364 terrae.

1969 5400 2122 5466 Quod
2160 5413 2381 5470 serpens
2413 5415 2510 5455 cur
2537 5399 2642 5455 hoc
2668 5398 2855 5454 fecerit
2897 5414 3005 5453 non
3034 5407 3121 5471 est
3159 5398 3548 5467 interrogatus,

1967 5498 2146 5560 potest
2167 5491 2336 5544 videri
2374 5490 2516 5561 quod
2560 5506 2666 5545 non
2698 5489 2811 5560 ipse
2835 5488 3023 5558 utique
3048 5489 3100 5544 id
3131 5504 3227 5544 sua
3271 5499 3464 5546 natura
3494 5500 3553 5548 et

1970 5583 2246 5638 voluntate
2292 5582 2516 5647 fecerat,
2551 5582 2645 5637 sed
2675 5581 2918 5636 diabolus
2957 5582 3024 5636 de
3059 5581 3151 5636 illo
3178 5592 3233 5637 et
3260 5597 3360 5654 per
3394 5581 3548 5639 illum

1973 5671 2147 5726 fuerat
2178 5679 2453 5741 operatus,
2481 5673 2573 5741 qui
2608 5672 2719 5743 jam
2768 5686 2833 5725 ex
2879 5681 3105 5743 peccato
3149 5672 3441 5745 impietatis
3486 5688 3551 5730 ac
