3958 6204
367 261 471 315 1Γό
1013 252 1073 306 Β.
1113 248 1368 305 ΒΛΒᾹΝΙ
1410 246 1629 303 ΜΑΠΙΗ
1669 244 1967 299 ARClllEP

2081 241 2337 300 OGUNT.
2377 240 2663 298 OPERUM
2705 240 2881 295 PARS
2921 238 2962 295 ῐ.

3531 236 3633 295 896

364 372 629 443 superbia:
660 385 771 426 sua:
798 366 904 441 igni
939 364 1238 420 destinatus
1265 360 1458 416 fuerat.
1484 358 1637 421 Nunc
1659 374 1788 429 ergo
1807 362 1952 429 quod
1985 369 2029 425 Α
2058 364 2335 424 calcanco,
2379 376 2502 417 cum
2552 359 2605 413 in
2649 357 2755 412 ﬁne
2804 356 2929 411 vitta
2966 341 3273 423 praesentis,
3311 367 3411 406 nos
3449 366 3641 420 rapere

367 463 605 534 serpenti
643 460 861 530 dicitur,
892 462 949 511 et
976 454 1043 509 ad
1081 467 1204 507 eum
1234 451 1328 520 qui
1369 465 1464 521 per
1490 457 1798 519 serpentem
1824 464 1954 518 ope-

367 567 517 615 ratus
555 563 640 609 est
687 551 874 620 utique
922 546 1177 609 refertur.
1226 543 1413 616 procul
1459 543 1623 599 dubio
1665 542 1955 613 ﬁguratum

365 656 468 703 est.
500 645 636 700 Nam
667 644 722 698 in
750 642 835 695 his
865 638 1039 695 verbis
1073 645 1306 692 tentator
1327 634 1414 691 ille
1443 634 1792 699 describitur,
1815 649 1953 704 qua-

368 738 435 793 lis
464 735 649 809 generi
676 734 913 788 humano
946 728 1159 784 futurus
1187 736 1358 783 esset.

442 827 614 896 Super
658 831 835 892 pectus
866 830 1013 873 tuum
1043 818 1322 889 gradieris,
1376 826 1422 869 et
1472 826 1667 871 terram
1723 814 1956 868 comedas

372 916 567 971 cunctis
609 912 791 966 diebus
839 911 956 964 vitm
984 919 1112 972 tum,
1166 916 1271 962 etc.
1321 905 1493 976 Super
1532 915 1719 977 pectus
1761 906 1958 975 quippe

372 1023 529 1063 suum
560 1005 806 1078 graditur
843 1015 1089 1071 serpens,
1121 1000 1249 1070 quia
1283 1014 1473 1054 omnes
1503 1012 1723 1069 gressus
1759 995 1957 1051 diaboli

373 1096 625 1168 nequitiae
650 1101 775 1150 sunt
802 1102 856 1149 et
886 1092 1119 1146 frandes.
1170 1089 1304 1143 Nam
1352 1089 1404 1142 in
1435 1097 1651 1157 pectore
1689 1084 1960 1140 calliditao

375 1197 567 1245 temet
601 1185 871 1242 vcrsutias
917 1182 1306 1252 cogitationum
1332 1178 1450 1248 ejus
1494 1177 1721 1242 indicat,
1764 1176 1962 1246 quibus

376 1291 442 1338 ait
470 1298 563 1337 cos
593 1294 728 1351 quos
766 1277 879 1332 vult
930 1275 1201 1345 decipere,
1248 1273 1435 1341 serpit.
1471 1272 1576 1325 Pro
1604 1285 1710 1339 quo
1740 1270 1961 1338 antiqua

378 1372 661 1428 translatio
707 1371 871 1425 habet
900 1388 911 1421 :
941 1365 1154 1421 Pectore
1177 1377 1223 1419 ct
1252 1374 1422 1419 ventre
1452 1379 1616 1433 repes.
1662 1362 1819 1431 Repit
1863 1377 1962 1433 au-

378 1478 483 1517 tem
505 1468 746 1532 pectore,
772 1473 893 1513 cum
923 1455 1151 1511 terrenis
1174 1453 1482 1508 hominibus
1507 1467 1643 1522 quos
1665 1467 1762 1525 sua
1788 1465 1960 1505 mem-

382 1552 473 1607 bra
506 1550 686 1606 facere
715 1549 1009 1609 desiderat,
1060 1546 1275 1615 iniquas
1302 1544 1659 1614 cogitationes
1704 1542 1960 1613 suggerit.

384 1640 538 1713 Rapit
598 1650 651 1695 et
706 1649 916 1703 ventre,
978 1652 1103 1692 cum
1155 1651 1249 1690 eos
1300 1634 1532 1705 ingluvie
1580 1642 1866 1705 superatos
1910 1632 1965 1686 in

2057 454 2274 523 satagit.
2300 452 2564 507 Calcaneo
2580 462 2836 517 namque,
2863 446 2954 516 qui
2986 444 3110 499 ﬁnis
3130 452 3221 515 est
3241 442 3507 512 corporis,
3532 456 3642 498 non

2057 543 2335 598 immerito
2357 525 2477 595 ﬁnis
2505 540 2633 594 vitae
2654 547 2852 593 nostra:
2876 535 3235 611 designatur;
3261 532 3404 603 quod
3430 541 3644 588 utrum-

2056 652 2162 706 que
2201 636 2313 705 ipsa
2343 648 2555 704 quoque
2601 630 2867 701 serpentis
2895 627 3133 684 conditio
3174 626 3399 697 ﬁgurate
3441 626 3649 679 denun-

2059 720 2179 793 tiat,
2207 728 2300 798 qui
2328 737 2383 785 et
2409 726 2615 782 conteri
2642 723 2781 785 solet
2802 724 2871 776 ab
2910 722 3164 777 omnibus
3191 719 3283 789 qui
3313 727 3562 789 possunt,
3591 728 3652 773 et

2060 822 2174 892 ipse
2206 818 2461 874 feriendis
2502 816 2780 872 hominum
2807 813 3052 883 vestigiis
3082 811 3329 867 insidiari
3372 825 3475 866 non
3507 810 3655 864 desio

2060 913 2157 967 nit.
2201 911 2382 985 (Isid.)
2434 910 2664 977 Quidam
2710 917 2890 962 autem
2940 906 3042 960 hoc
3087 905 3231 974 quod
3273 904 3473 958 dictum
3523 912 3650 957 est:

2061 1005 2377 1061 Inimicitias
2407 1019 2597 1075 ponam
2645 1003 2781 1056 inter
2820 1010 2870 1055 te
2898 1010 2948 1054 et
2994 998 3285 1060 mulierem,
3327 996 3393 1053 de
3426 995 3657 1065 Virgine

2062 1099 2129 1154 de
2156 1113 2260 1167 qua
2308 1094 2568 1150 Dominus
2606 1103 2767 1148 natus
2810 1099 2897 1148 est
2942 1090 3360 1145 intellexerunt:
3394 1103 3460 1142 eo
3504 1085 3656 1157 quod

2063 1187 2154 1241 illo
2181 1196 2423 1255 tempore
2453 1199 2519 1238 ex
2555 1198 2620 1237 ea
2650 1181 2911 1236 Dominus
2940 1180 3246 1235 nasciturus
3273 1179 3343 1232 ad
3370 1176 3657 1232 inimicum

2063 1276 2474 1339 devinccndum,
2505 1283 2561 1329 et
2608 1274 2674 1328 ad
2721 1280 2973 1335 mortem,
3001 1269 3155 1338 cujus
3184 1270 3273 1324 ille
3319 1277 3506 1323 auctor
3533 1274 3657 1321 erat

2064 1369 2470 1433 destruendam,
2494 1366 2927 1437 promittebatur,
2950 1363 3091 1418 sicut
3117 1363 3170 1416 in
3194 1360 3367 1414 David
3389 1358 3656 1427 scriptum

2064 1468 2155 1517 est
2178 1459 2294 1521 :Dc
2338 1458 2515 1528 [metu
2546 1458 2745 1511 ventris
2771 1457 2847 1509 tui
2879 1466 3083 1526 ponam‘
3111 1468 3267 1522 super
3298 1450 3469 1505 sedem
3504 1458 3657 1501 tuam

2067 1550 2239 1624 (Psal.
2278 1549 2409 1621 CIX).
2438 1547 2574 1603 Nam
2605 1556 2661 1602 et
2688 1547 2819 1601 illud
2846 1544 2989 1615 quod
3019 1542 3360 1612 subiunctum
3386 1548 3504 1593 est:
3525 1536 3655 1605 Ipsa

2068 1650 2291 1699 conteret
2317 1652 2472 1713 caput
2497 1651 2667 1703 tuum,
2692 1650 2739 1693 et
2773 1649 2828 1692 tu
2864 1638 3200 1692 insidiaberis
3232 1634 3475 1688 calcaneo
3512 1630 3655 1699 ejus,

379 1741 571 1787 uastum
596 1730 835 1785 libidinis
864 1729 1087 1801 excitat.
1112 1726 1306 1791 Omnia
1350 1742 1583 1795 namque
1609 1740 1731 1796 qua:
1772 1732 1967 1795 repunt

2081 1742 2174 1794 hoc
2194 1739 2261 1793 de
2282 1735 2681 1791 fructnjventris
2703 1732 2905 1797 Marire,
2936 1730 3026 1801 qui
3051 1738 3135 1784 cst
3155 1727 3421 1787 Christus,
3453 1721 3655 1776 intelli-

381 1837 575 1891 corpus
620 1834 716 1889 per
753 1827 956 1874 terram
1002 1818 1243 1871 trahunt.
1288 1816 1503 1887 Corpus
1546 1827 1726 1871 autem
1769 1815 1968 1870 diaboli

381 1920 506 1966 sunt
547 1926 734 1967 omnes
773 1908 1025 1980 reprobi;
1058 1917 1113 1964 et
1141 1910 1253 1978 ipse
1298 1919 1519 1979 pectore
1544 1917 1599 1962 et
1634 1917 1825 1962 ventre
1870 1922 1968 1962 suo

383 2005 540 2074 repit,
580 2018 701 2059 cum
741 2018 839 2073 per
877 2003 1091 2072 iniquas
1135 2003 1512 2072 cogitationes,
1557 2002 1640 2057 vel
1691 2001 1970 2056 illecebras

381 2094 791 2150 comessationis
831 2109 895 2149 ac
942 2093 1195 2160 luxuria},
1223 2094 1288 2147 ad
1329 2092 1513 2147 inﬁma
1557 2093 1830 2162 deprimit.
1873 2092 1969 2145 De-

383 2196 535 2241 vorat
553 2193 733 2240 autem
766 2194 988 2251 terram,
1025 2200 1147 2239 cum
1175 2199 1361 2239 errore
1409 2184 1749 2253 peccantium
1788 2182 1966 2252 pasci-

384 2286 469 2331 tur
504 2292 568 2330 ac
603 2273 922 2341 delectatur,
971 2290 1173 2345 eosque
1217 2274 1536 2330 seduccntcs
1573 2272 1640 2327 ad
1690 2272 1969 2328 interitum

384 2370 543 2440 rapit.
575 2369 730 2425 Sicut
751 2371 896 2423 enim
928 2367 1102 2423 sancti
1142 2382 1283 2437 smpe
1308 2365 1593 2430 caelorum,
1628 2364 1702 2419 ita
1750 2362 1970 2418 nomine

383 2450 545 2519 terno
570 2462 624 2517 bi
653 2462 746 2533 qui
772 2472 988 2541 terrena
1006 2452 1234 2538 sapiunt
1257 2459 1583 2514 indicmtnr.
1611 2456 1889 2525 Quomodo
1914 2456 1967 2510 in

384 2554 734 2624 sequentibus
760 2552 886 2608 Atla:
915 2552 1111 2607 dicitur
1138 2570 1150 2605 :
1180 2549 1341 2606 Terra
1368 2566 1444 2614 es,
1474 2559 1521 2603 et
1546 2551 1597 2603 in
1626 2561 1823 2603 terram
1850 2547 1966 2610 ibis,

384 2643 743 2723 quodnostra
786 2643 1067 2699 translatio
1108 2642 1272 2698 habet
1302 2659 1314 2695 ;
1343 2640 1482 2708 Quia
1519 2640 1685 2712 pulvis
1729 2657 1804 2705 es,
1844 2640 1972 2694 etin

383 2732 644 2803 pulverem
687 2734 971 2788 reverteris.
1028 2733 1086 2788 ln
1129 2732 1280 2802 cujus
1313 2732 1525 2804 signum
1570 2731 1968 2794 devorationis,

386 2824 684 2895 spiritualis
724 2824 838 2894 ipse
865 2824 1029 2879 etiam
1060 2839 1284 2895 serpens
1327 2823 1677 2889 irrationalis,
1707 2823 1851 2892 quod
1881 2823 1973 2877 de-

388 2901 692 2983 cipiendum
723 2913 997 2967 hominem
1028 2913 1173 2967 velut
1212 2928 1418 2984 organo
1452 2929 1551 2967 suo
1591 2928 1724 2967 usus
1751 2920 1833 2966 est
1860 2911 1974 2965 dia-

391 3005 565 3069 bolus,
607 3019 750 3058 nunc
783 3012 986 3058 terram
1031 3004 1371 3059 materialem
1423 3002 1707 3058 comedere
1729 3000 1970 3069 iubetur,

2070 1839 2219 1902 gunt,
2256 1830 2308 1884 id
2343 1836 2448 1891 est,
2476 1836 2534 1882 tu
2563 1840 2687 1880 eum
2731 1822 3103 1901 supplantabis
3133 1828 3193 1874 ut
3234 1817 3533 1877 moriatur;
3560 1813 3659 1868 ille

2071 1898 2250 1975 autem
2285 1926 2335 1973 te
2362 1919 2505 1972 victo
2552 1924 2816 1984 resurget,
2863 1898 3128 1982 et‘caput
3180 1902 3331 1964 tuum
3386 1914 3657 1966 conteret,

2071 2012 2212 2083 quod
2245 2019 2330 2066 est
2368 2025 2542 2074 mors;
2586 2008 2729 2064 sicut
2758 2015 2812 2062 et
2848 2005 3017 2061 David
3061 2004 3273 2058 dixerat
3314 2017 3377 2057 ex
3420 2013 3655 2071 persona

2070 2103 2250 2158 Patris
2281 2102 2347 2156 ad
2389 2100 2585 2155 Filium
2617 2117 2629 2151 :
2660 2096 2829 2167 Super
2858 2096 3089 2167 aspidem
3133 2105 3180 2148 et
3210 2092 3511 2146 basiliscum
3539 2106 3657 2141 ani-

2072 2193 2294 2258 bulabis,
2324 2202 2372 2247 et
2385 2190 2714 2247 conculcabis
2738 2188 2935 2243 leonem
2960 2196 3007 2240 ct
3030 2186 3309 2239 draconem
3337 2180 3507 2250 (Psal.
3542 2180 3650 2247 xc).

2072 2283 2506 2355 Aspidemdixit
2536 2288 2797 2344 mortem,
2842 2278 3155 2334 basiliscum
3194 2282 3496 2344 peccatum,
3539 2270 3653 2324 Ico-

2075 2392 2195 2433 nem
2226 2376 2639 2439 Antichristum,
2672 2373 2971 2429 draconem
2991 2367 3285 2425 diabolum.

2653 2481 2881 2538 CAPUT
2922 2479 3065 2535 XIX.

2207 2558 2307 2613 Ubi
2337 2556 2543 2611 mulieri
2564 2570 2761 2609 necnon
2799 2551 2928 2605 Ade:
2959 2549 3225 2620 corruptio
3256 2546 3523 2600 indicitur.

2148 2649 2361 2705 Mulieri
2395 2638 2596 2718 quoque
2622 2645 2757 2698 dixit
2780 2661 2798 2697 :
2829 2640 3192 2713 Multiplicabo
3217 2653 3476 2692 irruamus
3509 2646 3656 2705 tuas,

2075 2753 2123 2797 et
2151 2748 2424 2808 conceptus
2454 2748 2567 2791 tuos
2590 2752 2607 2789 :
2632 2736 2686 2789 in
2712 2733 2892 2788 dolore
2915 2734 3085 2804 paries
3113 2730 3270 2800 filios.
3296 2726 3421 2783 [hec
3441 2742 3657 2797 quoque

2078 2835 2130 2888 in
2163 2831 2444 2887 mulierem
2475 2828 2571 2883 Dei
2593 2826 2756 2881 verba
2789 2826 3017 2897 ﬁgurate
3052 2839 3113 2878 ac
3150 2820 3467 2892 prophetiae
3488 2817 3658 2873 multo

2076 2922 2412 2981 commodius
2436 2919 2834 2988 intelliguntur;
2869 2923 3242 2971 verumtamen
3265 2911 3390 2982 quia
3419 2909 3657 2964 nondum

2076 3020 2365 3086 pepererat
2402 3011 2631 3075 femina,
2682 3024 2785 3063 nec
2829 3008 2984 3062 dolor
3013 3014 3069 3060 et
3114 3004 3347 3076 gemitus
3395 3000 3659 3070 parientis

391 3094 474 3148 cui
503 3092 654 3164 prius
680 3108 785 3147 una
816 3107 937 3147 cum
960 3094 1173 3148 cmteris
1197 3093 1561 3148 animantibus
1603 3100 1759 3147 terra:
1790 3091 1976 3148 herbis
2004 3076 2047 3137 Ο
2079 3076 2184 3159 luis}
2207 3119 2275 3157 ex
2303 3114 2533 3171 corpore
2561 3098 2753 3153 mortis
2779 3093 3105 3169 [morientis]
3135 3101 3241 3159 est,
3266 3106 3386 3162 quae
3410 3090 3495 3144 illa
3524 3104 3662 3159 pra:-

391 3197 445 3241 et
472 3186 742 3250 lignorum
767 3183 1033 3239 fructibus
1062 3185 1204 3240 vesci
1233 3200 1552 3240 concessum
1578 3193 1713 3239 erat.

466 3274 776 3328 Inimicitias
819 3291 1011 3344 ponam
1044 3275 1178 3327 inter
1220 3282 1268 3327 te
1306 3285 1351 3327 et
1379 3274 1667 3337 mulierem,
1713 3284 1760 3328 et
1803 3292 1979 3330 semen

390 3372 541 3417 tuum
570 3372 616 3416 et
647 3379 821 3417 semen
870 3362 1032 3419 illius.
1065 3363 1262 3419 Semen
1294 3365 1537 3422 mulieris
1565 3374 1735 3421 totum
1778 3374 1862 3422 est
1889 3383 1978 3439 gc-

399 3468 501 3508 nus
542 3455 841 3508 humanum
864 3496 877 3519 ,
908 3470 1093 3510 semen
1139 3455 1356 3517 diaboli,
1380 3458 1827 3527 prmi-alicatores
1852 3468 1979 3513 sunt

396 3545 596 3616 angeli,
625 3545 715 3614 qui
754 3546 1000 3625 exemplo
1030 3534 1154 3608 sunt
1177 3547 1440 3616 superbiae
1463 3547 1605 3602 illius
1636 3564 1701 3603 ac
1732 3549 1978 3605 rebellio-

397 3640 483 3694 nis
526 3628 821 3708 depravati.
866 3626 1061 3697 Semen
1100 3639 1241 3694 illius
1265 3648 1348 3695 est
1375 3656 1628 3710 perversa
1664 3642 1974 3721 suggestio;

398 3744 584 3786 semen
626 3727 887 3791 mulieris,
922 3727 1130 3784 fruetus
1170 3729 1295 3785 boni
1338 3730 1536 3799 aperis,
1567 3745 1674 3799 quo
1709 3746 1979 3798 perversrc

399 3818 731 3892 suggestioni
763 3819 1054 3874 resistitur.
1089 3819 1258 3889 llnjus
1286 3830 1467 3875 autem
1508 3822 1775 3891 serpentis
1804 3838 1867 3876 ac
1895 3837 1980 3876 se-

398 3910 561 3965 minis
613 3907 730 3978 ejus
770 3909 1107 3965 inimicitiam
1155 3912 1472 3975 memorati,
1504 3920 1764 3982 quantum
1808 3927 1977 3983 genus

399 4006 694 4059 humanum
741 4001 976 4066 tolleret,
1005 4011 1265 4072 quantum
1296 4002 1555 4058 adversus
1591 4017 1709 4058 eam
1752 4004 1982 4058 inimici—

400 4095 528 4150 tiam
557 4109 749 4147 omnes
777 4092 936 4148 electi
985 4103 1131 4147 recte
1162 4092 1390 4147 vivendo
1434 4101 1745 4157 exerceant,
1773 4094 1981 4148 eunetis

402 4184 513 4240 sole
543 4183 743 4239 clarius
784 4182 1030 4239 ﬁdelibus
1052 4191 1282 4237 constat.
1314 4182 1479 4251 Cujus
1505 4184 1717 4252 signum
1752 4182 1982 4237 inimici~

403 4278 490 4335 tite
528 4278 579 4332 in
613 4283 807 4331 natura
849 4275 1013 4329 etiam
1060 4284 1286 4344 apparet
1323 4274 1653 4330 irrationalis
1692 4276 1982 4345 serpentis,

402 4371 526 4440 quia
559 4368 767 4423 cunctis
793 4366 1155 4422 animantibus
1178 4376 1232 4421 et
1259 4367 1450 4422 bestiis
1476 4376 1654 4430 terrm,
1695 4382 1792 4437 pro
1823 4366 1982 4421 insita

404 4459 504 4514 sibi
535 4466 685 4528 peste
712 4455 903 4509 veneni
944 4456 1233 4526 generalis,
1259 4470 1473 4525 semper
1498 4457 1681 4511 existit
1713 4456 1984 4520 inimicus,

294 4584 315 4601 ι
406 4544 551 4623 quod
578 4550 831 4607 videlicet
856 4552 904 4605 ei
937 4567 966 4605 a
1008 4559 1249 4620 tempore
1289 4549 1685 4605 maledictionis
1710 4548 1887 4618 hujus,
1933 4560 1989 4605 et

409 4660 513 4698 non
538 4652 683 4706 ante,
715 4641 936 4696 insitum
956 4657 1078 4697 esse
1101 4640 1435 4696 credendum
1466 4650 1560 4694 cst.
1632 4639 1648 4665 ‘

482 4731 605 4797 Ipsa
636 4741 865 4786 conteret
891 4741 1044 4801 caput
1082 4740 1251 4795 tuum,
1289 4739 1338 4783 et
1378 4740 1434 4783 tu
1464 4712 1791 4784 insidiaberis
1823 4729 1992 4784 calca.

409 4841 506 4880 nea
527 4824 663 4895 ejus.
695 4822 884 4879 Mulier
899 4831 1142 4879 conteret
1164 4830 1326 4891 caput
1347 4822 1630 4892 serpentis,
1659 4836 1780 4877 cum
1798 4821 1985 4877 Eccle-

410 4918 489 4972 sia
528 4922 717 4972 sancta
745 4915 967 4970 insidias
1012 4913 1233 4975 diaboli.
1260 4923 1315 4968 et
1362 4912 1644 4968 suasiones
1669 4928 1989 4978 venenosas,

412 5010 463 5063 in
487 5010 602 5080 ipso
631 5022 756 5063 mox
784 5006 939 5060 initio
976 5004 1343 5073 deprehensas
1374 5004 1565 5074 abigit,
1594 5012 1651 5060 et
1677 5005 1830 5075 quasi
1864 5018 1992 5060 con-

411 5098 634 5152 culcans
656 5097 723 5151 ad
754 5092 980 5149 nihilum
1017 5092 1252 5149 deducit.
1293 5092 1546 5149 Conteret
1577 5101 1740 5165 caput
1764 5108 1990 5165 serpen-

414 5188 501 5251 lis,
536 5201 658 5243 cum
687 5186 951 5257 superbiae
988 5199 1086 5254 per
1117 5199 1277 5255 quam
1306 5183 1452 5240 Heva
1492 5184 1718 5254 decepta
1744 5192 1849 5247 est,
1873 5198 1995 5240 sese

414 5281 515 5334 sub
545 5282 750 5351 potenti
795 5295 959 5335 manu
992 5278 1087 5334 Ι)ρὶ
1136 5279 1468 5335 humiliando
1500 5280 1725 5335 resistit.
1773 5278 1994 5334 Initium

415 5374 558 5427 enim
600 5373 770 5428 omnis
807 5372 1007 5444 peccati
1039 5372 1304 5444 superbia.
1346 5371 1413 5426 Et
1444 5387 1666 5440 serpens
1710 5370 1998 5427 insidiatur

419 5467 673 5523 calt-aueo
720 5467 987 5533 mulieris,
1037 5465 1160 5536 quia
1217 5464 1513 5521 Ecclesiam
1560 5464 1807 5520 diabolus
1854 5464 2001 5520 velut

419 5557 497 5611 (eo
536 5558 742 5630 rugiens
769 5558 980 5624 circuit,
1023 5574 1262 5627 quarens
1286 5571 1438 5627 quem
1478 5555 1701 5617 deraret,
1729 5557 2001 5625 quomodo

420 5663 637 5720 gressus
686 5647 838 5704 bona:
886 5660 1085 5706 nostrae
1136 5648 1369 5707 actionis
1426 5657 1653 5703 avertat.
1708 5649 1997 5706 lnsidiatur

2080 3192 2221 3261 cepti
2283 3188 2711 3260 transgressione
2765 3193 3024 3254 concepta
3089 3192 3201 3248 est,
3262 3181 3495 3235 refertur
3547 3180 3663 3233 haec

2080 3296 2242 3352 poena
2269 3289 2325 3334 et
2344 3280 2412 3334 ad
2435 3276 2822 3348 proprietatem
2852 3274 3064 3329 litterre.
3097 3272 3229 3327 Nam
3260 3282 3314 3326 et
3339 3272 3393 3325 in
3423 3285 3488 3325 eo
3519 3268 3662 3339 quod

2082 3375 2344 3444 sequitur,
2380 3370 2445 3426 Et
2467 3370 2563 3426 sub
2588 3370 2685 3423 viri
2710 3377 2960 3440 potestate
2987 3368 3111 3431 eris,
3142 3375 3189 3419 et
3210 3367 3327 3436 ipse
3361 3360 3664 3417 dominabi-

2082 3466 2300 3530 tur‘tui,
2325 3478 2450 3519 cum
2484 3471 2541 3516 et
2576 3470 2702 3516 ante
2748 3467 3029 3531 peccatum
3060 3457 3219 3511 aliter
3260 3455 3458 3509 factam
3499 3452 3668 3507 fuisse

2083 3573 2190 3612 non
2222 3557 2412 3611 deceat
2443 3553 2666 3609 credere
2692 3550 2994 3614 mulierem,
3022 3548 3123 3602 nisi
3151 3554 3211 3600 ut
3232 3546 3315 3599 vir
3345 3545 3394 3598 ei
3418 3542 3665 3598 domina-

2085 3656 2253 3709 retur,
2287 3654 2344 3701 et
2372 3646 2472 3700 sub
2498 3642 2612 3713 ejus
2660 3643 2773 3711 ipsa
2805 3647 3073 3710 potestate
3114 3637 3354 3708 degeret.
3388 3642 3537 3690 recte
3577 3646 3669 3688 ac-

2085 3739 2187 3809 cipi
2210 3744 2393 3808 potest
2418 3736 2563 3790 hanc
2584 3734 2900 3788 servitutem
2931 3729 3314 3802 signiﬁcatam,
3344 3742 3467 3797 quae
3488 3724 3669 3794 cujus-

2086 3830 2208 3885 dam
2266 3828 2592 3884 conditionis
2646 3834 2729 3881 est
2779 3826 2958 3894 potius
3003 3839 3166 3894 quam
3221 3821 3561 3884 dilectionis.
3610 3828 3673 3874 ut

2085 3922 2250 3977 etiam
2294 3920 2406 3989 ipsa
2464 3918 2589 3973 talis
2638 3917 2876 3972 servitus
2910 3931 3015 3985 qua
3066 3914 3312 3969 homines
3360 3910 3674 3969 hominibus

2088 4023 2272 4083 postea
2300 4012 2441 4067 servi
2471 4025 2595 4069 esse
2634 4018 2933 4080 coeperunt,
2981 4008 3049 4063 de
3074 4021 3234 4077 poena
3274 4005 3483 4076 peccati
3516 4018 3671 4074 repe-

2088 4105 2260 4158 riatur
2286 4109 2495 4157 exorta.
2526 4100 2673 4155 Dixit
2696 4098 2911 4168 quidem
2948 4095 3235 4168 Apostolus
3261 4112 3273 4147 :
3306 4092 3410 4147 Per
3436 4093 3640 4146 charitu
3657 4119 3671 4131 -

2090 4205 2191 4248 tem
2218 4194 2401 4247 serrite
2427 4192 2645 4247 invicem
2676 4188 2876 4260 (Colat.
2906 4188 2982 4257 v),
3011 4188 3471 4254 sed-nequaquam
3510 4182 3669 4246 dixit,

2090 4285 2324 4340 Invicem
2370 4281 2735 4341 dominamini.
2780 4280 3015 4335 Possunt
3058 4279 3239 4347 itaque
3286 4275 3544 4346 conjuges
3581 4289 3674 4344 per

2093 4376 2414 4433 cbaritatem
2438 4374 2647 4429 servire
2677 4373 2929 4438 invicem,
2972 4372 3065 4426 sed
3092 4370 3374 4427 mulierem
3422 4383 3528 4422 non
3554 4382 3673 4437 per-

2096 4466 2259 4521 mittit
2293 4465 2581 4534 Apostolns
2621 4463 2887 4518 dominari
2932 4463 2986 4516 in
3016 4462 3211 4515 virum.
3244 4459 3359 4515 Hoc
3382 4460 3530 4514 enirn
3561 4458 3673 4515 vim

2092 4555 2271 4624 potius
2300 4553 2564 4609 sententia
2603 4553 2697 4608 Dei
2734 4551 2945 4615 detulit,
2975 4559 3029 4606 et
3058 4549 3311 4613 maritum
3351 4548 3556 4603 habere
3577 4547 3668 4599 duo

2095 4648 2297 4703 minum
2327 4648 2524 4701 meruit
2542 4645 2784 4700 mulieris
2814 4659 2924 4699 non
2952 4652 3170 4707 natura,‘
3195 4640 3289 4695 sed
3310 4640 3469 4710 culpa
3497 4659 3509 4693 :
3532 4637 3679 4710 quod

2098 4746 2273 4793 tamen
2303 4737 2410 4791 nisi
2436 4746 2705 4800 servetur,
2726 4735 3107 4806 depravabitnr
3127 4732 3358 4802 amplius
3380 4741 3597 4793 natura,
3625 4741 3677 4784 et

2098 4826 2382 4897 augebitur
2407 4826 2582 4896 culpa.
2613 4825 2865 4897 Figurate
2896 4833 3076 4878 autem
3116 4822 3283 4877 verba
3327 4822 3447 4877 haec
3477 4823 3545 4878 ad
3576 4821 3677 4875 Ee-

2097 4920 2352 4985 clesiam,
2396 4919 2681 4990 conjugem
2727 4916 2978 4973 videlicet
3016 4915 3267 4979 (ΗΠ-ἰδὼν
3305 4914 3675 4969 conveniunt:

2100 5011 2254 5081 cujus
2283 5026 2536 5068 utrumme
2568 5022 2700 5082 .post
2734 5020 2945 5066 reatum
2987 5007 3451 5081 praevaricationis
3497 5005 3679 5061 multio

2098 5105 2365 5176 plicantur
2402 5105 2457 5159 in
2484 5105 2585 5158 hae
2613 5103 2742 5167 lvita,
2782 5101 2928 5157 utad
2970 5103 3137 5156 vitam
3179 5110 3499 5170 perpetuam
3527 5096 3678 5153 casti-

2100 5206 2223 5266 gata
2262 5196 2561 5268 perveniat.
2606 5192 3032 5265 Multiplicantur
3067 5201 3119 5249 et
3166 5199 3465 5261 conceptus
3491 5231 3506 5246 .
3563 5204 3680 5245 cum

2100 5287 2436 5357 Spiritualem
2486 5286 2596 5341 Deo
2649 5285 2889 5343 sobolem
2934 5282 3277 5355 przedicando
3321 5298 3385 5337 ac
3428 5289 3575 5336 recte
3608 5278 3682 5332 vi-

2105 5381 2300 5445 vendo,
2329 5379 2548 5450 gignere
2588 5378 2801 5447 satagit.
2832 5376 2986 5431 llnde
3019 5376 3193 5430 eidem
3238 5389 3349 5430 sua:
3381 5371 3555 5427 soboli
3592 5382 3683 5439 per

2104 5470 2376 5540 egregium
2408 5468 2816 5538 praedicatorem
2847 5468 3015 5522 dicit.
3050 5463 3231 5519 Filioli
3276 5465 3404 5526 mei,
3434 5479 3562 5533 quos
3589 5461 3681 5513 iu-

2107 5579 2221 5616 rum
2252 5562 2513 5631 periurio,
2551 5560 2713 5614 donec
2740 5558 2978 5613 Christus
3008 5559 3264 5623 formetur
3290 5557 3347 5609 in
3392 5554 3538 5609 vobis
3565 5549 3683 5622 (Ga-

2108 5655 2199 5711 lat.
2233 5655 2330 5721 tv).
2366 5654 2513 5708 Parit
2551 5653 2603 5708 in
2629 5652 2811 5707 dolore
2842 5651 3003 5717 alios,
3046 5666 3168 5706 cum
3209 5648 3445 5705 sollicita
3482 5645 3684 5705 metuit.
