3958 6204
228 376 325 432 ’4ῡῖ

1267 344 1621 433 tenuem.
1663 378 1730 433 IN
1770 380 2092 439 cnxasm.
2132 340 2203 425 ‘—§
2241 384 2365 439 LIB.
2406 386 2445 441 l.

3377 390 3481 444 ‘98

230 504 295 544 ne
317 486 450 542 sicut
471 499 697 557 serpens
727 485 943 541 seduxit
968 485 1169 542 lievam
1200 490 1398 543 astutia
1430 506 1545 553 sua,
1575 491 1647 545 ita
1676 506 1792 547 cor-
1819 501 1864 556 Λ
1895 497 2171 551 sciendum
2198 507 2299 563 est,
2357 499 2499 568 quod
2540 498 2816 567 Scriptura
2867 513 3019 553 sacra
3068 498 3274 555 duobus
3312 504 3485 560 modis

232 588 530 649 rumpantur
555 593 748 634 sensus
778 593 988 644 eorum,
1022 587 1077 647 et
1104 579 1357 634 excidant
1386 597 1417 634 a
1448 582 1792 652 simplicitate

231 687 333 743 qua:
356 671 512 725 estin
542 669 779 725 Christo.
806 668 931 740 Agit
961 669 1059 725 sub
1085 664 1508 741 viri'potes'tate,
1533 673 1657 741 quia
1677 686 1795 727 ser-

229 763 296 818 vit
320 761 542 816 Domino
568 759 622 814 in
661 760 873 824 timore,
911 769 965 813 et
1002 760 1239 815 exsultat
1276 761 1326 816 ei
1358 779 1462 817 non
1491 762 1545 816 in
1589 764 1793 817 securi-

230 863 344 917 tate,
383 853 478 907 sed
508 868 630 907 cum
673 860 941 918 tremore;
975 852 1062 907 cui
1091 853 1136 906 si
1179 870 1450 923 nunquam
1489 863 1786 924 peccasset,

228 947 324 1002 solo
349 945 653 1001 dilectionis
681 943 1029 1015 copularetur
1072 946 1342 1014 amplexu.
1374 945 1442 1000 Et
1472 945 1585 1015 ipse
1614 948 1787 1014 domi-

227 1036 420 1090 nabitur
447 1034 520 1098 ei,
543 1033 790 1089 carnales
816 1034 936 1102 ejus
959 1032 1219 1089 cohibens
1246 1043 1444 1099 motus,
1469 1050 1699 1105 eamque
1720 1034 1788 1091 ad

225 1123 629 1193 redemptionem
658 1124 779 1176 vitae
802 1121 1041 1177 cmlestis
1069 1122 1330 1178 continue
1355 1137 1603 1194 superna:
1630 1126 1786 1179 insti-

225 1202 421 1269 tutionis
444 1213 706 1269 exercitio
741 1214 1066 1283 provehens,
1099 1229 1131 1267 a
1158 1228 1262 1283 qua
1304 1213 1349 1268 si
1390 1229 1664 1283 nunquam
1694 1230 1784 1269 re-

223 1305 474 1371 cessisset,
518 1304 663 1359 socia
693 1320 815 1358 cum
846 1304 937 1361 illo
981 1319 1197 1373 semper
1222 1303 1475 1359 libertate
1513 1314 1781 1373 regnaret.

221 1392 474 1451 Moraliter
509 1405 690 1449 autem
726 1394 791 1449 de
832 1410 989 1465 pmna
1030 1393 1297 1460 mulieris,
1339 1394 1468 1464 quid
1515 1393 1786 1464 significat

220 1486 342 1557 quod
368 1486 418 1540 ei
444 1486 663 1549 dicitur,
696 1483 763 1538 In
791 1485 970 1538 dolore
994 1485 1169 1555 paries
1191 1485 1354 1554 ﬁlios,
1398 1485 1501 1540 nisi
1533 1486 1658 1556 quia
1689 1501 1784 1541 vo—

218 1572 375 1647 luptas
405 1575 638 1630 carnalis
664 1591 784 1645 qua:
831 1591 954 1630 cum
992 1575 1175 1631 dolore
1206 1575 1570 1631 reiuctaverat
1596 1586 1655 1630 ut
1703 1576 1782 1631 fa—

217 1678 347 1724 ceret
373 1669 819 1724 consuetudinem
860 1668 1080 1733 bonam,
1120 1683 1243 1722 cum
1279 1667 1513 1736 aliquam
1553 1683 1780 1723 consue-

218 1761 437 1815 tudinem
465 1758 661 1813 malam
688 1758 803 1813 vult
842 1758 1079 1823 vincere,
1112 1759 1313 1828 patitur
1342 1758 1397 1812 in
1426 1758 1648 1814 exordio
1678 1759 1775 1813 do-

1899 587 2242 642 malcdictum
2271 597 2557 653 memorat,
2589 588 2731 643 aliud
2757 589 3008 643 videlicet
3028 590 3173 659 quod
3200 592 3480 661 approbat,

1898 675 2041 732 aliud
2064 678 2205 746 quod
2230 679 2467 733 damnat.
2511 678 2680 732 Aliter
2708 678 2851 732 enim
2883 679 3226 734 maledictum
3268 680 3481 749 profer-

1899 776 1987 821 tur
2032 765 2236 834 judicio
2285 768 2530 839 iustitiae,
2578 766 2735 822 aliter
2780 767 2949 822 livore
2999 768 3268 824 vindictae.
3312 770 3479 824 Male-

1894 859 2098 913 dictum
2127 859 2570 930 quippe'judicio
2591 858 2835 927 iustitia,
2886 860 3006 929 ipso
3044 860 3220 929 primo
3260 862 3480 916 homine

1892 961 2157 1021 peccante
2179 950 2447 1020 prolatum
2484 960 2567 1006 est
2596 966 2720 1006 cum
2750 951 2992 1006 audivit:
3024 950 3309 1006 Maledicta
3336 962 3477 1007 terra

1891 1045 1945 1097 in
1967 1060 2117 1114 opere
2148 1054 2256 1098 tuo.
2303 1043 2645 1100 Maledictum
2683 1045 2906 1115 iustitiae
2936 1044 3143 1115 judicio
3179 1044 3472 1115 profertur,

1889 1153 2011 1192 cum
2038 1136 2104 1191 ad
2128 1136 2404 1192 Abraham
2434 1137 2632 1192 dicitur
2657 1156 2670 1191 :
2702 1137 3018 1192 Maledicam
3046 1137 3475 1193 maledicentibus

1886 1230 1999 1283 tibi.
2049 1229 2393 1299 Rursumque
2423 1229 2549 1299 quia
2576 1229 2918 1285 maledictum
2951 1245 3058 1283 non
3084 1230 3232 1298 justo
3269 1228 3475 1299 judicio

1888 1320 1983 1373 sed
2007 1320 2173 1374 livore
2192 1318 2442 1375 vindieat:
2465 1321 2750 1390 promitur,
2780 1334 2917 1375 voce
2940 1319 3089 1373 Pauli
3119 1321 3472 1374 admonemur

1887 1410 2247 1481 prazdicanti's,
2277 1406 2368 1481 qni
2396 1410 2509 1464 alt:
2541 1409 2856 1473 Ben‘cditn're,
2895 1418 2943 1464 et
2965 1409 3124 1465 nolite
3160 1408 3470 1465 maledicere

1888 1500 2060 1571 (Rom.
2087 1499 2205 1574 xu).
2242 1501 2311 1555 Et
2335 1494 2551 1578 rursum
2581 1502 2797 1557 Veritas
2821 1502 2948 1556 dicit
2974 1518 2987 1554 ε
3020 1499 3204 1571 Neque
3223 1500 3470 1555 maledici

1887 1609 2099 1663 regnum
2129 1593 2228 1646 Dei
2246 1591 2599 1662 possidebunt.
2652 1592 2793 1648 Deus
2836 1608 2965 1663 ergo
3013 1593 3336 1647 maledicere
3381 1592 3466 1646 di—

1883 1684 2045 1748 citur,
2086 1692 2142 1740 et
2166 1691 2345 1739 tamen
2398 1684 2561 1739 homo
2589 1685 2903 1754 prohibetur
2939 1684 3277 1747 maledicere,
3338 1682 3467 1750 quia

1883 1777 2027 1849 quod
2055 1777 2216 1832 homo
2246 1778 2356 1847 agit
2378 1778 2580 1832 malitia
2601 1775 2871 1840 vindictm,
2896 1778 3039 1831 Deus
3066 1791 3174 1830 non
3197 1774 3328 1829 facit
3359 1775 3465 1830 nisi

214 1854 355 1920 lorcs,
397 1864 559 1924 atque
596 1854 668 1908 ita
710 1869 809 1925 per
848 1852 1126 1909 meliorem
1167 1853 1612 1909 consuetudinem
1639 1852 1767 1921 paril

1881 1868 2129 1924 examine
2186 1868 2727 1939 ctvirtutejustitize.
2774 1867 2908 1922 Nam
2932 1878 2986 1923 et
3015 1867 3188 1923 sancti
3216 1868 3463 1923 viticnm

211 1944 389 1998 bonum
441 1958 576 2014 opus
623 1944 777 2013 quasi
827 1942 966 1998 filios
996 1942 1195 2009 ?Quod
1248 1956 1377 1997 vero
1439 1940 1672 2011 adjecit:
1706 1940 1775 1995 Et

211 2040 455 2093 conversio
475 2049 565 2092 tua
593 2038 660 2091 ad
688 2038 851 2091 virum
875 2048 1043 2103 tuum,
1074 2047 1120 2090 et
1154 2038 1264 2106 ipse
1295 2037 1373 2090 tui
1395 2036 1772 2101 dominabitur,

211 2129 301 2183 hoc
322 2129 608 2201 signiﬁcat,
640 2128 784 2199 quod
832 2128 920 2182 illa
952 2128 1202 2197 voluptas
1232 2127 1467 2182 carnalis
1492 2142 1612 2199 qua:
1651 2142 1773 2181 cum

209 2218 369 2285 dolare
422 2222 796 2286 reluctaverat,
832 2227 891 2274 ut
931 2219 1134 2275 faceret
1187 2219 1635 2274 consuetudinem
1672 2220 1772 2273 bo-

207 2327 334 2376 nam,
358 2310 480 2380 jam
512 2311 643 2382 ipsis
689 2310 967 2366 doloribus
1012 2310 1223 2364 erudita
1252 2309 1463 2364 cautior
1501 2307 1582 2373 fit,
1612 2315 1667 2363 et
1708 2324 1774 2363 ne

206 2415 405 2458 corruat
446 2403 781 2474 obtemperat
809 2402 1029 2468 rationi,
1063 2408 1118 2457 et
1164 2401 1398 2456 libenter
1420 2399 1591 2455 servit
1618 2400 1771 2469 quasi

200 2492 385 2561 jubenti
422 2495 559 2550 viro.

262 2589 379 2642 Ada:
413 2605 529 2643 vero
554 2588 687 2642 dixit
717 2603 735 2641 :
762 2585 901 2653 Quia
930 2586 1131 2641 audisti
1154 2602 1325 2641 vocem
1349 2586 1531 2639 uxoris
1566 2593 1694 2649 tum,
1719 2592 1770 2638 et

205 2681 450 2735 comedisti
482 2680 547 2733 de
572 2679 712 2750 ligno
738 2696 802 2733 ex
830 2696 932 2751 quo
954 2693 1301 2749 prwceperam
1325 2676 1418 2730 tibi
1445 2692 1507 2728 ne
1537 2674 1769 2728 comede-

205 2787 291 2833 τες,
318 2770 598 2826 maledicta
627 2762 773 2824 terni
799 2770 855 2823 in
892 2785 1043 2838 opere
1085 2777 1196 2821 tuo.
1236 2765 1303 2820 In
1331 2764 1595 2819 laboribus
1623 2780 1765 2817 com-

202 2863 303 2918 edas
326 2881 386 2918 ea:
412 2880 474 2918 ea
501 2864 701 2917 cunctis
737 2862 918 2916 diebus
955 2861 1072 2915 vitw
1095 2870 1237 2923 tute;
1266 2859 1444 2929 spinas
1472 2865 1519 2910 et
1549 2854 1768 2908 tribulos

200 2956 485 3024 geminabit
524 2954 639 3021 tibi,
686 2963 735 3007 et
780 2952 1015 3006 comedes
1059 2949 1245 3005 herbas
1287 2958 1462 3013 terrm,
1506 2958 1611 3001 etc.
1657 2944 1767 3001 Hos

199 3060 302 3101 esse
327 3047 377 3101 in
412 3056 561 3102 terra
596 3045 811 3099 labores
858 3043 1079 3098 humani
1118 3040 1333 3112 generis
1360 3038 1481 3109 quis
1522 3039 1767 3108 ignorat?

198 3137 276 3205 qui
318 3154 421 3192 non
453 3145 674 3201 essent,
721 3135 767 3190 si
812 3133 1042 3189 felicitas
1083 3148 1203 3203 qua:
1241 3132 1296 3186 in
1342 3130 1597 3202 paradiso
1643 3131 1762 3186 fue-

1880 1957 2273 2013 maledictionis
2301 1959 2624 2013 sententiam
2656 1958 2962 2029 proferunt,
3001 1973 3108 2012 non
3138 1957 3205 2012 ad
3232 1956 3371 2011 hanc
3394 1970 3462 2009 ex

1879 2057 2005 2105 voto
2035 2049 2272 2115 ultionis,
2330 2050 2427 2105 sed
2478 2065 2545 2105 ex
2588 2049 2812 2120 justitice
2850 2049 3100 2105 examine
3146 2056 3458 2117 erumpunt.

1876 2138 2024 2193 Intus
2050 2139 2194 2193 enim
2241 2138 2435 2195 subtile
2477 2136 2570 2193 Dei
2595 2139 2859 2209 judicium
2890 2138 3180 2209 aspiciunt,
3228 2147 3282 2192 ct
3319 2138 3460 2192 mala

1875 2227 2007 2305 foris
2043 2231 2386 2301 exsurgentia
2441 2230 2564 2300 quia
2598 2230 2883 2285 maledicto
2918 2231 3151 2285 debeant
3182 2231 3344 2285 ferire
3370 2247 3461 2285 eo—

1874 2330 2175 2391 gnoscunt;
2212 2331 2267 2377 et
2293 2337 2359 2377 eo
2388 2324 2442 2377 in
2467 2321 2752 2377 maledicto
2781 2337 2887 2376 non
2916 2331 3162 2392 peccant,
3217 2323 3359 2391 quod
3392 2323 3462 2377 ab

1873 2413 2085 2467 interno
2106 2411 2310 2480 judicio
2330 2428 2436 2467 non
2468 2412 2799 2467 discordant.
2833 2411 2967 2467 llinc
2993 2413 3237 2482 estquod
3267 2411 3460 2466 Petrus

1873 2505 1925 2559 in
1964 2501 2277 2560 oil‘erentem
2315 2503 2417 2557 sibi
2473 2504 2726 2572 pecunias
2774 2501 3070 2568 Simonem,
3136 2503 3459 2559 sententiam

1871 2596 2269 2652 maledictionis
2300 2596 2532 2660 intorsit,
2588 2595 2775 2650 dicens
2817 2613 2830 2648 :
2875 2592 3109 2648 Pecunia
3152 2604 3247 2648 tua
3288 2604 3457 2647 tecum

1870 2689 1935 2743 sit
1978 2690 2033 2742 in
2062 2688 2402 2759 perditionem
2427 2685 2565 2759 (Act.
2597 2688 2738 2757 vni).
2791 2685 2892 2752 Qui
2921 2686 3061 2741 enim
3091 2700 3196 2739 non
3226 2685 3319 2747 ait,
3352 2694 3451 2744 est,

1869 2781 1963 2836 sed
2000 2782 2089 2846 sit,
2134 2796 2241 2835 non
2287 2779 2597 2844 indicativo,
2648 2779 2741 2834 sed
2785 2778 3026 2848 optativo
3070 2776 3229 2831 modo
3254 2790 3314 2831 se
3340 2776 3455 2831 tunc

1868 2871 2069 2927 dixisse
2098 2872 2350 2942 signavit.
2397 2869 2536 2925 Hinc
2573 2869 2716 2926 Elias
2745 2869 2955 2924 duobus
2982 2870 3049 2923 ad
3078 2882 3139 2922 se
3183 2866 3453 2937 quinqua-

1866 2954 2100 3037 genariis
2128 2961 2465 3018 venientibus
2490 2961 2664 3016 dixit:
2696 2958 2757 3015 Si
2779 2960 2931 3014 homo
2959 2958 3056 3013 Dei
3077 2974 3216 3022 sum,
3238 2959 3453 3012 descen-

1865 3055 1954 3109 dat
1986 3072 2122 3110 nunc
2143 3055 2276 3126 ignis
2296 3053 2360 3108 de
2382 3052 2529 3119 calo,
2552 3061 2601 3108 et
2623 3054 2893 3107 consumat
2917 3068 3005 3106 vos
3053 3049 3157 3122 (IV
3185 3049 3312 3121 Reg.
3330 3049 3452 3119 vn).

1867 3147 2107 3214 Quorum
2139 3155 2494 3216 utrorumque
2513 3145 2778 3200 sententia
2804 3151 3065 3213 quantum
3090 3141 3330 3198 veritatis
3361 3156 3452 3195 ra-

195 3236 270 3282 rat
310 3236 605 3284 teneretur.
652 3226 757 3282 Per
800 3234 1082 3298 peccatum
1139 3224 1285 3279 enim
1338 3224 1573 3279 hominis
1616 3232 1760 3279 terra

1873 3238 2013 3293 tione
2039 3236 2330 3303 convaluit,
2360 3235 2619 3290 terminus
2644 3249 2822 3290 causae
2843 3232 3181 3289 monstravit.
3226 3230 3360 3287 Nam
3398 3239 3455 3286 et

197 3320 462 3376 maledicta
530 3328 614 3375 est
667 3327 726 3373 ut
780 3317 967 3388 spinas
1019 3324 1273 3386 pareret,
1346 3329 1453 3369 non
1534 3323 1591 3370 ut
1649 3315 1763 3385 ipsa

192 3425 359 3479 pzenas
403 3411 658 3476 sentiret,
701 3424 823 3479 quae
877 3407 995 3463 sine
1033 3421 1195 3460 sensu
1250 3413 1356 3471 est,
1395 3405 1489 3460 sed
1531 3414 1589 3459 ut
1632 3416 1760 3475 pec-

194 3502 286 3555 cati
314 3503 536 3557 humani
574 3502 782 3557 crimen
814 3516 1030 3571 semper
1072 3497 1382 3554 hominibus
1419 3505 1543 3552 ante
1579 3498 1764 3553 oculos

189 3603 413 3661 poneret,
464 3609 575 3663 quo
604 3593 1027 3647 admonerentur
1074 3584 1363 3659 aliquando
1385 3589 1557 3643 averti
1588 3606 1616 3643 a
1638 3605 1764 3659 pec-

190 3684 329 3750 catis,
381 3694 437 3740 et
466 3686 537 3740 ad
562 3685 659 3739 Dei
702 3691 970 3754 praecepta
999 3683 1262 3737 converti.
1294 3681 1449 3736 'Nam
1484 3689 1539 3737 et
1581 3681 1763 3737 herbae

187 3788 452 3832 venenosa:
492 3776 563 3832 ad
599 3789 817 3846 poenam
866 3776 951 3831 vel
983 3775 1052 3829 ad
1086 3774 1528 3829 exercitationem
1561 3784 1763 3829 morta-

186 3867 303 3923 lium
346 3880 549 3927 creata:
572 3880 698 3926 sunt
726 3887 740 3937 ;
784 3879 838 3925 et
863 3870 963 3925 hoc
988 3877 1157 3924 totum
1202 3878 1424 3938 propter
1453 3876 1756 3938 peccatum,

183 3963 295 4031 quia
347 3964 611 4019 mortales
656 3973 875 4035 propter
902 3972 1183 4033 peccatum
1234 3961 1359 4017 facti
1397 3978 1600 4018 sumus.
1658 3961 1762 4015 Per

184 4049 535 4108 iufructuosas
576 4067 790 4123 quoque
818 4052 1041 4106 arbores
1092 4052 1381 4105 insultatur
1428 4051 1757 4117 hominibus,

182 4150 232 4195 ut
278 4143 584 4216 intelligant
624 4158 785 4213 quam
826 4142 898 4198 sit
939 4142 1367 4197 erubescendum
1419 4142 1536 4196 sine
1580 4138 1758 4196 frUctu

180 4232 431 4291 bonorum
479 4251 707 4306 operum
744 4249 864 4290 esse
892 4234 946 4289 in
967 4250 1099 4307 agro
1133 4234 1250 4299 Dei,
1283 4235 1386 4289 hoc
1427 4242 1529 4300 est,
1564 4234 1618 4288 in
1659 4234 1760 4290 Ec-

178 4326 354 4397 clesia,
409 4339 469 4386 et
498 4339 556 4384 ut
587 4330 814 4384 timeant
840 4344 910 4384 ne
939 4330 1151 4385 deserat
1174 4328 1293 4383 illos
1334 4328 1498 4393 Deus,
1542 4329 1670 4398 quia
1705 4337 1761 4383 et

175 4419 269 4489 ipsi
298 4422 352 4475 in
383 4422 533 4492 agris
562 4422 675 4476 suis
703 4414 1062 4475 infructuOsas
1091 4420 1312 4474 arbores
1330 4419 1614 4493 deserunt,
1660 4436 1760 4476 nec

172 4516 399 4586 aliquam
436 4508 705 4595 culturam
732 4516 812 4574 eis
836 4517 1109 4573 adhibent.
1157 4514 1296 4570 Ante
1323 4525 1603 4586 peccatum
1627 4530 1759 4587 ergo

174 4609 402 4667 hominis
449 4626 561 4666 non
590 4619 673 4667 est
706 4612 967 4681 scriptum
997 4610 1141 4680 quod
1166 4618 1310 4666 terra
1335 4609 1622 4679 protulerit
1652 4610 1753 4664 nisi

168 4707 388 4766 herbam
438 4708 621 4780 pabuli
670 4717 725 4763 et
762 4709 905 4780 ligna
948 4707 1255 4775 fructuosa;
1304 4716 1426 4777 post
1475 4716 1755 4778 peccatum

170 4808 343 4856 autem
370 4802 625 4856 videmus
656 4800 823 4854 multa
859 4799 1077 4854 horrida
1123 4806 1178 4853 et
1204 4797 1534 4853 infructuosa
1578 4797 1752 4862 nasci,

167 4898 385 4962 propter
431 4905 558 4945 eam
586 4890 837 4946 videlicet
884 4904 1047 4959 quam
1072 4888 1307 4943 diximus
1345 4902 1585 4942 causam.
1646 4885 1757 4963 lily-

166 4981 295 5036 stice
325 4996 489 5047 vero,
539 4989 683 5036 terra
716 4996 835 5050 qua:
866 4980 917 5033 in
949 4994 1111 5049 opere
1136 4976 1596 5047 pratvaricationis
1628 4975 1759 5030 Adzc

165 5072 457 5130 maledicta
505 5086 629 5129 esse
680 5072 1016 5142 perhibetur,
1078 5084 1183 5124 non
1216 5068 1320 5123 alia
1359 5068 1552 5122 melius
1592 5082 1755 5137 quam

163 5180 288 5219 caro
327 5164 607 5234 accipitur
650 5170 856 5228 nostra,
897 5177 1018 5232 quae
1058 5161 1241 5230 spinas
1282 5158 1394 5227 jam
1446 5168 1500 5213 et
1533 5159 1759 5215 tribulos

160 5258 434 5327 germinat
492 5256 665 5323 nobis,
724 5256 848 5327 quia
904 5271 1002 5326 per
1050 5254 1228 5310 carnis
1269 5250 1758 5323 concupiscentiam

160 5351 470 5421 propagati,
525 5349 844 5419 punctiones
871 5355 928 5402 et
952 5346 1219 5402 incentiva
1249 5343 1502 5399 vitiorum
1545 5339 1615 5395 de
1645 5341 1757 5411 ipsa

158 5456 322 5496 came
372 5440 638 5513 patimur.
689 5440 823 5496 Cum
861 5424 1254 5499 maledictionis
1284 5435 1525 5507 iaculum
1576 5435 1753 5490 divina

155 5550 255 5590 vox
286 5537 450 5607 gravi
497 5535 728 5592 instruat
753 5535 957 5590 ultione
1003 5533 1367 5605 plectendum,
1413 5532 1487 5587 ita
1521 5538 1578 5585 ut
1605 5530 1755 5601 regni

154 5641 372 5699 quoque
395 5627 643 5683 cmlcstis
672 5628 878 5683 aditum
901 5626 1138 5692 claudat,
1169 5626 1297 5696 quid
1326 5632 1410 5679 est
1438 5623 1581 5694 quod
1613 5640 1757 5679 nunc

152 5730 420 5786 peccante
449 5719 689 5782 homine,
749 5718 802 5773 in
832 5727 992 5773 terra:
1018 5715 1392 5772 maledictione
1423 5714 1602 5771 divina
1626 5728 1756 5776 voce

152 5816 248 5871 hoc
289 5814 446 5890 quod
512 5814 668 5870 homo
725 5815 901 5870 facere
944 5811 1260 5882 prohibetur
1311 5808 1543 5865 infertur
1570 5812 1592 5863 1’
1646 5809 1753 5866 Sed

1784 4560 1836 4619 D

1869 3331 2055 3386 Simon
2094 3338 2296 3385 aeterna
2343 3328 2647 3401 perditione
2675 3327 2837 3397 periit
2878 3334 2933 3381 et
2960 3326 3095 3380 duos
3124 3324 3453 3395 quinquage-

1866 3422 2050 3476 narios
2101 3421 2332 3491 desuper
2379 3420 2603 3475 veniens
2635 3416 2847 3471 ﬂamma
2887 3415 3241 3485 consumpsit,
3281 3414 3451 3468 virtus

1864 3530 1992 3585 ergo
2020 3514 2354 3584 subsequens
2389 3508 2729 3575 testificatur,
2778 3525 2884 3580 qua
2915 3518 3096 3564 mente
3125 3508 3454 3563 maledictio—

1866 3609 1951 3662 nis
1992 3608 2258 3663 sententia
2313 3608 2598 3677 promitur.
2645 3606 2778 3673 Cum
2809 3605 2957 3660 enim
2997 3613 3053 3659 et
3081 3603 3451 3657 maledicentis

1865 3700 2170 3755 innocentia
2198 3709 2501 3768 permanet,
2552 3706 2607 3753 et
2628 3709 2807 3752 tamen
2837 3711 2961 3751 cum
2990 3695 3081 3765 qui
3112 3690 3452 3747 maledicitur

1865 3805 2037 3860 usque
2071 3788 2137 3842 ad
2168 3787 2444 3843 interitum
2474 3786 2785 3842 maledictio
2814 3785 3085 3849 absorbet,
3145 3798 3209 3837 ex
3243 3782 3445 3836 utrius-

1863 3896 1967 3951 que
1997 3879 2168 3950 partis
2190 3879 2295 3933 line
2319 3878 2612 3949 colligitur,
2650 3876 2775 3948 quia
2804 3890 2833 3929 a
2864 3876 3007 3931 bono
3038 3883 3090 3929 et
3121 3873 3310 3927 intimo
3354 3872 3446 3941 ju-

1862 3971 1980 4026 dice
2014 3971 2067 4024 in
2094 3984 2242 4024 reum
2260 3969 2525 4024 sententia
2557 3977 2771 4038 sumpta
2796 3966 3084 4037 jaculatur.
3221 3986 3232 4010 ι

1933 4059 2001 4114 1η
2022 4060 2211 4114 sudore
2241 4057 2408 4113 rullus
2436 4061 2512 4113 tui
2540 4061 2755 4114 vesceris
2792 4076 2926 4130 pane
2945 4069 3052 4122 tuo,
3090 4058 3252 4112 donec
3280 4072 3449 4110 revcr-
3534 4130 3549 4141 Δ

1862 4154 1992 4206 laris
2026 4153 2079 4206 in
2104 4162 2314 4217 terram,
2347 4151 2411 4205 de
2438 4169 2539 4224 qua
2562 4161 2797 4222 sumptus
2822 4167 2891 4214 es,
2937 4150 3061 4223 quia
3090 4148 3258 4219 pulvis
3288 4164 3361 4215 es,
3398 4160 3445 4201 et

1861 4247 1915 4299 in
1936 4243 2194 4314 pulverem
2218 4244 2503 4297 reverteris.
2558 4241 2710 4295 illum
2743 4242 2830 4295 hic
2857 4254 3051 4310 panem
3076 4238 3313 4310 intellige
3351 4239 3445 4309 qui

1862 4336 1937 4389 ait
1969 4354 1980 4389 :
2010 4333 2120 4406 Ego
2148 4334 2435 4404 sumpanis
2468 4333 2584 4387 ritw
2632 4332 2721 4403 qui
2751 4331 2815 4384 de
2837 4328 2961 4384 cado
2988 4328 3230 4383 descendi
3260 4326 3441 4400 (Joan.

1861 4428 1958 4500 vi).
2012 4428 2129 4495 Quo
2159 4427 2211 4481 in
2240 4426 2436 4482 sudore
2457 4425 2639 4480 vultus
2666 4425 2835 4479 nostri
2879 4423 3167 4486 vescimur,
3217 4421 3342 4491 quia
3379 4422 3445 4475 ad

1862 4530 2210 4592 conspectum
2234 4520 2427 4577 divina:
2456 4518 2791 4575 celsitudinis
2815 4536 2919 4574 non
2945 4518 3046 4573 nisi
3083 4531 3178 4588 per
3203 4516 3445 4571 laborem

1861 4615 2178 4672 necessari-.e
2210 4614 2516 4669 aﬂlictionis
2544 4614 2904 4669 ascendimus.
2936 4611 3151 4665 Primus
3181 4610 3341 4664 homo
3372 4610 3445 4664 ita

1858 4710 2108 4765 conditus
2140 4708 2257 4774 fuit,
2306 4718 2363 4762 ut
2389 4715 2637 4763 manente
2682 4706 2770 4761 illo
2808 4705 3131 4763 decederent
3178 4713 3443 4774 tempora,

1859 4816 1960 4856 nec
2019 4814 2141 4854 cum
2181 4799 2513 4868 temporibus
2560 4798 2673 4868 ipse
2723 4797 2999 4852 transiret.
3062 4794 3254 4851 Stabat
3298 4796 3444 4851 enim

1860 4890 2148 4945 momentis
2177 4889 2608 4952 decurrentibus,
2651 4889 2775 4958 quia
2806 4902 3145 4957 nequaquam
3172 4887 3238 4967 ad
3266 4897 3446 4941 extre-

1862 4999 2008 5037 mum
2047 4982 2171 5037 vita:
2222 4997 2317 5051 per
2340 4981 2546 5036 dierum
2577 4980 2910 5034 incrementa
2946 4979 3214 5033 tendebat.
3249 4977 3440 5032 Stabat

1862 5083 2011 5129 tanto
2036 5072 2328 5137 robustior,
2371 5079 2576 5141 quanto
2605 5085 2817 5141 semper
2841 5070 3003 5125 stanti
3029 5069 3231 5123 arctius
3275 5066 3442 5121 inhie-

1863 5168 2035 5222 rcbat.
2064 5165 2133 5220 At
2163 5163 2253 5219 ubi
2279 5162 2503 5217 vetitum
2526 5162 2772 5231 contigit,
2802 5177 2923 5215 mox
2950 5159 3152 5214 offenso
3170 5168 3436 5221 creatore,

1864 5259 2031 5327 coepit
2068 5258 2149 5312 ire
2208 5272 2329 5310 cum
2379 5262 2641 5325 tempore.
2707 5253 2857 5309 Unde
2897 5259 2952 5307 et
2976 5250 3025 5305 ei
3056 5250 3257 5303 dictum
3311 5257 3436 5302 est:

1868 5348 2028 5403 Terra
2061 5365 2138 5415 es,
2192 5357 2239 5401 et
2284 5349 2339 5400 in
2367 5356 2563 5400 terram
2588 5345 2684 5399 ibis
2699 5352 2883 5411 ;statu
2930 5342 3175 5396 videlicet
3219 5340 3443 5394 immor-

1865 5439 2086 5494 talitatis
2124 5438 2342 5501 amisso,
2372 5452 2564 5492 cursus
2597 5450 2719 5489 eum
2760 5429 3099 5487 mortalitatis
3121 5429 3437 5496 absorbuit,

1862 5541 1916 5588 ct
1960 5532 2085 5587 dum
2116 5529 2399 5600 juventnte
2440 5530 2507 5583 ad
2547 5528 2773 5591 senium,
2830 5524 2982 5579 senio
3020 5522 3327 5577 traheretur
3370 5523 3438 5577 ad

1860 5634 2112 5686 mortem,
2145 5620 2473 5676 transeundo
2505 5618 2691 5675 didicit
2740 5616 2933 5672 stando
2962 5613 3089 5684 quid
3117 5614 3236 5668 fuit.
3269 5613 3438 5683 Cujus

1860 5732 1956 5771 nos
1993 5714 2120 5785 quia
2143 5713 2208 5769 de
2234 5712 2527 5782 propagine
2560 5708 2852 5772 nascimur,
2891 5706 3089 5761 radicis
3119 5704 3437 5760 amaritudi‘

1859 5824 2003 5874 nem,
2036 5806 2187 5878 quasi
2222 5806 2273 5859 in
2305 5802 2534 5874 virgulto
2568 5801 2881 5857 retinemus.
2933 5799 3064 5855 Nam
3097 5799 3221 5870 quia
3254 5814 3316 5853 cx
3342 5795 3441 5851 illo
