3958 6204
463 372 570 429 499

1100 369 1161 423 Β.
1206 368 1454 425 BABANI
1495 371 1714 428 MAUl’tl
1752 369 2071 425 ARClllEP.
2114 367 2423 425 MOGUNT.
2465 366 2762 469 OPERUM'
2792 365 2972 421 PARS
3013 366 3053 431 l,

3584 404 3587 409 ν
3615 370 3708 427 5οῢ

458 488 722 559 originem
752 486 1019 551 ducimus,
1070 483 1187 554 ejus
1208 501 1428 542 cursum
1456 484 1730 541 nascendo
1758 485 2031 556 sortimur,

2144 477 2441 545 Quomodo,
2480 478 2677 549 inquit,
2718 477 2822 535 hoc
2870 493 2966 548 per
2986 475 3261 548 quodlibet
3309 478 3390 532 vel
3432 485 3716 548 quomodo-

460 590 520 634 ut
547 594 614 636 eo
634 580 753 653 ipso
776 578 1087 648 quotidiano
1119 586 1394 633 momento
1430 592 1539 647 quo
1559 576 1810 642 vivimus,
1868 576 2042 631 inces-

457 681 645 727 santer
669 686 700 725 a
726 669 834 724 vita
862 677 1218 734 transeamus,
1263 678 1320 725 et
1344 668 1562 725 vivendi
1612 669 1768 724 nobis
1807 667 2039 738 spatium

456 763 600 819 unde
625 777 871 818 crescere
896 761 1159 827 creditur,
1209 760 1335 816 inde
1376 760 1678 826 decrescat,
1735 760 1864 831 quia
1913 759 2040 814 dum

455 855 683 911 infantia
713 855 779 910 ad
817 855 1125 925 pueritiam,
1174 853 1538 909 adolescentia
1586 851 1652 906 ad
1674 849 2036 921 iuventutem,

444 943 704 1013 juventus
724 946 790 1000 ad
811 952 1164 1007 senectutem,
1190 952 1445 999 senectus
1472 943 1669 997 transit
1690 943 1759 997 ad
1786 951 2036 1005 mortem,

452 1044 511 1090 et
547 1035 603 1090 in
628 1051 792 1091 cursu
812 1035 937 1091 vitae
960 1034 1267 1107 praesentis,
1323 1034 1457 1104 ipsis
1493 1033 1606 1088 suis
1633 1034 1938 1104 augmentis
1971 1031 2039 1086 ad

455 1128 780 1183 detrimenta
829 1126 1122 1198 impellitur
1142 1143 1158 1189 ;
1182 1135 1237 1182 et
1265 1125 1391 1180 inde
1419 1139 1635 1196 semper
1655 1124 1861 1189 deﬁcit,
1899 1124 2040 1178 unde

454 1218 722 1289 proﬁcere
763 1233 823 1273 se
854 1219 907 1272 in
940 1218 1168 1288 spatium
1196 1216 1320 1271 vitae
1347 1215 1543 1281 credit,
1591 1213 1786 1269 Fixum
1834 1213 2036 1271 ctenim

453 1318 654 1365 statum
693 1310 783 1365 hic
836 1309 1036 1363 habere
1087 1322 1195 1362 non
1226 1321 1531 1377 possumus,
1590 1305 1684 1360 ubi
1730 1302 2038 1359 transitoria

450 1401 703 1469 vivimus,
756 1409 918 1471 atque
950 1402 1055 1456 hoc
1080 1399 1257 1469 ipsum
1285 1406 1531 1453 nostrum
1554 1397 1756 1462 vivere,
1800 1394 2038 1465 quotidie

454 1492 616 1546 avita
665 1493 898 1547 transire
939 1499 1042 1546 est.
1101 1490 1271 1555 Quem
1294 1488 1544 1544 videlicet
1571 1487 1779 1556 lapsum
1830 1484 2038 1556 primus

452 1582 619 1636 homo
656 1590 781 1635 ante
800 1580 1011 1649 culpam
1036 1580 1236 1635 habere
1262 1594 1368 1633 non
1392 1579 1587 1649 potuit,
1641 1579 1766 1647 quia
1792 1586 2035 1648 tempora

452 1689 519 1729 eo
548 1683 725 1728 stante
757 1673 1078 1727 transibant.
1105 1670 1211 1725 Sed
1244 1679 1531 1740 postquam
1551 1669 1797 1739 deliquit,
1823 1668 1876 1725 in
1905 1683 2037 1738 quo-

454 1766 576 1819 dam
600 1778 659 1819 se
683 1763 837 1833 quasi
878 1761 1084 1815 lubrico
1127 1760 1539 1828 temporalitatis
1574 1760 1786 1829 posuit;
1826 1768 1881 1812 et
1910 1758 2035 1827 quia

2145 568 2276 624 libet
2307 568 2511 624 dictum
2540 568 2635 635 sit,
2665 568 2807 623 Deus
2830 578 3009 623 tamen
3037 567 3198 633 dixit,
3260 583 3365 622 non
3387 568 3546 623 aliter
3573 570 3719 626 intel-

2142 660 2417 731 ligendum
2441 669 2526 716 est
2574 661 2718 730 quod
2746 661 2844 725 ait,
2880 678 3019 715 unus
3046 677 3113 715 ea:
3139 661 3306 726 nobis,
3364 661 3467 716 nisi
3512 675 3721 733 propter

2143 754 2446 809 trinitatem
2486 768 2742 809 numerus
2762 752 2989 823 pluralis
3013 753 3333 823 accipiatur,
3361 752 3502 807 sicut
3530 754 3719 809 dictum

2140 854 2295 899 erat:
2329 843 2618 900 Faciamus
2654 846 2914 899 hominem
2960 847 3029 898 ad
3056 846 3333 916 imaginem
3389 854 3439 901 et
3486 844 3720 902 similitu-

2139 934 2315 989 dinem
2338 943 2594 1000 nostram,
2632 935 2775 991 sicut
2798 935 2960 989 etiam
2992 935 3252 990 Dominus
3281 935 3347 990 de
3373 951 3431 990 se
3455 947 3509 991 et
3534 936 3717 993 Patre:

2149 1026 2426 1083 Veniamus
2453 1029 2522 1083 ad
2560 1046 2698 1095 eum,
2721 1040 2769 1083 et
2801 1029 3125 1101 mansionem
3160 1029 3303 1099 apud
3328 1046 3445 1083 eum
3476 1032 3722 1103 faciemus

2139 1116 2323 1189 (Joan.
2358 1118 2491 1191 xw).
2540 1118 2878 1189 Replicatum
2916 1128 3004 1175 est
3032 1119 3198 1191 igitur
3230 1120 3281 1173 in
3316 1128 3477 1190 caput
3510 1122 3719 1192 superbi

2137 1228 2245 1283 quo
2271 1212 2421 1266 exitu
2477 1211 2808 1283 concupierit
2860 1212 3004 1281 quod
3052 1227 3081 1265 a
3118 1219 3369 1281 serpente
3414 1222 3719 1283 suggestum

2137 1300 2261 1360 est':
2289 1303 2455 1357 Eritis
2474 1304 2608 1357 sicut
2642 1303 2737 1356 dii.
2777 1302 2935 1368 Ecce,
2979 1303 3169 1373 inquit,
3220 1303 3390 1355 Adam
3435 1302 3619 1372 {actus
3655 1314 3719 1359 est

2135 1397 2271 1451 sicut
2295 1412 2430 1449 unus
2459 1411 2524 1448 ea;
2550 1394 2721 1448 nobis.
2771 1395 2947 1449 Verba
2985 1395 3129 1448 enim
3154 1402 3280 1449 sunt
3312 1395 3428 1449 hate
3466 1394 3589 1461 Dei,
3624 1411 3721 1450 non

2138 1493 2249 1541 tam
2298 1483 2426 1538 huic
2452 1483 2783 1548 insultantis,
2844 1499 3007 1553 quam
3038 1491 3263 1538 exteros
3308 1496 3377 1537 ne
3417 1483 3489 1537 ita
3545 1499 3723 1554 super-

2134 1577 2288 1633 biant
2316 1577 2663 1642 deterrentis,
2709 1586 2928 1647 propter
2948 1593 3085 1647 quos
3118 1578 3221 1633 ista
3248 1579 3559 1648 conscripta
3583 1589 3719 1635 sunt.

2134 1665 2337 1723 Factus
2363 1676 2459 1733 est,
2516 1667 2710 1737 inquit,
2764 1677 3013 1737 tanquam
3053 1686 3188 1723 unus
3233 1686 3297 1722 ea:
3332 1670 3502 1736 nobis,
3560 1671 3721 1724 sciens

2137 1758 2331 1814 bonum
2376 1768 2426 1814 et
2468 1757 2686 1812 malum.
2738 1758 2877 1828 Quid
2938 1757 3081 1814 aliud
3140 1759 3564 1830 intelligendum,
3623 1761 3719 1816 nisi

453 1855 634 1908 cibum
663 1852 899 1908 comedit
932 1852 1178 1916 vetitum,
1223 1858 1398 1905 status
1434 1850 1514 1906 sui
1539 1850 1787 1922 protinus
1830 1849 2035 1904 invenit
2067 1838 2110 1896 Β
2136 1849 2441 1920 exemplum
2473 1850 2683 1905 timoris
2728 1850 3019 1908 incutiendi
3041 1865 3160 1904 esse
3185 1850 3555 1922 propositum?
3577 1850 3721 1918 Quod

449 1943 741 1998 defectum.

524 2032 593 2087 Et
617 2032 810 2086 vocavit
836 2048 1022 2086 nomen
1048 2030 1228 2086 uxoris
1256 2046 1368 2084 sua:
1398 2027 1563 2093 Heva,
1613 2046 1674 2082 eo
1702 2028 1840 2099 quod
1869 2037 2036 2082 mater

448 2126 517 2179 sit
542 2135 846 2178 cunctorum
874 2124 1171 2179 viventium.
1196 2122 1264 2176 Et
1284 2121 1387 2178 hoc
1416 2136 1612 2177 nomen
1649 2121 1821 2175 Adam
1852 2120 2034 2175 divino

452 2216 710 2272 instinctu
768 2223 983 2270 constat
1012 2214 1167 2268 uxori
1194 2228 1305 2268 suae
1332 2213 1598 2283 posuisse,
1653 2212 1797 2281 quod
1823 2212 2035 2280 aptissi-

454 2319 543 2360 me
584 2303 831 2375 congruit
880 2302 1133 2358 Ecclesia:
1180 2310 1382 2358 sanctae
1432 2317 1543 2356 sua:
1592 2302 1647 2356 in
1674 2301 1827 2371 cujus
1859 2300 2033 2357 solum

453 2394 682 2459 unitate,
737 2409 857 2464 qua:
885 2393 1151 2461 catholica
1179 2401 1421 2458 vocatur,
1464 2392 1587 2451 vita).
1613 2392 1822 2447 cunctis
1863 2389 2031 2460 janua

450 2494 621 2557 patet.

521 2572 670 2629 Fecit
706 2592 907 2646 quoque
956 2574 1212 2630 Dominus
1260 2573 1402 2628 Deus
1444 2573 1593 2639 Adtv,
1644 2585 1690 2628 et
1722 2573 1876 2628 uxori
1916 2572 2031 2642 ejus

450 2667 657 2720 tunicas
696 2665 962 2736 pelliceas,
1008 2675 1056 2720 et
1090 2666 1262 2720 induit
1305 2682 1412 2721 eos.
1450 2665 1519 2720 Et
1554 2666 1659 2720 hoc
1685 2663 2032 2735 signiﬁcatio-

447 2758 534 2813 nis
584 2758 756 2830 gratia
806 2757 1010 2814 factum
1050 2765 1152 2813 est.
1194 2755 1330 2812 Nam
1361 2755 1664 2825 huiusmodi
1719 2755 2031 2811 indumento

447 2848 709 2905 Dominus
755 2864 850 2905 eos
897 2848 1155 2904 mortales
1197 2848 1309 2919 jam
1354 2846 1529 2903 factos
1565 2846 1733 2902 fuisse
1770 2846 2026 2902 insinuat.

447 2943 622 2998 Pelles
665 2957 786 3010 quae
846 2940 1058 2996 nonnisi
1094 2939 1317 2994 mortuis
1362 2938 1659 3008 pecudibus
1701 2936 2032 2993 subtrahun-

446 3028 550 3087 tur,
579 3023 771 3077 mortis
801 3022 1026 3092 ﬁguram
1060 3022 1357 3076 continent.
1389 3022 1492 3087 lta,
1525 3037 1648 3076 cum
1675 3030 1860 3074 contra
1888 3035 2033 3089 prte-

446 3125 684 3188 ceptum,
712 3132 819 3173 non
858 3116 1162 3171 imitatione
1205 3114 1463 3185 legitima,
1497 3115 1590 3169 sed
1633 3111 1818 3165 illicita
1853 3125 2042 3179 super—

2138 1955 2245 1999 non
2271 1940 2444 1996 solum
2474 1955 2579 1995 non
2612 1938 2774 1995 fuerit
2797 1941 2969 1995 factus
3002 1941 3175 2011 qualis
3202 1941 3315 1996 ﬁeri
3339 1941 3593 2005 voluerit,
3628 1941 3718 1996 sed

2138 2046 2239 2086 nec
2291 2030 2418 2085 illud
2447 2029 2590 2100 quod
2632 2028 2809 2085 factus
2829 2028 3016 2084 fuerat
3046 2030 3467 2085 conservavcrit.
3526 2031 3602 2084 De
3626 2030 3724 2084 hoc

2136 2123 2243 2178 alio
2268 2123 2426 2178 loco:
2457 2122 2570 2177 Nec
2613 2121 2707 2177 Dei
2745 2120 3076 2185 conﬁtentis,
3131 2121 3323 2191 inquit,
3375 2120 3539 2175 verba
3580 2130 3721 2187 sunt,

2137 2217 2231 2271 sed
2256 2215 2435 2286 potius
2477 2214 2856 2285 exprobrantis
2885 2232 2896 2267 :
2923 2212 3058 2267 Ecce
3100 2213 3270 2266 Adam
3300 2214 3473 2282 [actus
3496 2222 3571 2266 est
3617 2223 3726 2264 tan-

2134 2322 2293 2376 quam
2325 2322 2458 2360 unus
2480 2322 2544 2359 ex
2567 2304 2737 2369 nobis,
2780 2304 2919 2359 sicut
2939 2303 3229 2373 Apostolus
3249 2303 3379 2359 dicit
3405 2318 3420 2357 :
3452 2303 3581 2357 Date
3598 2303 3723 2355 mihi

2135 2398 2269 2457 hanc
2295 2398 2548 2468 injuriam
2575 2395 2663 2469 (II
2688 2394 2811 2451 Cor.
2842 2394 2962 2467 xu),
3011 2396 3196 2466 utique
3237 2411 3268 2451 e
3292 2394 3567 2451 contrario
3611 2392 3727 2448 vult

2136 2489 2384 2559 intelligi.
3592 2556 3599 2563 .

2208 2578 2366 2636 Nunc
2403 2597 2526 2651 ergo
2576 2597 2640 2635 ne
2659 2580 2794 2650 forte
2826 2580 2999 2633 mittat
3022 2594 3232 2633 manum
3254 2594 3431 2645 suam,
3474 2587 3522 2631 et
3550 2586 3726 2630 sumat

2134 2673 2289 2727 etiam
2315 2672 2379 2726 de
2408 2672 2550 2744 ligno
2577 2672 2713 2737 vitta,
2753 2681 2800 2725 et
2832 2670 3093 2737 comedat,
3131 2679 3180 2725 et
3204 2670 3339 2725 vivat
3360 2671 3417 2725 in
3439 2680 3715 2732 azternum,

2135 2765 2307 2820 emisit
2327 2782 2446 2819 eum
2482 2764 2742 2817 Dominus
2766 2763 2906 2818 Deus
2932 2763 2997 2817 de
3027 2763 3273 2834 paradiso
3297 2761 3595 2831 voluptatis,
3650 2772 3709 2815 ut

2135 2866 2440 2928 aperaretur
2487 2866 2701 2921 terram,
2747 2855 2812 2909 de
2846 2873 2949 2924 qua
2990 2863 3226 2925 sumptus
3277 2864 3374 2908 est.
3428 2853 3725 2923 Superiora

2133 2946 2300 3002 verba
2353 2945 2449 3003 Dei
2499 2954 2668 3000 sunt:
2709 2947 2812 3000 hoc
2857 2953 3039 2999 autem
3088 2941 3294 2999 factum
3334 2953 3557 3015 propter
3606 2943 3725 3013 ipsa

2134 3040 2299 3095 verba
2330 3047 2574 3094 secutum
2604 3047 2705 3092 est.
2756 3037 3039 3091 Alienatus
3086 3037 3229 3092 enim
3260 3052 3289 3090 a
3329 3036 3461 3100 vita,
3503 3051 3609 3089 non
3634 3049 3727 3088 so-

2135 3132 2243 3188 lum
2273 3146 2433 3202 quam
2456 3130 2649 3194 fuerat,
2688 3130 2732 3187 si
2763 3139 3089 3202 pratceptum
3117 3138 3410 3193 servasset,
3459 3143 3580 3182 cum
3620 3142 3725 3181 au-

449 3210 536 3267 bia
584 3210 729 3265 Deus
774 3222 895 3264 esse
940 3207 1148 3277 appetit
1186 3207 1380 3272 homo,
1413 3221 1584 3276 usque
1627 3204 1695 3259 ad
1742 3202 2031 3258 belluarrm

2137 3223 2271 3295 gelis
2299 3231 2635 3293 accepturus,
2687 3221 2781 3277 sed
2804 3223 2873 3276 ab
2900 3222 2989 3276 illa
3013 3222 3176 3275 etiam
3202 3237 3362 3292 quam
3394 3220 3627 3277 ducebat
3667 3219 3723 3273 in

446 3300 835 3355 mortalitatem
859 3297 1098 3367 dejectus
1123 3306 1225 3352 est.
1272 3297 1339 3352 Et
1371 3296 1588 3366 quidem
1618 3294 1719 3366 ipsi
1763 3293 1864 3348 sibi
1898 3291 2039 3347 fece-

447 3398 578 3447 runt
622 3390 954 3461 perizomata
1000 3389 1068 3443 de
1112 3386 1253 3443 foliis
1292 3387 1399 3450 ﬁci,
1437 3386 1639 3458 quibus
1673 3382 1919 3454 pudenda
1964 3391 2042 3437 te-

449 3487 678 3550 gerent;
729 3479 825 3535 sed
871 3478 1131 3533 Dominus
1167 3477 1297 3533 fecit
1343 3476 1448 3532 illis
1486 3476 1701 3531 tunicas
1753 3474 2032 3547 pelliceas,

451 3570 650 3639 quibus
668 3584 828 3624 omne
846 3583 1041 3638 corpus
1065 3567 1281 3623 illorum
1308 3564 1502 3631 induit,
1524 3565 1651 3634 quia
1677 3565 1797 3635 ipsi,
1827 3564 2039 3635 perdita

446 3675 552 3731 per
586 3659 1089 3730 prmvaricationem
1129 3657 1299 3730 gloria
1348 3655 1694 3720 innocentiae,
1742 3654 2042 3725 praetende-

447 3759 581 3806 .runt
622 3749 725 3805 sibi
759 3750 1004 3805 velamen
1048 3748 1431 3815 excusationis,
1485 3762 1590 3817 qua
1628 3762 1782 3801 suam
1827 3746 2040 3816 culpam

2132 3315 2407 3385 paradiso,
2469 3312 2613 3369 felici
2663 3313 2901 3384 quodam
2947 3314 3192 3385 corporis
3239 3322 3405 3378 statu,
3472 3313 3722 3381 separari

2132 3408 2320 3479 utique
2342 3406 2525 3462 debuit
2556 3422 2587 3460 a
2606 3405 2752 3477 ligno
2774 3406 2914 3471 vitae,
2944 3406 3056 3460 sive
3085 3405 3228 3476 quod
3254 3420 3319 3460 ex
3350 3405 3466 3476 ipso
3491 3404 3566 3459 illi
3594 3404 3728 3460 sub-

2131 3498 2349 3553 sisteret
2391 3497 2515 3552 fclix
2557 3496 2645 3552 ille
2672 3498 2787 3567 ipse
2825 3506 3001 3551 status
3046 3497 3287 3567 corporis
3326 3511 3395 3551 ex
3425 3512 3484 3550 re
3518 3495 3723 3550 visibili

2131 3589 2331 3644 virtute
2369 3588 2648 3653 invisibili,
2692 3588 2807 3643 sive
2848 3588 2993 3659 quod
3040 3587 3094 3642 in
3129 3603 3195 3643 eo
3244 3597 3394 3642 esset
3434 3597 3493 3641 et
3536 3601 3726 3642 sacra-

2130 3688 2371 3735 mentum
2425 3678 2634 3733 visibile
2681 3678 2968 3733 invisibilis
3022 3678 3321 3749 sapientiae.
3384 3676 3723 3731 Alienandus

2129 3770 2255 3825 inde
2302 3770 2488 3840 utique
2537 3768 2713 3824 fuerat
2766 3768 2848 3823 vel
2885 3768 3001 3838 jam
3057 3768 3376 3831 moriturus,
3432 3766 3519 3821 vel
3556 3767 3721 3820 etiam

445 3841 508 3896 in
535 3841 879 3898 Conditorem
904 3841 1376 3905 transfunderent;
1412 3847 1467 3894 et
1496 3840 1610 3910 ipse
1639 3837 1896 3893 Conditor
1922 3835 2031 3892 illos

2135 3867 2387 3931 tanquam
2416 3860 2934 3925 cxcommunicatus,
2979 3859 3118 3915 sicut
3150 3861 3311 3915 etiam
3339 3859 3393 3912 in
3424 3860 3531 3913 hoc
3565 3873 3724 3927 para-

447 3944 549 4001 per
577 3933 902 3987 sententiam
925 3932 1059 4005 justi
1085 3929 1297 3999 judicii,
1325 3930 1506 3985 ablato
1531 3937 1674 3985 statu
1696 3929 1822 3983 vita:
1848 3928 2044 3982 immu-

452 4021 651 4093 tabilis,
692 4022 745 4077 in
779 4024 959 4078 anima
984 4021 1145 4077 simul
1170 4030 1226 4076 et
1254 4035 1417 4077 carne
1444 4020 1669 4093 mutavit
1704 4034 1865 4091 paena
1894 4033 2037 4072 mor-

449 4115 697 4175 talitatis.
745 4115 942 4172 Narrat
988 4123 1167 4171 autem
1214 4114 1523 4184 evangelica
1566 4112 1827 4184 parabola
1876 4110 2037 4184 (Luc.

442 4204 537 4276 xv)
580 4206 707 4276 quia
751 4207 872 4276 pius
898 4214 1056 4278 pater
1103 4208 1396 4265 revertenti
1437 4208 1505 4263 ad
1534 4223 1593 4263 se
1640 4222 1736 4278 per
1759 4209 2029 4278 paeniten-

446 4297 576 4352 tiam
600 4297 708 4352 ﬁlio
731 4297 1024 4364 luxurioso,
1078 4298 1219 4355 inter
1246 4299 1351 4354 alia
1368 4314 1617 4366 munera,
1647 4299 1811 4354 etiam
1835 4299 2025 4354 stolam
2124 4291 2145 4301 ”

441 4389 676 4460 primam
723 4390 955 4461 proferri
983 4400 1042 4447 et
1072 4406 1196 4449 eum
1225 4391 1373 4451 indui
1419 4394 1754 4462 prteceperit,
1802 4393 2026 4464 mystice

442 4482 727 4540 insinuans
760 4483 887 4552 quia
923 4483 1079 4538 electi
1110 4484 1349 4538 habitum
1376 4483 1815 4549 immortalitatis,
1856 4492 2022 4555 quem

2129 3951 2269 4015 diso,
2314 3950 2366 4004 id
2398 3960 2503 4015 est,
2556 3949 2611 4004 in
2650 3949 2908 4013 Ecclesia,
2951 3950 3126 4006 solent
3163 3964 3193 4005 a
3228 3950 3590 4005 sacramentis
3640 3947 3721 4001 al-

2130 4041 2263 4096 taris
2321 4040 2625 4095 visibilibus
2682 4040 2932 4096 homines
2991 4040 3274 4112 disciplina
3342 4039 3719 4095 ecclesiastica

2129 4129 2418 4184 removeri.

2720 4220 2947 4277 CAPUT
2985 4220 3103 4277 XX.

2355 4309 2610 4381 Expulst'o
2647 4310 3086 4382 protoplastorum
3117 4311 3181 4364 de
3200 4311 3469 4381 paradiso.

2201 4401 2473 4473 Ejecitque
2508 4401 2701 4479 Adam,
2752 4412 2800 4457 et
2823 4403 3091 4459 collocavit
3114 4415 3234 4458 ante
3274 4406 3582 4475 paradisum
3624 4420 3720 4456 υο-

2127 4489 2344 4562 luptatis
2380 4492 2644 4545 cherubim
2687 4502 2733 4547 et
2760 4494 3059 4563 ﬂammeum
3090 4493 3323 4564 gladium
3352 4507 3508 4565 atque
3534 4509 3721 4548 versa-

441 4576 498 4632 in
553 4574 722 4631 Adam
775 4576 828 4629 in
886 4576 1110 4631 exordio
1163 4563 1345 4631 saeculi
1402 4575 1769 4645 perdiderunt,
1823 4576 1877 4631 in
1917 4579 2022 4631 line
2054 4556 2103 4614 Ῑ)
2127 4556 2267 4637 tilem
2316 4583 2385 4636 ad
2423 4556 2815 4639 custodiendam
2850 4585 2984 4638 uiam
3026 4556 3154 4655 ang
3192 4586 3327 4639 rita.
3360 4556 3513 4639 lianc
3535 4585 3719 4639 locum

440 4663 623 4719 surculi
649 4664 759 4719 sint
779 4665 1047 4734 recepturi
1076 4665 1129 4718 in
1154 4664 1391 4729 Christo,
1431 4674 1487 4718 et
1514 4664 1731 4737 quidem
1767 4667 2026 4737 ampliore

439 4752 636 4825 gratia.
668 4751 804 4809 Nam
829 4754 1000 4809 Adam
1037 4754 1109 4810 ita
1141 4754 1465 4811 immortalis
1488 4756 1663 4811 factus
1683 4765 1790 4824 est,
1822 4766 1879 4812 ut
1900 4773 2024 4829 pos-

440 4852 527 4901 set
584 4859 691 4900 non
730 4844 864 4899 mori
916 4844 961 4899 si
1015 4853 1342 4920 pmceptum
1370 4856 1653 4915 servaret;
1696 4849 1791 4904 lilii
1843 4860 2022 4905 autem

439 4933 855 4991 resurrectionis
911 4933 985 4991 ita
1023 4943 1183 4990 erunt
1226 4936 1580 5003 immortales,
1629 4948 1690 4992 ut
1734 4956 1836 4995 nec
1882 4943 2021 4997 mori

438 5040 701 5097 unquam,
748 5038 850 5080 nec
889 5035 1032 5086 metu
1077 5029 1266 5083 mortis
1317 5030 1525 5101 possint
1561 5030 1718 5086 allici.
1752 5032 1833 5088 De
1867 5033 2021 5103 cujus

438 5116 749 5182 receptione
768 5115 920 5172 stola:
942 5116 1075 5173 dicit
1104 5115 1392 5188 Apostolus
1418 5136 1430 5172 :
1467 5119 1682 5195 Oportet
1727 5123 1866 5176 enim
1906 5139 2022 5176 cor-

438 5208 683 5281 ruptibile
743 5208 842 5265 hoc
903 5209 1122 5265 induere
1162 5210 1604 5285 incorruptionem
1641 5252 1656 5277 ,
1702 5223 1751 5266 et
1802 5215 2022 5270 mortale

439 5305 537 5361 hoc
583 5302 803 5359 induere
843 5301 1292 5361 immortalitatem
1332 5301 1395 5375 (Ι
1431 5302 1554 5357 Cor.
1606 5303 1732 5374 xv).
1784 5305 1887 5362 Ubi
1935 5308 2017 5365 in-

440 5394 607 5450 duere
649 5402 826 5460 sonat,
882 5393 1119 5450 ablatam
1158 5395 1343 5466 utique
1385 5394 1657 5467 signiﬁcat
1699 5398 2016 5464 nuditatem,

439 5497 601 5554 quam
631 5482 802 5538 Adam
830 5483 886 5538 in
920 5497 979 5538 se
1022 5491 1079 5538 et
1110 5482 1259 5538 ﬂeva
1289 5491 1411 5553 post
1440 5494 1724 5554 peccatum
1777 5487 2019 5559 agnitum

437 5572 846 5631 erubescebant.

418 5724 421 5725 ν
516 5661 581 5714 Et
618 5664 693 5716 ait
721 5678 739 5715 :
765 5662 899 5720 Ecce
926 5664 1095 5719 Adam
1116 5665 1288 5735 factus
1312 5674 1387 5719 est
1415 5667 1567 5737 quasi
1600 5684 1733 5723 unus
1758 5685 1823 5723 ex
1848 5671 2016 5736 nobis,

442 5754 602 5815 sticus
630 5752 815 5811 bonum
840 5765 883 5808 et
909 5755 1123 5813 malum.
1168 5759 1241 5812 De
1271 5758 1371 5813 hoc
1403 5768 1619 5814 sanctus
1647 5760 2015 5833 Augustinus:

2128 4673 2348 4743 antiqua
2409 4673 2693 4729 translatio
2741 4674 2820 4729 sic
2875 4676 3086 4730 habet:
3122 4676 3188 4729 Et
3229 4676 3378 4747 ejecit
3424 4677 3607 4738 Adam,
3654 4689 3721 4730 es

2126 4761 2396 4818 collocarit
2446 4780 2565 4817 eum
2610 4774 2792 4818 contra
2839 4767 3146 4836 paradisum
3189 4767 3507 4837 voluptatis;
3536 4777 3583 4821 et
3623 4785 3725 4821 or-

2125 4853 2321 4907 dinavit
2346 4852 2610 4907 cherubim
2630 4863 2677 4907 et
2702 4855 2999 4923 ﬂammeam
3022 4855 3392 4928 rhompltwam,
3409 4870 3517 4913 etc.
3535 4858 3719 4925 Quam

2125 4943 2168 4998 si
2199 4942 2500 5019 sequimur,
2543 4953 2598 4999 et
2632 4944 2736 4999 hoc
2761 4946 3101 5016 significandi
3131 4949 3301 5018 gratia
3344 4948 3543 5005 factum
3588 4963 3721 5003 cre-

2122 5037 2249 5091 dere
2274 5035 2572 5104 debemus;
2612 5039 2706 5095 sed
2738 5046 2915 5094 tamen
2966 5038 3166 5094 factum
3220 5051 3279 5094 ut
3313 5052 3501 5097 contra
3550 5056 3723 5112 para-

2112 5126 2321 5194 ’disum,
2354 5142 2462 5196 quo
2483 5128 2637 5183 beata
2665 5129 2774 5182 vita
2800 5130 2966 5184 etiam
2990 5132 3342 5201 Spiritualiter
3369 5134 3725 5205 signiﬁcatu.

2124 5224 2232 5282 tur,
2284 5216 2553 5272 habitaret
2578 5219 2764 5288 utique
2789 5231 3040 5288 peccator
3064 5222 3116 5275 in
3139 5222 3379 5281 miseria.
3431 5224 3579 5291 Quod
3600 5240 3721 5277 au-

2125 5313 2232 5360 tem
2291 5307 2489 5363 dicitur
2525 5309 2816 5365 collocasse
2863 5311 3005 5369 Deus
3067 5324 3193 5369 ante
3240 5316 3547 5384 paradisum
3597 5330 3719 5370 vo-

2127 5397 2348 5466 luptatis
2394 5400 2676 5455 cherubim
2720 5411 2776 5456 et
2800 5401 3107 5461 flammeum
3156 5406 3417 5478 gladium,
3462 5409 3559 5463 hoc
3596 5422 3727 5477 per

2120 5493 2370 5550 caelestes
2395 5496 2578 5565 utique
2605 5504 2900 5566 potestates
2921 5499 2976 5553 in
3010 5501 3259 5568 paradiso
3276 5503 3475 5558 visibili
3502 5502 3723 5564 factum

2122 5598 2243 5639 esse
2282 5586 2609 5640 credendum
2644 5594 2749 5650 est,
2782 5596 2844 5642 ut
2881 5603 2977 5657 per
2998 5591 3299 5659 angelicum
3339 5591 3733 5647 ministerium

2120 5686 2264 5731 esset
2290 5675 2398 5731 illic
2420 5676 2575 5747 ignea
2600 5678 2844 5746 quaedam
2869 5681 3141 5747 custodia;
3170 5697 3276 5737 non
3299 5691 3478 5739 tamen
3501 5680 3736 5735 fmslra

2122 5769 2323 5824 factum
2373 5783 2515 5835 esse,
2571 5768 2673 5825 nisi
2709 5770 2835 5845 quia
2878 5771 3147 5845 signiﬁcat
3181 5774 3384 5847 aliquid
3425 5777 3578 5831 etiam
3638 5772 3743 5831 de
