3974 6200
192 344 274 402 εῡι
1198 326 1549 386 CO'llMENT.
1589 326 1652 382 IN
1688 324 2009 383 GENESIM.
2050 356 2117 365 -—
2154 324 2282 378 LIB.
2325 321 2385 376 ιι.

3331 309 3440 366 $02

198 454 451 532 ,υἷι-ειυς)ιὶ
474 450 746 525 paradiso,
793 461 900 502 non
925 453 1008 500 est
1035 443 1411 498 dubitandum.
1440 443 1568 510 Qua:
1591 442 1753 496 etiam
1786 443 1833 500 Α
1861 450 1985 532 ante
2043 436 2352 532 paradisum
2399 445 2518 487 esse
2550 429 2869 532 epllueatum
2894 468 2906 491 ,
2964 435 3024 479 ut
3062 423 3339 532 feriendus

193 547 421 607 custodia
458 546 595 601 bene
634 555 757 597 esse
798 537 1069 595 versatilis
1120 542 1483 599 asscveratur,
1537 548 1633 603 pro
1686 545 1755 587 eo

194 641 326 713 quod
350 636 676 708 quandoque
701 633 913 686 veniret
951 638 1164 698 tempus
1207 627 1455 681 utetiam
1490 623 1755 679 removeri

194 728 458 805 potuisset.
490 726 715 781 Remota
740 730 825 778 est
863 735 1096 790 namque
1124 718 1303 773 Enocb
1329 734 1358 770 a
1385 716 1759 786 peccatoribus

197 819 464 881 translato,
499 822 704 871 remota
730 812 848 867 Elia
873 811 1031 880 igneo
1053 808 1107 862 in
1138 823 1301 863 curru
1327 814 1479 876 rapto
1507 822 1520 870 ;
1556 810 1758 858 remota

197 910 429 966 omnibus
458 904 665 967 electis,
694 917 819 958 cum
853 899 1077 955 Domino
1102 898 1398 966 baptizato,
1450 894 1614 965 aperti
1639 902 1762 947 sunt

197 1002 402 1066 eiecit;
440 1007 650 1055 remota
683 997 811 1051 item
840 992 1064 1063 singulis
1083 990 1292 1053 electis,
1340 1004 1460 1043 cum
1505 984 1762 1055 baptismi

199 1098 332 1153 fonte
347 1094 628 1155 lavantur;
660 1096 867 1144 remota
897 1084 1090 1140 iisdem
1109 1079 1420 1153 perfectius,
1452 1094 1574 1133 cum
1602 1075 1762 1131 soluti

200 1205 226 1242 a
256 1184 482 1240 vinculis
505 1180 705 1245 carnis,
754 1179 821 1233 ad
860 1174 1097 1232 cmlestis
1121 1172 1359 1244 paradisi
1383 1170 1611 1238 gloriam
1646 1168 1759 1236 qni-

202 1291 292 1346 que
312 1291 409 1330 suo
439 1282 678 1342 tempore
703 1265 1094 1324 conscendunt.
1149 1263 1279 1317 item
1311 1262 1436 1332 quia
1483 1259 1765 1315 cherubim

202 1367 416 1421 scientia:
454 1361 758 1425 multitudo,
796 1360 901 1413 sive
952 1356 1171 1411 scientia
1210 1352 1557 1423 multiplicata
1595 1350 1765 1404 inter-

204 1466 456 1527 pretatur,
508 1454 647 1507 bene
678 1447 963 1505 cherubim
1001 1455 1057 1501 et
1100 1444 1383 1498 ﬂammeus
1434 1440 1646 1511 gladius
1696 1438 1763 1492 ad

205 1546 593 1604 custodiendam
631 1543 774 1596 viam
802 1539 931 1609 ligni
958 1537 1085 1592 vita:
1134 1536 1431 1591 collocatus
1465 1548 1586 1589 esse
1638 1548 1765 1603 per-

208 1640 445 1701 hibetur;
485 1634 608 1704 quia
646 1633 899 1687 nimirum
948 1645 1046 1700 per
1070 1627 1369 1697 disciplina:
1412 1626 1568 1681 nobis
1594 1625 1768 1680 scien-

208 1728 324 1781 tiam
355 1724 608 1787 caelestis,
635 1729 689 1776 et
717 1734 816 1790 per
835 1718 1075 1773 laborem
1101 1714 1472 1785 temporalium
1518 1712 1766 1767 afflictio-

1859 528 2014 582 nobis
2048 527 2331 580 illecebras
2369 520 2820 592 concupiscentia:
2856 516 3170 589 temporalis
3210 515 3447 570 insinuet

1856 618 2035 689 gladio
2065 616 2282 687 spiritus
2319 615 2457 687 quod
2488 623 2564 668 est
2611 613 2819 667 verbum
2861 609 2956 663 Dei
2994 608 3212 680 (Ephes.
3240 606 3343 677 vi),
3400 607 3444 661 si

1858 709 1926 763 ad
1947 709 2148 780 lignum
2175 707 2315 771 vitm,
2331 706 2473 776 quod
2495 714 2578 760 est
2592 703 2850 758 Dominus
2870 700 3139 767 Christus,
3160 708 3449 771 penetrare

1859 798 2312 867 concupiscimus.
2362 796 2507 850 Bene
2557 795 2807 849 eumdem
2844 792 3081 863 gladium
3138 789 3475 857 versatileln‘

1860 906 1981 946 esse
2024 887 2212 953 refert,
2244 896 2306 943 ut
2353 887 2557 942 indicet
2608 885 2835 956 mystice
2885 897 2992 938 non
3026 882 3185 938 nobis
3232 895 3451 949 semper

1863 984 2007 1038 hunc
2051 980 2421 1036 necessarium
2452 994 2571 1033 esse
2613 978 2873 1049 gladium,
2914 976 3032 1041 sed,
3086 983 3144 1030 ut
3185 976 3445 1046 scriptum

1861 1080 1963 1135 est,
1992 1079 2204 1142 tempus
2224 1085 2344 1125 esse
2365 1070 2512 1133 belli,
2545 1077 2759 1139 tempus
2790 1067 2939 1138 pacis
2972 1067 3256 1123 denuntiet
3281 1081 3295 1119 :
3322 1066 3449 1122 belli

1863 1163 2134 1227 videlicet,
2166 1176 2289 1215 cum
2318 1160 2373 1214 in
2400 1159 2560 1229 hujus
2592 1160 2714 1213 vita:
2735 1160 2913 1216 studio
2943 1159 3229 1214 adversum
3258 1174 3449 1214 aereas

1864 1260 2183 1323 potestates,
2234 1250 2318 1305 vel
2373 1251 2539 1305 etiam
2590 1259 2789 1305 nostra:
2850 1250 3050 1306 mentis
3088 1258 3142 1305 et
3191 1252 3449 1319 corporis

1866 1345 2021 1409 vitia,
2052 1353 2355 1410 certamus;
2389 1345 2544 1416 pacis
2574 1353 2782 1408 autem,
2811 1359 2934 1399 cum
2960 1344 3200 1414 perlecta
3222 1344 3452 1400 victoria

1865 1450 2211 1491 coronamur.
2246 1434 2370 1489 Haec
2419 1450 2550 1504 ergo
2603 1434 2669 1489 de
2720 1435 2998 1489 creatione
3043 1435 3225 1489 mundi
3284 1442 3453 1503 atque

1867 1526 2101 1581 hominis
2122 1526 2507 1580 constitutione
2546 1526 2600 1579 in
2632 1526 2894 1595 .paradiso
2940 1525 3296 1581 historialiter
3339 1527 3454 1582 sive

1869 1617 2241 1688 spiritualiter,
2304 1617 2597 1671 secundum
2641 1617 2905 1687 majorum
2953 1624 3261 1671 nostrorum
3310 1618 3454 1671 dicta

1871 1722 1936 1763 ac
1977 1722 2192 1762 sensum
2242 1706 2888 1776 breviter‘explanantes,
2963 1706 3160 1761 librum
3220 1706 3455 1774 primum

211 1831 349 1879 num,
398 1814 606 1868 reditus
640 1811 709 1866 ad
736 1822 1023 1879 supernam
1058 1806 1290 1876 patriam
1336 1812 1501 1873 patet,
1549 1817 1618 1858 ex
1657 1818 1764 1872 qua
1795 1799 1841 1857 Β
1869 1799 2026 1870 hujus
2065 1801 2245 1871 operis
2272 1800 2374 1854 hoc
2395 1798 2515 1853 loco
2554 1799 2831 1853 terminari
2866 1798 3215 1862 censuimus;
3257 1805 3316 1852 ut
3351 1813 3456 1853 ca:-

207 1922 293 1975 per
333 1904 616 1959 stultitiam
669 1898 1151 1971 praevaricationis,
1211 1911 1416 1967 perque
1475 1893 1771 1965 appetitum

209 1995 492 2051 carnalium
538 1992 877 2063 voluptatum
930 1988 1298 2044 discessimus.
1356 1986 1423 2041 Et
1471 1986 1608 2041 bene
1665 1999 1770 2038 non

211 2086 509 2155 simpliciter
538 2082 827 2146 flammam,
884 2081 979 2135 sed
1010 2078 1244 2150 gladium
1285 2076 1419 2132 dicit
1463 2076 1770 2130 flammeum

1736 2195 1752 2221 I

1875 1901 1990 1946 tera
2028 1908 2148 1962 qua:
2203 1890 2482 1961 Scriptura
2533 1905 2689 1945 sacra
2731 1899 2854 1960 post
2880 1890 3234 1960 dejectionem
3283 1890 3453 1945 Adam

1874 1984 1941 2038 de
1981 1983 2233 2052 paradiso
2266 1991 2662 2038 commemorat
2694 1982 2850 2037 initio
2879 1982 3153 2052 sequentis
3181 1980 3301 2036 libri
3328 1996 3455 2036 con-

1875 2074 1921 2129 si
1928 2074 2173 2129 deremus
2185 2111 2204 2129 .

1364 2322 1658 2401 LIBER
1714 2322 2277 2401 SECUNDUS.

715 2612 942 2672 CAPUT
970 2612 1259 2671 PRlMUM.

252 2731 560 2794 Deduobus,
597 2729 653 2783 id
679 2737 773 2791 est,
811 2726 940 2782 Cain
966 2737 1013 2781 et
1036 2725 1161 2781 Abel
1183 2724 1467 2807 fratribus;
1505 2732 1553 2778 et
1588 2740 1741 2794 quem

574 2808 753 2869 typum
783 2813 959 2851 eorum
985 2807 1195 2867 uterque
1219 2804 1394 2865 gessit.

316 2896 454 2967 (CAP.
500 2894 600 2964 tv.)
650 2891 819 2947 Adam
865 2906 991 2946 vero
1034 2890 1286 2962 cognovit
1329 2890 1523 2945 Hevam
1563 2907 1776 2944 uxorem

222 3009 390 3056 suam;
418 3007 532 3061 qua:
556 2988 790 3058 concepit
828 2995 879 3040 et
905 2986 1100 3057 peperit
1127 2983 1277 3046 Cain,
1320 2982 1496 3036 dicens
1518 2996 1536 3033 :
1560 2979 1779 3035 Possedi

1882 2610 2000 2663 erit.
2030 2609 2136 2665 Sed
2168 2610 2262 2665 sub
2290 2620 2339 2664 te
2370 2611 2466 2665 erit
2489 2611 2747 2681 appetitus
2777 2611 2916 2680 ejus,
2936 2622 2984 2666 et
3021 2620 3076 2666 tu
3109 2613 3459 2671 dominaberis

1881 2702 2044 2757 illius.
2093 2701 2427 2758 Necessitate
2474 2701 2850 2773 compellimur
2894 2702 2949 2757 in
2996 2703 3218 2775 singulis
3257 2706 3459 2763 diutius

1884 2794 2181 2850 immorari.
2218 2793 2496 2864 Siquidem
2530 2801 2586 2848 et
2607 2808 2751 2848 nunc
2777 2792 2945 2848 multo
2976 2793 3031 2847 in
3059 2793 3286 2850 Hebrazo
3321 2796 3460 2853 alius

1884 2901 2046 2958 quam
2087 2887 2141 2942 in
2176 2886 2526 2958 Septuaginta
2569 2885 2985 2941 translatorihus
3023 2901 3211 2942 sensus
3240 2895 3342 2943 est.
3371 2889 3463 2944 Ait

1883 2979 2029 3034 enim
2056 2980 2197 3033 Deus
2229 2978 2296 3032 ad
2323 2976 2456 3033 Cain
2481 2994 2493 3031 :
2528 2977 2706 3043 Quare
2746 2978 3010 3043 irasceris,
3033 2987 3080 3032 et
3102 2979 3461 3049 quare‘conci-

222 3058 459 3134 hominem
482 3095 573 3150 per
597 3077 782 3131 Deum.
811 3074 943 3130 Cain
974 3073 1247 3144 acquisiuo
1272 3071 1385 3126 sive
1411 3071 1663 3142 possessio
1699 3070 1779 3124 iu-
1805 3058 1849 3120 Ο
1880 3072 1957 3127 dit
1990 3072 2160 3128 vultus
2189 3072 2351 3126 tuus?
2385 3069 2575 3126 Nonne
2608 3072 2655 3125 si
2684 3071 2809 3126 bene
2833 3071 2997 3142 egeris
3016 3070 3307 3126 dimittetur
3329 3070 3463 3125 tibi?

228 3175 550 3238 terpretatur,
587 3164 641 3220 id
670 3174 783 3230 est,
815 3160 1174 3234 xrﬁmc,unde
1198 3157 1577 3230 etymologiam
1609 3156 1778 3227 ipsius

228 3259 534 3328 exprimens,
565 3256 678 3310 ait:
714 3253 916 3310 canithi
945 3261 1127 3317 ηψπ,
1176 3251 1229 3306 id
1253 3258 1358 3317 est,
1386 3250 1589 3320 possedi
1613 3249 1783 3303 homi—

231 3363 331 3400 nem
361 3363 447 3417 per
470 3346 659 3400 Deum.

291 3438 608 3509 Rursumque
640 3439 834 3510 peperit
869 3438 984 3510 ejus
1017 3438 1233 3507 fratrem
1265 3434 1412 3492 Abel.
1452 3434 1586 3490 Abel
1617 3436 1782 3491 inter-

228 3538 449 3599 pretatur
492 3531 687 3597 luctus,
728 3530 841 3587 sive
879 3530 1102 3595 vanitas,
1132 3527 1218 3582 vel
1248 3544 1407 3597 vapor
1435 3535 1527 3582 aut
1565 3526 1783 3583 misera-

231 3619 351 3674 bilis.

291 3710 409 3766 Fuit
435 3721 611 3766 autem
647 3709 774 3765 Abel
809 3719 989 3782 pastor
1027 3710 1219 3774 ovium,
1262 3718 1309 3763 et
1347 3707 1481 3763 Cain
1528 3708 1779 3779 agricola.

236 3797 434 3855 Factum
469 3810 545 3856 est
583 3810 755 3854 autem
787 3809 899 3871 post
938 3798 1129 3854 multus
1170 3799 1299 3865 dies,
1328 3808 1384 3852 ut
1414 3800 1622 3868 offerret
1651 3799 1811 3858 Cain.

233 3890 287 3944 de
298 3890 541 3968 fructibus
569 3900 723 3944 terra:
742 3907 958 3944 munera
980 3891 1203 3945 Domino
1218 3909 1239 3957 ;
1257 3890 1382 3945 Abel
1405 3900 1577 3945 autem
1602 3889 1786 3968 obtulit

233 3966 657 4050 de'primogenitis
683 3980 852 4050 gregis
880 3980 996 4046 sui,
1038 3990 1084 4034 et
1120 3978 1184 4033 de
1212 3979 1452 4053 adipibus
1489 3966 1716 4042 eorum;
1738 3987 1788 4032 et

234 4071 429 4139 respexit
470 4069 724 4124 Dominus
779 4070 846 4123 ad
884 4069 1011 4123 Abel
1064 4078 1112 4124 et
1161 4070 1231 4123 ad
1273 4085 1490 4123 munera
1531 4086 1688 4139 ejus:
1717 4069 1787 4121 ad

235 4157 349 4213 Cain
374 4177 485 4214 vero
521 4170 569 4214 et
592 4161 662 4214 ad
686 4177 903 4214 munera
930 4160 1043 4230 ejus
1073 4177 1173 4213 non
1202 4162 1441 4231 respexit.
1470 4158 1624 4216 Unde
1650 4160 1789 4215 scire

233 4249 388 4317 potuit
422 4248 553 4304 Cain
597 4249 739 4318 quod
780 4246 965 4304 fratris
1001 4263 1224 4304 munera
1272 4249 1599 4320 suscepisset
1624 4248 1785 4312 Deus,

234 4347 280 4391 et
310 4354 397 4393 sua
432 4338 788 4408 repudiasset,
826 4338 927 4393 nisi
969 4339 1057 4394 illa
1099 4340 1471 4411 interpretatio
1508 4356 1635 4395 vera
1680 4349 1788 4408 est,

1882 3172 1930 3217 et
1969 3164 2017 3217 si
2054 3180 2157 3218 non
2200 3163 2324 3217 bene
2367 3162 2567 3233 egeris,
2634 3171 2754 3216 ante
2811 3162 2951 3231 fores
2996 3172 3263 3231 peccatum
3312 3171 3461 3215 tuum

1880 3257 2096 3323 sedebit,
2125 3270 2173 3311 et
2201 3257 2272 3311 ad
2306 3266 2355 3311 te
2375 3258 2595 3311 societas
2623 3257 2761 3327 ejus,
2788 3256 2879 3311 sed
2913 3266 2968 3310 tu
2994 3257 3161 3328 magis
3192 3255 3462 3310 dominare

1880 3346 2015 3417 ejus.
2048 3346 2202 3415 Quod
2239 3355 2421 3403 autem
2456 3346 2607 3410 dicit,
2649 3344 2826 3412 Quare
2847 3346 3110 3410 irasceris,
3150 3355 3207 3401 et
3249 3345 3463 3400 invidia:

1885 3436 1937 3491 in
1973 3435 2197 3492 fratrem
2233 3437 2403 3493 livore
2442 3436 2737 3503 cruciatus,
2772 3435 2979 3491 vultum
3008 3435 3250 3492 demittis
3269 3435 3322 3490 in
3351 3443 3460 3489 ter-

1886 3528 2037 3581 ram?
2068 3525 2261 3582 Nonne
2288 3528 2331 3582 si
2352 3527 2479 3581 bene
2507 3526 2709 3597 feceris,
2735 3527 3027 3590 dimittetur
3053 3527 3146 3581 tibi
3174 3542 3334 3583 omne
3362 3527 3461 3582 dc-

1884 3616 2113 3672 lictum?
2150 3618 2282 3683 sive,
2326 3625 2386 3671 ut
2411 3617 2742 3673 Theodotion
2785 3618 2880 3685 ait,
2903 3617 3217 3688 acceptabile
3252 3618 3370 3685 erit,
3407 3618 3461 3672 id

1886 3717 1989 3775 est,
2020 3723 2218 3763 munus
2248 3716 2396 3762 tuum
2439 3707 2754 3778 suscipiam,
2785 3716 2845 3762 ut
2875 3708 3083 3777 suscepi
3124 3723 3318 3763 munus
3345 3708 3459 3763 fra-

1891 3801 1989 3855 tris
2020 3799 2117 3855 tui.
2166 3798 2319 3866 Quod
2348 3799 2394 3854 si
2431 3798 2570 3853 male
2599 3799 2795 3869 egeris,
2827 3798 2972 3854 illico
2999 3806 3280 3868 peccatum
3310 3807 3463 3853 tuum

1888 3899 2012 3946 ante
2036 3890 2360 3946 vestibulum
2390 3889 2615 3955 sedebit,
2646 3897 2702 3945 et
2725 3889 2816 3944 tali
2838 3889 3074 3959 ianitore
3098 3888 3461 3944 comitaberis.

1888 3984 2087 4041 Verum
2133 3984 2257 4055 quia
2303 3983 2459 4038 liberi
2512 3981 2723 4037 arbitrii
2767 3996 2846 4048 es,
2893 3996 3088 4037 moneo
3130 3989 3192 4036 ut
3230 3997 3337 4035 non
3384 3981 3462 4035 tui

1887 4083 2192 4146 peccatum,
2223 4076 2317 4131 sed
2353 4083 2409 4129 tu
2435 4083 2658 4145 peccato
2705 4074 3017 4133 domineris.
3064 4072 3217 4140 Quod
3240 4085 3371 4127 vero
3406 4072 3459 4126 in
3530 4066 3555 4087 ‘

1890 4164 2240 4236 Septuaginta
2269 4164 2467 4235 legitur
2493 4181 2505 4216 :
2534 4164 2679 4218 Dixit
2705 4164 2960 4217 Dominus
2994 4163 3064 4217 ad
3093 4161 3261 4216 Cain:
3286 4159 3463 4227 Quare

1889 4254 2052 4309 tristis
2070 4254 2241 4324 factus
2275 4255 2368 4308 es?
2399 4265 2447 4307 et
2478 4269 2642 4323 quare
2667 4251 2891 4306 concidit
2917 4252 3083 4321 facies
3113 4250 3244 4304 tua?
3274 4247 3465 4303 Nonne

1831 4398 1838 4404 .
1889 4346 1936 4401 si
1974 4356 2109 4400 recte
2145 4345 2357 4414 offeras,
2402 4353 2537 4399 recte
2574 4351 2747 4397 autem
2794 4358 2897 4397 non
2934 4342 3162 4408 dividas,
3201 4342 3466 4413 peccasti?

232 4443 377 4497 quam
404 4428 740 4485 Theodotion
770 4430 947 4499 posuit
986 4447 1001 4486 :
1042 4429 1110 4483 Et
1154 4430 1496 4501 inﬂammarit
1528 4430 1785 4486 Dominus
1815 4432 1864 4491 D
1890 4435 2015 4507 quia
2059 4450 2164 4490 non
2208 4434 2385 4489 elucet
2428 4448 2526 4488 cur
2565 4431 2650 4487 vel
2696 4432 2837 4487 unde
2878 4433 2947 4487 sit
2992 4431 3220 4498 dictum,
3264 4431 3465 4487 multos

232 4536 371 4588 super
393 4519 518 4574 Abel
546 4530 595 4574 et
617 4519 934 4588 sacriﬁcium
961 4520 1109 4591 ejus;
1134 4536 1287 4591 super
1306 4520 1441 4578 Cain
1473 4539 1590 4577 vero
1619 4531 1668 4577 et
1696 4540 1786 4577 su-

232 4629 314 4679 per
345 4614 662 4683 sacriﬁcium
693 4613 807 4683 ejus
849 4630 951 4668 non
978 4615 1342 4685 inﬂammavit.
1392 4615 1574 4686 Ignem
1606 4624 1786 4671 autem

232 4704 292 4757 ad
315 4705 632 4760 sacrificium
668 4704 1033 4760 devorandum
1069 4705 1284 4760 solitum
1313 4706 1501 4761 venire
1529 4707 1594 4762 de
1626 4705 1782 4767 caelo,

232 4805 281 4848 et
316 4794 368 4849 in
406 4795 742 4850 dedicatione
789 4795 970 4865 templi
1010 4794 1111 4850 sub
1133 4794 1418 4851 Salomone
1456 4796 1704 4866 legimus,
1733 4804 1788 4849 et.

231 4885 429 4951 quando
454 4885 599 4940 Elias
648 4884 702 4939 in
750 4892 932 4940 monte
978 4882 1227 4941 Carmelo
1265 4886 1565 4941 construxit
1593 4883 1785 4939 altare.

233 4971 307 5026 Ab
347 4974 712 5045 omnipotente
756 4989 988 5045 namque
1023 4975 1133 5031 Deo
1160 4991 1353 5031 munus
1389 4991 1457 5030 ex
1480 4991 1641 5031 manu
1682 4992 1788 5031 non

235 5062 502 5133 accipitur,
540 5065 683 5133 quod
719 5064 883 5119 corde
911 5064 1143 5133 obligato
1176 5065 1229 5119 in
1265 5065 1465 5121 malitia
1495 5065 1785 5137 profertur.

236 5148 476 5208 llundare
526 5154 725 5209 etenim
773 5153 924 5224 prius
969 5154 1128 5210 debet
1172 5157 1430 5222 animum,
1462 5158 1551 5228 qui
1596 5173 1793 5213 munus

235 5238 414 5297 offerre
459 5244 573 5298 vult
617 5243 751 5309 Deo,
805 5244 928 5313 quia
976 5260 1136 5301 omne
1181 5246 1324 5316 quod
1366 5247 1527 5302 datur
1561 5249 1693 5314 Deo,
1723 5262 1793 5306 οῖ

235 5327 400 5387 dantis
427 5342 606 5389 mente
634 5343 911 5405 pensatur.

299 5420 568 5495 [ratusque
603 5434 679 5479 est
716 5423 849 5478 Cain
889 5426 1223 5489 vehementer,
1268 5437 1317 5480 et
1358 5429 1580 5483 concidit
1623 5430 1792 5485 vultus

237 5512 356 5580 ejus.
396 5516 461 5569 Et
491 5517 624 5570 dixit
650 5516 907 5571 Dominus
939 5518 1009 5570 ad
1031 5534 1149 5571 eum
1172 5531 1191 5568 :
1219 5517 1394 5583 Quare
1431 5522 1598 5575 iratus
1640 5540 1712 5586 es,
1743 5534 1791 5577 et

236 5616 322 5653 cur
344 5607 561 5663 concidit
585 5607 747 5675 facies
764 5607 898 5661 tua?
926 5607 1115 5663 Nonne
1138 5610 1182 5663 si
1203 5608 1327 5664 bene
1354 5613 1518 5682 egeris
1545 5613 1794 5684 recipies?

233 5695 305 5746 sin
328 5707 496 5751 (tutam
520 5697 676 5778 male,
700 5698 873 5752 statim
905 5702 956 5752 in
986 5699 1183 5771 foribus
1206 5711 1474 5771 peccatum
1513 5713 1655 5757 tuum
1698 5706 1793 5758 ad-

1887 4539 2079 4579 sensus
2113 4522 2324 4594 peperit
2358 4522 2439 4578 eis
2474 4521 2797 4587 obscuritas,
2827 4537 2951 4578 cum
2976 4521 3281 4577 divinarum
3313 4523 3463 4577 Scri-

1887 4623 2169 4685 pturarum
2197 4616 2425 4687 quisque
2454 4622 2721 4671 tractator
2748 4613 3042 4669 secundum
3071 4614 3194 4670 fidei
3223 4615 3462 4687 regulam

1889 4704 1944 4758 id
1968 4713 2197 4761 conatur
2221 4719 2512 4775 exponere.
2564 4705 2730 4760 [lecte
2763 4704 2965 4775 quippe
2999 4704 3224 4761 ollertur
3258 4706 3468 4762 sacriﬁ-

1888 4794 2032 4848 cium
2057 4794 2167 4849 Deo
2196 4808 2346 4859 vero,
2390 4795 2477 4849 cui
2509 4794 2601 4848 uni
2639 4795 3008 4852 tantummodo
3050 4796 3463 4852 sacrificandum

1890 4892 2005 4951 est;
2043 4899 2150 4940 non
2180 4892 2361 4939 autem
2392 4892 2542 4939 recte
2565 4882 2839 4947 dividitur,
2868 4885 2994 4940 dum
3020 4901 3127 4941 non
3154 4886 3466 4941 discernun-

1892 4985 1981 5030 tur
2021 4983 2167 5030 recte
2201 4974 2285 5028 vel
2323 4974 2458 5038 loca,
2497 4973 2582 5029 vel
2630 4983 2889 5044 tempora,
2935 4975 3186 5046 velipsae
3222 4990 3310 5030 res
3343 4990 3465 5043 quae

1891 5065 2221 5131 oﬂ'eruntur;
2272 5065 2358 5119 vel
2402 5064 2495 5134 qui
2539 5063 2717 5131 otfert,
2759 5073 2816 5120 et
2857 5067 2946 5121 cui
2989 5066 3242 5131 otl‘ertur;
3278 5066 3363 5120 vel
3410 5066 3465 5119 in

1891 5156 2084 5226 quibus
2112 5156 2180 5211 ad
2204 5155 2529 5210 vescendum
2557 5155 2898 5212 distribuitur
2924 5156 3067 5226 quod
3092 5155 3329 5211 oblatum
3357 5163 3462 5219 est,

1885 5254 1951 5300 ut
1984 5246 2305 5301 divisionem
2349 5246 2438 5302 hic
2480 5246 2863 5304 discretionem
2915 5247 3308 5319 intelligamus;
3348 5248 3463 5303 sive

1891 5353 2012 5392 cum
2038 5334 2262 5392 offertur
2291 5337 2382 5392 ubi
2416 5353 2525 5392 non
2553 5346 2783 5408 oportet,
2805 5347 2900 5394 aut
2924 5339 3067 5407 quod
3106 5353 3211 5393 non
3247 5337 3344 5403 ibi,
3370 5339 3466 5393 sed

1894 5430 2022 5485 alibi
2051 5438 2295 5501 oportet;
2328 5431 2442 5486 sive
2470 5447 2591 5487 cum
2615 5431 2840 5486 offertur
2860 5432 3074 5501 quando
3100 5447 3206 5486 non
3231 5440 3464 5502 oportet,

1895 5531 1989 5577 aut
2017 5522 2158 5593 quod
2199 5540 2305 5579 non
2343 5534 2488 5590 tunc,
2519 5524 2611 5579 sed
2653 5523 2787 5578 alias
2814 5532 3055 5593 oportet;
3091 5524 3209 5580 sive
3245 5538 3368 5579 cum
3414 5522 3467 5578 id

1895 5611 2120 5669 offertur
2145 5615 2286 5684 quod
2316 5629 2576 5684 nusquam
2610 5620 2665 5667 et
2700 5629 2969 5683 nunquam
3002 5615 3223 5684 penitus
3244 5614 3459 5677 debuit;

1898 5703 2011 5761 sive
2038 5721 2159 5760 cum
2190 5706 2442 5762 electiora
2476 5705 2575 5758 sibi
2602 5703 2840 5773 ejusdem
2870 5709 3083 5776 generis
3108 5722 3289 5767 rerum
3321 5715 3469 5761 tenet
