3958 6204
469 253 576 310 ωδ

1111 255 1168 306 Β.
1213 254 1466 308 ΠΑΒΑἳ-ἐι
1510 254 1730 309 ΜΑῐιιι
1764 254 2027 310 ARCHLEE

2134 255 2436 313 MOGUNT.
2478 258 2761 322 OPEllUM
2796 259 2974 315 PARS
3025 259 3064 313 Ι.

3614 267 3708 346 aut

465 363 628 418 homo
665 378 826 432 quam
865 370 992 416 sunt
1027 377 1088 416 ca
1131 379 1254 433 qua:
1287 361 1456 419 offert
1481 363 1621 428 Deo;
1655 363 1769 417 sive
1803 362 1918 431 ejus
1962 363 2038 417 rei
2066 365 2116 426 Α
2143 374 2346 420 rentur.
2405 367 2556 424 Nunc
2600 379 2780 424 autem
2831 371 3140 440 ignorantes
3192 372 3275 429 Dei
3328 367 3616 442 justitiam,
3661 389 3713 435 et

465 471 586 526 quae
623 455 802 510 oblata
841 463 925 510 est
963 453 1022 509 ﬁt
1058 455 1329 526 particeps
1372 453 1630 526 profanus
1667 465 1759 509 aut
1793 455 2034 524 quilibet,

463 560 624 616 quem
658 544 740 599 fas
762 559 869 598 non
900 545 983 598 est
1018 543 1152 599 fieri.
1193 543 1252 598 lu
1279 561 1386 618 quo
1421 555 1602 600 autem
1633 545 1822 603 borum
1854 539 2066 616 displi?

461 634 637 690 cuerit
681 633 814 690 Cain
861 633 1002 700 Deo,
1050 635 1205 691 facile
1251 652 1358 690 non
1401 631 1586 705 potest
1623 637 1868 690 inveniri.
1931 635 2037 692 Sed

461 725 716 794 quoniam
764 723 997 780 Joannes
1040 726 1333 796 apostolus,
1387 742 1509 782 cum
1553 727 1618 782 de
1663 727 1748 781 bis
1782 725 2036 782 fratribus

455 809 790 886 loqueretur.
831 815 954 872 Non
979 817 1136 881 sicut,
1170 817 1363 885 inquit,
1392 815 1523 870 Cain
1556 833 1620 870 ea:
1648 815 1878 887 maligno
1901 825 2034 877 erat,

459 917 507 960 et
545 907 730 961 occidit
765 907 981 980 fratrem
1016 923 1188 960 suum.
1223 904 1290 960 Et
1321 907 1472 976 cujus
1501 907 1573 962 rei
1599 907 1776 976 gratia
1810 905 2038 959 occidit?

461 999 588 1070 quia
620 1014 775 1068 opera
813 997 954 1052 illius
984 998 1214 1067 maligna
1243 996 1477 1066 fuerunt,
1507 995 1688 1066 fratris
1717 1007 1888 1050 autem
1922 997 2036 1065 ejus

449 1090 602 1160 justa
651 1089 699 1160 (Ι
727 1087 887 1144 Joan.
928 1087 1034 1158 Ill).
1080 1087 1248 1144 Datur
1294 1102 1422 1160 ergo
1478 1085 1702 1157 intelligi
1749 1094 2035 1155 propterea

456 1196 567 1234 non
617 1179 917 1248 respexisse
939 1173 1228 1233 Dominum
1276 1179 1328 1231 in
1367 1192 1562 1231 munus
1606 1174 1742 1244 ejus,
1775 1176 1898 1246 quia
1934 1175 2036 1230 hoc

456 1288 576 1342 ipso
617 1272 758 1327 male
801 1271 1092 1333 dividebat,
1132 1271 1267 1325 dans
1309 1270 1420 1324 Deo
1467 1269 1668 1337 aliquid
1703 1283 1883 1332 suum,
1934 1265 2052 1337 sibi

456 1373 638 1420 autem
679 1365 936 1433 seipsum.
985 1363 1138 1430 Quod
1171 1378 1360 1418 onmes
1401 1360 1627 1428 faciunt,
1656 1361 1746 1432 qui
1786 1377 1890 1417 non
1919 1361 2035 1425 Dei,

454 1454 550 1510 sed
593 1469 746 1510 suam
791 1463 1062 1510 sectantes
1100 1452 1454 1518 voluntatem,
1505 1451 1558 1506 id
1591 1461 1694 1515 cst,
1737 1437 1841 1506 non
1887 1460 2037 1505 recto

455 1547 550 1601 sed
593 1561 850 1616 perverso
895 1547 1054 1600 corde
1099 1545 1392 1608 venientes,
1434 1541 1666 1597 offerunt
1712 1552 1888 1596 numen
1926 1541 2036 1596 Deo

457 1654 674 1702 mimus,
706 1652 813 1707 quo
844 1619 1184 1707 pulant'eum
1224 1635 1440 1699 redimi,
1468 1645 1528 1690 ut
1552 1649 1742 1690 eorum
1780 1649 1884 1687 non
1920 1633 2036 1702 opi-

456 1729 661 1784 tuletur
707 1729 964 1783 sanandis
1005 1727 1186 1796 pravis
1223 1725 1629 1797 cupiditatibus,
1669 1725 1763 1779 sed
1807 1724 2032 1794 explen-
2061 1711 2108 1770 Β

457 1821 542 1876 dis
571 1840 585 1877 :
619 1829 675 1874 et
722 1819 823 1874 hoc
857 1827 942 1874 est
971 1827 1200 1880 terrenae
1243 1819 1524 1889 proprium
1570 1819 1828 1882 civitatis,
1871 1817 2030 1873 deum

455 1912 541 1967 vel
566 1913 694 1966 deos
719 1911 899 1966 colere
937 1910 1132 1979 quibus
1157 1909 1537 1980 adjuvantibus
1566 1919 1752 1984 regnet
1783 1911 1838 1965 in
1865 1911 2033 1965 victo-

455 2006 554 2060 riis
581 2013 634 2060 et
675 2020 806 2074 pace
835 2014 1070 2069 terrena,
1113 2019 1219 2058 non
1263 2005 1526 2060 cbaritate
1571 2005 1902 2070 consulendi,
1937 2005 2031 2060 sed

455 2096 764 2152 dominandi
806 2089 1118 2167 cupiditate.
1169 2095 1301 2150 Boni
1336 2096 1533 2166 quippe
1565 2094 1633 2149 ad
1673 2081 1776 2150 hoc
1808 2102 2032 2149 utuntur

457 2189 679 2252 mundo,
705 2196 761 2245 ut
783 2187 1030 2242 fruantur
1043 2186 1183 2252 Deo;
1213 2187 1340 2242 mali
1368 2195 1546 2241 autem
1570 2195 1757 2242 contra
1777 2194 1836 2240 ut
1855 2185 2034 2240 fruan-

451 2292 544 2337 tur
564 2282 788 2346 muudo,
823 2283 902 2336 uti
929 2281 1113 2336 volunt
1137 2280 1268 2348 Deo,
1292 2279 1384 2349 qui
1417 2288 1597 2334 tamen
1625 2293 1748 2335 eum
1777 2278 2029 2345 vel-csse,

449 2373 537 2428 vel
565 2388 652 2430 res
681 2373 945 2428 humanas
973 2387 1165 2427 curare
1195 2387 1300 2426 non
1324 2371 1568 2430 credunt.

490 2463 770 2542 ‘Dizritque
795 2461 930 2516 Cain
972 2461 1041 2515 ad
1073 2461 1200 2514 Abel
1239 2461 1456 2530 fratrem
1498 2477 1672 2524 suum,
1714 2461 2032 2516 subauditur

449 2571 515 2612 ea
543 2571 666 2627 quae
699 2555 908 2611 locutus
941 2563 1026 2610 est
1049 2554 1327 2610 Dominus.
1377 2552 1717 2623 Superlluum
1758 2561 1843 2608 est
1879 2568 2029 2624 ergo,

452 2647 598 2717 quod
645 2647 698 2701 in
723 2645 1192 2702 Samaritanorum
1236 2654 1290 2698 et
1319 2651 1502 2699 nostro
1529 2643 1800 2698 volumine
1829 2644 2032 2714 reperi-

450 2751 577 2794 tur:
603 2737 952 2792 Transeamus
974 2738 1029 2791 in
1059 2751 1320 2806 campum.

527 2827 759 2899 Cumque
781 2839 946 2882 essent
973 2829 1028 2882 in
1055 2843 1204 2898 agro,
1229 2825 1454 2880 surrexit
1482 2823 1614 2878 Cain
1635 2823 1884 2878 adversus
1907 2822 2032 2878 Abel

311 2907 386 2964 δ”
454 2921 673 2990 fratrem
709 2935 884 2984 suum,
910 2928 959 2972 et
985 2917 1241 2986 interfecit
1272 2933 1412 2981 eum,
1441 2925 1495 2970 et
1519 2925 1736 2970 cmtera.
1767 2915 2030 2983 Nativitas

452 3014 679 3066 duorum
707 3009 938 3064 filiorum
962 3007 1154 3072 Adam,
1185 3003 1588 3060 similitudinem
1617 3005 1779 3058 habet
1801 3004 2027 3058 duorum

2140 471 2293 510 suam
2330 458 2570 514 volentes
2608 460 2968 527 constituere,
3013 461 3136 516 elati
3173 463 3238 516 de
3282 465 3528 532 operibus
3563 465 3711 536 legis,

2138 563 2244 602 non
2285 549 2549 603 lulmiliati
2577 550 2641 604 de
2665 551 2905 620 peccatis
2945 552 3078 616 suis,
3114 567 3220 606 non
3249 554 3589 624 quieverunt,
3621 559 3715 613 sed

2137 638 2474 694 offenderunt
2520 641 2573 695 in
2621 641 2851 713 lapidem
2893 638 3240 712 offensionis,
3296 655 3351 701 et
3392 659 3716 707 exarserunt

2137 729 2412 796 iracundia
2459 731 2716 786 adversus
2749 732 3046 798 Christum,
3085 733 3237 803 cujus
3266 751 3428 804 opera
3470 739 3716 795 videntes

2138 819 2248 874 Deo
2296 829 2516 890 accepta
2558 837 2698 887 esse,
2745 821 3050 879 doluerunt.
3100 823 3318 898 (ϐπ-ενα.)
3363 825 3716 902 'lropologice

2139 921 2514 970 autem~recte
2551 914 2795 982 offertur,
2825 934 2945 973 cum
2989 929 3132 988 recta
3177 921 3470 978 intentione
3513 924 3716 995 aliquid

2138 1006 2347 1075 agitur;
2379 1007 2473 1086 sed
2504 1017 2791 1074 nonrcctc
2816 1010 3090 1078 dividitur,
3121 1014 3164 1067 si
3196 1030 3301 1068 non
3329 1016 3430 1071 hoc
3459 1019 3604 1088 quod
3628 1019 3716 1088 pie

2139 1097 2338 1176 agitur“,
2388 1099 2554 1152 etiam
2601 1100 2868 1154 subtiliter
2913 1103 3270 1159 discernatur.
3332 1105 3521 1162 Oblata
3569 1111 3716 1166 enim

2140 1195 2284 1242 recte
2311 1187 2564 1251 dividere,
2598 1199 2682 1244 est
2711 1191 2962 1260 queelibet
2983 1195 3119 1248 bona
3147 1203 3332 1250 nostra
3359 1199 3532 1252 studia
3563 1200 3715 1256 solli—

2138 1277 2243 1360 cite
2271 1276 2626 1334 discernendo
2663 1296 2891 1350 pensare
2925 1283 3118 1358 :quod
3149 1283 3399 1339 nimirum
3430 1289 3520 1357 qui
3553 1303 3718 1360 agere

2139 1352 2458 1429 dissimulat,
2499 1364 2662 1419 etiam
2691 1375 2835 1428 recte
2860 1352 3093 1422 oﬂ'ercns
3121 1360 3326 1438 peccat.
3379 1352 3532 1441 Saipe
3558 1352 3717 1427 nam-

2139 1467 2245 1522 que
2282 1462 2337 1507 et
2379 1454 2520 1522 quod
2551 1453 2695 1510 bono
2737 1456 2916 1510 studio
2958 1457 3213 1526 gerimus,
3243 1459 3368 1514 dum
3403 1461 3718 1518 discernere

2139 1557 2296 1600 caute
2318 1545 2656 1617 negligimus,
2673 1563 2778 1617 quo
2791 1548 3065 1617 judicetur
3080 1551 3194 1614 sine
3209 1551 3312 1606 fine
3332 1553 3634 1618 nescimus;
3663 1566 3718 1608 et

2139 1651 2523 1706 nonnunquam
2561 1638 2664 1711 hoc
2701 1638 2762 1692 fit
2795 1650 2976 1694 reatus
3010 1641 3274 1707 criminis,
3322 1643 3465 1713 quod
3494 1653 3719 1714 putatur

2137 1742 2302 1780 causa
2325 1726 2559 1781 virtutis.
2599 1727 2762 1783 Recte
2790 1745 2918 1800 ergo
2952 1727 3247 1797 offerimus,
3275 1746 3398 1787 cum
3433 1731 3576 1787 bono
3601 1743 3716 1787 stu—

2137 1817 2225 1872 dio
2255 1819 2454 1874 bonum
2493 1835 2627 1888 opus
2663 1819 2904 1890 agimus;
2953 1820 3046 1876 sed
3090 1831 3236 1877 recte
3269 1839 3373 1876 non
3403 1821 3712 1888 dividimus,

2135 1911 2181 1966 si
2210 1911 2409 1966 habere
2435 1911 2815 1966 discretionem
2860 1912 2912 1965 in
2949 1911 3090 1968 bono
3116 1897 3277 1984 Opere
3302 1915 3711 1982 postponamus‘.

2134 2003 2317 2073 Itaque
2353 2011 2476 2073 post
2503 2003 2618 2059 hzec
2645 2005 2909 2059 occiditur
2932 2003 3065 2060 Abel
3101 2006 3276 2060 minor
3303 2014 3452 2070 natu,
3485 2020 3516 2057 a
3546 2003 3716 2060 fratre

2134 2091 2338 2161 majore
2363 2102 2515 2148 natu.
2560 2091 2836 2149 Occiditur
2862 2094 3109 2150 Christus
3149 2103 3313 2164 caput
3355 2095 3590 2150 minoris-
3623 2107 3710 2168 po-

2133 2185 2244 2256 puli
2275 2195 2425 2250 natu,
2467 2201 2497 2240 a
2523 2186 2720 2256 populo
2739 2186 3046 2242 Iudaeorum
3089 2189 3309 2258 majoris
3334 2196 3482 2242 natu.
3542 2187 3636 2242 llle
3661 2187 3714 2241 in

2134 2291 2363 2346 campo,
2416 2277 2517 2332 iste
2563 2279 2615 2332 in
2658 2276 2920 2333 Calvarim
2970 2278 3106 2334 loco.
3177 2277 3360 2351 (Isid.)
3414 2279 3715 2350 lnterrogat

2133 2367 2276 2424 Deus
2297 2355 2450 2435 Cain,
2485 2385 2589 2424 non
2623 2377 2879 2440 tanquam
2915 2359 3132 2441 ignarus
3159 2385 3282 2425 eum
3311 2385 3341 2424 a
3373 2384 3479 2438 quo
3517 2369 3711 2434 discat,

2135 2460 2229 2516 sed
2267 2469 2520 2531 tanquam
2553 2459 2717 2530 judex
2755 2477 2928 2526 reum,
2959 2475 3116 2530 quem
3153 2460 3360 2530 puniat,
3387 2459 3476 2514 ubi
3508 2459 3579 2515 sit
3609 2457 3716 2514 fra-
3812 2479 3818 2486 ·

2137 2562 2217 2608 ter
2246 2553 2380 2623 ejus.
2415 2554 2711 2624 Respondit
2753 2555 2845 2610 ille
2871 2556 3080 2610 nescire
3115 2570 3196 2620 se,
3224 2569 3325 2610 nec
3361 2555 3476 2624 ejus
3501 2569 3562 2608 se
3591 2568 3713 2609 esse

2134 2646 2430 2700 custodem.
2459 2645 2640 2716 Usque
2665 2661 2807 2701 nunc
2835 2645 2962 2717 quid
2994 2646 3318 2716 respondent
3345 2645 3499 2699 nobis
3517 2643 3711 2708 Judasi,

2134 2753 2256 2792 cum
2289 2750 2382 2792 eos
2407 2736 2522 2802 Dei,
2557 2737 2660 2792 hoc
2691 2746 2774 2792 est
2807 2747 3118 2793 sanctarum
3148 2736 3554 2806 Scripturarmn
3584 2750 3714 2790 voce

2134 2828 2532 2898 interrogamus
2569 2828 2636 2882 de
2668 2827 2918 2884 Christo?
2960 2827 3041 2882 illi
3081 2827 3293 2882 nescire
3338 2841 3396 2881 se
3434 2824 3713 2880 Christum

2135 2920 2480 2990 respondent.
2537 2919 2714 2974 Fallax
2759 2921 2903 2975 enim
2938 2917 3071 2974 Cain
3108 2917 3372 2989 ignoratio
3401 2917 3710 2972 Judmorum

2133 3019 2218 3064 est
2245 3009 2379 3064 falsa
2407 3011 2638 3080 negatio.
2665 3011 2862 3064 Essent
2885 3021 3065 3064 autem
3090 3007 3484 3079 quodammodo
3506 3007 3710 3062 Christi

450 3099 792 3170 populorum,
819 3097 914 3167 qui
951 3105 1108 3152 erant
1134 3096 1362 3151 diversis
1405 3095 1733 3166 temporibus
1767 3093 1834 3149 ad
1869 3094 2028 3148 fidem
2056 3083 2099 3146 C
2131 3098 2404 3164 custodes,
2436 3099 2480 3154 si
2506 3098 2864 3175 Christianam
2898 3097 3055 3154 [idem
3084 3097 3328 3169 accipere
3357 3106 3411 3152 ct
3437 3097 3710 3152 custodire

449 3194 688 3257 venturi,
714 3192 831 3262 pari
857 3205 1018 3262 opere
1043 3199 1098 3244 et
1122 3190 1369 3246 dissimili
1401 3189 1668 3244 charitate
1691 3198 1817 3244 ante
1835 3190 2025 3244 Deum.

450 3283 581 3339 Fuit
619 3294 792 3338 autent
827 3281 954 3346 Abel
984 3294 1164 3352 pastor
1187 3280 1380 3346 ovium,
1402 3289 1449 3334 et
1471 3279 1602 3337 Cain
1635 3280 1886 3350 agricola.
1923 3279 2030 3336 Sed

451 3377 596 3432 sicut
645 3374 776 3429 Cain
823 3373 1148 3439 sacrifici-um
1211 3386 1276 3426 ex
1324 3379 1480 3426 terrae
1527 3370 1793 3426 fructibus
1842 3385 2029 3442 repro-

447 3469 627 3532 batur,
663 3464 794 3518 Abel
842 3473 1023 3519 autem
1067 3461 1396 3518 sacrificium
1441 3476 1508 3516 ex
1536 3461 1726 3518 ovibus
1753 3469 1808 3516 et
1841 3477 2027 3518 earum

450 3557 608 3627 adipe
643 3553 956 3624 suscipitur,
1000 3552 1074 3607 ita
1115 3551 1248 3606 Novi
1284 3551 1612 3606 Testamenti
1653 3551 1806 3619 fides,
1847 3567 1914 3606 ex
1945 3554 2025 3608 in-

452 3647 717 3704 nocentiae
767 3646 944 3717 gratia
968 3645 1135 3701 Deum
1183 3645 1428 3710 laudans,
1457 3645 1666 3700 Veteris
1695 3646 2026 3703 'i'cstamcnti

446 3739 680 3804 terrenis
705 3735 961 3807 operibus
992 3735 1356 3806 anteponitur.
1399 3735 1545 3790 Dixit
1594 3735 1734 3790 Deus
1762 3737 1831 3789 ad
1861 3736 2024 3790 Cain:

447 3830 506 3887 Si
537 3840 667 3886 recte
695 3831 908 3900 offeras,
937 3838 985 3884 et
1004 3838 1138 3888 recte
1158 3845 1261 3883 non
1286 3829 1510 3894 dividas,
1537 3831 1781 3898 peccasti,
1814 3830 2020 3900 utique,

443 3923 570 3992 quia
597 3932 653 3978 et
688 3923 734 3977 si
765 3928 923 3975 antea
949 3917 1120 3980 Judaei
1167 3928 1318 3976 recte
1353 3928 1499 3975 recta
1545 3920 1632 3974 illa
1671 3921 1938 3988 fecerunt,
1971 3923 2024 3976 in

444 4030 506 4070 ea
536 4024 717 4068 tamen
739 4011 1071 4067 infidelitatis
1097 4009 1174 4065 rei
1189 4017 1334 4076 sunt,
1347 4002 1492 4080 quia,
1517 4009 1733 4066 Christo
1753 4013 2022 4079 veniente,

437 4104 553 4173 jam
569 4111 777 4174 tempus
793 4100 928 4158 Novi
943 4101 1273 4168 Testamenti
1300 4118 1332 4158 a
1363 4112 1600 4174 tempore
1617 4103 1826 4170 Veteris
1837 4105 2028 4173 Testa-

441 4193 614 4249 menti
657 4209 762 4248 non
785 4192 1167 4248 distinxerunt.
1198 4191 1334 4264 Quia
1361 4193 1501 4249 sicut
1526 4193 1571 4248 si
1598 4195 2026 4266 obtemperasset

440 4284 578 4338 Cain
597 4282 710 4338 Deo
739 4283 942 4338 dicen-ti
971 4301 983 4335 :
1012 4281 1230 4348 Quiesce
1248 4322 1264 4350 ,
1292 4283 1389 4339 sub
1417 4292 1464 4338 te
1485 4285 1583 4338 erit
1605 4287 1862 4356 appetitus
1885 4287 2021 4356 ejus,

443 4383 493 4429 et
529 4373 879 4428 dominaberis
901 4383 960 4426 tu
983 4373 1148 4440 illius,
1187 4375 1256 4430 ad
1282 4390 1342 4430 se
1369 4376 1727 4432 convertisset
1743 4385 2024 4446 peccatum

443 4478 600 4518 suum
630 4462 736 4517 sibi
762 4462 866 4516 hoc
892 4463 1155 4530 tribuens,
1195 4473 1250 4520 et
1275 4464 1551 4521 confidens
1590 4466 1645 4520 in
1681 4466 1819 4532 lleo;
1853 4482 1918 4522 ac
1942 4463 2022 4524 sic

441 4554 660 4624 adjutus
696 4568 794 4622 per
824 4553 1166 4624 indulgentiae
1205 4555 1458 4625 gratiam,
1500 4555 1616 4624 ipse
1658 4564 1883 4625 peccato
1923 4571 2022 4612 suo

441 4647 833 4712 dominaretur,
860 4661 968 4700 non
996 4645 1086 4701 illo
1113 4645 1214 4702 sibi
1244 4645 1569 4710 dominante,
1598 4661 1786 4702 servus
1811 4648 2018 4717 peccati

441 4741 670 4798 fratrem
705 4737 974 4792 occideret
1013 4737 1371 4792 innocentem.
1405 4735 1495 4793 Sic
1523 4745 1574 4793 et
1599 4737 1768 4794 Judaei
1800 4738 1854 4794 in
1887 4755 2021 4810 quo-

441 4844 566 4884 rum
615 4827 944 4898 haec‘ligura
979 4826 1328 4896 gerebantur,
1369 4827 1415 4882 si
1454 4827 1796 4897 quiescerent
1847 4846 1879 4884 a
1917 4844 2015 4884 sua

439 4919 870 4996 perturbatione,
899 4926 954 4972 et
982 4926 1193 4988 tempus
1221 4917 1407 4973 salutis
1437 4933 1534 4988 per
1557 4919 1787 4990 gratiam
1813 4920 1868 4974 in
1891 4935 2017 4991 pec-

439 5021 690 5070 catorum
734 5009 1103 5066 remissionem
1149 5019 1556 5081 cognoscentes,
1589 5012 1838 5068 audirent
1866 5012 2018 5069 Chri-

441 5114 588 5162 stum
613 5103 882 5158 dicentem
909 5118 924 5156 :
951 5098 1071 5161 Non
1095 5101 1209 5156 veni
1236 5117 1420 5156 vocare
1437 5102 1634 5172 justas,
1663 5104 1753 5165 sed
1779 5116 2018 5175 peccato-

439 5214 522 5253 res
557 5195 626 5250 ad
650 5192 1024 5266 penitentiam,
1065 5200 1210 5258 tunc
1225 5193 1292 5248 ad
1325 5207 1385 5249 se
1415 5202 1796 5252 converterent
1823 5209 2015 5263 pecca-

441 5298 555 5344 tum
595 5299 750 5340 suum
779 5283 836 5338 in
863 5281 1218 5348 confessione,
1257 5283 1398 5338 sicut
1431 5281 1486 5344 in
1514 5282 1719 5352 psalmo
1754 5285 2012 5354 scriptum

440 5383 545 5436 est,
588 5373 848 5444 propheta
883 5373 1132 5429 dicente:
1173 5371 1286 5443 Ego
1319 5371 1452 5437 dia'i,
1483 5371 1729 5438 Domine,
1772 5374 2014 5428 miserere

441 5465 589 5522 mei:
630 5480 761 5518 sana
801 5465 1032 5518 animum
1073 5479 1262 5528 meam,
1288 5464 1413 5534 quia
1454 5463 1658 5532 peccavi
1703 5463 1795 5517 tibi
1837 5461 2008 5536 (Psal.

442 5556 554 5624 λι),
603 5557 885 5626 eidemque
937 5569 1156 5626 peccato
1215 5556 1452 5627 quandiu
1511 5566 1692 5612 essent
1741 5558 1916 5613 adhuc
1957 5559 2009 5614 in

445 5648 657 5703 mortali
696 5663 940 5720 corpore,
993 5666 1087 5724 per
1133 5664 1278 5720 spem
1331 5647 1518 5720 gratiae
1568 5646 1719 5703 liberi
1768 5647 2013 5704 domina-

2132 3187 2442 3243 voluissent.

2200 3279 2345 3334 Dixit
2369 3279 2509 3334 Deus
2542 3281 2612 3334 ad
2642 3277 2816 3335 Cain:
2841 3279 2981 3347 Quid
3011 3281 3222 3352 fecisti?
3277 3279 3392 3336 Vos:
3435 3273 3710 3352 sanguinis
3737 3265 3748 3310 ἶ

2129 3369 2308 3439 fratris
2333 3371 2411 3424 tui
2437 3369 2630 3425 clamat
2661 3371 2730 3425 ad
2760 3388 2840 3426 me
2866 3372 2930 3426 de
2958 3383 3118 3426 terra.
3147 3372 3239 3428 Sic
3263 3373 3442 3444 arguit
3469 3373 3525 3427 in
3555 3373 3711 3428 Scri-

2128 3460 2300 3530 pturis
2338 3461 2540 3516 sanctis
2572 3476 2674 3516 vox
2705 3462 2884 3517 divina
2912 3459 3159 3530 Iudaeos;
3213 3464 3376 3518 habet
3403 3463 3552 3519 enim
3592 3478 3713 3518 ma-

2129 3564 2288 3618 gnam
2312 3566 2496 3606 vocem
2522 3551 2718 3608 Christi
2762 3553 2983 3623 sanguis
3017 3553 3069 3608 in
3097 3563 3239 3610 terra
3271 3570 3415 3620 cum,
3460 3569 3528 3609 eo
3556 3569 3714 3610 acce-

2127 3648 2242 3710 pto,
2277 3639 2345 3694 ab
2381 3640 2632 3697 omnibus
2677 3643 2926 3713 gentibus
2974 3643 3326 3714 respondetur
3359 3658 3538 3698 amen.
3580 3641 3714 3698 Haec

2128 3746 2212 3790 est
2244 3750 2342 3793 vox
2381 3735 2547 3802 clara,
2589 3751 2692 3790 vox
2753 3738 3061 3810 sanguinis,
3117 3754 3280 3808 quam
3329 3738 3550 3809 sanguis
3593 3738 3713 3808 ipse

2128 3829 2382 3898 exprimit
2427 3845 2492 3885 ex
2538 3845 2634 3886 ore
2670 3831 2906 3886 fidelium
2951 3832 3140 3887 eodem
3187 3831 3449 3902 sanguine
3496 3831 3714 3887 redem-

2126 3926 2372 3988 pwmm:

2197 4011 2338 4064 Dicit
2365 4010 2506 4066 Deus
2531 4011 2602 4066 ad
2625 4012 2758 4070 Cain
2778 4029 2796 4066 :
2832 4011 3144 4080 Maledictus
3169 4014 3272 4067 eris
3301 4029 3458 4083 super
3485 4021 3710 4076 terram,

2124 4115 2242 4169 qua:
2281 4101 2484 4170 aperuit
2526 4117 2582 4156 os
2607 4118 2784 4174 suum,
2821 4111 2866 4156 et
2896 4103 3118 4172 suscepit
3160 4106 3470 4174 sanguinem
3519 4103 3712 4173 fratris

2125 4189 2204 4244 tui
2237 4189 2302 4244 de
2327 4206 2486 4244 manu
2519 4199 2632 4244 tua.
2672 4191 2824 4247 Unde
2851 4190 2982 4246 Cain
3019 4191 3360 4247 maledicitur
3393 4194 3446 4246 in
3482 4200 3714 4262 peccato

2127 4294 2254 4343 suo,
2295 4280 2351 4357 in
2386 4289 2612 4349 peccato
2647 4295 2778 4335 vero
2801 4279 2930 4334 Ada:
2976 4289 3119 4334 terra
3167 4279 3545 4336 maledicitur?
3598 4278 3711 4335 nisi

2125 4370 2254 4441 quia
2302 4369 2434 4426 Cain
2502 4370 2709 4426 sciebat
2774 4370 3172 4425 damnationem
3241 4370 3714 4440 praevaricationis

2124 4464 2346 4534 primae,
2392 4471 2448 4519 et
2490 4479 2597 4519 non
2635 4463 2816 4520 timuit
2859 4463 3105 4535 originali
3149 4475 3376 4534 peccato
3422 4463 3714 4519 fratricidii

2123 4556 2483 4625 superaddere
2511 4555 2704 4620 scelus,
2737 4553 2858 4610 ideo
2878 4554 3083 4625 majore
3103 4553 3482 4609 maledictione
3509 4554 3716 4626 dignus

2121 4646 2442 4702 habebatur.
2479 4644 2792 4701 Maledictus
2825 4654 2910 4700 est
2944 4645 3088 4700 enim
3132 4644 3365 4715 populus
3395 4643 3715 4700 Judarornm

2120 4736 2354 4793 infidelis
2393 4752 2424 4791 a
2453 4745 2618 4802 terra,
2647 4736 2700 4791 id
2733 4745 2838 4802 est,
2869 4737 2938 4791 ab
2965 4735 3215 4802 ecclesia,
3245 4752 3368 4806 quae
3402 4736 3618 4806 aperuit
3648 4749 3718 4790 os

2120 4843 2278 4884 suum
2309 4829 2362 4881 in
2387 4827 2725 4884 confessione
2747 4837 3090 4898 peccatorum
3113 4827 3360 4896 accipere
3385 4827 3716 4898 sanguinem

2119 4915 2344 4982 Christi,
2378 4917 2470 4988 qui
2500 4916 2704 4972 effusus
2729 4925 2813 4973 est
2861 4917 2915 4973 in
2945 4915 3319 4972 remissionem
3351 4924 3721 4986 peccatorum

2119 5008 2394 5074 omnium,
2435 5007 2502 5062 de
2546 5023 2708 5063 manu
2739 5007 3104 5078 persecutoris
3145 5005 3385 5060 nolentis
3427 5012 3545 5060 esse
3602 5005 3720 5060 sub

2119 5100 2310 5172 gratia,
2333 5099 2430 5154 sed
2457 5100 2556 5154 sub
2573 5098 2714 5166 iege,
2742 5106 2802 5152 ut
2827 5105 2978 5154 esset
2996 5099 3065 5153 ab
3089 5096 3332 5153 Ecclesia
3357 5095 3718 5162 maledictns,

2120 5191 2174 5246 id
2201 5198 2304 5256 est,
2333 5199 2393 5244 ut
2423 5196 2778 5261 responderet
2813 5203 2938 5246 eum
2969 5189 3036 5245 ab
3067 5189 3307 5244 Ecclesia
3353 5187 3719 5244 maledictum

2123 5283 2441 5338 testiﬁcante
2473 5279 2776 5351 Apostolo:
2821 5282 3134 5352 Quicunque
3174 5283 3314 5335 enim
3349 5298 3414 5336 ea:
3454 5279 3719 5349 operibus

2115 5377 2244 5444 legis
2271 5382 2412 5438 sunt,
2444 5371 2539 5426 sub
2566 5371 2840 5426 maledicto
2863 5381 2983 5425 sunt
3019 5371 3144 5442 legis
3170 5371 3358 5444 (Hebr.
3381 5371 3479 5441 vl).

2189 5463 2320 5518 Cum
2363 5474 2607 5534 operatus
2637 5462 2801 5532 fueris
2841 5481 2988 5526 eam,
3031 5479 3134 5518 non
3177 5463 3322 5516 dabit
3361 5461 3452 5515 tibi
3488 5461 3719 5530 fructus

2116 5572 2256 5609 suos.
2299 5555 2354 5609 ln
2396 5555 2508 5624 ipsa
2547 5555 2690 5610 enim
2722 5564 2865 5610 terra
2895 5570 3056 5624 quam
3087 5553 3334 5610 Christus
3359 5552 3622 5625 portavit,
3663 5554 3722 5608 id

2115 5657 2216 5714 est,
2250 5649 2301 5702 in
2330 5645 2444 5718 ejus
2471 5663 2654 5714 carne,
2675 5632 2787 5718 ipsi
2813 5647 3016 5718 operati
3049 5655 3171 5703 sunt
3199 5646 3421 5704 salutem
3451 5654 3720 5704 nostram
