3974 6200
286 247 423 314 m5.

1334 245 1689 303 COMMENT.
1731 250 1795 305 IN
1832 248 2154 306 GENESIM.
2194 283 2264 295 -—
2303 254 2431 310 LlB.
2475 255 2539 311 ll.

3467 278 3575 337 506

290 360 664 434 cruciﬁgendo
689 358 985 427 Christum,
1023 362 1117 431 qui
1154 372 1399 419 mortuus
1429 372 1511 419 est
1538 376 1759 437 propter
1787 366 1878 420 dc-
1906 369 1956 428 Α
1982 368 2146 423 diosa:
2193 370 2383 424 mortis
2425 370 2581 427 ﬁnire
2633 375 2897 437 cruciatu,
2957 392 3057 432 nec
3107 348 3324 437 tradens
3372 398 3569 453 ptenze,

293 457 427 512 lieta
452 463 662 520 nostra;
702 470 802 509 nec
831 462 1013 509 tamen
1042 456 1123 510 eis
1150 456 1297 527 dedit
1320 456 1512 513 eadem
1544 466 1689 515 terra
1714 460 1886 514 virtu-

291 561 405 606 tem
443 563 618 613 suam,
648 547 775 618 quia
809 562 916 602 non
948 532 1228 617 ju'Stiﬁcati
1264 560 1391 605 sunt
1411 551 1613 605 virtute
1641 566 1886 608 resurre-

290 641 493 698 ctionis
534 637 671 708 ejus,
708 640 801 708 qui
821 641 1131 695 tresurrexit
1173 652 1393 713 propter
1435 641 1883 712 iustiﬁcationem

291 740 558 787 nostram.
592 730 695 798 Qui
727 739 784 787 et
810 731 853 785 si
887 731 1179 786 cruciﬁxus
1203 740 1289 786 est
1320 747 1387 786 ex
1417 731 1754 797 inﬁrmitate,
1786 735 1882 789 sed

290 824 429 879 vivit
461 824 514 878 in
540 825 740 878 virtute
767 823 882 877 Dei.
916 821 1040 876 llaec
1063 831 1147 877 est
1174 837 1304 893 ergo
1332 823 1505 878 virtus
1532 832 1688 878 terra:
1717 825 1878 891 illius,

290 930 458 987 quam
501 929 609 970 non
643 914 879 971 ostendit
928 914 1109 984 impiis
1152 923 1211 969 et
1251 914 1560 972 incredulis.
1603 915 1754 971 Unde
1781 931 1883 971 nee

292 1020 586 1076 resurgens
636 1007 718 1062 eis
772 1012 803 1061 a
851 1006 1047 1075 quibus
1096 1016 1216 1061 erat
1265 1006 1557 1061 cruciﬁxus
1606 1009 1876 1076 apparuit,

294 1110 553 1169 tanquam
601 1098 735 1154 Cain
792 1099 1035 1169 operanti
1084 1108 1318 1179 terram,
1368 1107 1427 1153 ut
1473 1114 1701 1169 granum
1749 1100 1879 1155 illud

290 1191 679 1245 seminaretur.

364 1284 550 1355 Vagus
584 1274 640 1338 et
678 1274 955 1354 profugus,
984 1284 1117 1347 sive,
1154 1293 1214 1345 ut
1254 1285 1308 1339 in
1347 1282 1695 1354 Septuaginta
1747 1285 1883 1339 seri--

291 1386 439 1448 ptum
463 1384 564 1438 est,
591 1375 812 1429 Gemens
840 1384 887 1429 et
915 1386 1140 1429 tremens
1165 1374 1268 1430 eris
1296 1376 1353 1428 in
1379 1377 1540 1430 terra.
1568 1374 1721 1431 Nunc
1749 1391 1875 1431 ecce

292 1470 411 1540 quis
449 1484 557 1523 non
589 1468 802 1531 videat,
842 1468 964 1537 quis
1006 1484 1110 1521 non
1153 1476 1413 1538 agnoscat
1450 1468 1502 1522 in
1547 1476 1659 1522 tota
1707 1477 1875 1533 terra,

291 1571 611 1632 Quacunque
649 1561 926 1629 dispersus
957 1569 1040 1615 est
1072 1560 1160 1614 ille
1198 1560 1461 1630 populus,
1501 1562 1770 1630 quomodo
1803 1562 1877 1617 sit

288 1663 469 1723 vagus
504 1654 557 1706 in
606 1644 874 1721 gentibus,
923 1659 980 1705 et
1016 1651 1275 1719 profugus
1304 1666 1333 1705 a
1360 1639 1694 1707 Jerusalem?
1739 1665 1872 1720 quo-

1988 474 2093 528 qua
2121 461 2297 529 seipse
2324 463 2675 521 damnaverat
2724 467 2840 525 ait:
2865 467 2989 523 Non
3017 471 3111 536 sic,
3147 471 3198 526 id
3219 482 3323 538 est,
3361 492 3466 530 non
3497 479 3568 531 ita

1986 562 2044 606 ut
2070 553 2308 608 aestimas
2356 557 2623 623 morieris,
2650 567 2705 613 et
2739 570 2966 615 mortem
3004 579 3102 633 pro
3149 566 3387 620 remedio
3431 570 3570 623 ceci-

1984 643 2122 712 pies,
2151 658 2338 698 verum
2367 645 2517 700 vives
2542 663 2710 717 usque
2738 649 2802 703 ad
2832 652 3113 720 septimam
3144 657 3566 724 generationem,

1984 743 2038 788 et
2063 735 2408 789 conscientia:
2435 745 2538 805 tua:
2579 738 2698 809 igne
2731 742 3090 809 torqueberis,
3127 744 3198 798 ita
3240 754 3297 799 ut
3337 747 3569 817 quicun-

1981 840 2087 895 que
2123 836 2174 881 te
2201 828 2484 895 occiderit,
2517 833 2813 886 secundum
2845 834 3111 904 duplicem
3138 838 3566 910 intelligentiam,

1981 926 2075 971 aut
2123 918 2177 972 in
2221 920 2451 989 septima
2504 924 2873 991 generatione,
2915 935 3003 980 aut
3046 943 3264 997 magno,
3284 939 3336 983 te
3378 931 3570 986 liberet

1980 1009 2221 1064 cruciatu
2252 1029 2264 1063 :
2292 1027 2398 1066 non
2449 1015 2592 1083 quod
2641 1014 2781 1094 ipse”
2809 1016 2901 1086 qui
2951 1020 3284 1086 percusserit
3311 1020 3442 1075 Cain
3486 1038 3571 1077 se-

1979 1110 2125 1171 ptem
2181 1102 2478 1177 ultionibus
2523 1106 2888 1174 subjiciendus
2927 1094 3017 1176 sit,
3047 1112 3140 1166 sed
3170 1114 3313 1182 quod
3360 1123 3566 1184 septem

1977 1191 2247 1255 vindictas
2276 1210 2395 1263 quze
2443 1196 2496 1250 in
2522 1195 2652 1252 Cain
2693 1207 2841 1254 tanto
2894 1209 3136 1271 tempore
3183 1218 3565 1271 cucurrerunt,

1979 1282 2152 1338 solvat
2193 1285 2245 1339 in
2284 1285 2602 1354 interfecto,
2651 1291 2905 1346 occidens
2942 1309 3063 1347 eum
3095 1294 3185 1363 qui
3221 1294 3399 1351 fuerat
3444 1298 3568 1351 vita:

1978 1374 2266 1431 derelictus
2309 1378 2375 1431 ad
2415 1390 2654 1448 pmnam.
2699 1380 2959 1461 Majorum
3000 1396 3307 1440 nostrormn
3352 1388 3453 1442 ista
3486 1398 3570 1443 est

1977 1468 2264 1531 sententia,
2292 1470 2432 1537 quod
2458 1480 2649 1539 putant
2673 1472 2740 1527 .in
2779 1476 3007 1543 septima
3035 1479 3380 1547 generatione
3409 1496 3438 1534 a
3466 1480 3568 1534 La-

1976 1557 2131 1611 meeb
2168 1557 2510 1614 interfectum
2550 1560 2703 1617 Cain.
2750 1563 2922 1618 Adam
2951 1566 3149 1637 quippe
3178 1569 3362 1637 genuit
3388 1569 3561 1634 Cain;

1975 1644 2111 1701 Cain
2140 1649 2325 1721 genuit
2353 1649 2571 1716 Enocb;
2604 1652 2789 1708 Enocb
2817 1656 3001 1724 genuit
3032 1657 3186 1723 lrad;
3234 1658 3355 1713 lrad
3384 1661 3569 1729 genuit

288 1736 445 1799 modo
488 1752 673 1813 gemat
709 1756 945 1796 mterore
983 1741 1167 1796 amissi
1212 1740 1384 1812 regni,
1428 1749 1484 1795 et
1524 1749 1719 1795 tremat
1761 1750 1870 1795 tre-
1898 1729 1944 1788 B
1973 1739 2271 1807 Malmiael;
2309 1734 2575 1799 Mahuiael
2602 1746 2789 1814 genuit
2830 1746 3121 1814 Matusael;
3182 1749 3444 1811 Matusael
3476 1770 3567 1824 ge-

288 1851 434 1892 mere
468 1836 572 1890 sub
601 1833 1083 1890 innumerabilibus
1104 1832 1314 1905 populis
1340 1832 1699 1887 Christianis?
1722 1832 1871 1887 lico-

288 1942 386 1997 que
419 1926 702 1995 respondit
727 1924 861 1981 Cain
893 1926 1079 1982 dicens
1106 1944 1144 1979 ε·

353 2014 534 2088 Major
566 2028 642 2072 est
680 2019 930 2089 iniquitas
959 2035 1097 2083 mea,
1128 2024 1382 2090 quamnt
1417 2021 1620 2079 veniam
1646 2035 1865 2074 merear.

289 2109 416 2164 Ecce
455 2110 609 2179 ejicis
649 2127 732 2164 me
762 2109 918 2164 hodie
962 2127 996 2164 ιε
1038 2110 1176 2177 facie
1209 2121 1398 2175 terrae,
1450 2120 1500 2165 et
1541 2128 1573 2164 a
1601 2109 1737 2180 facie
1777 2120 1870 2164 tua

290 2202 610 2267 abscondar;
654 2211 705 2258 et
730 2219 820 2256 ero
846 2218 1010 2274 vagus
1039 2212 1086 2257 et
1117 2203 1370 2273 profugus
1396 2203 1452 2256 in
1482 2212 1647 2257 terra.
1692 2200 1871 2271 Igitur

289 2293 445 2347 omnis
463 2295 555 2364 qui
585 2293 836 2348 invenerit
874 2310 972 2357 me,
1007 2293 1207 2350 occidet
1239 2309 1341 2346 me.
1391 2291 1738 2361 Desperando
1766 2290 1871 2345 lioo

286 2385 426 2441 dixit.
461 2386 757 2457 Postquam
784 2373 928 2442 enim
954 2385 1086 2441 Cain
1114 2385 1390 2440 occiderat
1423 2382 1666 2447 fratrem,
1699 2382 1868 2436 inter-

288 2481 498 2548 rogatus
530 2493 561 2532 a
592 2476 848 2544 Domino,
887 2470 989 2532 Ubi
1009 2486 1083 2532 est
1114 2475 1242 2531 Abel
1276 2476 1445 2545 frater
1481 2474 1645 2528 tuus?
1676 2481 1868 2528 contu-

288 2571 502 2626 meliose
541 2571 896 2642 responderat
921 2569 1147 2632 Nescio;
1180 2566 1434 2639 numquid
1475 2575 1646 2620 custos
1683 2564 1866 2634 fratris

287 2662 377 2716 inci
402 2665 563 2717 sum?
586 2669 759 2737 Quam
788 2666 862 2721 ob
901 2676 1019 2717 rem
1056 2661 1437 2718 maledictione
1466 2661 1776 2721 damnatus,
1807 2663 1866 2711 ut

287 2750 499 2821 gémens
525 2767 580 2805 et
608 2760 851 2805 tremens
873 2750 1081 2805 viveret
1124 2764 1287 2819 super
1319 2757 1541 2813 terram,
1570 2747 1738 2802 voluit
1766 2763 1860 2803 ve-

286 2843 417 2897 niam
448 2842 762 2912 deprecari;
800 2842 895 2897 sed
930 2842 1167 2912 peccatis
1200 2848 1423 2910 peccata
1453 2838 1859 2910 congeminans,

287 2940 487 2987 tantum
514 2934 728 3003 putavit
778 2931 947 2996 nefas,
980 2932 1065 2988 cui
1097 2948 1128 2986 a
1151 2928 1263 2987 Ded
1290 2947 1397 2987 non
1425 2939 1611 3001 posset
1631 2930 1858 3002 ignosci.

284 3014 516 3094 Denique
558 3025 841 3095 respondit
875 3025 943 3079 ad
965 3024 1249 3079 Dominum
1278 3042 1291 3077 :
1322 3021 1502 3093 Major
1537 3036 1699 3076 causa
1722 3038 1857 3087 mea,

1976 1832 2095 1886 nuit
2124 1831 2399 1905 Lamach;
2438 1835 2530 1905 qui
2575 1837 2835 1905 septimus
2866 1839 2942 1907 ab
2970 1836 3175 1905 Adam,
3201 1836 3306 1894 non
3352 1850 3563 1912 sponte,

1975 1924 2116 1980 sicut
2137 1925 2192 1980 in
2224 1927 2460 1995 quodam
2488 1927 2713 1984 Hebrum
2740 1930 3013 1985 volumine
3042 1931 3320 1997 scribitur,
3350 1933 3568 1989 interie-

1973 2015 2047 2069 cit
2074 2014 2226 2070 Cain.
2258 2016 2327 2071 Et
2353 2017 2469 2086 ipse
2499 2025 2688 2085 postea
2726 2018 3018 2073 conﬁtetur
3044 2038 3057 2071 :
3086 2019 3224 2085 Quia
3256 2022 3424 2075 virum
3446 2072 3451 2077 .
3473 2040 3565 2076 oc-

1972 2106 2079 2159 cidi
2114 2107 2169 2159 in
2197 2105 2405 2160 vulnere
2440 2123 2573 2172 meo,
2617 2116 2666 2160 et
2698 2107 2945 2177 juvenem
2980 2108 3035 2162 in
3068 2108 3231 2163 livore
3260 2127 3408 2177 meo;
3435 2129 3566 2182 quo—

1971 2196 2114 2250 niam
2154 2196 2342 2267 sepiies
2382 2196 2731 2255 vindicabitur
2759 2196 2823 2251 de
2850 2193 3002 2263 Cain,
3029 2199 3093 2252 de
3114 2198 3339 2254 Lameclt
3387 2210 3562 2253 autent

1968 2292 2261 2362 septuagies
2298 2292 2502 2362 septies.
2542 2291 2833 2346 Referebat
2878 2292 3011 2346 mibi
3058 2292 3273 2365 quidem
3301 2291 3561 2348 llebtmus

1968 2384 2026 2447 in
2053 2383 2376 2454 apocrypbis
2397 2399 2585 2439 eorum
2630 2383 2804 2448 libris,
2832 2383 3173 2465 septuaginta
3210 2391 3416 2454 septem
3447 2382 3564 2437 ani-

1969 2494 2086 2534 mas
2112 2494 2178 2534 ex
2208 2478 2445 2533 Lamecb
2486 2478 2741 2554 progenie
2778 2477 3035 2546 reperiri,
3084 2492 3203 2546 qua:
3240 2476 3441 2531 diluvio
3469 2475 3563 2530 de-

1965 2570 2085 2627 leta:
2112 2572 2252 2636 sint;
2285 2578 2340 2625 et
2380 2571 2436 2625 in
2467 2571 2570 2625 hoc
2599 2584 2828 2624 numero
2862 2567 3067 2623 factam
3109 2583 3229 2623 esse
3261 2566 3556 2622 vindictam

1966 2663 2033 2721 de
2057 2662 2316 2730 Lainecb,
2361 2661 2507 2733 quod
2554 2677 2723 2733 genus
2772 2660 2939 2731 ipsius
2978 2676 3148 2730 usque
3184 2660 3251 2714 ad
3295 2647 3561 2728 cataclys-

1965 2772 2113 2812 mum
2144 2771 2298 2825 aquae
2326 2754 2779 2827 perseveraverit.
2818 2753 2923 2806 Alii
2958 2752 3024 2808 de
3062 2760 3267 2821 septem
3306 2749 3558 2806 vindictis

1963 2848 2096 2904 Cain
2138 2848 2289 2903 varia
2337 2846 2721 2918 suspicantur,
2768 2853 2826 2899 et
2869 2844 3106 2913 primum
3149 2839 3265 2910 ejus
3306 2848 3558 2896 asserunt

1962 2946 2243 3008 peccatum
2274 2936 2443 2992 fuisse
2469 2937 2613 3006 quod
2638 2951 2746 2991 non
2776 2942 2921 2990 recte
2953 2932 3227 2999 diviserit;
3261 2932 3558 3010 secundum

1963 3029 2105 3098 quod
2152 3028 2408 3087 inviderit
2457 3027 2642 3092 fratri;
2696 3025 2915 3081 tertium
2965 3024 3107 3094 quod
3157 3018 3341 3081 dolose
3380 3022 3553 3093 egerit

285 3132 425 3184 quam
450 3125 506 3169 ut
528 3116 787 3181 dimittar,
826 3114 877 3169 id
907 3124 1011 3180 est,
1040 3115 1161 3184 plus
1187 3114 1430 3185 peccavi,
1463 3129 1623 3184 quam
1653 3122 1712 3169 ut
1747 3129 1860 3170 me-
1888 3082 1933 3146 C
1964 3120 2150 3176 dicens
2176 3138 2190 3172 :
2218 3117 2570 3172 Transeamus
2611 3117 2665 3170 in
2692 3132 2966 3186 campum;
2994 3122 3248 3183 quartum
3280 3113 3423 3183 quod
3447 3113 3557 3166 .in-

282 3202 396 3261 rear
420 3206 653 3262 absolvi.
688 3207 829 3261 Ecce
855 3207 1000 3277 ejicis
1035 3222 1116 3260 me
1152 3225 1184 3260 a
1208 3205 1551 3277 {acieterrte,
1592 3217 1642 3260 et
1670 3223 1702 3259 a
1725 3205 1860 3275 facie

286 3304 367 3350 tua
398 3298 738 3362 absco‘ndar;
778 3307 827 3352 et
855 3314 943 3352 ero
972 3306 1178 3368 gemens
1222 3308 1271 3352 et
1303 3307 1525 3351 tremens
1568 3312 1724 3367 super
1758 3307 1859 3350 ter-

286 3400 421 3441 ram.’
458 3386 528 3441 Et
571 3389 693 3453 erit,
741 3388 908 3442 omnis
932 3389 1021 3458 qui
1062 3388 1312 3441 invenerit
1352 3403 1465 3449 me,
1515 3386 1712 3440 occidet
1755 3402 1854 3439 me.

284 3476 494 3547 Ejicior,
524 3480 718 3549 inquit,
742 3495 772 3533 a
802 3488 1091 3549 conspectu
1116 3490 1225 3544 tuo,
1253 3488 1310 3556 et
1328 3479 1658 3535 conscientia
1683 3479 1857 3535 scele-

282 3572 351 3626 ris
375 3572 551 3627 lucem
599 3573 772 3642 ipsam
815 3571 961 3628 ferre
997 3587 1101 3627 non
1153 3575 1447 3637 sustinens,
1472 3571 1774 3628 abscondar
1799 3580 1859 3626 ut

283 3663 479 3721 latitem
505 3684 517 3719 :
549 3666 783 3736 eritque,
799 3666 976 3721 omnis
1000 3667 1088 3735 qui
1115 3666 1381 3721 invenerit
1405 3681 1492 3721 me
1509 3665 1717 3721 occidet
1745 3679 1854 3729 me,

282 3754 393 3811 dum
420 3772 495 3811 ex
526 3765 765 3813 tremore
793 3758 1038 3827 corporis
1068 3766 1124 3812 et
1156 3756 1366 3812 furiata:
1405 3757 1603 3813 mentis
1627 3756 1851 3826 agitatu,

283 3859 333 3901 se
357 3861 476 3903 esse
501 3846 771 3918 intelligat
791 3848 883 3916 qui
914 3860 1191 3903 mereatur
1216 3848 1468 3904 interﬁci.
1504 3848 1684 3919 (lsid.)
1713 3847 1856 3901 Alle-

1964 3207 2271 3274 terfecerit;
2304 3207 2553 3278 quintum
2581 3207 2724 3275 quod
2768 3206 3079 3276 procaciter
3109 3204 3418 3280 negaverit,
3442 3196 3553 3256 Ne-

1959 3300 2069 3357 scio
2084 3318 2104 3366 ;
2134 3308 2347 3355 sextum
2371 3298 2774 3368 quodscipsum
2799 3294 3169 3354 damnaverit:
3198 3293 3378 3363 Major
3397 3293 3553 3363 culpa

1955 3409 2076 3448 mea
2096 3402 2170 3461 est
2190 3407 2349 3462 quam
2373 3400 2430 3444 ut
2452 3390 2730 3454 dimittar;
2781 3388 3075 3459 septimum
3105 3388 3249 3457 quod
3277 3402 3377 3442 nec
3400 3386 3551 3441 dam-

1959 3493 2121 3540 natus
2186 3483 2357 3555 egerit
2411 3481 2812 3554 pmnitentiam,
2870 3482 3165 3537 secundum
3199 3479 3466 3535 Ninivitas
3497 3487 3552 3534 et

1958 3575 2246 3630 Ezechiam
2294 3590 2477 3646 regem
2521 3574 2691 3640 Judte,
2741 3574 2835 3647 qui
2888 3575 3259 3629 imminentem
3316 3582 3547 3629 mortem
3600 3586 3623 3601 ο

1958 3666 2215 3738 lacrymis
2263 3667 2613 3732 distulerunt,
2662 3675 2724 3721 ut
2771 3668 2863 3738 qui
2913 3667 3153 3721 damnati
3192 3665 3407 3720 fuerant
3440 3681 3547 3720 non

1956 3760 2219 3839 perirent,
2248 3759 2344 3814 sed
2378 3767 2600 3829 agentes
2630 3758 3005 3829 paenitentiam
3048 3757 3411 3827 impetrarent,
3445 3756 3548 3809 mi.

1956 3848 2308 3905 sericordiam
2350 3847 2475 3914 Dei;
2517 3856 2573 3902 et
2617 3849 2805 3903 dicunt
2860 3847 3008 3902 illum
3059 3863 3089 3902 a
3124 3839 3544 3902 clementissimo

284 3938 446 4005 gorice
484 3948 689 4002 autem,
734 3954 862 3997 vere
904 3937 1029 3994 inde
1072 3955 1241 4010 vagus
1285 3947 1355 4021 et.
1388 3938 1647 4009 profugus
1689 3939 1855 4009 gemit
1952 3941 2065 3996 Deo
2102 3953 2275 4008 usque
2314 3937 2384 3992 ad
2420 3945 2627 4007 septem
2666 3938 3045 4008 generationes
3092 3936 3257 3991 fuisse
3293 3936 3539 4000 dilatum,

282 4028 491 4096 populus
515 4018 807 4092 Judaicus,‘
834 4042 903 4083 ne
943 4044 1109 4100 regno
1147 4030 1311 4086 etiam
1350 4018 1580 4085 terreno
1619 4030 1849 4102 perdito,

283 4112 371 4170 ista
406 4119 608 4174 visibili
660 4128 833 4176 morte
866 4122 1165 4176 occidatur.
1221 4120 1373 4178 lianc
1419 4120 1550 4176 dicit
1592 4120 1849 4189 majorem

285 4219 692 4280 causam-quam
742 4211 887 4266 illam
934 4214 1077 4281 quod
1123 4213 1173 4269 ei
1220 4223 1362 4268 terra
1405 4222 1588 4269 nostra
1626 4228 1731 4268 non
1758 4212 1850 4267 dat

281 4298 515 4357 virtutem
544 4318 722 4370 suam,
752 4320 821 4360 ne
857 4305 1210 4375 spiritualiter
1234 4300 1515 4361 moriatur.
1546 4306 1849 4362 Camaliter

1952 4032 2075 4089 ideo
2115 4040 2177 4087 ut
2219 4030 2411 4086 saltem
2456 4029 2612 4087 malis
2640 4028 2784 4100 ipsis
2838 4036 2895 4084 et
2930 4030 3100 4099 longae
3136 4028 3257 4082 vitae
3300 4042 3541 4083 man-ore

1951 4122 2277 4190 compulsus,
2317 4121 2693 4189 paenitentiam
2735 4128 2952 4189 ageret,
3001 4128 3057 4173 et
3102 4128 3405 4173 mereretur
3442 4121 3539 4173 ab-

1951 4210 2104 4266 solvi.
2141 4209 2448 4266 Secundum
2477 4210 2762 4282 mysticam
2804 4224 2933 4281 ergo
2975 4208 3383 4278 intelligentiam
3425 4206 3539 4264 luce

1950 4302 2226 4373 responsio
2269 4301 2482 4357 Domini
2532 4302 2600 4355 ad
2644 4300 2808 4366 Cain,
2861 4301 2933 4354 ita
2991 4299 3057 4353 ad
3100 4297 3315 4353 Jttdzeos
3364 4307 3538 4368 potest

280 4390 406 4445 enim
437 4395 581 4463 sapit
607 4404 664 4449 et
699 4395 981 4452 abscondit
1019 4412 1076 4453 se
1108 4413 1137 4451 a
1176 4397 1312 4452 facie
1342 4396 1459 4462 Dei,
1493 4397 1545 4451 id
1587 4405 1692 4461 est,
1738 4396 1843 4450 ira-
1878 4433 1924 4492 Β
1952 4393 2257 4455 transferri,
2295 4390 2654 4447 trementibus
2680 4405 2778 4460 pro
2805 4389 3097 4444 amissione
3145 4389 3295 4457 regni
3330 4397 3537 4457 tempo-

280 4484 377 4534 tum
405 4481 609 4538 habere
630 4483 797 4539 Deum
824 4500 986 4555 grave
1006 4502 1111 4539 non
1134 4493 1315 4555 putat;
1351 4487 1442 4540 sed
1461 4487 1562 4540 hoc
1581 4486 1753 4548 timet,
1779 4501 1846 4540 ne

278 4564 570 4625 inveniatur
607 4579 661 4627 et
696 4574 991 4628 occidatur.
1037 4573 1339 4629 Camaliter
1363 4574 1509 4628 enim
1531 4574 1689 4644 sapit,
1726 4585 1844 4628 tan-

277 4670 419 4725 quam
458 4676 692 4731 operans
733 4671 957 4729 terram,
993 4664 1147 4734 cujus
1174 4665 1430 4719 virtutem
1478 4680 1585 4718 non
1613 4666 1840 4734 accipit;

276 4761 451 4818 sapere
494 4763 672 4808 autem
719 4756 1012 4811 secundum
1055 4770 1295 4821 carnem,
1350 4770 1498 4810 mors
1535 4763 1635 4810 est.
1670 4755 1839 4822 Quam

1952 4483 2100 4539 ralis.
2150 4482 2277 4539 Non.
2310 4483 2408 4547 sic,
2448 4481 2644 4553 inquit,
2677 4480 2891 4536 eveniet
2922 4480 3193 4550 quomodo
3238 4480 3394 4543 dicis,
3427 4497 3534 4534 non

1949 4574 2215 4644 corporali
2260 4579 2436 4628 morte
2478 4571 2721 4626 interibit
2784 4584 2950 4640 genus
2998 4568 3287 4638 impiorum
3346 4583 3535 4624 carna-

1949 4664 2077 4719 lium
2106 4662 2435 4727 Judacorum,
2482 4660 2790 4730 quicunque
2837 4672 2931 4714 eos
2970 4659 3047 4713 ita
3085 4656 3402 4728 perdiderit,
3441 4672 3528 4713 sc-

1947 4763 2090 4825 ptem
2128 4744 2394 4809 vindictas
2436 4752 2698 4819 exsolvet,
2748 4752 2801 4806 id
2829 4760 2934 4817 est,
2976 4750 3186 4806 auferet
3226 4751 3294 4806 ab
3322 4751 3402 4806 eis
3448 4766 3535 4806 se-

277 4834 354 4893 ille
379 4857 485 4898 non
526 4835 855 4914 intelligens,
886 4846 1087 4901 amisso
1116 4860 1282 4914 regno
1326 4847 1494 4915 gemit
1521 4864 1532 4898 :
1560 4854 1614 4901 et
1651 4859 1845 4917 corpu-
1947 4858 2091 4918 ptem
2123 4846 2408 4911 vindictas,
2439 4846 2637 4922 quibus
2667 4844 2871 4916 alligati
2903 4853 3047 4927 sunt,
3068 4851 3292 4914 propter
3318 4852 3529 4899 reatum

277 4930 427 4987 ralem
454 4942 684 4999 mortem
715 4937 915 4990 tremit.
950 4937 1056 4991 Sed
1081 4938 1211 5006 quid
1235 4937 1285 4991 ei
1318 4937 1599 5007 respondit
1628 4937 1806 4992 Deus?

267 5023 273 5063 ἲ
339 5021 678 5097 Nequaquam
719 5028 794 5081 ita
829 5028 951 5096 ﬁet;
992 5029 1082 5083 sed
1106 5032 1276 5084 omnis
1303 5032 1391 5101 qui
1419 5032 1666 5089 occiderit
1685 5030 1838 5098 Cain,

275 5114 543 5182 septuplum
558 5117 824 5187 punietur,
840 5118 970 5183 sive,
992 5128 1050 5173 ut
1065 5118 1414 5191 Septuaginta
1432 5119 1839 5186 transtulerunt,

275 5210 461 5268 septem
490 5206 757 5262 vindictas
804 5208 1064 5264 exsolvet.
1118 5207 1267 5264 Solet
1312 5211 1457 5265 enim
1503 5211 1840 5279 septenarius

277 5300 513 5352 numerus
545 5299 845 5368 saepissime
884 5300 936 5353 in
967 5299 1263 5371 Scripturis
1300 5301 1501 5357 sanctis
1542 5316 1641 5370 pro
1672 5300 1839 5370 pleni-

279 5382 443 5439 tudine
471 5386 762 5457 cujuslibet
789 5389 865 5463 ι·βὶ
898 5390 1043 5459 poni,
1075 5392 1230 5460 quasi
1260 5391 1487 5446 dixisset
1515 5391 1832 5461 gravissima

278 5469 456 5533 ultione
481 5480 817 5551 puniendum
856 5498 995 5546 esse,
1022 5483 1113 5553 qui
1144 5500 1245 5539 nec
1280 5492 1442 5538 tanta:
1472 5483 1833 5538 damnationis

277 5568 551 5626 acerbitate
595 5571 922 5637 admonitus,
967 5590 997 5627 a
1035 5575 1301 5643 sanguine
1343 5573 1613 5629 fundendo
1668 5573 1835 5629 voluit

278 5668 448 5717 manus
473 5663 749 5719 cohibere.
800 5663 996 5720 Verum
1031 5665 1171 5722 Deus
1206 5662 1392 5722 nolens
1422 5682 1545 5721 eum
1577 5682 1832 5736 compen-

1943 4937 2108 4992 occisi
2162 4936 2382 5002 Christi,
2428 4936 2531 4991 hoc
2578 4944 2694 4991 toto
2737 4945 2978 5005 tempore
3018 4938 3160 5005 quod
3218 4934 3528 5004 septenario

1942 5027 2153 5083 dierum
2200 5041 2427 5095 numero
2456 5026 2713 5091 volvitur,
2761 5026 2933 5096 magis
2978 5025 3104 5095 quia
3159 5040 3267 5078 non
3321 5022 3528 5101 interiit

1902 5110 2074 5189 'gens
2097 5116 2279 5173 Judzca
2317 5117 2451 5173 satis
2480 5124 2739 5187 appareat
2780 5115 3027 5171 ﬁdelibus
3052 5111 3397 5178 Christianis,
3429 5117 3525 5169 sed

1941 5209 2110 5265 solam
2144 5209 2532 5280 dispersiouem
2563 5209 2886 5273 meruerint,
2923 5206 3077 5278 juxta
3103 5205 3244 5276 quod
3274 5204 3353 5258 ait
3375 5205 3525 5259 Seri-

1941 5312 2097 5374 ptura
2121 5322 2133 5355 :
2163 5302 2246 5357 Ne
2272 5305 2520 5358 occideris
2546 5318 2721 5368 eos,ne
2738 5301 2949 5372 quando
2986 5299 3353 5352 obliviscantur
3393 5297 3524 5368 legis

1937 5406 2060 5449 tum.
2091 5395 2342 5466 Disperge
2375 5411 2460 5450 eos
2494 5397 2548 5448 in
2575 5396 2761 5448 virtute
2780 5403 2894 5455 tua,
2924 5401 2971 5446 et
2998 5390 3202 5445 destrue
3231 5406 3319 5445 eos
3342 5388 3517 5461 (Psal.

1938 5485 2111 5555 LVIII).

1922 5618 1925 5625 .
2009 5574 2192 5630 Posuit
2217 5577 2470 5633 Dominus
2516 5579 2567 5631 in
2594 5576 2724 5631 Cain
2756 5582 2978 5648 signum,
3012 5588 3063 5630 ut
3090 5593 3191 5629 non
3216 5592 3333 5630 eum
3361 5576 3521 5630 inter-

1932 5666 2106 5734 ﬁceret
2145 5670 2309 5724 omnis
2349 5671 2434 5739 qui
2468 5670 2736 5723 invenisset
2770 5686 2919 5733 cum;
2964 5670 3135 5739 ipsum
3169 5668 3413 5723 \ixlelicct
3445 5666 3518 5722 si-
