3958 6204
410 300 514 358 507

1083 296 1149 352 Β.
1187 292 1439 350 RABANI
1482 292 1701 350 MAURI
1737 290 2051 350 ARCHlEP.
2095 294 2401 352 MOGUNT.
2442 294 2735 359 OPERUM.
2768 297 2945 354 PARS
2980 298 3021 354 Ι.

3562 311 3666 374 508

410 432 596 489 gnum,
624 411 769 484 quod
810 424 1046 467 tremens
1084 419 1140 464 et
1171 422 1413 478 gemens,
1438 422 1606 477 vagus
1640 416 1695 461 et
1729 405 1987 478 profugus
2013 411 2063 470 Α
2089 408 2247 464 istam
2274 410 2568 477 civitatem,
2596 419 2652 467 et
2674 411 2885 467 initium
2911 419 2966 467 et
2989 411 3150 469 linem
3178 415 3664 493 habereqemnum

407 520 623 578 semper
648 494 874 569 viveret,
902 516 1002 557 nec
1030 500 1229 555 audere
1257 514 1379 555 eum
1407 498 1618 568 uspiam
1638 496 1788 552 orbis
1816 504 1988 551 terra-

407 614 529 656 rum
558 597 713 653 sedes
733 595 936 649 habere
962 591 1204 661 quietas;
1237 598 1292 645 et
1321 588 1457 644 forte
1481 588 1682 643 idcirco
1709 587 1983 642 civitatem

404 687 648 745 condidit
682 687 737 740 in
763 700 869 753 qua
905 682 1104 737 salvari
1139 689 1343 751 posset.
1381 679 1496 734 Hoc
1521 693 1709 734 revera
1740 677 1986 732 mirabile

405 790 511 845 est,
552 774 1002 849 quemadmodum
1048 787 1238 827 omnes
1284 779 1473 841 gentes
1506 784 1626 838 quae
1672 784 1702 821 a
1728 766 1985 822 Romanis

406 870 705 940 subjugata:
753 874 918 929 sunt,
972 864 1025 918 in
1071 864 1236 918 ritum
1286 861 1656 916 Romanorum
1704 874 1984 915 sacrorum

406 962 754 1025 transierint,
800 972 970 1028 eaque
1018 954 1298 1024 sacrilegia
1348 952 1684 1008 observanda
1733 960 1786 1006 et
1836 950 1982 1006 cele-

404 1051 611 1108 branda
659 1048 1026 1120 susceperint;
1082 1061 1216 1117 gens
1271 1054 1450 1101 autem
1494 1043 1678 1099 Iudaea
1726 1044 1840 1097 sive
1884 1043 1986 1097 sub

403 1144 626 1216 paganis
672 1142 921 1214 regibus,
973 1141 1086 1195 sive
1131 1140 1231 1195 sub
1270 1137 1617 1202 Christianis,
1658 1151 1763 1190 non
1804 1135 1986 1190 amisit

402 1238 616 1308 signum
660 1236 793 1306 legis
826 1245 879 1290 et
918 1232 1346 1289 circumcisionis
1393 1248 1521 1297 suae,
1571 1246 1677 1301 quo
1713 1246 1742 1285 a
1773 1230 1984 1285 czeteris

400 1330 653 1400 gentibus
683 1328 998 1399 populisque
1047 1326 1425 1396 distinguitur;
1470 1324 1564 1379 sed
1591 1333 1645 1378 et
1672 1324 1849 1379 omnis
1882 1324 1984 1378 im-

398 1429 617 1491 perator
669 1419 755 1475 vel
812 1435 909 1474 rex
952 1419 1043 1488 qui
1095 1431 1190 1473 eos
1237 1418 1291 1471 in
1339 1431 1505 1487 regno
1536 1400 1652 1471 suo
1702 1430 1825 1469 cum
1866 1416 1983 1484 ipso

398 1512 554 1582 signo
584 1525 684 1565 suo
713 1509 942 1575 invenit,
972 1523 1071 1563 nec
1103 1506 1319 1563 occidit.

466 1599 614 1652 Exiit
639 1615 760 1669 ergo
792 1596 923 1652 Cain
951 1616 983 1651 a
1014 1598 1147 1667 facie
1168 1596 1398 1661 Domini,
1425 1604 1472 1650 et
1494 1594 1745 1649 habitavit
1768 1596 1821 1649 in
1842 1602 1983 1648 terra

397 1688 565 1743 Naid.
601 1688 754 1756 Quod
807 1688 948 1742 LXX
998 1687 1135 1742 Naid
1183 1685 1595 1752 transtulerunt,
1647 1687 1702 1739 in
1755 1684 1981 1740 liebrzeo

2090 498 2178 553 ubi
2225 499 2360 554 nihil
2394 499 2675 570 plusquam
2704 503 2848 573 quod
2877 504 3117 559 cernitur
3157 516 3425 576 speratur.
3466 510 3666 588 (σι-ες.)

2087 591 2259 664 iniqui
2285 593 2411 647 dum
2438 593 2604 648 corde
2649 595 2882 649 transire
2925 595 2994 650 ad
3033 602 3238 653 aeterna
3283 600 3578 674 negligunt,
3618 617 3671 664 et

2086 692 2278 737 cuncta
2314 685 2602 754 praesentia
2646 683 2866 756 fugitiva
2905 701 3024 742 esse
3066 704 3171 743 non
3201 689 3495 762 intuentur,
3522 713 3673 754 men-

2086 784 2195 829 tem
2234 774 2288 829 in
2317 790 2503 831 amore
2528 776 2652 830 vita:
2688 778 2974 846 prtesentis
3018 778 3209 851 figunt,
3238 792 3293 837 et
3319 787 3471 854 quasi
3502 787 3670 860 longa:

2086 866 2437 921 habitationis
2485 866 2539 920 in
2587 882 2651 921 ea
2701 867 2802 923 sibi
2864 868 3272 927 fundamentum
3316 886 3669 947 construunt,

2084 956 2210 1025 quia
2239 956 2293 1010 in
2312 956 2529 1011 aeternis
2554 958 2714 1011 rebus
2743 974 2841 1028 per
2867 958 3193 1016 desiderium
3217 979 3321 1018 non
3349 967 3667 1025 solidantur.

2086 1046 2239 1101 Unde
2265 1054 2322 1101 et
2348 1047 2557 1116 primus
2588 1046 2721 1102 Cain
2746 1048 3020 1103 civitatem
3060 1054 3431 1110 construxisse
3463 1056 3670 1114 descri-

2085 1137 2251 1203 bitur,
2295 1146 2356 1191 ut
2399 1145 2586 1208 aperte
2628 1147 3044 1215 monstraretur,
3094 1142 3219 1211 quia
3272 1144 3387 1213 ipse
3430 1145 3486 1200 in
3527 1155 3672 1205 terra

2084 1228 2489 1283 fundamentum
2524 1230 2726 1300 posuit,
2758 1214 2910 1299 quia
2943 1231 3215 1286 soliditate
3241 1243 3456 1295 aeternae
3484 1238 3671 1307 patria:

2084 1319 2290 1374 alienus
2305 1319 2420 1373 fuit.
2437 1318 2761 1391 Peregrinus
2771 1322 2966 1391 quippe
2987 1338 3015 1376 a
3038 1338 3250 1379 summo
3263 1323 3669 1385 fundamentum

2081 1409 2261 1479 posuit
2300 1409 2353 1463 in
2385 1409 2606 1477 infimis,
2645 1411 2773 1480 quia
2816 1412 3101 1468 stationem
3135 1415 3312 1471 cordis
3353 1417 3405 1471 in
3455 1427 3669 1477 terrena

2006 1500 2018 1505 “
2084 1499 2441 1555 delectatione
2465 1501 2764 1557 collocavit.
2792 1502 2946 1559 Unde
2971 1504 3101 1559 etin
3127 1503 3244 1574 ejus
3262 1508 3435 1578 stirpe
3460 1510 3667 1576 Enoch,

2082 1592 2174 1661 qui
2199 1592 2466 1647 dedicatio
2493 1594 2898 1662 interpretatur,
2930 1596 3138 1666 primus
3168 1599 3436 1665 nascitur;
3467 1600 3520 1654 in
3560 1602 3670 1657 elc-
3710 1590 3717 1597 ’

2083 1691 2294 1738 ctorum
2322 1700 2453 1740 vero
2482 1687 2738 1757 progenie
2765 1686 2949 1742 Enoch
2980 1689 3242 1760 septimus
3265 1690 3432 1748 fuisse
3462 1709 3669 1751 memo-

393 1784 502 1839 nod
523 1794 606 1843 τι)
637 1784 857 1847 dicitur,
889 1790 942 1837 et
977 1782 1363 1851 interpretatur
1397 1783 1744 1852 σαλευόμενος,
1783 1780 1836 1835 id
1869 1789 1971 1845 est,
2008 1760 2055 1820 Β
2086 1784 2252 1842 ratur,
2304 1778 2432 1848 quia
2478 1778 2729 1835 videlicet
2768 1779 2981 1849 reprobi
3012 1781 3065 1835 in
3095 1780 3200 1837 hac
3228 1781 3339 1837 vita
3378 1799 3498 1853 quae
3541 1795 3669 1843 ante

392 1877 659 1933 instabilis
692 1889 747 1932 et
771 1853 1054 1939 llu'ctuans,
1087 1883 1140 1929 et
1169 1875 1313 1931 sefis
1344 1876 1583 1930 incerte.
1614 1873 1732 1929 Non
1761 1881 1845 1928 est
1880 1875 1978 1945 igi-

390 1974 483 2022 tur
506 1966 641 2022 Naid
678 1974 844 2031 terra,
874 1974 933 2019 ut
970 1965 1159 2035 vulgus
1201 1975 1511 2020 nostrorum
1551 1972 1725 2034 putat,
1767 1967 1859 2019 sed
1882 1979 1978 2018 ex-

389 2058 568 2128 pletur
598 2058 864 2113 sententia
896 2057 1014 2123 Dei,
1046 2057 1190 2126 quod
1218 2056 1327 2112 huc
1369 2067 1532 2126 atque
1577 2056 1703 2111 illuc
1729 2071 1896 2126 vagus
1923 2066 1976 2111 ct

387 2149 647 2222 profugus
694 2149 984 2205 oberravit.
1036 2147 1234 2203 Contra
1282 2149 1424 2218 quod
1476 2146 1676 2202 malum
1721 2145 1976 2203 Dominus

390 2250 613 2313 rogatur
639 2241 692 2295 in
719 2240 970 2295 Psalmo:
1002 2238 1084 2294 Ne
1118 2239 1323 2293 dederis
1362 2240 1417 2293 in
1455 2248 1598 2292 motu
1630 2237 1784 2308 pedes
1811 2255 1971 2302 meos,

386 2343 435 2387 et
467 2349 654 2388 manus
681 2342 1011 2403 peccatorum
1053 2348 1155 2385 non
1182 2340 1419 2385 moveant
1464 2346 1543 2383 me
1581 2329 1754 2401 (Psal.
1782 2329 1969 2402 xxxv).

388 2423 543 2480 Nunc
578 2440 709 2495 ergo
733 2434 788 2480 et
806 2420 995 2486 Judaei,
1026 2433 1079 2477 et
1107 2438 1294 2477 omnes
1319 2422 1409 2492 qui
1445 2421 1672 2477 diversis
1697 2420 1975 2476 erroribus

384 2526 740 2571 contumaces
765 2522 914 2580 sunt,
946 2514 1252 2569 resistendo
1282 2514 1497 2567 veritati
1522 2521 1726 2568 exeunt
1768 2528 1800 2566 a
1833 2512 1973 2569 facie

385 2607 504 2671 Dei,
557 2606 736 2671 idest,
784 2621 815 2660 a
856 2605 1228 2660 misericordia
1275 2604 1579 2659 dilectionis
1627 2604 1768 2675 ejus,
1806 2603 1892 2659 vel
1938 2620 1971 2658 a

385 2697 799 2769 participatione
833 2697 971 2752 lucis
997 2696 1133 2766 ejus,
1154 2706 1208 2752 et
1239 2698 1488 2752 habitant
1506 2696 1718 2768 profugi
1743 2698 1797 2752 in
1826 2707 1971 2753 terra

386 2790 788 2854 commotionis,
832 2789 886 2843 id
917 2797 1020 2855 est,
1059 2790 1112 2844 in
1143 2788 1551 2859 perturbatione
1580 2788 1807 2854 carnali,
1840 2803 1971 2844 con-

388 2893 476 2938 tra
506 2884 898 2956 jucunditatem
943 2884 1061 2949 Dei,
1104 2884 1209 2938 hoc
1256 2892 1340 2937 est
1383 2891 1570 2938 contra
1617 2882 1787 2947 Eden,
1825 2881 1970 2952 quod

386 2975 775 3046 interpretatur
800 2973 1055 3043 epulatio,
1078 2974 1132 3028 id
1166 2982 1268 3038 est,
1295 2970 1568 3042 piantatus
1592 2970 1897 3041 paradisus.

460 3063 706 3133 Cbgnovit
728 3073 901 3116 antem
927 3060 1057 3116 Cain
1087 3078 1301 3116 uxorem
1331 3078 1504 3128 suam,
1526 3077 1643 3132 qua:
1666 3062 1896 3133 concepit
1922 3071 1970 3115 et

380 3150 578 3223 peperit
628 3148 831 3214 Enoch,
861 3160 911 3203 et
955 3149 1234 3219 trdiﬁeat-it
1280 3148 1413 3204 Cain
1459 3150 1736 3203 civitatem.
1786 3149 1968 3222 (Aug.)

386 3237 659 3306 Quaaritur
684 3236 951 3306 quomodo
985 3234 1115 3290 Cain
1148 3237 1383 3308 potuerit
1414 3238 1647 3293 condere
1671 3239 1963 3302 civitatem,

384 3342 511 3382 cum
541 3325 732 3381 civitas
758 3325 914 3380 alicui
938 3327 1123 3396 utique
1150 3327 1507 3382 constituatur
1530 3328 1803 3383 hominum
1836 3327 1971 3383 mul-

383 3418 638 3484 titudini;
686 3417 763 3472 illi
807 3425 986 3474 autem
1030 3418 1137 3474 duo
1179 3429 1513 3489 parenteset
1536 3420 1641 3475 duo
1670 3420 1764 3475 filii
1804 3420 1971 3476 fuisse

384 3508 715 3575 referuntur,
751 3523 980 3577 quorum
1023 3508 1257 3563 filiorum
1286 3510 1354 3564 ab
1379 3509 1551 3565 altero
1588 3510 1725 3565 alter
1756 3511 1970 3566 occisus

378 3608 483 3657 est.
517 3600 573 3655 lu
602 3599 755 3669 cujus
782 3601 946 3656 occisi
973 3601 1154 3657 locum
1192 3601 1330 3656 alius
1358 3609 1519 3657 natus
1545 3617 1664 3657 esse
1692 3612 1964 3657 narratur.

385 3695 470 3750 An
498 3696 617 3751 ideo
647 3694 871 3768 quaestio
894 3703 998 3760 est,
1022 3695 1275 3764 quoniam
1305 3695 1396 3764 qui
1422 3694 1625 3765 legunt,
1655 3702 1845 3763 putant
1876 3709 1967 3751 so-

386 3786 468 3843 los
495 3795 621 3842 tunc
646 3786 810 3844 fuisse
837 3786 1105 3854 homines,
1137 3800 1271 3857 quos
1300 3785 1479 3840 divina
1510 3783 1790 3854 Scriptura
1821 3800 1970 3840 com-

384 3886 670 3943 memorat,
699 3893 798 3933 nec
822 3879 1108 3933 advertunt
1141 3892 1235 3934 eos
1276 3876 1367 3947 qui
1417 3875 1568 3945 prius
1613 3875 1721 3929 sint
1766 3873 1967 3930 conditi

381 3968 537 4031 duos,
567 3967 649 4022 vel
681 3968 842 4023 etiam
873 3984 965 4023 eos
990 3984 1125 4039 quos
1156 3974 1461 4040 genuerunt
1487 3976 1596 4021 tam
1627 3967 1715 4023 diu
1741 3967 1964 4034 vixisse,

382 4065 445 4112 ut
470 4058 668 4114 multos
693 4059 973 4131 gignerent
998 4060 1022 4113 ?
1049 4059 1167 4115 Non
1202 4060 1346 4116 enim
1378 4068 1434 4115 et
1467 4057 1641 4114 Adam
1680 4058 1795 4129 ipse
1823 4059 1968 4115 solos

377 4164 475 4204 eos
515 4151 719 4221 genuit,
749 4167 979 4221 quorum
1022 4153 1238 4207 nomina
1282 4152 1553 4224 leguntur,
1598 4167 1722 4208 eum
1766 4151 1833 4207 de
1877 4151 1968 4207 illo

382 4238 662 4309 Scriptura
688 4240 932 4311 loquens,
957 4238 1030 4296 ita
1052 4242 1359 4308 concludat,
1387 4243 1528 4314 quod
1551 4242 1797 4315 genuerit
1828 4240 1968 4298 filios

379 4343 437 4387 et
477 4331 632 4388 filias.
663 4332 896 4389 Proinde
933 4350 1056 4390 cum
1100 4335 1270 4391 multo
1314 4335 1559 4404 pluribus
1596 4334 1669 4388 illi
1714 4334 1968 4389 vixerunt

381 4425 539 4481 annis
582 4442 743 4497 quam
789 4425 1045 4481 lsraelitm
1084 4427 1137 4481 in
1177 4425 1410 4496 Egypto
1439 4425 1673 4490 fuerunt,
1702 4426 1824 4496 quis
1854 4442 1960 4480 non
1994 4468 2041 4527 Β

381 4516 582 4581 videat,
622 4531 782 4586 quam
822 4515 977 4569 multi
1023 4516 1270 4571 homines
1302 4515 1453 4569 nasci
1482 4523 1793 4586 potuerunt,
1821 4515 1961 4570 unde

380 4607 472 4662 illa
496 4607 688 4662 civitas
718 4607 1047 4677 impleretur,
1079 4608 1124 4661 si
1152 4606 1359 4661 Πρω-πὶ
1398 4607 1567 4661 multo
1598 4606 1804 4663 minore
1827 4614 1963 4662 tem-

380 4713 512 4769 pore
545 4698 619 4751 ita
654 4697 998 4767 multiplicari
1038 4699 1366 4767 potuerunt?
1414 4697 1597 4770 (Isid.)
1644 4697 1783 4767 Quid
1832 4715 1960 4771 ergo

380 4789 485 4844 sibi
500 4804 606 4859 per
636 4788 859 4859 figuram
890 4788 1022 4853 vult,
1053 4789 1194 4859 quod
1234 4789 1519 4861 impiorum
1559 4790 1843 4862 progenies
1879 4791 1959 4846 ei-

379 4880 602 4935 vitatem
649 4880 701 4935 in
744 4881 857 4950 ipsa
897 4881 1080 4936 mundi
1108 4882 1315 4953 origine
1339 4883 1661 4949 construxit,
1685 4884 1788 4938 nisi
1817 4883 1960 4953 quod

381 4973 599 5030 noveris
640 4973 834 5044 impios
868 4974 923 5029 in
966 4972 1067 5030 bac
1113 4975 1221 5030 vita
1267 4990 1387 5031 esse
1428 4973 1699 5041 fundatus,
1745 4984 1961 5030 sanctos

378 5078 509 5119 vero
532 5064 772 5135 hospites
791 5078 910 5121 esse
933 5072 988 5121 et
1009 5066 1356 5138 peregrinos?
1378 5065 1529 5122 Unde
1550 5065 1683 5121 Abel
1705 5076 1959 5136 tanquam

376 5155 694 5227 peregrinus
725 5155 777 5209 in
807 5155 985 5221 terris,
1015 5155 1243 5227 populus
1271 5154 1615 5211 Christianus
1648 5169 1753 5209 non
1779 5154 1962 5210 condi-

378 5247 456 5302 dit
485 5248 778 5303 civitatem.
813 5246 1057 5319 Superna
1087 5256 1169 5303 est
1200 5247 1360 5303 etiam
1396 5257 1702 5303 sanctorum
1746 5245 1957 5311 civitas,

376 5340 623 5408 quamvis
652 5339 739 5394 hic
763 5340 938 5411 pariat
968 5340 1114 5395 cives
1144 5339 1195 5393 in
1221 5341 1417 5409 quibus
1439 5338 1834 5410 peregrinatur,
1866 5338 1960 5392 do.
2006 5416 2013 5417 ί

377 5441 479 5481 nec
506 5427 655 5497 regni
679 5426 795 5496 ejus
825 5439 1034 5499 tempus
1067 5428 1339 5482 adveniat.

446 5515 517 5570 Et
547 5519 739 5572 vocavit
765 5536 879 5573 eam
909 5534 972 5572 ea:
992 5520 1198 5574 nomine
1229 5519 1329 5588 filii
1353 5520 1434 5573 sui
1463 5518 1660 5573 Enoch.
1689 5519 1794 5575 Iste
1816 5519 1959 5575 ﬁlius

377 5604 431 5661 in
460 5605 614 5676 cujus
640 5610 856 5664 nomine
893 5611 1108 5665 condita
1137 5619 1222 5665 est
1249 5609 1453 5674 Enoch,
1488 5610 1538 5664 id
1568 5620 1651 5666 cat
1688 5612 1958 5667 terrestris

376 5695 695 5766 Jerusalem,
745 5701 886 5770 quod
933 5701 1315 5771 interpretatur
1354 5702 1644 5772 possessio,
1693 5703 1959 5775 signiﬁcat

2079 1878 2183 1936 est,
2210 1873 2528 1942 semetipsos
2556 1872 2871 1930 aedificando
2900 1873 3171 1941 dedicant,
3197 1876 3354 1932 electi
3380 1893 3509 1933 vero
3538 1880 3670 1934 (Edi-

2079 1959 2345 2017 licationis
2377 1977 2488 2016 suae
2511 1962 2902 2019 dedicationem
2930 1963 2984 2018 in
3024 1964 3132 2020 fine
3166 1968 3443 2038 temporis,
3478 1968 3532 2022 id
3562 1978 3669 2034 est,
3761 2013 3770 2022 .

2077 2051 2133 2105 in
2186 2051 2416 2123 septimo
2472 2060 2808 2123 exspectant.
2870 2054 3064 2110 Videas
3115 2071 3348 2126 namque
3405 2056 3669 2128 plurimos

2078 2143 2391 2214 temporalia
2424 2144 2535 2199 sola
2564 2146 2820 2216 cogitare,
2850 2146 3087 2203 honores
3118 2163 3382 2218 quaerere,
3420 2151 3666 2207 ambien-

2076 2232 2159 2286 dis
2181 2232 2347 2288 rebus
2373 2234 2602 2300 inhiare,
2627 2235 2761 2289 nihil
2788 2244 2983 2307 praeter
3003 2237 3143 2292 hanc
3163 2238 3327 2293 vitam
3358 2239 3662 2310 requirere.

2076 2323 2212 2392 Quid
2242 2324 2422 2395 itaque
2449 2326 2551 2381 ista
2583 2327 2687 2382 nisi
2716 2328 2768 2382 in
2796 2328 2971 2396 prima
3001 2328 3347 2399 generatione
3373 2329 3669 2385 dedicant?

2074 2423 2130 2469 et
2146 2415 2328 2471 videas
2358 2416 2558 2472 electos
2580 2417 2712 2472 nihil
2732 2419 3015 2488 prmsentis
3040 2420 3164 2475 vita:
3186 2420 3367 2492 gloria:
3395 2436 3665 2491 qumrere,

2074 2504 2301 2560 libenter
2340 2505 2572 2575 inopiam
2613 2508 2897 2572 sustinere,
2947 2507 3089 2564 mala
3126 2511 3312 2565 mundi
3341 2512 3666 2581 aequanimi-

2074 2605 2158 2651 ter
2184 2600 2416 2669 perpeti,
2446 2608 2505 2653 ut
2530 2600 2737 2670 possint
2773 2601 2826 2655 in
2856 2600 2965 2657 fine
2987 2602 3267 2658 'coronari.
3300 2603 3503 2658 Electis
3531 2619 3667 2675 ergo

2071 2687 2255 2744 Enoch
2285 2688 2341 2742 in
2366 2690 2596 2758 septima
2629 2690 2975 2761 generatione
3004 2692 3267 2757 nascitur,
3295 2692 3423 2762 quia
3451 2692 3536 2748 sui
3569 2694 3666 2748 de-

2071 2778 2395 2834 dicationem
2436 2778 2614 2851 gaudii
2660 2781 2715 2835 in
2754 2791 3012 2837 extremae
3055 2782 3429 2839 retributionis
3487 2782 3664 2854 gloria

2071 2868 2373 2940 requirunt.

2664 2962 2894 3022 CAPUT
2932 2964 2997 3019 11.

2073 3051 2301 3126 Deﬁliis
2328 3053 2550 3109 Lamerh
2590 3055 2680 3126 qui
2722 3055 3058 3111 ostenderunt
3089 3057 3362 3126 musicam,
3402 3068 3451 3112 et
3494 3069 3666 3112 artem

2144 3124 2426 3192 ferrariam
2450 3124 2611 3197 atque
2628 3127 2895 3192 terariam,
2920 3137 2967 3180 et
2991 3127 3056 3180 de
3089 3127 3315 3181 vindicta
3341 3125 3590 3181 Lamech.

2142 3237 2310 3292 Porro
2342 3237 2525 3293 Enoch
2546 3240 2723 3310 genuit
2758 3238 2910 3306 Irad,
2941 3250 2988 3296 et
3023 3240 3153 3295 had
3182 3243 3358 3313 genuit
3395 3240 3634 3297 Mariae!
3647 3259 3668 3309 ,'

2069 3337 2118 3381 et
2150 3327 2377 3382 Maviael
2412 3330 2589 3399 genuit
2631 3329 2930 3397 Matusael;
2968 3343 3017 3387 et
3048 3331 3310 3387 Matusael
3338 3334 3517 3404 genuit
3563 3334 3668 3388 La-

2070 3421 2352 3486 mech,qui
2392 3423 2586 3491 accepit
2630 3440 2818 3478 uxores
2845 3424 2980 3480 duas
3023 3441 3043 3479 :
3083 3442 3268 3480 nomen
3309 3426 3401 3480 uni
3435 3426 3582 3492 Ada,
3614 3437 3667 3482 et

2068 3529 2258 3567 nomen
2286 3513 2439 3569 alteri
2470 3513 2636 3570 Sella.
2666 3514 2957 3589 Genuitque
2985 3517 3102 3572 Ada
3126 3517 3303 3583 Jahel,
3324 3519 3415 3589 qui
3441 3519 3546 3587 fuit
3573 3536 3669 3590 po-

2070 3616 2149 3660 ter
2165 3608 2513 3662 habitantium
2539 3609 2592 3662 in
2621 3610 2855 3664 tentoriis
2876 3619 3031 3681 atque
3053 3621 3325 3680 pastorum
3349 3624 3367 3662 :
3390 3620 3439 3664 et
3467 3628 3669 3665 nomen

2070 3698 2250 3767 fratris
2278 3699 2392 3766 ejus
2426 3698 2621 3753 Jubal:
2645 3701 2753 3769 ipse
2794 3700 2896 3769 fuit
2934 3710 3085 3771 pater
3116 3702 3415 3774 canentium
3456 3701 3669 3755 cithara

2067 3795 2117 3840 et
2145 3803 2363 3856 organo.
2402 3788 2477 3841 De
2510 3788 2615 3843 hoc
2647 3787 2908 3859 Iosephus
2944 3790 3408 3861 bistoriographus
3449 3789 3672 3845 Iudaeo-

2070 3891 2187 3929 rum
2217 3875 2289 3929 ita
2318 3875 2485 3930 refert
2511 3894 2522 3929 :
2552 3874 2706 3932 Jubal
2733 3864 2933 3943 autem,
2963 3879 3159 3948 inquit,
3184 3880 3449 3933 musicam
3470 3879 3666 3943 coluit,

2065 3974 2122 4019 et
2165 3964 2476 4036 psalterium
2507 3966 2881 4037 citharamque
2923 3967 3158 4023 laudavit
3201 3985 3216 4034 ;
3262 3977 3317 4023 et
3353 3984 3424 4023 ne
3458 3969 3672 4024 dilabe-

2070 4065 2259 4112 rentur
2285 4056 2354 4111 ab
2378 4057 2709 4131 hominibus,
2740 4074 2860 4129 qua:
2886 4059 2953 4113 ab
2978 4074 3043 4114 eo
3070 4060 3285 4114 inventa
3310 4058 3667 4125 videbantur,

2070 4157 2163 4203 aut
2203 4158 2492 4218 antequam
2520 4148 2768 4204 venirent
2811 4150 2881 4205 ad
2924 4150 3282 4221 cognitionem
3320 4150 3667 4220 deperirent,

2069 4255 2189 4294 cum
2219 4240 2553 4309 praedixisset
2587 4239 2760 4295 Adam
2788 4242 3299 4296 exterminationem
3331 4256 3515 4297 rerum
3546 4258 3673 4297 om—

2066 4332 2239 4397 nium,
2267 4347 2429 4386 unam
2460 4332 2599 4402 ignis
2630 4332 2846 4399 virtute,
2892 4332 3116 4387 alteram
3147 4348 3277 4388 vero
3307 4348 3585 4403 aquarum
3612 4335 3670 4388 vi

2068 4441 2131 4479 ac
2165 4422 2508 4479 multitudine
2551 4421 2667 4478 fore
2707 4432 3012 4489 venturam,
3041 4425 3176 4480 duas
3212 4423 3418 4480 faciens
3446 4425 3670 4480 colum-

2068 4530 2185 4580 nas,
2214 4516 2373 4569 aliam
2398 4514 2613 4585 quidem
2653 4529 2717 4570 ex
2749 4515 3032 4580 lateribus,
3068 4514 3229 4571 aliam
3254 4530 3387 4571 vero
3425 4531 3493 4572 ex
3528 4517 3673 4589 lapi-

2067 4609 2245 4673 dibus,
2291 4608 2344 4662 in
2392 4608 2654 4663 ambabus
2681 4623 2802 4678 quae
2832 4607 3110 4663 invenerat
3146 4609 3580 4678 conscripserat,
3609 4618 3674 4664 ut

2066 4709 2120 4755 et
2149 4701 2193 4757 si
2218 4708 2525 4755 constructa
2567 4700 2824 4756 lateribus
2865 4700 3319 4756 exterminaretur
3359 4700 3431 4755 ab
3468 4701 3673 4756 imbri.

2014 4792 2021 4803 '
2064 4792 2184 4855 bus,
2218 4790 2425 4861 lapidea
2452 4805 2775 4861 permanens
2814 4793 3081 4862 pncberet
3113 4789 3420 4847 hominibus
3449 4790 3670 4862 scripta

2064 4897 2409 4953 cognoscere.
2440 4881 2595 4936 simul
2631 4892 2687 4939 et
2706 4884 2832 4953 quia
2861 4883 3136 4938 lateralem
3172 4881 3333 4937 aliam
3361 4882 3668 4954 posuisset,

2066 4982 2127 5028 ut
2144 4974 2259 5029 haec
2284 4974 2353 5028 ab
2378 4972 2580 5044 ignium
2606 4974 2801 5029 ardore
2820 4983 3153 5040 servaretur,
3176 4974 3341 5029 etiam
3364 4974 3412 5028 si
3440 4972 3674 5042 lapidea

2065 5064 2391 5130 solveretur;
2434 5080 2554 5135 quae
2598 5073 2776 5121 tamen
2820 5064 3029 5136 lapidea
3072 5072 3353 5135 permanet
3387 5064 3673 5119 hactenus

2065 5154 2119 5208 in
2146 5162 2288 5209 terra
2319 5152 2495 5225 Syria.
2524 5154 2817 5210 Tubalcain
2856 5170 2986 5211 vero
3029 5155 3121 5225 qui
3168 5168 3235 5208 ex
3275 5154 3449 5208 altera
3489 5161 3677 5208 natus

2063 5254 2147 5301 est
2177 5262 2364 5312 uxore,
2398 5246 2711 5302 fortitudine
2738 5246 2951 5301 cunctis
2977 5243 3266 5307 excellens,
3313 5257 3402 5297 res
3429 5242 3677 5299 bellicas

2064 5338 2320 5394 decenter
2344 5338 2603 5395 exercuit.
2638 5337 2821 5410 (Isid.)
2860 5336 2940 5391 Ex
2980 5336 3066 5391 his
3094 5334 3256 5390 etiam
3285 5348 3408 5404 qum
3435 5332 3507 5386 ad
3538 5332 3675 5388 libi-

2063 5431 2244 5486 dinem
2275 5430 2506 5486 attinent
2544 5428 2787 5499 corporis
2812 5427 3089 5492 enutrivit,
3140 5424 3427 5479 ferrariam
3472 5433 3672 5478 artem

2064 5522 2270 5593 primus
2298 5523 2518 5578 invenit.
2562 5521 2864 5577 Notandum
2909 5528 3084 5574 autem
3132 5516 3277 5588 quod
3307 5520 3363 5570 in
3389 5516 3675 5586 progenie

2065 5615 2219 5681 Setli,
2265 5615 2408 5670 nulla
2440 5614 2509 5669 ibi
2542 5614 2817 5685 progenita
2865 5611 3062 5666 femina
3118 5606 3436 5664 nominatim
3465 5607 3677 5676 expri-

2064 5710 2243 5775 mitur,
2277 5707 2377 5763 nisi
2411 5714 2616 5761 tantum
2649 5705 2701 5759 in
2731 5703 2985 5775 progenie
3015 5701 3147 5758 Cain
3177 5696 3377 5755 femina
3407 5711 3677 5754 comma-
