3958 6204
274 328 383 386 509

1310 312 1663 373 COMMENT.
1706 311 1771 367 1N
1810 308 2133 367 GENESIM.
2173 340 2244 351 —
2279 307 2405 364 LIB.
2444 307 2508 363 ll.

273 455 558 506 moratur:
598 440 743 512 quod
780 437 1049 510 signiﬁcat
1076 445 1345 491 terrenam
1376 432 1657 487 civitatem
1690 439 1860 497 usque
1888 431 1935 487 Α
1966 423 2133 478 Adam
2162 423 2229 477 ad
2261 423 2551 489 imaginem
2586 429 2643 474 ct
2671 419 3078 476 similitudinem
3107 419 3204 476 Dei
3240 420 3414 477 factus
3446 432 3549 489 est,

275 539 334 595 in
366 538 530 592 ﬁnem
557 534 641 589 sui
677 529 925 587 carnales
968 526 1274 583 habituram
1316 519 1713 594 generationes,
1742 534 1864 590 qum

275 628 599 686 maritorum
622 640 687 679 ac
707 622 1032 678 feminarum
1056 617 1433 689 conjunctione
1450 613 1793 685 proveniunt.

267 764 278 773 .
348 719 600 789 Dixitque
620 713 847 768 Lamech
878 710 1131 765 uxoribus
1161 708 1271 762 suis
1301 705 1431 759 Adae
1455 714 1503 758 et
1531 702 1689 758 Sella:
1715 714 1732 751 .‘
1758 700 1868 752 Au-

278 814 386 866 dite
411 825 589 867 vocem
623 822 825 870 meam;
855 818 1047 858 uxores
1076 799 1325 863 Lamech,
1350 795 1642 852 auscultate
1668 808 1866 853 sermo-

280 919 398 957 nem
438 915 638 964 meum,
682 897 930 969 quoniam
970 892 1136 948 occidi
1172 892 1338 946 virum
1370 890 1424 943 in
1455 887 1637 943 vulnus
1674 898 1864 944 meum,

280 1005 334 1049 et
361 988 807 1047 adolescentulum
836 988 893 1040 in
917 985 1080 1040 livore
1100 1000 1233 1046 meo,
1250 979 1543 1051 septuplum
1566 977 1696 1030 ultio
1719 974 1871 1028 dabi-

281 1096 372 1140 tur
392 1083 456 1137 de
478 1080 613 1136 Cain
635 1096 655 1134 :
677 1079 742 1133 de
767 1076 1016 1141 Lamech,
1039 1073 1330 1144 septuagies
1349 1070 1552 1141 septies.
1580 1065 1868 1138 (Albinus.)

283 1176 422 1244 Quia
446 1170 723 1229 homicidii
749 1177 1027 1240 peccatum
1054 1164 1280 1235 septima
1302 1160 1651 1233 generatione
1670 1157 1872 1212 diluvio

284 1265 617 1321 vindicatum
645 1274 765 1315 esse
793 1257 1011 1325 legitur,
1041 1251 1291 1308 adulterii
1327 1264 1456 1304 vero
1490 1247 1688 1312 scelus,
1729 1246 1873 1316 quod

287 1356 525 1415 Lamech
550 1353 759 1425 primus
789 1348 1028 1404 omnium
1062 1346 1117 1399 in
1138 1342 1359 1399 “duabus
1387 1338 1661 1394 commisit
1686 1335 1874 1391 uxori-

288 1451 413 1515 bus,
440 1463 550 1503 non
580 1443 685 1500 nisi
715 1440 976 1511 sanguine
1001 1434 1203 1492 Christi
1245 1430 1568 1503 expiandum
1605 1442 1745 1492 esse,
1782 1426 1875 1496 qui

289 1536 685 1611 septuagesima
746 1541 804 1588 et
872 1529 1099 1600 septima.
1166 1523 1512 1597 generatione
1579 1518 1876 1576 secundum

289 1610 452 1690 Luca:
495 1626 844 1699 Evangelinm
880 1622 1027 1677 venit
1071 1620 1124 1675 in
1164 1616 1420 1672 mundum
1465 1613 1682 1685 (lsid.);
1716 1610 1880 1681 igitur

1965 514 2213 570 homines
2237 521 2420 568 autem
2450 511 2519 566 ad
2546 511 2951 566 similitudinem
2975 510 3107 567 Adae
3137 512 3261 565 facti
3298 520 3443 567 sunt.

1925 622 1935 630 '
2036 607 2105 661 Et
2132 608 2260 676 facti
2290 615 2410 659 sunt
2433 605 2544 657 dies
2580 604 2745 658 Adam
2770 614 3043 675 postquam
3077 603 3251 674 genuit
3285 601 3434 667 Seth,
3462 620 3553 657 oc-

1967 698 2188 768 tingenti
2222 699 2367 762 anni,
2396 697 2675 766 genuitque
2702 696 2841 765 filios
2878 706 2926 751 et
2954 696 3115 765 ﬁlias.
3142 696 3210 749 Et
3246 696 3446 765 factum
3482 705 3555 749 est

1968 806 2119 845 omne
2143 800 2344 859 tempus
2368 787 2508 859 quod
2534 787 2657 841 uixit
2682 787 2874 850 Adam,
2900 788 3026 842 anni
3051 789 3295 858 nongenti
3318 788 3556 858 triginta,

1967 896 2018 940 et
2059 894 2296 939 mortuus
2338 892 2434 937 est.
2484 879 2624 936 Vixit
2664 896 2867 952 quoque
2912 880 3038 935 Seth
3079 890 3283 934 centum
3332 883 3559 951 quinque

1971 992 2153 1037 annos,
2203 984 2251 1029 ct
2292 973 2467 1044 genuit
2514 971 2679 1025 Enos.
2724 970 2857 1024 Item
2912 969 3050 1024 Enos
3096 971 3271 1040 genuit
3315 969 3557 1036 Cainan;

1971 1063 2178 1118 Cainan
2195 1074 2368 1118 autem
2386 1062 2562 1133 genuit
2588 1059 2832 1115 Malaleel
2845 1077 2863 1124 ,'
2890 1058 2945 1113 Μ
2950 1059 3135 1114 alaleel
3150 1061 3324 1129 genuit
3338 1059 3374 1114 J
3378 1062 3555 1127 areth,

1970 1153 2157 1208 Jare.'h
2205 1153 2379 1223 genuit
2427 1150 2633 1214 Enoch,
2670 1159 2726 1204 et
2760 1149 2986 1218 reliqua.
3014 1148 3196 1220 (Isid.)
3237 1150 3336 1204 liic
3378 1159 3557 1205 autem

1976 1246 2158 1301 Enoch
2197 1244 2457 1313 septimus
2489 1243 2556 1296 ab
2584 1241 2777 1305 Adam,
2810 1240 2900 1310 qui
2932 1239 3133 1309 placuit
3171 1240 3279 1294 Deo
3306 1248 3360 1293 et
3388 1248 3564 1294 trans-

1975 1334 2113 1389 latus
2138 1339 2241 1395 est,
2274 1332 2556 1400 septimam
2588 1331 2827 1399 requiem
2858 1328 3144 1399 signifeat,
3183 1330 3251 1383 ad
3283 1344 3444 1398 quam
3480 1346 3564 1383 re-

1976 1425 2149 1480 fertur
2193 1423 2369 1479 omnis
2402 1422 2493 1492 qui
2543 1431 2796 1491 tanquam
2842 1428 2995 1476 sexta
3041 1420 3148 1485 die,
3179 1420 3231 1474 id
3267 1428 3371 1485 est,
3411 1430 3565 1475 sexta

1976 1523 2136 1571 mtate
2158 1513 2359 1578 smculi,
2392 1529 2490 1582 per
2515 1511 2716 1567 Christi
2743 1514 3031 1568 adventum
3056 1511 3340 1568 formatur.
3368 1513 3568 1568 Trans-

1979 1606 2117 1661 actis
2146 1605 2290 1659 enim
2321 1620 2414 1660 sex
2452 1604 2701 1659 mtatibus
2732 1604 2937 1669 saeculi,
2968 1602 3111 1659 facto
3146 1604 3308 1659 etiam
3338 1603 3564 1672 judicio,

291 1726 359 1779 ab
384 1723 557 1779 Adam
586 1693 759 1789 usque
807 1717 874 1771 ad
901 1713 1176 1770 Christum
1205 1708 1543 1780 septuaginta
1581 1713 1636 1760 et
1673 1713 1876 1774 septem
1907 1746 1961 1789 “.
1979 1704 2036 1750 et
2067 1695 2339 1751 renovatis
2368 1693 2506 1750 cmlo
2548 1709 2613 1748 ac
2657 1702 2822 1759 terra,
2854 1693 3255 1749 transferuntur
3298 1694 3468 1749 sancti
3513 1693 3568 1749 in

291 1779 688 1887 generationes.
723 1806 1072 1862 inveniuntur
1114 1803 1169 1856 in
1212 1779 1410 1871 quibus
1452 1804 1733 1868 peccatum
1775 1795 1879 1849 La-
1907 1779 1953 1838 Β
1980 1789 2149 1844 vitam
2212 1794 2480 1858 perpetua
2528 1786 2968 1840 immortalitatis.
3024 1785 3178 1853 Quod
3239 1796 3419 1841 autem
3472 1801 3569 1856 per

291 1884 471 1969 inecb,
524 1902 580 1957 id
620 1909 703 1956 est
737 1898 902 1955 totius
929 1895 1132 1957 mundi,
1184 1889 1463 1961 sanguinis
1503 1888 1705 1943 Christi
1744 1884 1878 1941 eﬂ‘u—

290 1998 447 2052 sione
482 1992 717 2049 solutum
749 1998 850 2045 est.
878 1986 1156 2056 Siquidem
1182 1993 1238 2040 et
1264 1984 1318 2038 in
1348 1982 1544 2054 populo
1568 1980 1875 2035 Judaeorum

288 2096 517 2161 propter
559 2081 984 2139 interfectionem
1037 2076 1259 2161 Christi,
1288 2072 1627 2143 septuaginta
1671 2077 1877 2141 septem

291 2160 421 2235 sunt
457 2175 709 2230 vindictae.
754 2177 989 2233 statutzc,
1024 2160 1343 2236 juxta'illud
1379 2161 1654 2234 Evangelii
1684 2161 1739 2215 in
1772 2175 1880 2232 quo

291 2268 500 2326 dictum
539 2273 626 2339 est
661 2263 822 2317 Petro
863 2258 1148 2329 apostolo:
1184 2255 1309 2311 Non
1346 2254 1517 2310 solum
1561 2252 1767 2323 septies,
1790 2252 1881 2306 sed

291 2359 449 2414 etiam
477 2355 768 2427 septuagies
801 2352 1007 2423 septies,
1048 2350 1093 2405 si
1136 2347 1471 2419 paenituerit,
1503 2344 1657 2401 fratri
1695 2344 1882 2400 remit-

293 2448 519 2504 tendum
564 2443 777 2518 (Matth.
826 2440 1003 2513 mn),
1046 2439 1099 2495 id
1130 2447 1215 2494 est
1241 2435 1485 2493 Judaeum
1525 2441 1881 2490 revertentem

292 2548 418 2610 post
442 2535 780 2608 septuaginta
821 2540 1027 2601 septem
1050 2530 1318 2585 vindictas
1359 2535 1593 2582 statutas
1620 2526 1883 2596 recipien-

295 2631 426 2685 dum
448 2628 517 2682 ad
550 2623 935 2696 indulgentiam
956 2620 1193 2679 Christi.

364 2717 616 2790 Cognovit
642 2732 847 2788 quoque
868 2713 1036 2768 Adam
1061 2712 1234 2777 adhuc
1264 2727 1481 2766 uxorem
1509 2725 1681 2775 suam,
1717 2718 1766 2763 et
1795 2723 1884 2779 pe-

292 2817 432 2887 perit
472 2813 661 2884 ﬁlium,
702 2812 1003 2881 vocavitque
1049 2823 1236 2862 nomen
1284 2804 1429 2859 illius
1471 2802 1617 2868 Seth,
1660 2803 1838 2857 dicens
1864 2818 1883 2856 :

298 2905 489 2961 Posuit
513 2903 642 2957 mihi
671 2902 924 2956 Dominus
946 2915 1119 2954 semen
1140 2896 1287 2952 aliud
1311 2912 1405 2966 pro
1428 2894 1555 2949 Abel
1575 2910 1727 2966 quem
1748 2894 1884 2948 occi-

256 3058 261 3063 ,
295 2997 375 3051 dit
417 2994 570 3049 Cain.
599 2991 869 3074 (Hier-gn.)
908 2990 1040 3047 Setb
1081 2988 1297 3059 proprie
1322 2989 1479 3050 θέσις,
1510 2984 1566 3040 id
1592 2992 1675 3040 est
1696 2984 1883 3055 positio

296 3090 520 3154 dicitur,
572 3087 698 3156 quia
745 3086 911 3156 igitur
954 3082 1200 3153 posuerit
1247 3095 1369 3135 eum
1410 3080 1554 3134 Deus
1593 3093 1692 3147 pro
1727 3074 1881 3141 Abel,

294 3190 585 3254 propterea
609 3177 761 3241 Setb,
785 3177 840 3232 id
860 3183 943 3231 est
959 3174 1147 3245 positio
1168 3172 1489 3244 appellatur.
1514 3168 1644 3224 Setb
1664 3168 1884 3240 quippe,

299 3283 359 3329 ut
383 3273 605 3344 quidam
627 3276 844 3342 putant,
894 3268 1280 3337 interpretatur
1314 3261 1641 3324 resurrectio,
1683 3260 1776 3329 qui
1805 3268 1890 3315 est

296 3365 587 3429 Christus;
613 3370 669 3418 et
694 3362 837 3417 Enos
870 3359 1013 3414 ﬁlius
1037 3357 1155 3428 ejus
1176 3356 1564 3424 interpretatur
1589 3352 1766 3416 homo,
1796 3349 1890 3420 qui

298 3458 468 3530 erepit
509 3457 762 3512 invocare
799 3466 993 3508 nomen
1043 3448 1275 3505 Domini.
1306 3446 1459 3502 Licet
1488 3444 1735 3515 plerique
1776 3439 1887 3496 He-

298 3548 573 3605 braeorum
616 3545 761 3603 aliud
812 3542 1163 3606 arbitrentur,
1213 3538 1359 3609 quod
1403 3544 1533 3592 tunc
1563 3536 1798 3605 primum
1833 3533 1889 3588 in

299 3642 522 3697 nomine
567 3637 818 3702 Domini,
866 3644 921 3692 et
954 3635 1011 3689 in
1061 3632 1413 3688 similitudine
1457 3629 1576 3701 ejus
1626 3627 1890 3682 fabricata

299 3731 414 3787 sint
455 3731 618 3787 idola.
666 3727 847 3801 (Isid.)
894 3725 1034 3794 Quid
1077 3732 1258 3780 autem
1285 3738 1385 3793 per
1408 3722 1513 3776 hoc
1552 3718 1889 3789 intelligitur,

300 3823 447 3894 quod
475 3823 620 3877 Enos
649 3821 846 3877 dicitur
873 3821 1125 3875 invocare
1151 3831 1346 3872 nomen
1372 3814 1607 3878 Domini,
1634 3812 1742 3868 nisi
1763 3811 1890 3881 quia

301 3917 356 3971 in
402 3913 741 3971 confessione
784 3912 878 3967 Dei
916 3910 1050 3965 vivit
1088 3907 1266 3965 omnis
1296 3906 1480 3970 homo,
1509 3904 1601 3974 qui
1627 3911 1713 3958 est
1749 3901 1893 3956 ﬁlius

300 4004 741 4069 resurrectionis,
771 4002 1009 4089 qpandiu
1032 3999 1413 4070 peregrinatur
1445 3995 1498 4050 in
1534 3993 1729 4049 terris?
1759 3992 1890 4047 item

300 4112 371 4152 ex
396 4095 606 4151 duobus
646 4093 751 4148 illis
793 4085 1100 4148 hominibus
1135 4088 1289 4154 Abel,
1325 4085 1469 4157 quod
1505 4085 1893 4153 interpretatur

299 4188 501 4253 luctus,
548 4195 606 4242 et
651 4186 769 4256 ejus
812 4183 980 4238 fratre
1008 4182 1162 4247 Setb,
1202 4178 1346 4250 quod
1384 4177 1774 4246 interpretatur
1802 4188 1890 4229 re-

300 4277 608 4340 surrectio,
649 4289 798 4329 mors
840 4272 1078 4337 Christi,
1126 4278 1184 4326 et
1224 4269 1337 4325 vita
1388 4266 1505 4336 ejus
1552 4280 1621 4321 ex
1666 4265 1893 4320 mortuis

298 4367 587 4437 ﬁguratur.
618 4364 778 4435 Ergo,
802 4373 863 4418 ut
884 4362 1101 4418 brevius
1131 4361 1329 4426 dicam,
1368 4357 1500 4414 Abel
1532 4348 1731 4422 luctus,
1757 4354 1891 4410 Seth

298 4459 650 4525 resurrectio,
681 4459 825 4514 Enos
857 4457 1040 4523 homo,
1085 4456 1213 4527 quia
1249 4463 1376 4527 post
1407 4454 1612 4510 luctum
1644 4465 1890 4509 resurre-
1912 4465 1967 4527 D

297 4552 432 4617 ctio,
465 4550 530 4606 de
560 4550 961 4606 resurrectione
987 4548 1147 4604 homo
1173 4548 1431 4604 invocans
1457 4548 1647 4602 Deum.

925 4676 1151 4734 CAPUT
1188 4677 1277 4732 Ill.

296 4792 382 4848 De
423 4791 593 4848 Adam
641 4792 900 4865 quomodo
942 4806 1157 4913 rarum.
1190 4788 1331 4858 [ilics
1367 4789 1674 4860 susceperit,
1700 4797 1750 4841 et
1786 4788 1890 4857 ﬁne

958 4878 1005 4913 υι
1031 4878 1076 4913 αξ
1108 4877 1242 4913 eius.

958 4877 1076 4917 vute
1108 4877 1242 4930 ejus.

372 4996 523 5068 (ΟΔΡ.
555 4993 632 5066 v.)
666 4994 765 5050 Hic
808 5003 883 5050 est
922 4995 1054 5049 liber
1083 4994 1430 5063 generationis
1465 4992 1637 5046 Adam
1660 5006 1679 5045 :
1708 4992 1764 5044 in
1805 4989 1890 5047 die

292 5106 408 5162 qua
440 5089 631 5143 creavit
659 5088 803 5143 Deus
839 5088 1120 5151 hominem,
1162 5085 1232 5140 ad
1266 5083 1664 5140 similitudinem
1700 5081 1791 5135 Dei
1820 5080 1891 5150 [e-

294 5184 372 5237 cit
395 5180 577 5246 illum;
610 5179 903 5235 masculum
930 5187 977 5233 et
1011 5178 1258 5250 feminam
1298 5176 1487 5231 creavit
1516 5190 1633 5239 eos;
1665 5181 1714 5227 et
1740 5172 1892 5226 bene-

294 5274 436 5330 dixit
471 5274 597 5339 illis,
626 5284 677 5329 et
708 5274 907 5329 vocavit
940 5289 1126 5327 nomen
1154 5288 1333 5327 eorum
1365 5271 1535 5325 Adam
1574 5271 1628 5324 in
1668 5269 1754 5323 die
1784 5284 1891 5339 qua

308 5367 477 5420 creati
503 5374 647 5421 sunt.
680 5363 953 5437 (Περι-οη.)
990 5364 1055 5420 Et
1076 5362 1311 5427 vocavit,
1341 5361 1534 5431 inquit,
1564 5375 1761 5425 nomen
1800 5373 1892 5412 eo-

294 5471 424 5510 rum
446 5454 639 5521 Adam,
669 5454 724 5510 id
747 5463 833 5511 est
864 5456 1048 5511 homo.
1076 5453 1322 5511 Hominis
1350 5459 1532 5507 autem
1554 5464 1751 5507 nomen
1782 5457 1892 5504 tam

292 5544 421 5599 viro
441 5560 602 5614 quam
628 5544 844 5600 feminae
870 5545 1142 5601 convenit.

388 5629 522 5688 Vixit
546 5644 724 5689 autem
757 5634 930 5690 Adam
959 5642 1165 5688 centum
1194 5631 1406 5702 triginta
1442 5629 1615 5691 annis,
1640 5637 1689 5682 et
1715 5626 1892 5698 genuit

298 5719 377 5776 ad
404 5722 799 5778 similitudinem
842 5731 888 5777 et
932 5722 1000 5777 ad
1042 5721 1321 5794 imaginem
1369 5734 1540 5774 suam.
1589 5716 1728 5773 Nota
1767 5716 1893 5789 quia

1980 1880 2112 1936 Setb
2153 1881 2222 1934 ab
2249 1878 2421 1933 Adam
2458 1893 2630 1948 usque
2660 1877 2727 1932 ad
2768 1876 2881 1933 Noe
2907 1877 3164 1932 denarius
3189 1893 3445 1933 numerus
3488 1878 3568 1932 in-

1979 1973 2247 2032 sinuatur,
2284 1969 2741 2039 complementum
2784 1968 3158 2024 mandatorum
3215 1969 3268 2022 in
3316 1967 3572 2023 Ecclesia:

1978 2063 2234 2135 operibus
2263 2062 2546 2133 ﬁguratur.
2590 2060 2689 2116 Cui
2742 2076 2968 2115 numero
3007 2060 3054 2114 si
3098 2058 3424 2128 adjiciuntur
3462 2068 3571 2114 tres

1980 2156 2075 2212 ﬁlii
2106 2153 2237 2219 Noe,
2267 2153 2443 2208 medio
2473 2153 2794 2222 reprobate,
2828 2150 3192 2206 duodenarius
3231 2165 3571 2206 consumma-

1981 2256 2092 2312 tur,
2132 2247 2225 2315 qui
2267 2246 2319 2298 in
2360 2244 2793 2313 patriarcharum
2833 2249 2888 2296 et
2930 2240 3297 2310 apostolorum
3344 2256 3571 2296 numero

1982 2339 2211 2409 insignis
2248 2337 2506 2400 habetur,
2542 2343 2760 2405 propter
2803 2332 3092 2404 septenarii
3128 2342 3309 2402 partes
3349 2332 3570 2396 alteras,

1982 2445 2079 2501 per
2102 2427 2301 2482 alteras
2326 2424 2743 2496 multiplicatas;
2771 2439 2897 2477 nam
2928 2432 3011 2478 ter
3036 2422 3309 2493 quaterni,
3331 2422 3414 2478 vel
3439 2438 3573 2492 qua-

1983 2529 2067 2576 ter
2106 2520 2246 2575 terni
2297 2519 2476 2588 ipsum
2530 2517 2758 2571 faciunt.
2817 2515 2969 2583 Quod
3015 2531 3142 2570 vero
3183 2515 3465 2586 progenies
3504 2532 3573 2570 ex

1984 2609 2159 2665 Adam‘
2174 2624 2271 2679 per
2293 2608 2425 2663 Cain
2453 2607 2508 2661 in
2537 2606 2760 2661 denario
2784 2620 3010 2660 numero
3038 2604 3243 2670 linitur,
3269 2616 3572 2677 transgres-

1984 2702 2066 2757 sio
2087 2700 2466 2755 mandatorum
2493 2698 2609 2753 sive
2630 2706 2908 2769 peccatum
2932 2697 3252 2752 ostenditur.
3280 2695 3414 2751 Nam
3445 2696 3571 2752 dum

1974 2793 2219 2849 Lamech
2258 2791 2520 2861 septimus
2551 2790 2619 2844 ab
2652 2789 2825 2845 Adam
2864 2788 3166 2859 reperiatur
3193 2788 3447 2857 scriptus,
3482 2788 3577 2861 ad-

1986 2886 2186 2941 duntur
2210 2884 2259 2939 ei
2302 2893 2413 2938 trcs
2445 2882 2537 2938 lilii
2566 2890 2622 2936 et
2648 2897 2754 2936 una
2784 2881 2911 2946 ﬁlia,
2938 2890 2998 2936 ut
3027 2881 3353 2936 undenarius
3380 2896 3572 2935 nume-

1985 2994 2081 3034 rus
2119 2976 2472 3048 compleatur,
2520 2991 2619 3047 per
2652 2975 2796 3045 quod
2835 2976 3235 3030 demonstretur
3270 2983 3570 3044 peccatum,

1989 3068 2126 3123 Nam
2164 3076 2221 3124 et
2260 3068 2374 3138 ipse
2410 3081 2671 3121 numerus
2716 3064 2917 3119 femina
2949 3063 3200 3130 cluditur,
3242 3080 3273 3118 a
3302 3079 3408 3134 quo
3443 3079 3574 3118 sexu

1992 3162 2205 3217 initium
2253 3161 2460 3231 peccati
2509 3159 2860 3216 commissum
2908 3165 3009 3223 cst,
3058 3172 3155 3227 per
3198 3154 3341 3227 quod
3388 3171 3599 3230 omnes

1990 3255 2277 3321 morimur,
2304 3253 2512 3308 scilicet
2540 3260 2600 3306 ut
2626 3251 2870 3321 voluptas
2893 3249 3073 3305 carnis
3097 3265 3217 3320 qua:
3247 3249 3458 3319 spiritui
3494 3264 3575 3304 rc-

1990 3346 2247 3410 sisteret,
2303 3351 2639 3415 sequeretur.
2694 3342 2846 3398 Unde
2902 3350 2959 3397 et
3011 3342 3126 3413 ipsa
3176 3340 3285 3395 ﬁlia
3342 3340 3580 3396 Lamecb

1989 3435 2213 3501 Noema,
2246 3435 2300 3491 id
2337 3443 2421 3490 est
2450 3434 2719 3504 voluptas,
2752 3432 3159 3503 interpretatur.
3200 3431 3374 3486 Adam
3415 3430 3582 3485 inter-

1989 3534 2233 3595 pretatur
2259 3525 2414 3578 homo
2451 3525 2564 3579 sive
2607 3532 2856 3578 terrenus
2898 3532 2992 3576 aut
3018 3522 3283 3593 indigena,
3319 3530 3413 3576 aut
3440 3531 3582 3577 terra

1993 3617 2174 3671 rubra.
2199 3616 2578 3687 lnterpretatio
2602 3622 2780 3670 autem
2802 3614 3110 3669 eorumdem
3133 3614 3413 3670 nominum
3435 3630 3583 3670 eam-

1991 3709 2114 3765 dem
2147 3723 2259 3763 rem
2286 3708 2575 3780 signiﬁcat.
2625 3706 2758 3762 Setb
2800 3720 3017 3776 quoque
3062 3705 3449 3774 interpretatur
3476 3722 3575 3777 po-

1989 3802 2135 3866 sitio,
2160 3801 2276 3856 sive
2299 3801 2630 3864 resurrectio,
2657 3807 2715 3853 ut
2735 3799 3001 3853 diximus:
3028 3798 3175 3853 Enos
3195 3799 3583 3868 interpretatur

1994 3892 2187 3956 homo;
2216 3890 2423 3946 Cainan
2469 3891 2854 3960 interpretatur
2882 3886 3187 3942 lamentatio
3208 3928 3224 3953 ,
3271 3887 3355 3942 vel
3390 3888 3578 3956 positio

1990 3997 2208 4045 eorum;
2235 3979 2475 4035 Malaleel
2501 3979 2888 4049 interpretatur
2913 3976 3136 4032 laudans
3161 3977 3329 4031 Deum
3344 3995 3363 4042 ;
3388 3976 3578 4032 Jaretb

1990 4074 2274 4137 roborans;
2300 4072 2486 4126 Enoch
2530 4071 2918 4140 interpretatur
2955 4068 3246 4134 dedicatio;
3276 4066 3577 4123 Mathusala

1991 4163 2176 4217 mortis
2195 4163 2436 4226 emissio;
2463 4160 2695 4215 Lamech
2729 4158 3067 4223 humiliatus;
3107 4157 3219 4213 Noe
3250 4159 3450 4229 requies
3489 4158 3576 4212 in-

1993 4261 2338 4324 terpretatur.
2386 4251 2529 4322 Ergo
2572 4250 2869 4322 procedens
2912 4247 3075 4302 homo
3102 4262 3171 4302 ex
3209 4256 3352 4302 terra
3392 4246 3573 4314 rubra,

1991 4357 2283 4414 resurgens
2311 4358 2341 4396 a
2362 4342 2621 4411 peccatis,
2645 4349 2697 4395 et
2723 4339 3002 4411 appositus
3024 4338 3188 4393 canui
3213 4337 3573 4402 credentium,

1992 4436 2097 4491 erit
2142 4434 2304 4490 homo
2344 4435 2605 4489 invocans
2640 4432 2829 4496 Deum,
2876 4438 2934 4485 et
2969 4427 3170 4485 deﬂens
3206 4438 3429 4500 peccata
3468 4428 3577 4498 pri-

1992 4525 2162 4591 stina;
2195 4524 2433 4595 possidet
2459 4523 2697 4579 animam
2717 4535 2872 4576 suam
2902 4535 3001 4591 per
3023 4519 3365 4589 patientiam;
3391 4519 3578 4588 sicque

1993 4615 2095 4671 rite
2125 4613 2352 4668 laudans
2382 4613 2572 4676 Deum,
2601 4612 2888 4666 roboratur
2912 4609 3117 4683 Spiritu
3148 4610 3273 4675 Dei;
3300 4610 3577 4665 dedicatur

1991 4709 2060 4763 ad
2100 4707 2264 4761 vitam
2309 4712 2599 4769 aeternam;
2649 4711 2810 4773 atque
2849 4702 3023 4757 victor
3067 4701 3260 4757 mortis
3303 4700 3577 4771 subjectus

1994 4799 2126 4865 Deo,
2150 4797 2389 4870 possidet
2419 4795 2662 4866 requiem
2688 4793 3098 4863 sempiternam.

2611 4902 2837 4959 CAPUT
2872 4904 2960 4958 Ν.

2406 4974 2487 5029 De
2517 4973 2821 5030 Mathusala
2845 4984 2895 5029 et
2921 4973 3167 5029 Lamech.

2066 5068 2216 5141 (CAP.
2248 5066 2327 5138 v.)
2364 5064 2504 5120 Vixit
2522 5082 2727 5136 quoque
2752 5064 3057 5119 Mathusala
3086 5074 3288 5119 centum
3316 5066 3573 5136 octoginta

1993 5169 2187 5229 septem
2228 5174 2417 5223 annos,
2452 5167 2500 5211 et
2523 5156 2699 5228 genuit
2737 5154 2982 5221 Lamech,
3014 5162 3118 5210 etc.
3143 5153 3444 5208 Notandum
3474 5169 3572 5207 au-

1996 5260 2104 5308 tem
2130 5249 2275 5322 quod
2302 5250 2356 5304 in
2394 5247 2746 5320 Septuaginta
2790 5245 3173 5316 interpretibus
3208 5244 3296 5299 hic
3324 5244 3474 5299 locus
3498 5243 3572 5298 ita
3620 5252 3632 5322 ς

1995 5311 2226 5399 habetur
2254 5360 2267 5395 :
2300 5339 2369 5393 Et
2392 5311 2519 5393 vias-it
2545 5311 2848 5391 Mathusala
2896 5311 3047 5388 annis
3070 5343 3275 5387 centum
3301 5333 3573 5403 sexaginta

1993 5447 2207 5508 septem,
2246 5445 2294 5490 et
2330 5434 2506 5505 genuit
2539 5430 2779 5486 Lamech.
2822 5428 2890 5484 Et
2929 5427 3055 5481 vixit
3097 5426 3401 5482 Hathusnla
3425 5439 3576 5497 post-

1993 5544 2149 5601 quam
2172 5527 2347 5597 genuit
2375 5523 2597 5578 Lamech
2617 5536 2784 5575 annos
2805 5519 3122 5589 octingentos
3146 5518 3299 5584 duos,
3321 5527 3369 5572 et
3395 5518 3571 5588 genuit

1994 5618 2131 5689 ﬁlios
2159 5627 2207 5672 et
2227 5616 2400 5685 ﬁlias;
2423 5624 2471 5668 et
2497 5613 2707 5682 fuerunt
2739 5627 2913 5665 omnes
2957 5610 3068 5664 dies
3108 5608 3421 5665 Mathusalae
3443 5626 3571 5681 quos

1995 5710 2119 5766 riIit
2160 5707 2284 5762 anni
2327 5703 2568 5775 nongenti
2607 5701 2878 5772 sexaginta
2909 5716 3110 5767 norem,
3135 5710 3180 5755 et
3204 5709 3436 5757 mortuus
3474 5710 3546 5756 cst
