3958 6204
364 289 464 349 511

1003 281 1065 335 Β.
1106 276 1362 334 BABANI
1402 269 1622 330 MAURI
1661 267 1978 326 ARCHIEP.
2025 262 2330 322 MOGUNT.
2373 263 2656 321 OPERUM
2696 263 2876 320 PARS
2909 263 2951 318 l.

3523 256 3634 312 519.

362 401 590 458 Famosa
611 395 838 468 qums‘tio
859 401 912 448 et
935 391 1294 462 disputatione
1319 385 1685 444 Ecclesiarum
1706 383 1944 439 omnium
1974 388 2022 443 Α
2051 382 2266 450 quippe,
2302 390 2357 435 et
2405 381 2477 435 dii
2525 380 2777 436 similiter
2817 377 3174 450 appellantur.
3223 376 3452 446 Propter
3491 373 3640 445 quod

361 489 642 552 ventilata,
670 486 813 556 quod
837 485 990 554 juxta
1016 481 1328 551 diligentem
1355 476 1786 548 supputationem
1817 488 1946 542 qua-

363 578 665 636 tunrdecim
715 590 886 629 annos
928 582 1049 644 post
1093 569 1352 626 diluvium
1415 565 1708 621 Mathusala
1749 563 1950 618 vixisse

367 671 671 726 rcferatur.-.
705 665 917 730 Etenim
975 671 1098 718 cum
1149 668 1295 716 esset
1339 653 1636 712 Matlutsala
1685 668 1948 709 annorum

363 768 584 816 rentum
615 757 891 828 sexaginta
925 763 1152 824 septem,
1197 749 1381 822 genuit
1424 745 1692 812 Lamech;
1733 757 1949 799 rursum

360 850 601 909 Lamech
629 863 751 903 cum
783 855 924 903 esset
958 857 1218 899 annorum
1255 848 1470 894 centum
1497 835 1768 906 octoginta
1807 842 1950 897 octo,

371 943 553 1012 genuit
581 941 719 1018 Noe;
745 947 800 994 et
826 940 958 992 ftunt
998 935 1156 990 simul
1191 947 1360 1000 usque
1385 931 1452 984 ad
1482 929 1621 984 diem
1651 925 1954 981 nativitatis

369 1011 482 1084 Nec
503 1034 628 1084 anni
643 1011 767 1083 vitte
789 1024 1121 1084 Mathusalae,
1143 1020 1369 1076 trecenti
1393 1016 1781 1088 quinquaginta
1806 1015 1959 1083 quin-
1989 1011 1996 1018 ’

368 1137 494 1192 quc.
537 1121 943 1176 Scxcentesimo
983 1123 1164 1170 autem
1209 1125 1349 1168 anno
1387 1111 1510 1164 vita:
1539 1107 1670 1171 Noe,
1696 1105 1954 1162 diluvium

362 1209 570 1268 "factum
601 1221 704 1275 est,
735 1226 798 1265 ac
836 1223 932 1279 per
956 1208 1059 1261 hoc
1089 1205 1272 1259 habita
1300 1201 1680 1272 supputatione
1708 1213 1806 1270 per
1833 1211 1951 1266 par-

373 1311 474 1366 tes,
518 1300 928 1372 nongentesimo
963 1294 1409 1366 quinquagesimo
1446 1291 1636 1361 quinto
1673 1304 1812 1343 anno
1843 1287 1957 1340 Ma-

370 1392 618 1456 thusalae,
643 1391 901 1446 diluvium
930 1375 1132 1442 iaetum
1164 1399 1283 1440 esse
1311 1382 1670 1438 convincitur.
1699 1380 1834 1434 Cum
1859 1393 1954 1433 att-

373 1491 481 1536 tem
524 1497 686 1552 super
727 1479 1014 1550 nongentis
1041 1476 1325 1546 sexaginta
1355 1489 1547 1529 novem
1582 1472 1739 1526 annis
1763 1470 1962 1524 vimsse

374 1576 446 1630 sit
470 1574 666 1637 dictus,
693 1572 820 1625 nulli
845 1571 1066 1626 dubium
1094 1577 1176 1622 est
1203 1563 1612 1637 quatuordecim
1641 1577 1808 1616 annos
1835 1575 1960 1615 eum

358 1664 575 1718 'vixissc
609 1670 728 1732 post
763 1661 1040 1716 diluvium.
1084 1660 1149 1712 Et
1192 1656 1458 1727 quomodo
1498 1667 1682 1708 verum
1712 1661 1794 1708 cst
1820 1651 1960 1720 quod

2049 471 2238 542 Aquila
2262 471 2454 542 plurali
2481 485 2706 525 numero
2728 469 2866 524 ﬁlios
2891 471 3114 525 deorum
3139 483 3302 523 ausus
3323 475 3409 522 est
3433 464 3638 527 dicere,

2049 567 2177 622 deos
2201 565 2504 634 intelligens
2528 563 2747 619 sanctos
2769 563 2884 618 sive
2910 562 3146 633 angelos.
3175 556 3314 615 Deus
3337 560 3475 614 enim
3499 557 3641 611 stetit

2049 661 2105 714 in
2133 673 2398 729 synagoga
2435 657 2648 710 deorum
2676 671 2695 710 :
2729 655 2784 708 in
2813 654 2981 732 medio
3019 663 3192 709 autem
3233 653 3356 707 deos
3393 649 3643 732 discernit

2052 728 2224 821 (Psa‘l.
2249 747 2457 818 LXXXI).
2476 745 2656 819 (Aug)
2685 728 2840 802 Unde
2869 754 2924 800 et
2951 745 3312 817 Symmachus
3335 728 3644 798 istiusmodi

2051 853 2268 894 sensum
2311 852 2554 908 sequens
2605 838 2718 891 ait:
2762 835 3003 890 l’identes’
3044 833 3145 904 lilii
3187 842 3469 906 potentum“
3502 829 3647 900 filias

2053 930 2342 994 hominum,
2387 937 2442 983 et
2486 927 2712 997 reliqua.
2748 927 2856 982 Sed
2891 927 2995 982 hoc
3035 934 3234 990 movet,
3265 921 3536 995 quomodo
3563 921 3647 976 vel

2054 1035 2119 1073 ex
2141 1018 2420 1072 hominum
2443 1018 2729 1074 concubitu
2753 1018 2862 1072 nati
2887 1017 3149 1088 gigantes,
3179 1015 3395 1071 feminis
3416 1014 3650 1070 miscere

2058 1117 2348 1178 potuerunt
2369 1124 2446 1174 se,
2471 1109 2514 1166 si
2539 1124 2644 1164 non
2669 1109 2917 1164 homines
2946 1109 3038 1163 sed
3061 1107 3244 1178 ‘augeli
3276 1105 3514 1162 fuerunt.
3540 1105 3652 1160 Sed

2058 1199 2124 1252 de
2153 1199 2480 1269 gigantibus,
2516 1197 2569 1251 id
2594 1205 2696 1262 est,
2735 1197 2960 1252 nimium
2986 1197 3280 1268 grandibus
3308 1205 3469 1265 atque
3495 1193 3654 1250 forti-

2057 1293 2180 1355 bus,
2209 1299 2340 1362 pnto
2382 1305 2490 1344 non
2530 1305 2652 1359 esse
2696 1291 2998 1344 mirandum
3042 1291 3186 1360 quod
3229 1305 3295 1342 es
3343 1287 3654 1343 hominibus

2049 1375 2209 1436 'nasci
2238 1389 2548 1450 potuerunt,
2592 1383 2718 1451 quia
2745 1391 2798 1436 et
2833 1390 2954 1452 post
2987 1380 3244 1436 diluvium
3269 1379 3490 1449 quidam
3515 1379 3656 1434 tales

2063 1472 2228 1526 fuisse
2264 1470 2636 1540 reperiuntur;
2665 1480 2720 1526 et
2749 1472 2993 1541 qiuedam
3021 1484 3250 1540 corpora
3275 1469 3556 1523 hominum
3597 1469 3654 1523 in

2063 1561 2432 1618 incredibilem
2457 1563 2674 1617 modum
2702 1561 2937 1632 ingentia
2969 1561 3171 1616 nostris
3198 1575 3415 1630 quoque
3445 1568 3654 1628 tempo-

2065 1655 2214 1710 ribus
2265 1655 2620 1717 cxstiterunt,
2671 1670 2778 1709 nun
2824 1654 2997 1708 solum
3045 1653 3306 1714 virorum,
3347 1650 3442 1706 sed
3487 1650 3654 1704 etiam

375 1767 500 1813 octo
540 1727 748 1811 tantum
775 1756 968 1810 animae
996 1755 1047 1808 in
1077 1769 1203 1808 arca
1232 1752 1394 1808 salva:
1417 1750 1575 1805 facta:
1599 1750 1756 1804 sunt?
1778 1749 1963 1802 Restat
1994 1727 2038 1786 Β
2067 1742 2411 1798 feminarum.
2461 1743 2618 1798 Unde
2667 1743 2980 1798 credibilius
3037 1750 3122 1798 est
3179 1741 3425 1796 homines
3477 1739 3656 1808 justus

375 1863 506 1916 ergo
534 1855 596 1900 ut
627 1845 894 1914 quomodo
928 1844 981 1898 in
1013 1843 1302 1913 plerisque,
1329 1841 1404 1895 ita
1422 1849 1485 1894 .et
1515 1840 1566 1893 in
1590 1831 1691 1894 hoc
1723 1838 1794 1892 sit
1813 1833 1968 1891 errbr

375 1938 432 1992 in
472 1948 715 1990 numero.
749 1935 1023 2004 Siquidem
1059 1935 1113 1988 in
1142 1933 1386 1988 Hebraeis
1415 1943 1468 1986 ct
1499 1930 1964 1986 Samaritanorum

375 2027 532 2082 libris
553 2027 624 2080 ita
655 2025 911 2095 scriptum
938 2024 1114 2094 reperi
1146 2041 1159 2076 :
1193 2023 1263 2076 Et
1287 2022 1412 2076 vixit
1437 2018 1738 2074 Mathusala
1764 2029 1967 2072 centum

378 2115 1053 2188 octoginta'septem'annis,
1077 2125 1124 2167 et
1149 2115 1324 2183 genuit
1347 2111 1606 2186 Lamegh;
1633 2119 1679 2163 et
1705 2110 1828 2164 vixit
1852 2108 1971 2163 Ma-

378 2208 588 2264 tltusala
629 2217 902 2278 postquam
942 2207 1117 2276 genuit
1157 2204 1402 2267 Lnntech,
1443 2203 1787 2272 septingentos
1831 2211 1972 2255 octo-

381 2299 526 2368 ginta
551 2298 683 2351 duos
710 2288 898 2360 annos,
931 2305 978 2350 et
1013 2297 1189 2366 genuit
1223 2293 1362 2362 [iiios
1395 2303 1444 2348 et
1472 2293 1648 2362 ﬁlias;
1681 2301 1729 2346 et
1757 2292 1969 2362 [uerunt

381 2403 558 2441 attines
595 2387 704 2440 dies
740 2385 1080 2450 Mathusalw,
1123 2384 1252 2438 anni
1279 2384 1523 2454 nongenti
1565 2383 1838 2452 sexaginta
1879 2398 1972 2435 no-

381 2485 512 2541 vem,
536 2485 584 2530 et
609 2487 844 2530 mortuus
867 2490 960 2530 est.
988 2473 1056 2530 Et
1080 2476 1202 2530 vixit
1229 2475 1448 2528 Lamech
1478 2484 1686 2528 centum
1706 2473 1970 2544 octoginta

382 2566 515 2621 duos
543 2583 732 2631 annos,
762 2577 808 2620 et
836 2565 1010 2637 genuit
1038 2565 1174 2620 Noe.
1208 2565 1256 2620 A
1280 2566 1366 2621 die
1388 2579 1518 2635 ergo
1539 2564 1840 2619 nativitatis
1863 2562 1974 2617 Ma—

383 2655 610 2713 thusalae
638 2669 809 2726 usque
839 2657 906 2710 ad
930 2657 1072 2711 diem
1099 2666 1254 2710 ortus
1278 2655 1408 2720 Noe,
1439 2663 1564 2709 sunt
1587 2655 1712 2709 anni
1745 2655 1974 2708 trecenti

383 2747 664 2818 sexaginta
706 2762 920 2802 novem.
964 2746 1074 2800 llis.
1111 2746 1248 2802 adde
1289 2755 1576 2802 sexcentos
1615 2761 1787 2802 annos
1831 2746 1968 2810 Noe,

383 2839 512 2909 quia
534 2840 588 2894 in
611 2839 1005 2895 sexcentesimo
1025 2840 1149 2895 vitte
1166 2838 1282 2908 ejus
1315 2855 1457 2895 anno
1489 2840 1748 2895 diluvium
1769 2839 1972 2896 factum

385 2937 490 2996 est,
517 2940 680 2999 atque
711 2931 784 2986 ita
821 2930 880 2985 fit
916 2939 977 2984 ut
1014 2932 1423 3002 nongentesimo
1451 2933 1788 3003 sexagesimo
1831 2947 1974 2987 nono

387 3037 531 3077 anno
554 3024 679 3078 vitae
703 3040 813 3079 suae
842 3024 1141 3080 Mathusala
1187 3032 1432 3078 mortuus
1457 3024 1550 3089 sit,
1579 3039 1646 3078 eo
1679 3037 1823 3078 anno
1865 3039 1976 3094 quo

387 3116 553 3187 cmpit
581 3130 700 3172 esse
727 3117 1010 3172 diluvium.
1043 3117 1226 3189 (Isid.)
1260 3117 1392 3171 Nam
1433 3116 1746 3172 Mathusalae
1782 3132 1975 3172 secun-

388 3207 514 3262 dum
546 3206 895 3279 Septuaginta
939 3209 1082 3264 ultra
1119 3209 1380 3264 diluvium
1429 3217 1783 3264 numerantur
1824 3210 1974 3270 anni,

387 3307 450 3351 ut
489 3299 742 3367 quoniam
792 3299 937 3354 solus
973 3307 1056 3355 est
1101 3298 1373 3366 Christus,
1423 3299 1576 3369 cujus
1615 3299 1727 3353 vita
1773 3299 1974 3354 nullam

357 3400 360 3403 '
389 3396 555 3450 sentit
579 3403 816 3462 nitatem,
837 3397 890 3450 in
921 3397 1217 3468 majoribus
1243 3411 1454 3466 quoque
1477 3393 1586 3450 illis
1611 3410 1714 3450 non
1739 3391 1976 3450 sensisse

389 3485 651 3540 diluvium
679 3487 973 3542 videretur.

473 3573 616 3630 Vixit
645 3585 816 3630 autem
846 3575 1070 3630 Lamech
1095 3585 1302 3630 centum
1344 3575 1604 3644 octoginta
1640 3575 1842 3630 duobus
1878 3589 1977 3628 an-

393 3667 497 3734 nis,
526 3676 573 3721 et
599 3667 774 3737 genuit
800 3667 1002 3738 ﬁlium;
1041 3666 1338 3736 vocavitqne
1365 3681 1550 3720 nomen
1573 3666 1688 3735 ejus
1717 3664 1852 3731 Noe,
1896 3666 1979 3719 di-

392 3774 553 3812 cens:
592 3757 698 3812 Iste
727 3757 1083 3812 consolabitur
1118 3773 1210 3810 nos
1241 3755 1305 3810 ab
1344 3755 1583 3826 operibus
1625 3765 1672 3810 et
1712 3755 1979 3810 laboribus

393 3867 646 3907 manuum
678 3861 997 3915 nostrarum,
1036 3850 1090 3904 in
1129 3857 1268 3902 terra
1293 3847 1376 3902 cui
1405 3846 1678 3901 maledixit
1703 3847 1977 3902 Dominus.

395 3938 687 4010 (Diei-an.)
735 3937 847 3992 Noe
893 3937 1093 4006 requies
1139 3937 1544 4007 interpretatur.
1591 3937 1671 3990 Ab
1711 3952 1777 3990 eo
1821 3936 1984 4005 igitur

371 4029 540 4100 quod
568 4031 668 4085 sub
708 4029 798 4085 illo
831 4028 1009 4082 omnia
1047 4037 1194 4083 retro
1223 4043 1386 4097 opera
1428 4029 1750 4098 quieverunt
1785 4043 1882 4098 per
1904 4027 1983 4082 di-

394 4119 618 4188 luvium,
647 4121 944 4191 appellatus
978 4128 1062 4176 est
1094 4121 1311 4192 requies.
1347 4118 1629 4191 Significat
1661 4127 1839 4174 autem
1871 4118 1984 4174 Noe

394 4227 493 4283 per
517 4224 707 4266 omnes
735 4220 888 4267 actus
917 4227 1045 4266 suos
1071 4210 1368 4266 Christum.
1405 4209 1518 4266 Noe
1559 4212 1726 4276 enim,
1760 4219 1820 4264 ut
1845 4209 1985 4264 disi-

397 4319 540 4369 mus,
572 4305 768 4375 requies
797 4304 1202 4372 interpretatur.
1237 4302 1495 4356 Dominus
1525 4302 1694 4357 dielt:
1728 4301 1924 4356 Discite
1952 4320 1986 4356 a

2069 1833 2362 1904 appellatus
2401 1832 2538 1888 filios
2579 1833 2696 1898 Dei,
2723 1833 3153 1902 concupiscentia
3199 1831 3378 1901 lapsos
3401 1845 3657 1900 peccasse

2067 1939 2189 1981 cum
2235 1924 2472 1991 feminis,
2508 1940 2670 1995 quam
2704 1924 2924 1994 angelos
2972 1937 3189 1979 carnem
3232 1937 3337 1977 non
3367 1921 3655 1986 habentes,

2068 2031 2240 2087 usque
2261 2016 2328 2071 ad
2351 2015 2479 2070 illud
2505 2023 2782 2086 peccatum
2812 2014 3141 2070 descendere
3163 2014 3401 2082 potuisse
3425 2032 3438 2066 :
3466 2025 3658 2081 quam-

2072 2111 2153 2166 vis
2179 2109 2242 2164 de
2267 2109 2586 2180 quibusdam
2635 2107 2970 2163 daemonibus
2999 2107 3088 2176 qui
3119 2107 3226 2162 sint
3263 2103 3492 2176 improbi
3541 2121 3661 2159 mu-

2069 2199 2315 2266 lieribus,
2343 2215 2373 2254 a
2403 2199 2585 2254 multis
2616 2205 2724 2254 tam
2753 2197 2920 2252 multa
2957 2198 3226 2263 dicantur,
3260 2205 3318 2251 ut
3351 2211 3456 2252 non
3483 2193 3661 2251 facilis

2071 2293 2140 2348 sit
2167 2293 2234 2348 de
2261 2293 2362 2348 hac
2388 2307 2448 2348 re
2475 2291 2710 2348 finienda
2740 2291 3025 2348 sententia.
3061 2289 3282 2362 (Albim)
3315 2289 3488 2344 Aliter
3522 2289 3662 2344 ﬁlias

2069 2383 2351 2440 hominum
2387 2383 2701 2454 progeniem
2749 2381 2937 2448 Cham,
2987 2391 3044 2438 et
3096 2381 3232 2436 filios
3276 2381 3368 2436 Dei
3420 2379 3660 2436 sobolem

2075 2474 2208 2531 Seth
2245 2473 2515 2546 appellare
2563 2473 2732 2528 voluit
2788 2472 3092 2544 Scriptura,
3143 2472 3199 2527 hi
3248 2471 3389 2526 avita
3437 2469 3662 2546 benedi-

2074 2568 2252 2622 ctione
2275 2567 2530 2637 religiosi,
2584 2567 2658 2620 illi
2699 2574 2924 2636 paterna
2972 2565 3349 2620 male-dictione
3383 2545 3660 2633 impudici.

2076 2649 2183 2715 Sed
2209 2668 2494 2731 postquam
2527 2658 2618 2713 lilii
2657 2658 2812 2725 Scth,
2835 2657 3288 2728 concupiscentia
3312 2656 3461 2721 victi,
3489 2671 3558 2712 ex
3597 2655 3663 2710 ii—

2075 2752 2249 2806 I'Zabus
2290 2751 2458 2806 Cham
2507 2751 2776 2806 connubia
2825 2750 3244 2820 conjunverunt,
3285 2763 3352 2804 ex
3397 2747 3488 2801 tali
3535 2763 3666 2802 cono

2069 2841 2349 2914 junctione
2372 2841 2618 2895 homines
2641 2840 2904 2896 immenso
2924 2853 3169 2910 corpore,
3197 2839 3402 2892 viribus
3423 2837 3665 2908 superbi,

2076 2933 2318 2991 moribus
2349 2933 2631 3000 inconditi,
2663 2949 2799 3004 quos
2825 2932 3106 3004 Scriptura
3135 2933 3385 3004 gigantes
3415 2932 3664 3002 appellat,
3695 2963 3700 2966 -

2077 3027 2345 3096 procreati
2371 3035 2516 3081 sunt.

2148 3118 2397 3190 Dixitque
2434 3117 2576 3172 Deus
2606 3133 2623 3171 :
2656 3115 2778 3172 Non
2813 3117 3134 3188 permanebit
3177 3118 3394 3186 spiritus
3435 3133 3582 3171 meus
3615 3118 3670 3171 in

2077 3213 2286 3268 nomine
2307 3213 2363 3266 in
2385 3221 2658 3278 a’ternum,
2682 3210 2806 3282 quia
2833 3227 2958 3264 caro
2979 3220 3090 3274 est;
3117 3221 3369 3282 eruntque
3389 3210 3504 3263 dies
3527 3205 3670 3264 illius

2077 3314 2282 3358 centum
2330 3301 2510 3374 viginti
2547 3303 2694 3357 anni.
2725 3301 2997 3374 (Ηὶιιτοη.)
3041 3301 3097 3355 In
3151 3301 3378 3356 Ilebrteo
3410 3302 3671 3371 scriptum

2077 3401 2207 3448 est:
2249 3391 2372 3448 Non
2407 3391 2668 3464 jmlicabit
2713 3393 2928 3464 spiritus
2987 3409 3130 3446 meus
3170 3391 3405 3445 homines
3446 3392 3576 3446 istos
3621 3391 3674 3444 in

2079 3495 2352 3549 a'ternnm,
2392 3485 2516 3556 quia
2545 3501 2668 3538 caro
2708 3491 2864 3550 sunt;
2910 3485 3013 3539 hoc
3046 3496 3148 3550 est,
3189 3484 3316 3554 quia
3347 3483 3557 3554 frag‘lis
3596 3491 3677 3538 est

2079 3575 2134 3631 in
2183 3577 2401 3631 homine
2449 3574 2718 3640 conditio,
2768 3589 2873 3630 non
2921 3591 3014 3630 eos
3061 3577 3130 3630 ad
3173 3585 3408 3631 mtcrnos
3449 3577 3677 3631 servabo

2080 3669 2372 3732 cruciatus,
2420 3669 2515 3724 sed
2563 3667 2652 3722 hic
2693 3667 2800 3721 illis
2857 3668 3138 3722 restituam
3185 3669 3329 3737 quod
3375 3676 3672 3722 merentur.

2082 3760 2224 3832 Ergo
2250 3775 2354 3814 non
2379 3759 2748 3824 severitatem,
2769 3765 2830 3812 ut
2852 3758 2912 3812 in
2935 3758 3134 3812 nostris
3160 3757 3436 3813 codicibus
3457 3758 3675 3826 legitur,

2083 3856 2177 3912 sed
2209 3853 2548 3909 clementiam
2575 3851 2672 3906 Dei
2706 3859 2886 3916 sonat,
2914 3851 3041 3906 dum
3069 3858 3322 3922 peccator
3347 3851 3437 3905 hic
3463 3865 3564 3920 pro
3583 3865 3676 3904 suo

2083 3946 2286 4001 scelere
2327 3943 2596 3998 visitatur.
2647 3941 2802 3996 Unde
2852 3949 2906 3996 et
2954 3941 3126 4003 iratus
3149 3941 3290 3996 Deus
3323 3939 3567 4010 loquitur
3613 3939 3675 3994 ad

2083 4034 2346 4105 quosdam
2377 4053 2388 4086 :
2418 4032 2542 4087 Non
2577 4032 2796 4086 visitabo
2823 4031 2964 4100 ﬁlias
2995 4045 3173 4085 eorum
3198 4048 3314 4085 cum
3338 4031 3535 4100 fuerint
3567 4031 3675 4100 [or-

2085 4127 2294 4189 nicatte,
2327 4135 2372 4180 et
2401 4141 2620 4196 sponsas
2659 4141 2840 4179 eorum
2881 4140 2998 4178 cum
3046 4122 3460 4179 adulterat-crint
3506 4121 3673 4194 (Osca:

2085 4217 2181 4290 tv).
2215 4215 2282 4272 Et
2308 4217 2361 4272 in
2389 4207 2497 4272 alio
2523 4217 2680 4271 loco:
2724 4215 2954 4270 l'isitabo
2995 4217 3048 4268 in
3089 4215 3233 4286 virga
3259 4215 3561 4286 iniquitates
3589 4231 3670 4278 eo-

2087 4327 2228 4376 rum,
2264 4320 2312 4365 et
2343 4309 2398 4364 in
2427 4309 2651 4380 ﬂagellis
2694 4317 2907 4380 peccata
2948 4317 3149 4362 eorum;
3188 4305 3554 4362 Verumtamen
3584 4308 3672 4359 mi-

398 4409 480 4446 nte
497 4393 622 4462 quia
645 4393 785 4446 mitis
816 4401 1018 4446 sum'et
1064 4390 1278 4446 humilis
1303 4391 1478 4457 corde,
1514 4401 1562 4446 et
1594 4393 1862 4446 invenietis
1901 4410 1984 4445 re-
2014 4427 2063 4486 Β
2089 4405 2426 4459 “montium
2457 4419 2624 4456 meum
2660 4419 2762 4456 non
2791 4401 3030 4471 auferam
3062 4401 3126 4454 ab
3151 4402 3225 4454 eis
3251 4397 3368 4470 (Ps.
3392 4399 3675 4470 Lxxxvm).

398 4481 571 4552 quiem
611 4481 885 4534 animabus
923 4479 1103 4535 vestris
1132 4481 1345 4552 (Matth.
1390 4481 1486 4555 ιι).
1521 4479 1678 4536 Solus
1701 4480 1878 4552 justus
1904 4483 1985 4536 in-

399 4572 616 4627 venitur
642 4571 753 4626 Noe
775 4571 828 4625 in
855 4571 940 4624 illa
970 4582 1150 4643 gente,
1176 4571 1260 4626 cui
1287 4579 1492 4642 septem
1522 4573 1764 4628 homines
1787 4575 1987 4629 donan-

401 4671 492 4718 tur
527 4674 746 4735 propter
789 4663 1053 4734 justitiam
1100 4679 1270 4718 suam.
1319 4662 1477 4718 Solus
1514 4665 1693 4734 juStns
1737 4665 1985 4722 Christus

403 4762 490 4812 est
527 4764 690 4824 atque
736 4754 1040 4824 perfectus,
1085 4755 1171 4810 cui
1219 4765 1425 4826 septem
1467 4754 1723 4814 Ecclesia:
1765 4769 1986 4828 propter

405 4845 804 4917 septemplicem
829 4843 1089 4916 Spiritum
1113 4844 1505 4901 illuminantem
1535 4847 1588 4902 in
1613 4865 1778 4904 unam
1802 4849 1988 4904 Eccle-

403 4941 544 4996 siam
567 4937 959 4994 condonantur.

1081 5031 1307 5089 CAPUT
1341 5033 1406 5089 ν.

474 5123 553 5181 De
571 5125 890 5198 gigantibus,
927 5135 974 5180 et
1005 5126 1069 5180 de
1090 5135 1293 5180 centum
1318 5127 1495 5197 viginti
1524 5128 1676 5183 annis
1697 5127 1988 5184 hominibus

715 5197 786 5252 ad
809 5199 1164 5268 panitentiam
1186 5213 1217 5250 α
1245 5197 1354 5252 Deo
1378 5201 1655 5254 concessis.

479 5305 629 5378 (Car.
667 5309 770 5379 Vt.)
801 5308 1032 5380 Cumque
1081 5309 1346 5379 cwjtisscttt
1382 5310 1616 5364 homines
1656 5307 1991 5378 multiplicari

406 5413 564 5468 super
591 5409 806 5464 terram,
837 5409 884 5454 et
905 5399 1046 5468 [ﬂius
1083 5409 1462 5470 procreassent,
1497 5399 1724 5454 videntes
1767 5399 1867 5468 filii
1902 5399 1995 5454 Dei

409 5489 550 5557 ﬁlias
589 5490 880 5556 hominum,
901 5493 1040 5564 quod
1067 5501 1232 5546 essent
1254 5491 1507 5563 pale/me,
1539 5504 1842 5563 acceperunt
1869 5509 1996 5548 uxo-

413 5594 492 5632 res
535 5580 634 5634 siL-i
671 5597 734 5636 ea:
759 5583 996 5636 omnibus
1033 5599 1164 5654 quas
1203 5583 1482 5652 elegerant.
1508 5581 1746 5637 Verbum
1778 5583 2000 5639 Hebrai-

372 5666 374 5669 ’
415 5683 536 5720 cuin
563 5671 756 5725 cloltint
785 5658 962 5730 2‘on
1007 5676 1307 5728 communis
1353 5683 1432 5729 cst
1484 5674 1711 5740 numeri,
1756 5683 1806 5731 et
1861 5675 2000 5731 Dens

2091 4495 2261 4551 Porro
2289 4511 2354 4549 ne
2385 4495 2658 4549 videretur
2693 4493 2745 4548 in
2774 4507 2839 4548 eo
2863 4507 2986 4547 esse
3010 4491 3262 4557 crudelis,
3288 4492 3433 4562 quod
3455 4507 3678 4562 peccan-

2092 4589 2232 4642 tibus
2263 4589 2435 4642 locum
2476 4587 2810 4657 puniitentia:
2851 4602 2955 4640 non
3001 4586 3264 4650 dedisset,
3295 4584 3535 4654 adjecit:
3577 4584 3679 4639 Sed

2089 4689 2238 4733 erunt
2267 4677 2376 4732 dies
2399 4693 2578 4730 eorum
2607 4687 2811 4732 centum
2833 4675 3012 4747 uiginti
3039 4676 3189 4742 anni,
3211 4677 3315 4731 hoc
3337 4683 3442 4740 est,
3465 4684 3680 4730 centum

2091 4763 2280 4838 viginti
2320 4781 2491 4820 annos
2535 4763 2812 4820 habebunt
2857 4764 2926 4818 ad
2973 4765 3236 4836 agendam
3281 4765 3678 4836 ptenitentiam.

2089 4857 2205 4911 Non
2239 4857 2400 4927 igitur
2426 4856 2663 4910 humana
2690 4856 2824 4920 vita,
2853 4863 2914 4909 ut
2943 4855 3096 4910 multi
3139 4863 3345 4918 errant,
3386 4855 3442 4908 in
3467 4863 3680 4909 centum

2091 4949 2277 5020 viginti
2305 4961 2476 5002 anites
2499 4955 2784 5002 contracta
2819 4957 2924 5012 est,
2957 4948 3051 5003 sed
3081 4947 3420 5017 generationi
3453 4945 3528 5000 illi
3557 4962 3682 5002 cen—

2089 5046 2204 5094 tum
2226 5038 2416 5110 viginti
2445 5038 2571 5092 anni
2601 5036 2665 5090 ad
2691 5037 3068 5109 paenitentiam
3093 5038 3204 5092 dati
3231 5050 3376 5093 sunt.
3406 5036 3681 5108 Siquidem

2092 5127 2398 5183 invenimus
2418 5124 2561 5198 quod
2584 5135 2707 5198 post
2740 5128 3002 5183 diluvium
3030 5128 3307 5183 Abraham
3345 5129 3550 5184 vixerit
3585 5143 3677 5182 an-

2093 5234 2192 5274 nos
2220 5227 2434 5274 centum
2479 5217 2816 5290 septuaginta
2853 5219 3112 5288 quinque,
3144 5226 3198 5272 et
3241 5219 3426 5273 ceteri
3459 5216 3683 5288 amplius

2099 5310 2345 5365 ducentis
2393 5310 2648 5364 trecentis
2695 5309 2869 5364 annis.
2932 5309 3070 5376 Quia
3126 5324 3256 5364 vero
3307 5307 3678 5379 paenitentiam

2101 5415 2261 5470 agerc
2290 5409 2748 5469 contempserant,
2775 5399 2945 5455 noluit
2968 5400 3109 5457 Deus
3137 5409 3462 5471 exspectare
3482 5409 3679 5468 tempus

2103 5490 2396 5553 decretum,
2427 5490 2523 5546 sed
2551 5483 2738 5563 viginti
2770 5507 3035 5548 annorum
3062 5494 3250 5566 spatiis
3273 5491 3584 5564 atnputatis,
3607 5490 3678 5546 in-

2104 5581 2258 5636 duxit
2287 5581 2544 5637 diluvium
2591 5597 2732 5639 anno
2774 5587 3067 5645 centesimo
3107 5585 3327 5657 agendae
3357 5581 3684 5657 pmnitcntis

2108 5677 2394 5731 destinato.
3665 5679 3671 5690 '
