3958 6204
236 286 325 342 ἴ15

1286 300 1637 369 COMMENT.
1677 299 1743 354 1N
1782 299 2106 357 GENESIM.
2145 334 2215 343 —
2245 304 2370 360 LIB.
2410 303 2483 384 11.ι

3400 320 3507 377 5M

310 415 501 469 l’idens
561 423 736 485 autem
782 414 924 467 Deus
981 412 1118 484 quod
1168 414 1330 475 multa
1388 412 1603 493 malitia.
1645 412 1793 467 hami

1995 412 2237 469 Factibi
2280 434 2457 489 arcam
2484 418 2548 472 de
2596 418 2751 490 lignis
2800 420 3068 495 levigatis;
3118 432 3510 488 amasiunculos

240 525 351 564 nunt
378 514 510 577 esset
538 504 597 559 in
621 515 783 568 terra,
825 513 870 557 et
902 513 1104 571 cuncta
1128 489 1376 573 cogitatio
1417 486 1590 557 cordis
1616 504 1816 557 intenta

1924 506 1977 559 in
2009 523 2134 559 arca
2165 506 2345 576 facies.
2381 508 2511 574 Qum
2541 518 2666 563 sunt
2689 526 2819 583 ergo
2848 513 2989 583 ligna
3021 514 3274 586 levigata,
3306 521 3371 575 de
3393 524 3512 592 qui-

235 608 355 654 esset
374 598 442 651 ad
468 597 669 649 malum
700 595 1111 664 omnitempore,
1154 596 1392 665 panituit
1412 612 1529 650 eum
1551 595 1690 665 quod
1726 597 1817 649 Ιιο-
1922 597 2022 652 bus
2050 613 2173 653 arca
2201 600 2515 669 priceipitur
2544 600 2683 668 ﬁeri,
2716 604 2819 657 nisi
2854 604 3015 661 fortia
3044 617 3100 662 ει
3125 608 3433 668 insolubma
3453 623 3510 671 ει

235 691 413 743 minem
436 688 640 757 fecisset
659 686 718 753 in
748 695 924 750 terra;
952 696 1001 739 et
1025 697 1199 740 tactus
1228 686 1407 741 dolore
1427 687 1602 741 cordis
1625 686 1813 741 intrin-

233 796 390 835 secus.
422 778 633 843 Delebo,
673 780 860 848 inquit,
892 779 1151 833 hominem
1188 796 1342 851 quem
1376 780 1569 845 creavi,
1604 796 1637 833 a
1679 779 1814 835 facie

233 882 401 934 terrm,
423 869 489 923 ab
513 869 723 924 homine
744 886 904 940 usque
938 869 1006 923 ad
1032 871 1348 935 animantia,
1374 889 1407 924 a
1440 869 1613 941 reptili
1653 888 1813 941 usque

233 961 296 1014 ad
336 960 569 1016 volucres
616 960 760 1023 cceli;
806 961 1015 1030 paenitet
1046 962 1184 1014 enim
1211 978 1293 1015 me
1330 962 1512 1031 fecisse
1535 979 1640 1016 eos.
1671 962 1811 1029 Quid

233 1059 305 1105 ρει
330 1051 472 1120 quod
494 1051 562 1105 de
582 1051 693 1105 Deo
713 1051 909 1117 dicitur
937 1069 951 1103 :
981 1049 1202 1105 Paenitet
1227 1068 1306 1105 me
1324 1053 1584 1106 hominem
1603 1052 1808 1122 fecisse,

232 1151 280 1195 et
302 1141 498 1195 iterum
523 1158 536 1194 :
568 1139 759 1194 Tactus
778 1139 958 1207 dolore
981 1141 1152 1194 cordis
1180 1142 1492 1196 intrinsecus
1509 1143 1535 1196 ?
1558 1142 1809 1212 Nunquid

233 1233 279 1287 in
302 1234 468 1289 Deum
506 1232 822 1303 pcenitentia
859 1240 952 1286 aut
981 1232 1132 1287 dolor
1173 1233 1353 1287 cordis
1376 1234 1570 1289 cadere
1601 1235 1810 1305 potest?

232 1321 303 1374 lra
330 1322 427 1376 Dei
457 1337 562 1377 non
588 1322 923 1391 perturbatio
955 1321 1121 1374 animi
1149 1320 1265 1390 ejus
1287 1330 1391 1387 est,
1421 1324 1515 1377 sed
1540 1320 1805 1389 judicium

229 1426 328 1481 quo
367 1412 638 1482 irrogatur
660 1404 820 1481 'pmna
846 1420 1092 1481 peccato,
1129 1412 1389 1483 cogitatio
1431 1428 1561 1468 vero
1604 1413 1720 1483 ejus
1752 1423 1807 1470 et

229 1503 537 1573 recogitatio
558 1502 941 1558 mutandarum
964 1518 1145 1557 rerum
1167 1513 1250 1557 est
1273 1504 1624 1559 immutabilis
1645 1506 1801 1563 ratio.

228 1596 336 1651 Non
364 1596 507 1651 Deus
532 1597 598 1652 de
621 1595 762 1651 facto
788 1612 886 1650 suo
913 1597 1143 1666 pmnitet
1172 1606 1267 1650 aut
1292 1596 1435 1651 dolet
1461 1597 1798 1661 sicutbomo,

227 1688 302 1744 cui
326 1695 416 1743 est
440 1688 505 1741 de
527 1688 777 1742 omnibus
800 1687 971 1742 rebus
998 1688 1219 1743 omnino
1260 1695 1368 1743 tam
1399 1686 1505 1761 ﬁxa
1531 1688 1800 1747 sententia

1921 689 2056 744 bene
2079 693 2368 761 coaptata?
2412 692 2488 749 De
2522 695 2719 764 quibus
2754 696 2856 750 alia
2887 700 3169 756 translatio
3197 702 3350 768 dicit,
3374 722 3512 775 quas-

1918 779 2096 843 drata,
2127 789 2189 834 ut
2212 796 2341 835 arca
2372 796 2473 836 nec
2500 791 2784 838 ventorum
2827 786 2899 850 vi,
2930 803 3032 857 nec
3058 802 3323 858 aquarum
3351 792 3510 849 inuno

1917 870 2134 925 datione
2162 871 2482 926 solveretur.
2536 873 2664 929 Haec
2708 876 2895 945 utique
2944 894 3071 933 arca
3118 882 3508 939 tnansiunculis

1916 959 2060 1015 intus
2088 961 2342 1017 distincta
2368 971 2519 1024 erat.
2550 972 2775 1034 propter
2813 968 3054 1025 diversas
3086 971 3292 1040 species
3319 981 3375 1026 et
3412 988 3506 1036 80v-

1914 1063 2043 1107 nera
2071 1052 2405 1107 animalium.
3190 1124 3197 1131 .

1985 1144 2053 1197 Et
2078 1144 2322 1200 bitumine
2365 1146 2516 1202 linics
2538 1149 2850 1203 intrinsecus
2892 1160 2938 1203 et
2961 1153 3317 1218 extrinsecus;
3356 1164 3404 1207 et
3431 1155 3504 1213 sic

1913 1235 2073 1304 facies
2118 1252 2252 1289 eam.
2305 1235 2557 1293 Bitumen
2587 1249 2672 1297 est
2704 1239 3166 1296 ferventissimam
3198 1252 3254 1296 et
3299 1230 3505 1298 violen-

1912 1329 2181 1389 tissimum
2207 1329 2409 1401 gluten,
2441 1331 2594 1402 cujus
2626 1341 2707 1388 est
2751 1334 2867 1389 haec
2910 1336 3105 1400 virtus,
3137 1345 3199 1390 ut
3223 1337 3370 1406 ligna
3401 1339 3502 1393 hoc

1909 1418 2099 1484 oblita,
2150 1434 2251 1475 nec
2295 1422 2572 1479 vermibus
2598 1425 2775 1499 exedi,
2827 1441 2933 1480 nec
2965 1426 3095 1481 solis
3137 1429 3352 1493 ardore,
3400 1444 3502 1491 nec

1908 1525 2173 1579 aquarum
2204 1514 2412 1582 possint
2457 1515 2810 1571 inundatione
2856 1518 3097 1573 dissolvi.
3128 1519 3204 1575 De
3232 1520 3335 1576 hoc
3361 1522 3502 1575 bitu-

1907 1604 2052 1658 mine
2080 1604 2287 1660 Plinius
2304 1606 2602 1662 bistoricus
2625 1609 2698 1663 ita
2726 1609 2894 1670 refert
2919 1609 3056 1679 (Lib.
3080 1627 3143 1673 ll,
3178 1628 3294 1681 cap.
3330 1612 3454 1683 104)
3483 1632 3497 1666 :

1905 1691 2193 1748 Bitnminis
2226 1695 2411 1764 plures
2440 1696 2592 1751 lacus
2620 1698 2851 1751 inveniri
2880 1699 3177 1763 dicuntur,
3229 1708 3289 1752 ut
3317 1708 3400 1755 est
3443 1701 3499 1755 in

227 1794 382 1849 quam
409 1786 552 1834 certa
580 1778 940 1848 praescicntia,
968 1780 1064 1833 sed
1090 1779 1259 1835 utitur
1294 1776 1575 1847 Scriptura
1615 1786 1802 1833 sancta
1832 1764 1879 1822 Β
1908 1781 2237 1855 Comagene',
2269 1785 2403 1841 urbe
2438 1784 2730 1845 Samosata
2782 1796 3031 1858 stagnum
3079 1788 3388 1844 cmittentes
3410 1791 3497 1845 .li-

226 1870 434 1924 usitatis
474 1870 629 1924 nobis
671 1870 850 1925 verbis
895 1869 1347 1940 intelligentibus,
1386 1876 1446 1923 ut
1495 1879 1710 1939 coaptet
1745 1884 1804 1925 se

225 1972 419 2015 nostra:
438 1961 707 2032 parvitati,
739 1969 1006 2031 quatenus
1042 1977 1108 2017 ex
1152 1960 1383 2032 cognitis
1408 1960 1680 2033 incognita
1708 1976 1801 2017 co-

225 2066 560 2122 gnoscamus.

736 2208 743 2214 ,
831 2143 1059 2199 CAPUT
1095 2142 1183 2203 vr.

500 2235 575 2289 De
606 2235 724 2289 Noe
751 2244 798 2289 et
828 2243 1210 2289 constructione
1239 2250 1378 2288 arca:
1405 2234 1543 2304 ejus.

290 2325 408 2380 Noe
434 2326 512 2379 vir
535 2326 703 2393 iustus
723 2336 875 2396 atque
899 2325 1157 2396 perfectus
1181 2325 1283 2394 fuit
1305 2326 1358 2378 in
1380 2324 1800 2394 generatibnibus

222 2421 342 2483 suis,
373 2436 492 2472 cum
520 2419 628 2473 Deo
652 2418 959 2472 ambulavit.
990 2417 1212 2489 (Albim)
1231 2418 1289 2472 Si
1319 2418 1497 2472 nullus
1525 2418 1796 2487 sinepec-

222 2518 359 2573 cato,
388 2508 657 2578 quomodo
688 2507 884 2578 aliquis
907 2508 1181 2577 perfectus
1202 2522 1321 2563 esse
1342 2510 1552 2578 potest?
1569 2507 1796 2564 Perfecti

225 2600 304 2655 hic
349 2599 517 2669 aliqui
580 2600 833 2654 dicuntur
865 2640 880 2665 ,
942 2615 1048 2655 non
1098 2601 1239 2654 sicut
1300 2599 1615 2670 perﬁciendi
1673 2611 1799 2656 sunt

223 2692 392 2746 sancti
420 2692 473 2747 in
508 2692 594 2746 illa
625 2692 1048 2755 immortalitate,
1077 2707 1182 2763 qua
1208 2692 1566 2762 mquabuntur
1590 2694 1797 2764 angelis

224 2778 326 2843 Dei,
358 2781 455 2836 sed
508 2782 647 2837 sicut
691 2796 811 2836 esse
856 2791 1082 2852 possunt
1130 2782 1183 2835 in
1217 2782 1321 2837 hac
1368 2783 1798 2853 peregrinatione

220 2871 461 2942 perfecti.
496 2872 955 2945 Undesignanter
983 2874 1078 2939 ait,
1122 2874 1174 2927 in
1200 2875 1548 2945 generatione
1577 2890 1695 2938 sua,
1736 2884 1796 2930 ut

218 2967 522 3021 ostenderet
566 2983 673 3023 non
716 2966 870 3037 juxta
890 2965 1160 3035 justitiam
1200 2976 1650 3033 consummatam,
1690 2969 1795 3023 'sed

210 3055 358 3124 juxta
391 3060 752 3128 generationis
778 3075 890 3114 sua:
918 3075 1040 3114 cum
1064 3059 1269 3129 justum
1300 3058 1467 3114 fuisse
1484 3060 1786 3129 justitiam;

218 3157 268 3204 et
311 3150 417 3204 hoc
444 3159 527 3213 est
560 3151 701 3219 quod
749 3151 802 3205 in
849 3150 1074 3206 Hebrazo
1113 3151 1312 3206 dicitur
1335 3168 1348 3204 :
1372 3150 1488 3204 Noe
1513 3154 1592 3205 vir
1609 3137 1788 3221 justus

216 3249 364 3309 atque
387 3239 644 3309 perfectus
685 3251 796 3294 erat
826 3241 881 3293 in
908 3239 1327 3310 generationibus
1352 3241 1485 3305 suis,
1524 3248 1643 3295 cum
1681 3240 1788 3295 Deo

218 3328 536 3393 ambulabat,
566 3329 669 3385 hoc
696 3338 797 3390 est,
839 3331 981 3385 illius
1012 3331 1238 3400 vestigia
1266 3332 1615 3401 sequebatur;
1670 3370 1675 3375 -

282 3418 348 3472 Et
376 3422 552 3489 genuit
584 3431 688 3475 tres
717 3420 854 3489 filios
874 3462 888 3486 ,
926 3419 1066 3487 Sent,
1105 3418 1270 3475 Cltam
1298 3430 1348 3474 et
1386 3420 1633 3491 Japlteth.
1662 3419 1789 3476 Sem

216 3509 599 3581 interpretatur
641 3528 825 3566 nomen
856 3511 938 3566 vel
956 3512 1280 3565 nominatus.
1324 3509 1492 3566 Cham
1523 3512 1792 3581 interpre-

215 3609 354 3656 tatur
376 3603 624 3666 callidus,
654 3601 881 3671 Japheth
911 3603 1294 3671 interpretatur
1318 3600 1561 3656 latitudo.

278 3692 537 3764 Corrupto
567 3704 642 3748 est
677 3705 850 3749 autem
881 3704 1022 3748 terra
1052 3710 1228 3747 coram
1255 3693 1386 3760 Deo,
1419 3704 1467 3749 et
1496 3695 1690 3769 repleta
1711 3705 1787 3751 est

211 3787 499 3857 iniquitate.
529 3784 761 3856 Cumque
805 3785 1011 3839 vidisset
1053 3784 1192 3840 Deus
1214 3794 1430 3843 .terram
1456 3804 1565 3841 esse
1603 3804 1786 3841 corru-

210 3887 366 3947 ptam.
395 3877 604 3950 (Omnis
628 3879 972 3948 quippefcaro
1006 3888 1309 3950 eorruperat
1341 3879 1475 3933 viam
1507 3895 1659 3932 suam
1692 3895 1787 3932 su-

208 3988 296 4040 per
322 3970 565 4042 terram.)
607 3972 932 4041 Corruptam
969 3980 1152 4026 autem
1204 3971 1336 4027 dicit
1366 3986 1487 4027 esse
1538 3981 1738 4025 terram
1770 4010 1785 4037 ,

210 4065 330 4132 quia
356 4064 537 4118 nmis
563 4066 716 4129 caro,
745 4063 801 4117 id
825 4071 913 4117 est
938 4062 1115 4117 omnis
1145 4063 1307 4117 homo
1346 4056 1621 4131 peccando
1660 4075 1785 4115 cor-

208 4164 428 4224 ruperat
453 4156 597 4210 viam
626 4170 803 4220 suam,
824 4156 928 4210 hoc
964 4164 1049 4209 est
1074 4145 1260 4218 vitam,
1292 4154 1419 4223 quia
1452 4162 1623 4208 totum
1652 4160 1787 4208 tem-

206 4260 300 4331 pus
323 4247 450 4299 vita:
489 4261 601 4300 sua:
620 4246 775 4300 duxit
821 4245 872 4298 in
916 4245 1172 4314 peccatis.
1218 4243 1349 4298 Solo
1378 4244 1522 4298 enim
1568 4243 1786 4298 homine

205 4346 481 4406 peccante,
504 4338 682 4393 omnis
711 4352 836 4392 caro
865 4337 1063 4391 dicitur
1090 4337 1403 4406 corrupisse
1432 4337 1575 4391 viam
1606 4352 1781 4400 suam,

204 4430 328 4494 quia
356 4436 580 4497 propter
600 4428 877 4482 hominem
897 4428 1074 4481 omnis
1101 4442 1229 4481 caro
1255 4424 1436 4481 ereata
1466 4435 1570 4482 est.

267 4516 420 4575 Dixit
462 4521 532 4573 ad
564 4518 719 4575 Noe:
750 4518 901 4574 Finis
947 4522 1199 4575 universa:
1224 4522 1397 4575 carnis
1435 4523 1569 4576 venit
1606 4538 1784 4575 coram

201 4626 281 4665 lle
302 4625 322 4661 :
358 4608 553 4679 repleta
580 4618 654 4662 est
678 4617 817 4663 terra
846 4609 1118 4680 iniquitate
1144 4626 1176 4663 a
1202 4608 1337 4681 [acie
1375 4626 1579 4675 eorum,
1606 4621 1655 4664 et
1694 4627 1787 4681 ego

198 4700 500 4771 dispertitam
527 4715 616 4755 eos
643 4716 761 4753 cum
787 4708 948 4753 terra.
983 4699 1122 4767 Quid
1153 4708 1237 4756 est
1265 4700 1409 4771 quod
1446 4700 1583 4756 dixit
1612 4701 1783 4766 Deus,

202 4789 356 4846 Finis
386 4790 639 4846 universae
678 4791 849 4844 carnis
886 4792 1023 4844 venit
1059 4807 1238 4844 coram
1274 4808 1375 4857 me,
1404 4791 1509 4847 nisi
1537 4791 1662 4861 quia
1692 4806 1789 4861 per

197 4882 509 4936 universam
541 4895 759 4936 carnem
796 4879 1124 4951 signiﬁcavit
1170 4894 1332 4936 omne
1362 4877 1532 4952 genus
1576 4890 1783 4936 morta-

194 4967 327 5027 lium
356 4980 563 5042 praeter
588 4971 707 5027 illos
736 4956 827 5040 qui
863 4972 919 5025 in
946 4960 1075 5026 arca
1102 4970 1344 5027 salvandi
1368 4973 1562 5028 erant?
1590 4972 1667 5026 llli
1692 4987 1784 5026 au-

196 5069 306 5119 tem
332 5061 491 5130 quasi
519 5060 873 5116 seminarium
904 5060 1154 5131 secunda:
1197 5061 1560 5130 generationis
1583 5063 1780 5116 servati

192 5163 341 5209 sunt.
377 5152 446 5207 Et
469 5154 793 5224 disperdnm,
821 5153 1015 5222 inquit,
1046 5169 1163 5207 cum
1184 5164 1341 5221 terra.
1360 5154 1639 5221 Quomodo
1659 5170 1779 5209 cum

193 5252 340 5298 terra
373 5244 761 5314 disperierunt,
784 5244 911 5298 dum
944 5252 1087 5298 terra
1118 5252 1303 5314 postea
1334 5246 1632 5299 remansit?
1653 5245 1783 5299 Tra-

189 5337 330 5391 dunt
371 5337 515 5389 enim
561 5336 814 5390 doctores
841 5342 999 5389 teme
1027 5335 1269 5406 vigorem
1298 5342 1352 5388 et
1393 5333 1779 5390 fecunditatem

188 5427 353 5499 longe
380 5426 692 5482 inferiorem
736 5442 857 5483 esse
895 5435 1017 5495 post
1043 5426 1301 5481 diluvium
1330 5440 1492 5495 quam
1542 5435 1698 5490 ante;
1729 5434 1782 5483 et

187 5521 403 5576 idcirco
432 5521 742 5578 hominibus
775 5537 968 5577 carnes
998 5522 1159 5575 cdere
1206 5520 1476 5574 licentiam
1530 5534 1651 5574 esse
1687 5520 1782 5573 da-

189 5620 331 5673 tam,
364 5619 420 5664 et
446 5621 571 5666 ante
595 5612 761 5668 etiam
791 5612 1049 5666 diluvium
1092 5609 1357 5666 fructibus
1389 5619 1544 5666 terra:
1580 5610 1780 5665 solum-

188 5699 358 5757 modo
392 5701 684 5757 victitasse.

1810 4454 1861 4514 D

1905 1889 2053 1933 mum
2086 1875 2251 1944 (quod
2284 1875 2542 1929 maltbam
2574 1877 2791 1947 vocant)
2842 1876 3183 1947 ﬂagrantem,
3223 1894 3347 1933 cum
3392 1894 3499 1949 quo

1903 1963 2196 2019 defendere
2222 1980 2407 2020 muros
2437 1966 2632 2032 solent,
2663 1969 2790 2037 quia
2822 1976 2968 2022 tactu
3016 1969 3299 2026 adlnerens
3326 1981 3499 2027 retra-

1905 2056 1984 2109 hit
2006 2054 2292 2125 fugientes.
2324 2058 2487 2112 Estet
2509 2058 2561 2111 in
2591 2058 2895 2127 Pentapoli,
2930 2059 3021 2113 ubi
3046 2074 3197 2114 mare
3225 2059 3496 2116 Mortuum

1902 2149 1987 2203 vel
2014 2150 2165 2209 lacus
2201 2148 2509 2204 Salinarum
2539 2165 2661 2207 esse
2691 2150 2909 2214 dicitur,
2941 2150 2993 2204 in
3025 2166 3134 2220 quo
3160 2167 3496 2223 quacunque

1904 2238 2137 2297 viventia
2172 2240 2464 2309 mergenda
2514 2240 2843 2304 tentaveris,
2894 2241 3077 2303 statim
3130 2242 3408 2309 resiliunt;
3440 2254 3497 2302 et

1900 2330 2151 2400 quamvis
2178 2331 2530 2384 vehementer
2550 2392 2557 2399 η
2578 2330 2762 2394 illisa,_
2793 2330 3077 2391 confestim
3122 2333 3491 2387 excutiuntur.

1901 2421 2009 2479 Sed
2030 2437 2206 2491 neque
2236 2422 2689 2487 ventismovetnr
2719 2423 3001 2477 resistente
3025 2423 3329 2478 turbinibus
3353 2425 3496 2479 bilu-

1901 2513 2048 2568 mine
2098 2528 2205 2582 quo
2236 2529 2375 2583 aqua
2405 2513 2583 2568 omnis
2612 2522 2930 2580 stagnator;
2981 2530 3156 2583 neque
3190 2515 3494 2585 navigatio-

1899 2601 1984 2656 nis
2021 2611 2235 2672 pattens
2263 2611 2368 2667 est,
2395 2603 2523 2672 quia
2552 2604 2733 2657 omnia
2761 2605 2871 2658 vita
2901 2605 3147 2659 carentia
3189 2606 3243 2660 in
3270 2606 3493 2676 profun-

1898 2694 2024 2749 dum
2054 2703 2399 2762 merguntur-
2435 2708 2537 2748 nec
2585 2694 2875 2749 materiam
2906 2694 3077 2757 ullam
3097 2696 3355 2760 sustinet,
3388 2697 3492 2752 nisi

1897 2800 2017 2854 qua:
2038 2783 2301 2839 bitumine
2329 2784 2649 2845 illustratur,
2672 2784 2974 2845 Lucernam
3000 2799 3284 2840 accensam
3308 2786 3492 2842 lerunt

1897 2875 2572 2944 supernqtare..c:slincto
2626 2873 2866 2944 demergi
2914 2875 3132 2930 lumine.
3162 2875 3298 2931 Sunt
3338 2886 3393 2931 et
3434 2878 3491 2934 in

1894 2961 2185 3034 Babylonis
2229 2965 2539 3035 regionibus
2576 2965 2725 3035 putei
2764 2964 3065 3028 bituminis,
3096 2982 3203 3035 quo
3247 2982 3347 3036 pro
3379 2984 3488 3025 cae-

1895 3063 2078 3131 mento
2110 3055 2166 3108 in
2208 3056 2376 3110 turris
2406 3056 2813 3113 constructione
2865 3056 2959 3111 ﬁlii
3006 3056 3177 3113 Adam
3226 3058 3309 3112 usi
3340 3067 3487 3125 sunt,

1895 3144 2020 3214 quia
2058 3154 2249 3205 contra
2283 3155 2533 3203 naturam
2567 3162 2720 3217 aqua:
2748 3147 3115 3203 ﬁrmissimum
3142 3157 3243 3205 est.

1969 3235 2337 3298 Trecentarnm
2376 3239 2671 3293 cubitorum
2705 3241 2802 3293 erit
2839 3239 3109 3310 longitudo
3141 3256 3314 3304 arere;
3335 3240 3489 3311 quin-

1892 3327 2144 3396 quaginta
2187 3328 2480 3385 cubitorum
2532 3329 2779 3393 latitudo,
2829 3339 2879 3383 et
2931 3330 3146 3399 triginta
3192 3329 3487 3384 cubitorum

1892 3418 2117 3473 altitudo
2146 3418 2310 3474 illius.
2349 3419 2656 3476 Fenestram
2700 3421 2755 3475 in
2783 3439 2909 3476 arca
2936 3422 3125 3492 facies,
3148 3431 3197 3476 et
3231 3422 3285 3475 in
3310 3422 3489 3477 cubito

1891 3513 2279 3583 consummabis
2307 3514 2659 3567 summitatem
2702 3512 2834 3581 ejus.
2867 3511 3045 3578 Quaari
3080 3511 3228 3566 solet
3258 3527 3378 3581 qua:
3421 3510 3485 3565 ﬁ-

1890 3613 2023 3668 gura
2062 3600 2148 3661 vel
2198 3601 2374 3657 forma
2423 3600 2590 3656 fuerit
2636 3616 2794 3657 arcae.
2850 3601 3073 3656 Videtur
3099 3602 3243 3656 enim
3270 3617 3338 3657 ex
3380 3601 3487 3657 hac
3578 3612 3585 3615 ‘

1890 3690 2225 3754 narratione,
2255 3692 2346 3746 illa
2371 3700 2605 3762 quatuor
2632 3693 2841 3762 angulis
2868 3708 2932 3747 cx
2958 3693 3064 3747 imo
3091 3707 3396 3761 assurgere,
3421 3700 3479 3746 et

1890 3783 2093 3839 eisdem
2120 3784 2383 3855 paulatim
2412 3802 2581 3856 usque
2607 3787 2674 3840 ad
2704 3802 2973 3840 summum
3006 3787 3058 3840 in
3089 3794 3483 3856 angustumat-

1890 3876 2118 3941 tractis,
2172 3877 2227 3929 in
2292 3878 2525 3947 spatium
2576 3877 2736 3932 unius
2786 3877 2963 3932 cubiti
3009 3876 3177 3931 fuisse
3223 3876 3477 3940 collecta,

1888 3966 2015 4035 quia
2046 3967 2137 4022 .sic
2177 3964 2441 4031 refertur;
2466 3968 2611 4037 quod
2650 3969 2705 4022 in
2741 3968 3108 4023 l‘uxrdamcntis
3138 3969 3362 4023 trecenti
3384 3976 3479 4023 cu-

1887 4058 1989 4115 biti
2040 4059 2096 4112 in
2145 4058 2501 4129 longitudine,
2547 4068 2603 4114 et
2650 4060 2704 4113 in
2761 4060 3043 4114 latitudine
3090 4058 3476 4128 quinquaginta

1889 4149 2016 4213 sint,
2044 4157 2100 4204 et
2128 4149 2183 4203 in
2223 4148 2505 4204 altitudine
2536 4150 2778 4221 triginta,
2833 4149 2926 4203 sed
2958 4148 3181 4203 collecta
3229 4148 3284 4201 in
3313 4163 3476 4203 cacu—

1886 4257 2011 4297 men
2040 4250 2350 4312 angustum,
2381 4243 2455 4296 ita
2482 4250 2543 4297 ut
2567 4243 2809 4297 cubitum
2841 4240 2933 4295 sit.
2954 4240 3305 4310 longitudinis
3327 4248 3383 4294 et
3403 4240 3479 4293 la-

1888 4332 2134 4388 titudinis
2168 4331 2304 4400 ejus.
2340 4332 2409 4397 Et
2430 4342 2558 4387 vere
2585 4332 2727 4405 nulla
2758 4331 2934 4400 potuit
2965 4338 3083 4384 tam
3107 4329 3436 4395 conveniens
3456 4369 3471 4395 ,

1887 4429 1941 4476 ct
1970 4436 2207 4493 congrua
2232 4437 2384 4481 arcte
2407 4422 2615 4494 species
2653 4422 2787 4484 dari,
2822 4436 2983 4490 quam
3010 4428 3070 4474 ut
3094 4435 3305 4475 summo
3329 4420 3477 4476 velut

1886 4525 1919 4565 e
1950 4518 2093 4565 tecto
2119 4511 2353 4580 quodam
2377 4521 2606 4582 angusto
2628 4511 2843 4577 culmen
2869 4510 3194 4568 diﬁ‘underet
3220 4512 3476 4569 imbrium

1888 4600 2091 4663 ruinas,
2136 4609 2192 4656 et
2219 4602 2326 4655 ima
2352 4602 2424 4657 'in
2470 4603 2625 4672 aquis
2669 4604 2931 4672 quadrata
2962 4603 3262 4659 stabilitate
3290 4619 3474 4660 consr-

1886 4698 2075 4755 steret,
2104 4706 2204 4752 nec
2234 4691 2466 4762 impulsu
2496 4702 2779 4748 ventorum
2822 4708 2923 4748 nec
2948 4694 3154 4765 impetu
3183 4693 3476 4760 ﬂuctuum,

1886 4797 1986 4837 nec
2017 4781 2389 4852 inquietudine
2432 4784 2747 4841 animalium
2782 4801 2903 4852 qua:
2944 4786 3277 4843 intrinsecus
3317 4799 3478 4843 erant

1886 4881 1978 4927 aut
2002 4872 2252 4929 inclinari
2277 4883 2460 4943 posset
2489 4885 2582 4930 aut
2606 4877 2799 4947 mergi.
2821 4876 3084 4950 Fcnestra
3112 4892 3257 4948 ergo.
3275 4879 3397 4935 ideo
3418 4881 3472 4934 in

1886 4967 2198 5023 summitate
2227 4982 2371 5023 arcte
2409 4968 2633 5038 jnbetnr
2661 4969 2804 5034 ﬁeri,
2830 4977 2888 5024 ut
2921 4968 3303 5039 haberet,va
3329 4970 3475 5027 unde

1885 5060 2132 5115 emittere
2161 5068 2348 5129 posset
2372 5061 2617 5125 aves,.ad
2642 5060 3024 5131 explorandam
3052 5069 3211 5115 terra:
3253 5060 3470 5115 siccita-

1887 5162 2015 5207 tem.
2434 5198 2439 5199 ν

1958 5244 2162 5299 Ostium
2204 5255 2380 5301 autem
2420 5261 2560 5300 arcte
2584 5260 2746 5315 pones
2790 5259 2857 5298 ea:
2883 5243 3047 5296 latere
3081 5242 3472 5305 deorsum,cw-

1886 5337 2076 5391 uacula
2111 5346 2161 5391 et
2188 5338 2404 5407 tristega
2431 5336 2594 5407 facies
2638 5337 2692 5389 in
2735 5352 2816 5390 ea.
2849 5334 3131 5401 Quomodo
3168 5330 3301 5403 ergo
3322 5331 3469 5386 bim-

1888 5437 2093 5483 merata
2121 5438 2175 5483 et
2199 5428 2537 5483 tricamerata
2566 5425 2730 5481 fuerit
2756 5439 2907 5489 arca,
2942 5422 3158 5491 quidam
3176 5416 3469 5480 doctorum

1890 5521 1964 5574 ita
1993 5530 2259 5581 asserunt,
2305 5529 2361 5573 ut
2386 5521 2773 5574 bicameratam
2807 5515 2859 5569 in
2880 5504 3267 5573 inferioribus,
3298 5519 3469 5566 trica-

1888 5619 2151 5665 mcratam
2180 5626 2310 5664 vero
2334 5612 2386 5666 in
2417 5608 2801 5679 superioribus,
2835 5606 2908 5659 ita
2936 5613 2996 5659 ut
3045 5596 3283 5673 qumque
3315 5602 3471 5657 babi-

1890 5703 2147 5757 tationum
2190 5702 2563 5758 distinctiones
2591 5701 2643 5753 in
2672 5714 2737 5753 ea
2779 5712 2900 5753 esse
2939 5696 3306 5761 advertamus,
3334 5696 3471 5751 inte-
