3958 6204
421 318 531 395 51:;

1097 331 1159 385 Β.
1198 326 1450 389 ΒᾹΒᾹΝΙ
1489 322 1705 381 MAURI
1745 308 2023 376 ARClilEI

2125 315 2406 374 iIOGUNT.
2448 313 2731 371 OPERUM
2770 312 2948 370 PARS
2980 315 3020 371 1.

3573 310 3677 370 516

425 450 566 501 riora
609 441 726 512 ejus
768 440 882 495 loca
921 437 1251 494 stercoribus
1291 445 1349 492 et
1383 433 1657 505 spurcitiae
1685 446 1804 487 esse
1835 429 2000 497 depu-
2029 431 2072 488 Α
2103 424 2281 489 (Rom.
2310 423 2386 495 v).
2409 423 2863 495 Quinquagesimo
2888 425 3032 481 enim
3059 421 3147 482 die
3174 434 3296 495 post
3324 426 3680 481 resurrectio-

421 547 558 597 tata.
587 550 657 590 ne
702 531 953 588 animalia
982 539 1038 584 et
1081 529 1349 599 prmcipue
1392 525 1639 582 homines
1682 521 1794 576 ﬁmi
1829 520 2001 574 fetore

424 634 781 682 vevareutur:
804 624 929 678 huic
955 630 1135 675 autem
1160 619 1409 689 superior
1432 625 1487 672 et
1511 616 1760 685 contigua
1784 624 2001 667 camera

425 715 808 774 conservandis
835 712 1045 784 pabulis
1074 710 1388 765 animalium
1413 708 1783 777 deputaretur.
1811 703 1870 756 lu
1903 705 2003 757 hos

426 824 558 880 ergo
583 821 711 863 usus
740 804 1022 859 inferiores
1057 809 1240 872 partes
1270 815 1390 869 quae
1425 798 1772 853 bicameraLc
1816 792 2006 846 dicun-

427 908 518 950 tur
545 896 761 950 tradunt
787 891 950 947 fuisse
980 891 1286 953 distinctas,
1318 887 1627 957 superiores
1663 897 1793 938 vero
1823 890 2006 951 partes

429 1001 549 1056 qtue
576 985 933 1038 tricameratze
956 981 1207 1035 dicuntur
1227 978 1294 1031 ad
1322 975 1687 1031 habitaculum
1715 973 1891 1042 primo
1915 971 2008 1023 he-

430 1080 569 1142 stiis,
605 1076 690 1130 vel
718 1074 1041 1129 animalibus
1087 1070 1490 1131 immitioribus,
1529 1066 1615 1121 vel
1644 1063 2003 1133 serpentibus,

432 1172 715 1238 deputatas
741 1180 881 1220 esse.
920 1163 1003 1217 Ah
1034 1162 1117 1216 bis
1147 1175 1276 1214 vero
1300 1172 1597 1228 congruam
1640 1152 2008 1223 superioribus

433 1267 550 1317 loca
586 1259 890 1315 mitioribus
936 1253 1300 1309 animantibus
1346 1249 1556 1305 stabula
1598 1247 1801 1310 fuisse;
1849 1258 2011 1314 super

433 1351 612 1405 omnia
661 1362 790 1403 vero
838 1346 889 1399 in
918 1344 1133 1399 excelso
1176 1339 1484 1396 hominibus
1527 1337 1708 1393 sedem
1743 1334 2007 1396 locatam,

435 1448 497 1493 ut
530 1446 653 1508 pote
696 1436 835 1490 sicut
880 1435 1088 1489 honore
1134 1440 1191 1487 et
1215 1429 1476 1500 sapientia
1513 1425 1803 1490 antecedit,
1837 1425 1912 1479 ita
1957 1430 2013 1477 et

436 1530 555 1584 loco
599 1534 793 1583 cuncta
842 1524 1177 1595 praecelleret
1222 1520 1512 1584 animalia;
1545 1526 1602 1573 et
1651 1518 1731 1572 sic
1773 1515 2011 1584 quinque

438 1617 744 1672 mansiones
787 1615 840 1668 in
863 1629 926 1668 ea
967 1628 1087 1668 esse
1125 1611 1537 1681 intelliguntur:
1567 1607 1743 1677 prima
1802 1614 2011 1659 sterco-

439 1710 556 1760 rina
588 1702 981 1775 {stercorariaL
1022 1701 1259 1756 secunda
1286 1698 1650 1769 apothecaria,
1683 1697 1842 1751 tertia
1887 1695 2015 1749 feris

2102 531 2225 571 nem
2281 531 2437 569 suam
2484 514 2731 569 Christus
2782 520 3026 569 sanctum
3072 515 3331 584 Spiritum
3381 516 3548 579 misit,
3588 515 3679 584 qui

2101 609 2264 663 corda
2293 607 2628 662 credentium
2657 607 2917 661 dilatavit.
2948 606 3098 675 Quod
3120 616 3299 663 autem
3319 608 3547 663 altitudo
3566 607 3680 677 ejus

2102 699 2325 768 triginta
2352 697 2548 751 cubitis
2574 696 2768 765 surgit,
2797 711 2953 765 quem
2984 713 3265 752 numerum
3306 698 3489 753 decies
3520 698 3682 754 habet

2103 789 2157 842 in
2189 788 2443 841 trecentis
2503 787 2698 840 cubitis
2759 787 3220 856 arczelungitudo,
3267 788 3511 858 designat
3555 790 3680 859 quia

2104 878 2351 932 Christus
2393 884 2475 930 est
2505 875 2730 929 altitudo
2778 885 2996 941 nostra,
3041 878 3131 946 qui
3161 879 3379 949 triginta
3417 895 3683 936 annorum

2105 979 2317 1023 aztatem
2343 983 2556 1039 gerens.
2597 966 2900 1021 doctrinam
2926 969 3293 1041 evangelicam
3321 974 3684 1036 consecravit,

2107 1067 2417 1113 contestans
2436 1058 2606 1129 legem
2634 1073 2739 1113 non
2765 1074 2825 1112 se
2849 1059 3064 1114 venisse
3089 1060 3298 1115 solvere
3320 1061 3415 1117 sed
3438 1063 3683 1134 implere.

2108 1152 2268 1223 Legis
2317 1159 2499 1205 autem
2550 1165 2645 1204 cor
2691 1150 2744 1204 in
2790 1151 2976 1206 decem
3020 1154 3303 1223 przeceptis
3348 1156 3687 1226 agnoscitur,

2112 1243 2240 1297 hinc
2266 1241 2448 1295 decies
2481 1241 2703 1294 tricenis
2732 1256 2872 1295 arcae
2901 1241 3176 1312 longitudo
3203 1242 3499 1313 perﬁcitur.
3536 1244 3693 1301 Unde

2110 1343 2165 1388 et
2211 1334 2324 1403 ipse
2370 1331 2485 1386 Noe
2528 1333 2597 1386 ab
2624 1331 2794 1386 Adam
2842 1333 3081 1388 decimus
3126 1344 3480 1405 computatur.
3534 1337 3692 1404 Quod

2113 1424 2288 1478 sexies
2332 1422 2487 1489 longa
2522 1422 2589 1475 ad
2619 1421 2976 1488 altitudinem,
3016 1433 3070 1477 et
3099 1424 3277 1481 decies
3313 1425 3469 1496 longa
3509 1428 3575 1481 ad
3613 1428 3695 1481 la—

2115 1512 2397 1567 titudinem
2452 1526 2645 1575 suam,
2703 1512 2920 1566 humani
2981 1514 3224 1582 corporis
3286 1515 3457 1569 instar
3502 1527 3692 1571 osten-

2114 1603 2236 1665 dit,
2306 1603 2359 1657 in
2412 1615 2520 1670 quo
2579 1600 2829 1656 Christus
2895 1604 3161 1672 apparuit.
3225 1602 3509 1675 Corporis
3544 1607 3693 1663 enim

2116 1692 2394 1762 longitudo
2424 1705 2543 1761 qua:
2571 1698 2677 1745 est
2703 1705 2733 1743 a
2781 1692 2984 1746 vertice
3025 1693 3094 1747 ad
3131 1693 3414 1764 vestigium
3443 1734 3458 1759 ,
3512 1695 3696 1750 sexies

441 1794 825 1857 animantibus,
877 1801 1066 1862 quarta
1098 1790 1425 1854 mansuetis,
1460 1789 1647 1859 quinta
1688 1785 2014 1841 hominibus.
2048 1783 2091 1842 Β
2124 1792 2331 1837 tantum
2394 1783 2597 1849 habet,
2671 1797 2833 1851 quam
2894 1782 3122 1838 latitudo
3177 1793 3261 1838 est
3322 1785 3388 1840 ab
3446 1801 3557 1841 uno
3616 1786 3697 1840 la-

442 1888 535 1942 Sic
560 1885 705 1941 etde
727 1888 865 1939 ostio
915 1882 1059 1953 quod
1099 1883 1153 1936 in
1206 1881 1373 1936 latere
1409 1895 1550 1935 arcae
1576 1880 1898 1934 azdiﬁcatum
1935 1886 2018 1931 est

447 1978 688 2041 tradunt,
737 1974 881 2044 quod
927 1988 991 2027 eo
1042 1973 1161 2027 loco
1191 1972 1395 2034 fuisset,
1441 1971 1535 2026 ubi
1595 1969 1850 2025 inferiora
1900 1984 2019 2038 qu.e

447 2066 585 2121 dixit
611 2065 939 2120 bicamerata
966 2061 1107 2116 infra
1155 2076 1215 2116 se
1241 2062 1496 2126 haberet;
1534 2068 1589 2116 et
1613 2076 1732 2129 quae
1757 2060 1893 2114 dixit
1918 2059 2018 2114 tri-

445 2165 719 2211 camerata
752 2153 1029 2222 superiora
1059 2168 1089 2206 a
1125 2152 1242 2207 loco
1267 2152 1392 2205 ostii
1422 2151 1776 2214 haberentur;
1808 2159 1862 2203 et
1897 2149 2020 2203 inde

447 2249 686 2319 ingressa
716 2245 968 2299 universa
990 2244 1265 2308 animalia,
1294 2257 1391 2312 per
1418 2258 1513 2297 sua
1539 2257 1765 2312 quaeque
1790 2241 1906 2295 loca
1941 2256 2022 2296 se-

449 2336 682 2392 cundum
716 2334 858 2404 quod
905 2349 1066 2403 supra
1116 2333 1373 2398 diximus,
1408 2348 1644 2404 congrua
1695 2332 2022 2387 discretione

449 2428 711 2496 dirempta
742 2433 887 2481 sunt.
918 2424 1098 2497 (Isid.)
1129 2425 1278 2491 Quod
1303 2439 1429 2479 vero
1463 2424 1575 2479 Noe
1603 2440 1699 2494 per
1731 2439 1928 2495 aquam
1968 2432 2023 2477 et

448 2518 655 2588 lignum
682 2516 955 2579 liberatur,
975 2515 1261 2585 allegorica
1288 2514 1729 2584 interpretatione
1751 2514 1830 2567 sic
1849 2512 2020 2581 accipi

450 2618 648 2680 potest,
693 2616 750 2662 ut
779 2607 981 2678 lignum
1010 2616 1067 2661 et
1112 2622 1252 2676 aqua
1299 2621 1516 2660 crucem
1560 2604 1804 2674 designet
1832 2612 1887 2658 et
1924 2604 2023 2657 ba-

450 2700 668 2770 ptisma.
701 2698 855 2752 Sicut
882 2697 1025 2751 enim
1074 2697 1161 2751 ille
1190 2711 1313 2750 cum
1354 2696 1467 2751 suis
1505 2710 1602 2765 per
1628 2709 1824 2763 aquam
1869 2701 1926 2747 et
1967 2690 2027 2746 li-

452 2803 616 2860 gnum
665 2787 925 2851 salvatur,
973 2787 1052 2841 sic
1079 2785 1284 2840 fantilia
1322 2786 1524 2841 Christi
1570 2801 1669 2855 per
1696 2785 2023 2854 baptismum

451 2888 508 2934 et
530 2878 709 2934 crucis
751 2878 1053 2947 passionem
1094 2885 1335 2930 sanatur.
1378 2875 1577 2930 Arcam
1624 2875 1879 2929 instruxit
1912 2872 2025 2928 Noe

454 2968 521 3022 de
549 2966 708 3038 lignis
736 2980 842 3020 non
866 2964 1320 3034 putrescentibus,
1354 2963 1592 3018 Ecclesia
1631 2963 1967 3018 construitur
1993 2977 2022 3015 a

454 3059 690 3121 Christo,
723 3072 788 3111 ex
841 3056 1147 3111 hominibus
1178 3055 1401 3109 victuris
1453 3055 1508 3109 in
1556 3067 1836 3110 anernum.
1882 3052 2024 3109 Area

2119 1882 2234 1929 tere
2282 1872 2348 1926 ad
2381 1873 2613 1926 alterum
2640 1871 2800 1934 latus,
2832 1881 2888 1927 et
2914 1873 3093 1928 decies
3132 1881 3341 1927 tantum
3371 1890 3533 1943 quam
3578 1874 3700 1929 alti-

2119 1963 2263 2025 tudo,
2296 1963 2450 2032 cujus
2474 1961 2773 2016 altitudinis
2801 1976 3051 2016 mensura
3077 1971 3160 2017 est
3185 1963 3240 2017 in
3289 1962 3454 2018 latere
3476 1980 3506 2018 a
3534 1965 3701 2020 dorso

2118 2052 2184 2106 ad
2211 2061 2471 2115 ventrem,
2496 2051 2643 2106 velut
2663 2051 2708 2105 si
2725 2049 2993 2120 jaceulem
3027 2052 3298 2106 hominem
3330 2054 3573 2108 metiaris
3607 2070 3704 2109 su-

2120 2140 2304 2210 pinum
2335 2155 2428 2195 seu
2450 2154 2699 2208 pronum,
2730 2141 2904 2195 sexies
2928 2148 3132 2195 tantum
3156 2141 3346 2212 longus
3363 2151 3447 2196 est
3466 2158 3499 2196 a
3520 2144 3706 2213 capite

2123 2239 2291 2297 usque
2333 2228 2400 2282 ad
2427 2228 2613 2297 pedes,
2638 2244 2800 2297 quam
2828 2228 2968 2284 latus
2992 2245 3022 2283 a
3052 2231 3271 2285 dextera
3303 2231 3355 2286 in
3393 2233 3703 2300 sinistram,

2122 2318 2206 2371 vel
2237 2333 2267 2370 a
2298 2318 2517 2372 sinistra
2566 2319 2620 2372 in
2666 2317 2961 2380 dexteram,
3007 2328 3063 2374 et
3107 2320 3284 2375 decies
3309 2337 3472 2390 quam
3499 2321 3645 2378 altus
3671 2339 3707 2378 a

2126 2417 2289 2463 terra.
2326 2407 2477 2464 Unde
2528 2394 2666 2462 facta
2712 2417 2795 2463 est
2840 2424 2966 2463 arca
2995 2418 3354 2465 trecentorum
3384 2412 3440 2465 in
3462 2411 3710 2483 longitu-

2124 2497 2249 2552 dine
2298 2498 2623 2563 cubitorum,
2661 2494 3127 2570 etquinquaginta
3177 2503 3231 2555 in
3288 2502 3597 2568 latitudine,
3651 2512 3712 2559 et

2127 2592 2345 2662 triginta
2377 2592 2430 2646 in
2462 2592 2763 2647 altitudine.
2815 2592 2942 2647 llem
3000 2595 3185 2649 eadem
3215 2610 3337 2649 arca
3383 2596 3611 2651 collecta
3651 2598 3712 2652 iu

2125 2700 2290 2738 unum
2320 2684 2584 2748 cubitum,
2612 2684 2843 2755 desuper
2872 2697 3292 2750 consummatur,
3329 2688 3469 2742 sicut
3515 2687 3713 2743 Eccle-

2127 2776 2206 2831 sia
2234 2791 2428 2847 corpus
2453 2775 2654 2832 Christi
2694 2778 2748 2830 in
2779 2777 2985 2831 unitate
3011 2778 3259 2842 collecta,
3296 2778 3622 2833 sublimatur
3653 2790 3714 2834 et

2126 2866 2423 2938 perﬁcitur.
2462 2866 2616 2922 Unde
2661 2867 2861 2921 dicitur
2905 2868 2957 2921 in
2999 2867 3286 2939 Evangelia
3327 2869 3713 2935 :Quimecum

2128 2972 2231 3011 non
2272 2957 2484 3029 colligit,
2509 2959 2704 3027 spargit
2754 2957 2903 3030 (Luc.
2954 2958 3031 3030 ι).
3077 2959 3230 3027 Quod
3277 2968 3456 3015 autem
3524 2962 3715 3017 aditus

2129 3048 2245 3119 ejus
2274 3047 2392 3102 ﬁta
2436 3047 2625 3113 latere,
2661 3049 2929 3118 signiﬁcat
2977 3050 3101 3119 quia
3132 3065 3289 3104 nemo
3322 3052 3490 3106 intrat
3517 3052 3572 3107 in
3606 3053 3717 3107 Ec-

454 3151 597 3205 cnim
628 3151 728 3204 ista
753 3148 1037 3203 ecclesiam
1066 3148 1421 3213 demonstrat,
1450 3163 1569 3219 qua:
1598 3155 1750 3201 natat
1776 3146 2028 3203 ﬂuctibus
2056 3157 2100 3218 (ζ
2133 3138 2372 3204 ειϐδίωη,
2409 3138 2509 3192 υἱεῖ
2540 3153 2638 3207 ρετ
2666 3152 3060 3194 sacramentum
3098 3142 3431 3197 remiSSiOIliS
3456 3156 3718 3212 Peccalo-

456 3240 637 3294 mundi
696 3237 874 3307 hujus.
923 3238 1075 3304 Quod
1126 3246 1304 3293 autem
1349 3239 1535 3292 eadem
1591 3253 1718 3293 arca
1760 3237 1828 3293 de
1867 3239 2030 3310 lignis

452 3330 734 3402 quadratis
765 3328 880 3383 ﬁeri
899 3329 1141 3399 jubetur,
1181 3329 1414 3399 undique
1443 3330 1690 3385 stabilem
1712 3332 1877 3385 vitam
1904 3347 2029 3385 san-

456 3429 670 3476 ctorum
702 3418 991 3489 signiﬁcat,
1037 3418 1104 3472 ad
1138 3432 1297 3472 onme
1348 3420 1546 3473 bonum
1588 3434 1724 3488 opus
1761 3428 2026 3490 paratam.

456 3511 789 3577 Quacunque
815 3508 957 3563 enim
991 3508 1218 3562 verteris
1247 3510 1589 3578 quadratum,
1634 3510 1866 3564 ﬁrmiter
1916 3518 2029 3565 sta-

457 3599 559 3654 bit.
588 3598 855 3654 Bitumine
884 3598 1215 3668 glutinantur
1241 3614 1380 3653 arca:
1424 3599 1567 3670 ligna
1599 3600 1923 3655 intrinsecus
1979 3607 2034 3654 et

457 3690 811 3753 extrinsecus,
859 3698 919 3742 ut
954 3689 1007 3743 in
1042 3690 1359 3760 compagine
1408 3690 1650 3755 unitatis,
1698 3690 2035 3759 signiﬁcetur

386 3802 392 3809 ·
464 3781 747 3836 tolerantia
767 3780 1071 3846 cbaritatis,
1093 3796 1161 3834 ne
1187 3781 1455 3836 scandalis
1492 3781 1791 3837 Ecclesium
1819 3790 2031 3835 tentan-

460 3872 624 3937 tibus,
654 3871 767 3925 sive
786 3872 853 3926 ab
880 3859 964 3925 his
987 3872 1076 3939 qui
1107 3871 1251 3926 intus
1275 3883 1419 3936 sunt,
1451 3872 1562 3925 sive
1591 3872 1656 3926 ab
1685 3871 1768 3925 his
1795 3871 1885 3940 qui
1903 3871 2033 3926 foris

462 3970 607 4027 Sunt,
668 3963 825 4017 cedat
868 3961 1105 4017 fraterna
1144 3963 1421 4033 junctura,
1475 3971 1532 4017 et
1574 3963 1814 4018 solvatur
1851 3964 2036 4019 vincu-

464 4060 574 4114 lum
627 4060 798 4129 pacis.
857 4060 951 4115 Est
993 4061 1137 4116 enim
1181 4062 1419 4125 bitumen
1470 4062 1922 4118 ferventissimum
1979 4071 2035 4115 et

459 4151 909 4206 violentissimum
942 4151 1147 4221 gluten,
1196 4161 1257 4207 ut
1280 4167 1439 4222 supra
1456 4153 1662 4208 dictum
1692 4161 1793 4217 est,
1826 4151 2032 4224 signiﬁ-

459 4256 590 4295 cans
642 4240 944 4296 dilectionis
981 4242 1228 4296 ardorem
1279 4242 1327 4295 vi
1377 4257 1569 4313 magna
1605 4241 1937 4297 fortitudinis
1966 4242 2034 4296 ad

461 4332 747 4386 tenendam
802 4332 1117 4387 societatem
1164 4333 1519 4403 spiritualem,
1563 4335 1742 4389 omnia
1799 4333 2036 4388 toleran-

460 4429 587 4474 tem.
642 4420 779 4475 Arca
840 4421 1092 4475 trecentis
1136 4422 1331 4476 cubitis
1392 4422 1549 4493 longa
1590 4432 1692 4485 est,
1753 4431 1813 4475 ut
1860 4424 2035 4478 sexies

2133 3246 2271 3295 rum,
2304 3230 2446 3299 quod
2468 3246 2498 3284 c
2522 3230 2720 3284 Christi
2748 3230 2918 3286 latere
2941 3242 3128 3301 aperto
3155 3235 3410 3288 manavit.
3440 3233 3719 3293 Interiora

2131 3339 2272 3378 arca:
2302 3325 2630 3379 hicamerata
2660 3334 2715 3379 et
2741 3325 3082 3379 tricamerata
3114 3336 3522 3392 construuntur,
3565 3330 3721 3384 sicut

2129 3432 2195 3472 ex
2222 3415 2470 3470 omnibus
2486 3416 2753 3485 gentibus,
2783 3415 2863 3469 vel
2879 3416 3293 3486 perbipartitam
3307 3418 3721 3474 multitudinem

2128 3516 2488 3578 congregatur
2518 3506 2751 3561 Ecclesia
2781 3516 3000 3578 propter
3018 3508 3479 3563 circumcisionem
3495 3517 3550 3562 et
3573 3525 3726 3580 pra:-

2129 3600 2360 3670 putium,
2378 3599 2461 3653 vel
2479 3600 2801 3669 tripartitatn
2816 3610 3037 3671 propter
3051 3610 3162 3656 tres
3177 3601 3315 3656 ﬁlios
3332 3602 3459 3665 Noe,
3476 3618 3721 3672 quorum

2132 3698 2385 3764 progeu‘e
2417 3695 2651 3765 repletus
2677 3706 2759 3750 est
2801 3696 2948 3751 orbis
2977 3705 3275 3762 terrarum;
3308 3704 3362 3751 et
3402 3696 3524 3751 ideo
3567 3713 3722 3754 arce

2133 3783 2388 3840 inferiora
2420 3784 2522 3838 ista
2566 3786 2709 3840 dicta
2738 3794 2887 3848 sunt,
2940 3787 3065 3856 quia
3111 3787 3164 3840 in
3210 3786 3312 3841 hac
3349 3798 3567 3842 terrena
3604 3790 3720 3845 vita

2132 3874 2419 3929 diversitas
2460 3885 2545 3929 est
2591 3877 2850 3946 gentium.
2899 3876 2957 3930 ln
3005 3892 3216 3931 summo
3241 3885 3420 3931 autem
3444 3892 3615 3935 omne
3663 3880 3720 3933 in

2134 3980 2299 4019 unum
2351 3974 2776 4029 consummatur,
2828 3975 2884 4019 et
2918 3981 3023 4019 non
3053 3977 3136 4020 est
3161 3966 3258 4020 ista
3287 3967 3545 4033 varietas,
3581 3970 3719 4038 quia

2133 4056 2327 4108 omnia.
2355 4060 2409 4107 ct
2441 4055 2491 4107 in
2541 4054 2791 4109 omnibus
2838 4054 3108 4117 Christus,
3166 4066 3423 4125 tanquam
3456 4071 3559 4112 nos
3609 4074 3720 4112 uno

2135 4146 2317 4200 cubito
2343 4146 2571 4216 desuper
2598 4147 2802 4201 cmlcsti
2832 4147 3034 4202 unitate
3066 4163 3468 4203 consummans.
3504 4148 3719 4221 (Greg.)

2138 4236 2302 4291 [lecte
2324 4238 2503 4306 itaque
2525 4252 2622 4306 per
2642 4253 2821 4291 arcam
2846 4240 3092 4293 universa
3120 4239 3354 4294 Ecclesia
3376 4241 3718 4311 designatur,

2136 4343 2255 4398 quae
2285 4330 2461 4383 adhuc
2508 4329 2560 4382 in
2616 4330 2796 4384 multis
2843 4330 2956 4383 suis
2996 4331 3306 4385 carnalibus
3353 4331 3461 4386 lata
3500 4309 3719 4398 est,.in

2136 4420 2324 4490 paucis
2347 4420 2715 4490 spiritualihus
2741 4431 2999 4491 angusta;
3027 4430 3082 4476 et
3103 4424 3228 4492 quia
3255 4424 3322 4478 ad
3351 4438 3516 4477 unum
3540 4425 3725 4479 homi-

462 4512 849 4582 quinquaginta
894 4512 1245 4581 compleatur,
1279 4513 1419 4568 sicut
1443 4527 1534 4568 sex
1582 4513 1840 4568 aetatibus
1869 4526 2028 4567 omne
2063 4527 2110 4585 ι)
2138 4524 2284 4573 nem,
2333 4510 2421 4580 qui
2455 4511 2680 4565 estsine
2726 4521 2947 4580 peccato
2971 4512 3261 4581 colligitur,
3315 4514 3469 4583 quasi
3500 4514 3556 4569 in
3604 4532 3721 4570 uno

464 4601 619 4670 hujus
642 4599 819 4655 szeculi
864 4608 1072 4669 tempus
1099 4602 1437 4666 extenditur,
1476 4602 1530 4656 in
1553 4603 1748 4671 quibus
1772 4603 2031 4659 omnibus

462 4690 709 4745 Christus
764 4706 1037 4760 nunquam
1089 4691 1301 4746 desistit
1336 4692 1642 4762 praedicari,
1692 4694 1746 4748 in
1795 4696 2032 4766 quinque

462 4796 557 4851 per
593 4779 931 4851 prophetiam
962 4781 1372 4851 praenuntiatus,
1404 4782 1458 4837 in
1487 4791 1640 4839 sexta
1669 4800 1767 4853 per
1791 4785 2032 4856 Evange-

462 4871 590 4926 liqu
620 4869 947 4927 diﬁ‘amatus.
981 4870 1165 4927 Potest
1206 4873 1423 4942 quidem
1463 4882 1518 4929 et
1560 4875 1614 4928 in
1656 4876 1740 4931 his
1777 4876 2033 4930 trecentis

461 4964 656 5019 cubitis
701 4964 900 5034 lignum
955 4964 1085 5034 ligni
1114 4966 1384 5034 passionis
1420 4966 1651 5022 ostendi.
1683 4966 1856 5036 Ipsius
1886 4968 2029 5021 enim

458 5055 655 5109 litterae
697 5069 953 5110 numerus
976 5055 1155 5133 crucis
1174 5055 1508 5111 demonstrat
1531 5057 1743 5127 signum
1771 5073 1868 5126 per
1890 5057 2032 5126 quod

462 5145 592 5202 socii
631 5145 829 5200 Christi
861 5146 1129 5216 passionis
1169 5145 1367 5212 effecti,
1405 5163 1501 5216 per
1545 5149 1869 5217 baptismum
1918 5147 2032 5201 lon-

462 5236 756 5306 gitudinetn
791 5237 914 5292 vita:
937 5246 1153 5293 aeterna:
1193 5239 1561 5308 adipiscimur.
1602 5237 1752 5306 Quod
1782 5254 1909 5292 vero
1938 5254 2033 5293 cu-

460 5327 591 5382 bitis
615 5324 839 5382 latitudo
879 5327 1263 5398 quinquaginta
1294 5326 1411 5396 ejus
1454 5329 1799 5398 expanditur,
1831 5327 2033 5398 signiﬁ-

460 5425 551 5470 cat
597 5416 1000 5486 amplitudinem
1029 5417 1315 5472 charitatis
1352 5417 1404 5470 in
1435 5416 1696 5481 ﬁdelibus,
1729 5417 1869 5471 sicut
1903 5416 2034 5470 dicit

465 5503 746 5573 Apostolus
787 5522 800 5557 :
839 5504 943 5558 Cor
968 5515 1200 5559 nostrum
1241 5504 1519 5557 dilatatum
1561 5515 1636 5557 est
1665 5503 1747 5576 (11
1781 5502 1902 5558 Cor.
1934 5504 2031 5574 vr).

467 5592 615 5647 Unde
666 5594 768 5649 nisi
812 5595 1077 5650 charitate
1125 5594 1426 5664 spirituali?
1470 5603 1688 5664 propter
1734 5595 1877 5664 quod
1923 5594 2037 5664 ipse

464 5682 657 5736 iterum
700 5685 872 5740 dicit:
909 5685 1150 5740 Charitas
1193 5685 1288 5739 Dei
1334 5686 1531 5755 (li/lusa
1579 5697 1651 5740 est
1696 5689 1750 5742 in
1796 5688 2037 5743 cordibus

465 5772 672 5836 visuris,
726 5789 818 5840 per
858 5772 1111 5845 Spiritum
1166 5786 1400 5831 sanctum
1448 5780 1535 5842 qui
1575 5780 1728 5831 dum:
1774 5790 1847 5832 ea!
1894 5782 2039 5833 nobis

2134 4599 2316 4653 cubito
2344 4609 2769 4655 consummatur.
2802 4601 3055 4657 Videmus
3095 4604 3294 4658 etenim
3342 4604 3540 4661 multos
3572 4606 3723 4664 intra

2133 4692 2372 4763 ejusdem
2399 4693 2653 4748 Ecclesiae
2689 4703 2888 4749 sancta:
2916 4696 3091 4750 sinuin
3122 4695 3175 4748 in
3203 4697 3514 4766 superbiam
3542 4700 3679 4771 erigi
3699 4739 3719 4763 .

2133 4783 2186 4837 in
2219 4785 2397 4838 carnis
2422 4785 2694 4855 voluptate
2737 4785 2975 4850 dissolvi,
3007 4787 3059 4841 in
3107 4788 3453 4856 adquirendis
3482 4793 3724 4849 terrenis

2133 4874 2295 4929 rebus
2349 4875 2597 4939 inhiare,
2667 4879 2963 4949 imperante
3029 4881 3252 4934 avaritia
3308 4883 3482 4936 maria
3540 4893 3725 4940 trans-

2133 4963 2228 5025 ire,
2281 4965 2555 5020 deservire
2605 4968 2914 5032 iracundi-1:,
2956 4970 3148 5039 jurgiis
3178 4986 3397 5034 vacare,
3436 4977 3723 5043 proximos

2138 5068 2274 5122 quos
2319 5055 2612 5124 przevalent
2639 5057 2851 5112 laedere.
2892 5058 2998 5112 Sed
3027 5061 3151 5129 quia
3192 5075 3285 5116 eos
3316 5063 3495 5118 adhuc
3527 5077 3722 5121 sancta

2141 5144 2377 5199 Ecclesia
2407 5146 2603 5202 tolerat
2630 5158 2688 5215 ut
2717 5157 3121 5214 convertantur,
3151 5152 3304 5220 quasi
3337 5152 3391 5205 in
3425 5167 3574 5209 arca:
3598 5156 3725 5209 lati-

2141 5236 2324 5290 tudine
2346 5236 2596 5292 deorsum
2626 5239 2811 5294 bestize
2841 5250 3136 5295 morantur.
3168 5241 3427 5297 Videmus
3447 5244 3589 5299 alios
3602 5243 3726 5314 jam

2139 5324 2311 5379 aliena
2362 5341 2469 5380 non
2515 5343 2781 5396 quaerere,
2804 5328 3005 5383 illatam
3049 5325 3307 5401 injuriam
3338 5335 3727 5403 aequanimiter

2137 5422 2373 5482 portare,
2410 5416 2571 5471 rebus
2601 5416 2833 5486 propriis
2857 5431 2979 5475 esse
3010 5428 3315 5487 contentos,
3329 5422 3729 5480 humilitervi-

2137 5522 2294 5572 vere;
2325 5510 2419 5563 sed
2450 5508 2574 5579 quia
2605 5510 2693 5563 isti
2716 5510 2827 5580 jam
2860 5512 3015 5578 pauci
3043 5522 3192 5577 sunt,
3222 5524 3544 5584 angustatur
3567 5532 3727 5576 arca.

2136 5595 2286 5652 Alios
2310 5607 2489 5653 autem
2519 5600 2881 5669 conspicimus
2904 5603 3069 5656 etiam
3096 5617 3348 5673 possessa
3384 5605 3731 5676 relinquere,

2139 5687 2341 5765 nullum
2387 5691 2615 5745 terrenis
2645 5692 2806 5745 rebus
2836 5691 3069 5746 studium
3114 5695 3265 5756 dare,
3309 5694 3562 5750 inimicos
3603 5698 3731 5751 dili-

2142 5792 2281 5847 gere,
2313 5794 2530 5833 carnem
2572 5796 2602 5834 a
2635 5782 2843 5837 cunctis
2871 5783 3233 5848 voluptatibus
3263 5783 3506 5848 domare,
3537 5797 3735 5842 motus
