  <div class='ocr_page' id='page_1' title='image "/cluster/home/n/w/nwhite01/storage/ocr_20150623/107/hvd.32044054759725/264.png"; bbox 0 0 3958 6204; ppageno 0'>
   <div class='ocr_carea' id='block_1_1' title="bbox 268 334 2487 417">
    <p class='ocr_par' dir='ltr' id='par_1_1' title="bbox 268 334 2487 417">
     <span class='ocr_line' id='line_1_1' title="bbox 268 334 2487 417; baseline -0.003 -19"><span class='ocrx_word' id='word_1_1' title='bbox 268 351 358 410; x_wconf 71' lang='lat'><strong>517</strong></span> <span class='ocrx_word' id='word_1_2' title='bbox 962 346 971 349; x_wconf 79' lang='grc'><em>’</em></span> <span class='ocrx_word' id='word_1_3' title='bbox 1304 339 1655 417; x_wconf 72' lang='lat' dir='ltr'><strong>COMMENT.</strong></span> <span class='ocrx_word' id='word_1_4' title='bbox 1697 337 1762 392; x_wconf 70' lang='lat' dir='ltr'><strong>IN</strong></span> <span class='ocrx_word' id='word_1_5' title='bbox 1802 334 2122 392; x_wconf 70' lang='lat' dir='ltr'><strong>GENESIM.</strong></span> <span class='ocrx_word' id='word_1_6' title='bbox 2151 366 2220 378; x_wconf 89' lang='lat'>—</span> <span class='ocrx_word' id='word_1_7' title='bbox 2259 336 2386 393; x_wconf 80' lang='lat' dir='ltr'><strong>LIB.</strong></span> <span class='ocrx_word' id='word_1_8' title='bbox 2427 335 2487 392; x_wconf 89' lang='grc'><strong>11.</strong></span> 
     </span>
    </p>
   </div>
   <div class='ocr_carea' id='block_1_2' title="bbox 3440 333 3544 391">
    <p class='ocr_par' dir='ltr' id='par_1_2' title="bbox 3440 333 3544 391">
     <span class='ocr_line' id='line_1_2' title="bbox 3440 333 3544 391; baseline 0 -2"><span class='ocrx_word' id='word_1_9' title='bbox 3440 333 3544 391; x_wconf 65' lang='lat' dir='ltr'><strong>M8</strong></span> 
     </span>
    </p>
   </div>
   <div class='ocr_carea' id='block_1_3' title="bbox 267 448 3543 528">
    <p class='ocr_par' dir='ltr' id='par_1_3' title="bbox 267 448 3543 528">
     <span class='ocr_line' id='line_1_3' title="bbox 267 448 3543 528; baseline -0.005 -9"><span class='ocrx_word' id='word_1_10' title='bbox 267 477 457 519; x_wconf 80' lang='lat' dir='ltr'><strong>omnes</strong></span> <span class='ocrx_word' id='word_1_11' title='bbox 484 456 582 517; x_wconf 88' lang='lat' dir='ltr'><strong>sub</strong></span> <span class='ocrx_word' id='word_1_12' title='bbox 618 460 830 517; x_wconf 88' lang='lat' dir='ltr'><strong>ratione</strong></span> <span class='ocrx_word' id='word_1_13' title='bbox 859 458 1057 523; x_wconf 85' lang='lat' dir='ltr'><strong>iudicio</strong></span> <span class='ocrx_word' id='word_1_14' title='bbox 1095 470 1362 528; x_wconf 84' lang='lat' dir='ltr'><strong>premere,</strong></span> <span class='ocrx_word' id='word_1_15' title='bbox 1389 472 1490 525; x_wconf 90' lang='lat' dir='ltr'><strong>per</strong></span> <span class='ocrx_word' id='word_1_16' title='bbox 1513 456 1737 509; x_wconf 84' lang='lat' dir='ltr'><strong>cocleste</strong></span> <span class='ocrx_word' id='word_1_17' title='bbox 1760 451 1853 506; x_wconf 91' lang='lat' dir='ltr'><strong>de-</strong></span> <span class='ocrx_word' id='word_1_18' title='bbox 1884 453 1931 509; x_wconf 85' lang='lat' dir='ltr'><strong>A</strong></span> <span class='ocrx_word' id='word_1_19' title='bbox 1960 459 2085 503; x_wconf 90' lang='lat' dir='ltr'><strong>sunt</strong></span> <span class='ocrx_word' id='word_1_20' title='bbox 2113 464 2249 519; x_wconf 88' lang='lat' dir='ltr'><strong>quos</strong></span> <span class='ocrx_word' id='word_1_21' title='bbox 2271 450 2388 505; x_wconf 84' lang='lat' dir='ltr'><strong>haec</strong></span> <span class='ocrx_word' id='word_1_22' title='bbox 2415 457 2612 513; x_wconf 86' lang='lat' dir='ltr'><strong>movet,</strong></span> <span class='ocrx_word' id='word_1_23' title='bbox 2640 449 2720 504; x_wconf 87' lang='lat' dir='ltr'><strong>sic</strong></span> <span class='ocrx_word' id='word_1_24' title='bbox 2741 448 3113 519; x_wconf 83' lang='lat' dir='ltr'><strong>accipiendum</strong></span> <span class='ocrx_word' id='word_1_25' title='bbox 3142 461 3264 503; x_wconf 84' lang='lat' dir='ltr'><strong>esse</strong></span> <span class='ocrx_word' id='word_1_26' title='bbox 3289 449 3430 518; x_wconf 84' lang='lat' dir='ltr'><strong>quod</strong></span> <span class='ocrx_word' id='word_1_27' title='bbox 3457 449 3543 503; x_wconf 66' lang='grc' dir='ltr'><strong>άιι</strong></span> 
     </span>
    </p>
   </div>
   <div class='ocr_carea' id='block_1_4' title="bbox 267 536 1854 623">
    <p class='ocr_par' dir='ltr' id='par_1_4' title="bbox 267 536 1854 623">
     <span class='ocr_line' id='line_1_4' title="bbox 267 536 1854 623; baseline -0.008 -13"><span class='ocrx_word' id='word_1_28' title='bbox 267 554 526 610; x_wconf 74' lang='lat' dir='ltr'><strong>siderium</strong></span> <span class='ocrx_word' id='word_1_29' title='bbox 554 552 1028 623; x_wconf 72' lang='lat' dir='ltr'><strong>contemplationis</strong></span> <span class='ocrx_word' id='word_1_30' title='bbox 1068 565 1240 621; x_wconf 82' lang='lat' dir='ltr'><strong>penna</strong></span> <span class='ocrx_word' id='word_1_31' title='bbox 1265 548 1557 604; x_wconf 89' lang='lat' dir='ltr'><strong>sublevari.</strong></span> <span class='ocrx_word' id='word_1_32' title='bbox 1587 536 1694 601; x_wconf 89' lang='lat' dir='ltr'><strong>Sed</strong></span> <span class='ocrx_word' id='word_1_33' title='bbox 1728 543 1854 615; x_wconf 83' lang='lat' dir='ltr'><strong>quia</strong></span> 
     </span>
    </p>
   </div>
   <div class='ocr_carea' id='block_1_5' title="bbox 268 639 1857 719">
    <p class='ocr_par' dir='ltr' id='par_1_5' title="bbox 268 639 1857 719">
     <span class='ocr_line' id='line_1_5' title="bbox 268 639 1857 719; baseline -0.011 -14"><span class='ocrx_word' id='word_1_34' title='bbox 268 650 405 705; x_wconf 77' lang='lat' dir='ltr'><strong>tales</strong></span> <span class='ocrx_word' id='word_1_35' title='bbox 426 649 627 719; x_wconf 82' lang='lat' dir='ltr'><strong>quique</strong></span> <span class='ocrx_word' id='word_1_36' title='bbox 650 646 806 700; x_wconf 76' lang='lat' dir='ltr'><strong>valde</strong></span> <span class='ocrx_word' id='word_1_37' title='bbox 833 645 940 700; x_wconf 87' lang='lat' dir='ltr'><strong>rari</strong></span> <span class='ocrx_word' id='word_1_38' title='bbox 971 651 1119 707; x_wconf 89' lang='lat' dir='ltr'><strong>sunt,</strong></span> <span class='ocrx_word' id='word_1_39' title='bbox 1140 641 1253 712; x_wconf 89' lang='lat' dir='ltr'><strong>jam</strong></span> <span class='ocrx_word' id='word_1_40' title='bbox 1281 657 1409 696; x_wconf 89' lang='lat' dir='ltr'><strong>arca</strong></span> <span class='ocrx_word' id='word_1_41' title='bbox 1427 640 1583 709; x_wconf 75' lang='lat' dir='ltr'><strong>juxta</strong></span> <span class='ocrx_word' id='word_1_42' title='bbox 1617 639 1857 693; x_wconf 90' lang='lat' dir='ltr'><strong>cubitum</strong></span> 
     </span>
    </p>
   </div>
   <div class='ocr_carea' id='block_1_6' title="bbox 269 729 1860 806">
    <p class='ocr_par' dir='ltr' id='par_1_6' title="bbox 269 729 1860 806">
     <span class='ocr_line' id='line_1_6' title="bbox 269 729 1860 806; baseline -0.007 -10"><span class='ocrx_word' id='word_1_43' title='bbox 269 742 509 806; x_wconf 82' lang='lat' dir='ltr'><strong>ducitur,</strong></span> <span class='ocrx_word' id='word_1_44' title='bbox 539 737 632 793; x_wconf 87' lang='lat' dir='ltr'><strong>ubi</strong></span> <span class='ocrx_word' id='word_1_45' title='bbox 662 737 911 793; x_wconf 83' lang='lat' dir='ltr'><strong>homines</strong></span> <span class='ocrx_word' id='word_1_46' title='bbox 938 744 994 791; x_wconf 91' lang='lat' dir='ltr'><strong>et</strong></span> <span class='ocrx_word' id='word_1_47' title='bbox 1030 734 1264 789; x_wconf 82' lang='lat' dir='ltr'><strong>volatilia</strong></span> <span class='ocrx_word' id='word_1_48' title='bbox 1296 733 1662 788; x_wconf 84' lang='lat' dir='ltr'><strong>continentur.</strong></span> <span class='ocrx_word' id='word_1_49' title='bbox 1700 729 1860 796; x_wconf 78' lang='lat' dir='ltr'><strong>Quze-</strong></span> 
     </span>
    </p>
   </div>
   <div class='ocr_carea' id='block_1_7' title="bbox 273 822 1857 896">
    <p class='ocr_par' dir='ltr' id='par_1_7' title="bbox 273 822 1857 896">
     <span class='ocr_line' id='line_1_7' title="bbox 273 822 1857 896; baseline -0.006 -12"><span class='ocrx_word' id='word_1_50' title='bbox 273 840 425 885; x_wconf 87' lang='lat' dir='ltr'><strong>ratur</strong></span> <span class='ocrx_word' id='word_1_51' title='bbox 463 838 647 883; x_wconf 90' lang='lat' dir='ltr'><strong>tamen</strong></span> <span class='ocrx_word' id='word_1_52' title='bbox 688 829 732 881; x_wconf 88' lang='lat' dir='ltr'><strong>si</strong></span> <span class='ocrx_word' id='word_1_53' title='bbox 761 826 883 896; x_wconf 89' lang='lat' dir='ltr'><strong>quis</strong></span> <span class='ocrx_word' id='word_1_54' title='bbox 909 825 963 879; x_wconf 91' lang='lat' dir='ltr'><strong>in</strong></span> <span class='ocrx_word' id='word_1_55' title='bbox 991 824 1071 878; x_wconf 92' lang='lat' dir='ltr'><strong>eis</strong></span> <span class='ocrx_word' id='word_1_56' title='bbox 1096 838 1214 879; x_wconf 90' lang='lat' dir='ltr'><strong>esse</strong></span> <span class='ocrx_word' id='word_1_57' title='bbox 1244 822 1423 877; x_wconf 89' lang='lat' dir='ltr'><strong>valeat</strong></span> <span class='ocrx_word' id='word_1_58' title='bbox 1452 822 1568 877; x_wconf 82' lang='lat' dir='ltr'><strong>sine</strong></span> <span class='ocrx_word' id='word_1_59' title='bbox 1608 828 1857 891; x_wconf 84' lang='lat' dir='ltr'><strong>peccato,</strong></span> 
     </span>
    </p>
   </div>
   <div class='ocr_carea' id='block_1_8' title="bbox 273 914 1861 985">
    <p class='ocr_par' dir='ltr' id='par_1_8' title="bbox 273 914 1861 985">
     <span class='ocr_line' id='line_1_8' title="bbox 273 914 1861 985; baseline -0.006 -8"><span class='ocrx_word' id='word_1_60' title='bbox 273 932 323 977; x_wconf 88' lang='lat' dir='ltr'><strong>et</strong></span> <span class='ocrx_word' id='word_1_61' title='bbox 351 921 535 979; x_wconf 91' lang='lat' dir='ltr'><strong>nullus</strong></span> <span class='ocrx_word' id='word_1_62' title='bbox 570 919 862 974; x_wconf 79' lang='lat' dir='ltr'><strong>invenitur.</strong></span> <span class='ocrx_word' id='word_1_63' title='bbox 893 916 1026 985; x_wconf 83' lang='lat' dir='ltr'><strong>Qujs</strong></span> <span class='ocrx_word' id='word_1_64' title='bbox 1055 917 1236 984; x_wconf 87' lang='lat' dir='ltr'><strong>itaque</strong></span> <span class='ocrx_word' id='word_1_65' title='bbox 1265 916 1426 970; x_wconf 86' lang='lat' dir='ltr'><strong>homo</strong></span> <span class='ocrx_word' id='word_1_66' title='bbox 1466 920 1550 968; x_wconf 87' lang='lat' dir='ltr'><strong>est</strong></span> <span class='ocrx_word' id='word_1_67' title='bbox 1572 914 1690 968; x_wconf 89' lang='lat' dir='ltr'><strong>sine</strong></span> <span class='ocrx_word' id='word_1_68' title='bbox 1732 927 1861 983; x_wconf 87' lang='lat' dir='ltr'><strong>pec-</strong></span> 
     </span>
    </p>
   </div>
   <div class='ocr_carea' id='block_1_9' title="bbox 273 1004 1859 1078">
    <p class='ocr_par' dir='ltr' id='par_1_9' title="bbox 273 1004 1859 1078">
     <span class='ocr_line' id='line_1_9' title="bbox 273 1004 1859 1078; baseline -0.008 -8"><span class='ocrx_word' id='word_1_69' title='bbox 273 1022 419 1074; x_wconf 87' lang='lat' dir='ltr'><strong>cato,</strong></span> <span class='ocrx_word' id='word_1_70' title='bbox 463 1012 568 1067; x_wconf 90' lang='lat' dir='ltr'><strong>nisi</strong></span> <span class='ocrx_word' id='word_1_71' title='bbox 594 1010 681 1064; x_wconf 91' lang='lat' dir='ltr'><strong>ille</strong></span> <span class='ocrx_word' id='word_1_72' title='bbox 706 1010 799 1078; x_wconf 90' lang='lat' dir='ltr'><strong>qui</strong></span> <span class='ocrx_word' id='word_1_73' title='bbox 826 1010 880 1063; x_wconf 90' lang='lat' dir='ltr'><strong>in</strong></span> <span class='ocrx_word' id='word_1_74' title='bbox 910 1007 1149 1078; x_wconf 77' lang='lat' dir='ltr'><strong>peccatis</strong></span> <span class='ocrx_word' id='word_1_75' title='bbox 1175 1018 1469 1075; x_wconf 90' lang='lat' dir='ltr'><strong>conceptus</strong></span> <span class='ocrx_word' id='word_1_76' title='bbox 1499 1020 1605 1059; x_wconf 91' lang='lat' dir='ltr'><strong>non</strong></span> <span class='ocrx_word' id='word_1_77' title='bbox 1648 1004 1764 1059; x_wconf 86' lang='lat' dir='ltr'><strong>est?</strong></span> <span class='ocrx_word' id='word_1_78' title='bbox 1800 1004 1859 1059; x_wconf 88' lang='lat' dir='ltr'><strong>In</strong></span> 
     </span>
    </p>
   </div>
   <div class='ocr_carea' id='block_1_10' title="bbox 275 1097 1864 1175">
    <p class='ocr_par' dir='ltr' id='par_1_10' title="bbox 275 1097 1864 1175">
     <span class='ocr_line' id='line_1_10' title="bbox 275 1097 1864 1175; baseline -0.006 -14"><span class='ocrx_word' id='word_1_79' title='bbox 275 1121 382 1162; x_wconf 90' lang='lat' dir='ltr'><strong>uno</strong></span> <span class='ocrx_word' id='word_1_80' title='bbox 409 1119 542 1175; x_wconf 74' lang='lat' dir='ltr'><strong>ergo</strong></span> <span class='ocrx_word' id='word_1_81' title='bbox 579 1102 764 1158; x_wconf 91' lang='lat' dir='ltr'><strong>cubito</strong></span> <span class='ocrx_word' id='word_1_82' title='bbox 808 1107 1217 1155; x_wconf 83' lang='lat' dir='ltr'><strong>consummatur</strong></span> <span class='ocrx_word' id='word_1_83' title='bbox 1262 1113 1410 1163; x_wconf 89' lang='lat' dir='ltr'><strong>arca,</strong></span> <span class='ocrx_word' id='word_1_84' title='bbox 1441 1097 1569 1167; x_wconf 88' lang='lat' dir='ltr'><strong>quia</strong></span> <span class='ocrx_word' id='word_1_85' title='bbox 1610 1112 1751 1151; x_wconf 89' lang='lat' dir='ltr'><strong>unus</strong></span> <span class='ocrx_word' id='word_1_86' title='bbox 1777 1105 1864 1152; x_wconf 87' lang='lat' dir='ltr'><strong>est</strong></span> 
     </span>
    </p>
   </div>
   <div class='ocr_carea' id='block_1_11' title="bbox 277 1191 1860 1265">
    <p class='ocr_par' dir='ltr' id='par_1_11' title="bbox 277 1191 1860 1265">
     <span class='ocr_line' id='line_1_11' title="bbox 277 1191 1860 1265; baseline -0.008 -9"><span class='ocrx_word' id='word_1_87' title='bbox 277 1210 468 1256; x_wconf 86' lang='lat' dir='ltr'><strong>auctor</strong></span> <span class='ocrx_word' id='word_1_88' title='bbox 493 1206 550 1253; x_wconf 91' lang='lat' dir='ltr'><strong>et</strong></span> <span class='ocrx_word' id='word_1_89' title='bbox 578 1198 891 1265; x_wconf 82' lang='lat' dir='ltr'><strong>redemptor</strong></span> <span class='ocrx_word' id='word_1_90' title='bbox 920 1205 1133 1248; x_wconf 68' lang='lat' dir='ltr'><strong>sanctae</strong></span> <span class='ocrx_word' id='word_1_91' title='bbox 1162 1191 1420 1246; x_wconf 74' lang='lat' dir='ltr'><strong>Ecclesia:</strong></span> <span class='ocrx_word' id='word_1_92' title='bbox 1450 1191 1568 1245; x_wconf 88' lang='lat' dir='ltr'><strong>sine</strong></span> <span class='ocrx_word' id='word_1_93' title='bbox 1604 1198 1827 1259; x_wconf 84' lang='lat' dir='ltr'><strong>peccato</strong></span> <span class='ocrx_word' id='word_1_94' title='bbox 1845 1230 1860 1255; x_wconf 93' lang='lat'><strong>,</strong></span> 
     </span>
    </p>
   </div>
   <div class='ocr_carea' id='block_1_12' title="bbox 278 1274 1865 1363">
    <p class='ocr_par' dir='ltr' id='par_1_12' title="bbox 278 1274 1865 1363">
     <span class='ocr_line' id='line_1_12' title="bbox 278 1274 1865 1363; baseline -0.007 -15"><span class='ocrx_word' id='word_1_95' title='bbox 278 1295 344 1348; x_wconf 83' lang='lat' dir='ltr'><strong>ad</strong></span> <span class='ocrx_word' id='word_1_96' title='bbox 372 1305 540 1363; x_wconf 85' lang='lat' dir='ltr'><strong>quem</strong></span> <span class='ocrx_word' id='word_1_97' title='bbox 566 1298 622 1344; x_wconf 91' lang='lat' dir='ltr'><strong>et</strong></span> <span class='ocrx_word' id='word_1_98' title='bbox 645 1274 743 1358; x_wconf 84' lang='lat' dir='ltr'><strong>per</strong></span> <span class='ocrx_word' id='word_1_99' title='bbox 769 1301 930 1356; x_wconf 88' lang='lat' dir='ltr'><strong>quem</strong></span> <span class='ocrx_word' id='word_1_100' title='bbox 962 1298 1152 1340; x_wconf 91' lang='lat' dir='ltr'><strong>omnes</strong></span> <span class='ocrx_word' id='word_1_101' title='bbox 1180 1282 1489 1354; x_wconf 90' lang='lat' dir='ltr'><strong>proﬁciunt,</strong></span> <span class='ocrx_word' id='word_1_102' title='bbox 1519 1282 1612 1351; x_wconf 90' lang='lat' dir='ltr'><strong>qui</strong></span> <span class='ocrx_word' id='word_1_103' title='bbox 1642 1296 1701 1336; x_wconf 91' lang='lat' dir='ltr'><strong>se</strong></span> <span class='ocrx_word' id='word_1_104' title='bbox 1743 1296 1865 1337; x_wconf 89' lang='lat' dir='ltr'><strong>esse</strong></span> 
     </span>
    </p>
   </div>
   <div class='ocr_carea' id='block_1_13' title="bbox 279 1373 1768 1454">
    <p class='ocr_par' dir='ltr' id='par_1_13' title="bbox 279 1373 1768 1454">
     <span class='ocr_line' id='line_1_13' title="bbox 279 1373 1768 1454; baseline -0.009 -16"><span class='ocrx_word' id='word_1_105' title='bbox 279 1388 598 1452; x_wconf 83' lang='lat' dir='ltr'><strong>peccatores</strong></span> <span class='ocrx_word' id='word_1_106' title='bbox 624 1383 908 1454; x_wconf 84' lang='lat' dir='ltr'><strong>noverunt.</strong></span> <span class='ocrx_word' id='word_1_107' title='bbox 946 1373 1204 1443; x_wconf 86' lang='lat' dir='ltr'><strong>Sequitur</strong></span> <span class='ocrx_word' id='word_1_108' title='bbox 1229 1393 1242 1427; x_wconf 92' lang='lat'>:</span> <span class='ocrx_word' id='word_1_109' title='bbox 1743 1399 1768 1425; x_wconf 79' lang='grc' dir='ltr'><strong>ο.</strong></span> 
     </span>
    </p>
   </div>
   <div class='ocr_carea' id='block_1_14' title="bbox 349 1464 1867 1542">
    <p class='ocr_par' dir='ltr' id='par_1_14' title="bbox 349 1464 1867 1542">
     <span class='ocr_line' id='line_1_14' title="bbox 349 1464 1867 1542; baseline -0.006 -15"><span class='ocrx_word' id='word_1_110' title='bbox 349 1473 421 1527; x_wconf 84' lang='lat' dir='ltr'><strong>Et</strong></span> <span class='ocrx_word' id='word_1_111' title='bbox 455 1470 766 1542; x_wconf 84' lang='lat' dir='ltr'><strong>ingredieris</strong></span> <span class='ocrx_word' id='word_1_112' title='bbox 809 1484 988 1521; x_wconf 88' lang='lat' dir='ltr'><strong>arcam</strong></span> <span class='ocrx_word' id='word_1_113' title='bbox 1026 1477 1083 1521; x_wconf 90' lang='lat' dir='ltr'><strong>tu</strong></span> <span class='ocrx_word' id='word_1_114' title='bbox 1126 1475 1176 1521; x_wconf 84' lang='lat' dir='ltr'><strong>et</strong></span> <span class='ocrx_word' id='word_1_115' title='bbox 1210 1464 1310 1535; x_wconf 82' lang='lat' dir='ltr'><strong>ﬁlii</strong></span> <span class='ocrx_word' id='word_1_116' title='bbox 1349 1466 1447 1531; x_wconf 88' lang='lat' dir='ltr'><strong>tui,</strong></span> <span class='ocrx_word' id='word_1_117' title='bbox 1492 1481 1629 1519; x_wconf 73' lang='lat' dir='ltr'><strong>uxor</strong></span> <span class='ocrx_word' id='word_1_118' title='bbox 1660 1473 1785 1529; x_wconf 87' lang='lat' dir='ltr'><strong>tua,</strong></span> <span class='ocrx_word' id='word_1_119' title='bbox 1817 1474 1867 1519; x_wconf 90' lang='lat' dir='ltr'><strong>et</strong></span> 
     </span>
    </p>
   </div>
   <div class='ocr_carea' id='block_1_15' title="bbox 282 1556 1868 1632">
    <p class='ocr_par' dir='ltr' id='par_1_15' title="bbox 282 1556 1868 1632">
     <span class='ocr_line' id='line_1_15' title="bbox 282 1556 1868 1632; baseline -0.007 -11"><span class='ocrx_word' id='word_1_120' title='bbox 282 1581 472 1621; x_wconf 68' lang='lat' dir='ltr'><strong>uxores</strong></span> <span class='ocrx_word' id='word_1_121' title='bbox 519 1561 751 1632; x_wconf 78' lang='lat' dir='ltr'><strong>filiorum</strong></span> <span class='ocrx_word' id='word_1_122' title='bbox 795 1570 1005 1613; x_wconf 85' lang='lat' dir='ltr'><strong>tuorum</strong></span> <span class='ocrx_word' id='word_1_123' title='bbox 1040 1568 1229 1612; x_wconf 80' lang='lat' dir='ltr'><strong>tecum.</strong></span> <span class='ocrx_word' id='word_1_124' title='bbox 1278 1556 1346 1610; x_wconf 89' lang='lat' dir='ltr'><strong>Et</strong></span> <span class='ocrx_word' id='word_1_125' title='bbox 1391 1557 1592 1610; x_wconf 86' lang='lat' dir='ltr'><strong>cunctis</strong></span> <span class='ocrx_word' id='word_1_126' title='bbox 1631 1556 1868 1610; x_wconf 86' lang='lat' dir='ltr'><strong>animan-</strong></span> 
     </span>
    </p>
   </div>
   <div class='ocr_carea' id='block_1_16' title="bbox 285 1649 1866 1716">
    <p class='ocr_par' dir='ltr' id='par_1_16' title="bbox 285 1649 1866 1716">
     <span class='ocr_line' id='line_1_16' title="bbox 285 1649 1866 1716; baseline -0.008 -3"><span class='ocrx_word' id='word_1_127' title='bbox 285 1659 423 1713; x_wconf 88' lang='lat' dir='ltr'><strong>tibus</strong></span> <span class='ocrx_word' id='word_1_128' title='bbox 451 1657 710 1710; x_wconf 74' lang='lat' dir='ltr'><strong>uniuersae</strong></span> <span class='ocrx_word' id='word_1_129' title='bbox 744 1653 944 1716; x_wconf 83' lang='lat' dir='ltr'><strong>carnis,</strong></span> <span class='ocrx_word' id='word_1_130' title='bbox 972 1651 1097 1705; x_wconf 88' lang='lat' dir='ltr'><strong>bina</strong></span> <span class='ocrx_word' id='word_1_131' title='bbox 1139 1649 1297 1704; x_wconf 82' lang='lat' dir='ltr'><strong>duces</strong></span> <span class='ocrx_word' id='word_1_132' title='bbox 1328 1650 1385 1702; x_wconf 85' lang='lat' dir='ltr'><strong>in</strong></span> <span class='ocrx_word' id='word_1_133' title='bbox 1410 1665 1589 1704; x_wconf 88' lang='lat' dir='ltr'><strong>arcam</strong></span> <span class='ocrx_word' id='word_1_134' title='bbox 1615 1657 1671 1701; x_wconf 87' lang='lat' dir='ltr'><strong>ut</strong></span> <span class='ocrx_word' id='word_1_135' title='bbox 1691 1649 1866 1702; x_wconf 85' lang='lat' dir='ltr'><strong>vivant</strong></span> 
     </span>
    </p>
   </div>
   <div class='ocr_carea' id='block_1_17' title="bbox 284 1737 1866 1811">
    <p class='ocr_par' dir='ltr' id='par_1_17' title="bbox 284 1737 1866 1811">
     <span class='ocr_line' id='line_1_17' title="bbox 284 1737 1866 1811; baseline -0.008 -7"><span class='ocrx_word' id='word_1_136' title='bbox 284 1761 480 1811; x_wconf 81' lang='lat' dir='ltr'><strong>tecum,</strong></span> <span class='ocrx_word' id='word_1_137' title='bbox 540 1743 817 1799; x_wconf 71' lang='lat' dir='ltr'><strong>masculini</strong></span> <span class='ocrx_word' id='word_1_138' title='bbox 881 1752 930 1796; x_wconf 87' lang='lat' dir='ltr'><strong>et</strong></span> <span class='ocrx_word' id='word_1_139' title='bbox 978 1740 1218 1811; x_wconf 87' lang='lat' dir='ltr'><strong>feminini</strong></span> <span class='ocrx_word' id='word_1_140' title='bbox 1265 1756 1439 1802; x_wconf 73' lang='lat' dir='ltr'><strong>sexus,</strong></span> <span class='ocrx_word' id='word_1_141' title='bbox 1481 1747 1588 1794; x_wconf 89' lang='lat' dir='ltr'><strong>etc.</strong></span> <span class='ocrx_word' id='word_1_142' title='bbox 1644 1737 1866 1810; x_wconf 68' lang='lat' dir='ltr'><strong>(Albim)</strong></span> 
     </span>
    </p>
   </div>
   <div class='ocr_carea' id='block_1_18' title="bbox 286 1831 1862 1907">
    <p class='ocr_par' dir='ltr' id='par_1_18' title="bbox 286 1831 1862 1907">
     <span class='ocr_line' id='line_1_18' title="bbox 286 1831 1862 1907; baseline -0.006 -13"><span class='ocrx_word' id='word_1_143' title='bbox 286 1838 426 1907; x_wconf 87' lang='lat' dir='ltr'><strong>Quid</strong></span> <span class='ocrx_word' id='word_1_144' title='bbox 457 1837 560 1892; x_wconf 83' lang='lat' dir='ltr'><strong>sibi</strong></span> <span class='ocrx_word' id='word_1_145' title='bbox 589 1835 704 1889; x_wconf 91' lang='lat' dir='ltr'><strong>vult</strong></span> <span class='ocrx_word' id='word_1_146' title='bbox 728 1834 871 1903; x_wconf 89' lang='lat' dir='ltr'><strong>quod</strong></span> <span class='ocrx_word' id='word_1_147' title='bbox 900 1833 989 1888; x_wconf 90' lang='lat' dir='ltr'><strong>hic</strong></span> <span class='ocrx_word' id='word_1_148' title='bbox 1016 1832 1140 1887; x_wconf 90' lang='lat' dir='ltr'><strong>bina</strong></span> <span class='ocrx_word' id='word_1_149' title='bbox 1181 1832 1248 1887; x_wconf 92' lang='lat' dir='ltr'><strong>de</strong></span> <span class='ocrx_word' id='word_1_150' title='bbox 1290 1832 1539 1886; x_wconf 89' lang='lat' dir='ltr'><strong>omnibus</strong></span> <span class='ocrx_word' id='word_1_151' title='bbox 1574 1831 1862 1885; x_wconf 91' lang='lat' dir='ltr'><strong>animanti-</strong></span> 
     </span>
    </p>
   </div>
   <div class='ocr_carea' id='block_1_19' title="bbox 287 1920 1870 1992">
    <p class='ocr_par' dir='ltr' id='par_1_19' title="bbox 287 1920 1870 1992">
     <span class='ocr_line' id='line_1_19' title="bbox 287 1920 1870 1992; baseline -0.006 -7"><span class='ocrx_word' id='word_1_152' title='bbox 287 1931 389 1985; x_wconf 90' lang='lat' dir='ltr'><strong>bus</strong></span> <span class='ocrx_word' id='word_1_153' title='bbox 417 1927 764 1982; x_wconf 80' lang='lat' dir='ltr'><strong>introducere</strong></span> <span class='ocrx_word' id='word_1_154' title='bbox 802 1921 955 1992; x_wconf 80' lang='lat' dir='ltr'><strong>iubet</strong></span> <span class='ocrx_word' id='word_1_155' title='bbox 1004 1940 1067 1977; x_wconf 82' lang='lat' dir='ltr'><strong>in</strong></span> <span class='ocrx_word' id='word_1_156' title='bbox 1104 1936 1310 1985; x_wconf 89' lang='lat' dir='ltr'><strong>arcam,</strong></span> <span class='ocrx_word' id='word_1_157' title='bbox 1348 1920 1487 1975; x_wconf 87' lang='lat' dir='ltr'><strong>etin</strong></span> <span class='ocrx_word' id='word_1_158' title='bbox 1515 1920 1870 1990; x_wconf 80' lang='lat' dir='ltr'><strong>sequentibus</strong></span> 
     </span>
    </p>
   </div>
   <div class='ocr_carea' id='block_1_20' title="bbox 288 2010 1871 2086">
    <p class='ocr_par' dir='ltr' id='par_1_20' title="bbox 288 2010 1871 2086">
     <span class='ocr_line' id='line_1_20' title="bbox 288 2010 1871 2086; baseline -0.008 -10"><span class='ocrx_word' id='word_1_159' title='bbox 288 2022 394 2076; x_wconf 90' lang='lat' dir='ltr'><strong>duo</strong></span> <span class='ocrx_word' id='word_1_160' title='bbox 423 2030 483 2074; x_wconf 89' lang='lat' dir='ltr'><strong>et</strong></span> <span class='ocrx_word' id='word_1_161' title='bbox 524 2018 651 2081; x_wconf 91' lang='lat' dir='ltr'><strong>duo,</strong></span> <span class='ocrx_word' id='word_1_162' title='bbox 679 2022 902 2086; x_wconf 89' lang='lat' dir='ltr'><strong>septena</strong></span> <span class='ocrx_word' id='word_1_163' title='bbox 932 2023 988 2069; x_wconf 91' lang='lat' dir='ltr'><strong>et</strong></span> <span class='ocrx_word' id='word_1_164' title='bbox 1015 2022 1257 2083; x_wconf 88' lang='lat' dir='ltr'><strong>septena,</strong></span> <span class='ocrx_word' id='word_1_165' title='bbox 1288 2012 1588 2067; x_wconf 87' lang='lat' dir='ltr'><strong>masculum</strong></span> <span class='ocrx_word' id='word_1_166' title='bbox 1623 2019 1676 2068; x_wconf 90' lang='lat' dir='ltr'><strong>et</strong></span> <span class='ocrx_word' id='word_1_167' title='bbox 1716 2010 1871 2066; x_wconf 85' lang='lat' dir='ltr'><strong>femi-</strong></span> 
     </span>
    </p>
   </div>
   <div class='ocr_carea' id='block_1_21' title="bbox 289 2100 1869 2176">
    <p class='ocr_par' dir='ltr' id='par_1_21' title="bbox 289 2100 1869 2176">
     <span class='ocr_line' id='line_1_21' title="bbox 289 2100 1869 2176; baseline -0.007 -13"><span class='ocrx_word' id='word_1_168' title='bbox 289 2109 454 2164; x_wconf 85' lang='lat' dir='ltr'><strong>nam?</strong></span> <span class='ocrx_word' id='word_1_169' title='bbox 485 2123 557 2160; x_wconf 92' lang='lat' dir='ltr'><strong>an</strong></span> <span class='ocrx_word' id='word_1_170' title='bbox 586 2114 821 2176; x_wconf 86' lang='lat' dir='ltr'><strong>quatuor</strong></span> <span class='ocrx_word' id='word_1_171' title='bbox 863 2120 927 2160; x_wconf 79' lang='lat' dir='ltr'><strong>ex</strong></span> <span class='ocrx_word' id='word_1_172' title='bbox 955 2101 1248 2158; x_wconf 88' lang='lat' dir='ltr'><strong>immundis</strong></span> <span class='ocrx_word' id='word_1_173' title='bbox 1273 2109 1329 2155; x_wconf 91' lang='lat' dir='ltr'><strong>et</strong></span> <span class='ocrx_word' id='word_1_174' title='bbox 1353 2100 1762 2171; x_wconf 88' lang='lat' dir='ltr'><strong>quatuordecim</strong></span> <span class='ocrx_word' id='word_1_175' title='bbox 1802 2114 1869 2154; x_wconf 73' lang='lat' dir='ltr'><strong>ex</strong></span> 
     </span>
    </p>
   </div>
   <div class='ocr_carea' id='block_1_22' title="bbox 289 2189 1871 2263">
    <p class='ocr_par' dir='ltr' id='par_1_22' title="bbox 289 2189 1871 2263">
     <span class='ocr_line' id='line_1_22' title="bbox 289 2189 1871 2263; baseline -0.005 -11"><span class='ocrx_word' id='word_1_176' title='bbox 289 2197 514 2253; x_wconf 82' lang='lat' dir='ltr'><strong>mundis</strong></span> <span class='ocrx_word' id='word_1_177' title='bbox 535 2195 860 2251; x_wconf 82' lang='lat' dir='ltr'><strong>animalibus</strong></span> <span class='ocrx_word' id='word_1_178' title='bbox 879 2193 1176 2263; x_wconf 79' lang='lat' dir='ltr'><strong>intelligere</strong></span> <span class='ocrx_word' id='word_1_179' title='bbox 1195 2192 1453 2248; x_wconf 89' lang='lat' dir='ltr'><strong>debemus</strong></span> <span class='ocrx_word' id='word_1_180' title='bbox 1482 2189 1871 2246; x_wconf 91' lang='lat' dir='ltr'><strong>introducenda</strong></span> 
     </span>
    </p>
   </div>
   <div class='ocr_carea' id='block_1_23' title="bbox 291 2282 1875 2355">
    <p class='ocr_par' dir='ltr' id='par_1_23' title="bbox 291 2282 1875 2355">
     <span class='ocr_line' id='line_1_23' title="bbox 291 2282 1875 2355; baseline -0.003 -12"><span class='ocrx_word' id='word_1_181' title='bbox 291 2288 450 2343; x_wconf 83' lang='lat' dir='ltr'><strong>esse?</strong></span> <span class='ocrx_word' id='word_1_182' title='bbox 480 2285 598 2342; x_wconf 80' lang='lat' dir='ltr'><strong>Non</strong></span> <span class='ocrx_word' id='word_1_183' title='bbox 637 2284 960 2355; x_wconf 78' lang='lat' dir='ltr'><strong>utique&#39;duo</strong></span> <span class='ocrx_word' id='word_1_184' title='bbox 985 2293 1039 2337; x_wconf 92' lang='lat' dir='ltr'><strong>et</strong></span> <span class='ocrx_word' id='word_1_185' title='bbox 1082 2283 1188 2338; x_wconf 91' lang='lat' dir='ltr'><strong>duo</strong></span> <span class='ocrx_word' id='word_1_186' title='bbox 1214 2292 1437 2354; x_wconf 87' lang='lat' dir='ltr'><strong>propter</strong></span> <span class='ocrx_word' id='word_1_187' title='bbox 1464 2290 1699 2352; x_wconf 85' lang='lat' dir='ltr'><strong>quatuor</strong></span> <span class='ocrx_word' id='word_1_188' title='bbox 1722 2322 1737 2347; x_wconf 92' lang='lat'><strong>,</strong></span> <span class='ocrx_word' id='word_1_189' title='bbox 1779 2282 1875 2338; x_wconf 86' lang='lat' dir='ltr'><strong>sed</strong></span> 
     </span>
    </p>
   </div>
   <div class='ocr_carea' id='block_1_24' title="bbox 290 2374 1875 2447">
    <p class='ocr_par' dir='ltr' id='par_1_24' title="bbox 290 2374 1875 2447">
     <span class='ocr_line' id='line_1_24' title="bbox 290 2374 1875 2447; baseline -0.001 -17"><span class='ocrx_word' id='word_1_190' title='bbox 290 2386 518 2447; x_wconf 88' lang='lat' dir='ltr'><strong>propter</strong></span> <span class='ocrx_word' id='word_1_191' title='bbox 542 2374 841 2430; x_wconf 85' lang='lat' dir='ltr'><strong>masculum</strong></span> <span class='ocrx_word' id='word_1_192' title='bbox 870 2383 926 2429; x_wconf 91' lang='lat' dir='ltr'><strong>et</strong></span> <span class='ocrx_word' id='word_1_193' title='bbox 972 2374 1245 2428; x_wconf 81' lang='lat' dir='ltr'><strong>feminam.</strong></span> <span class='ocrx_word' id='word_1_194' title='bbox 1297 2374 1431 2429; x_wconf 87' lang='lat' dir='ltr'><strong>Nam</strong></span> <span class='ocrx_word' id='word_1_195' title='bbox 1479 2375 1546 2430; x_wconf 89' lang='lat' dir='ltr'><strong>de</strong></span> <span class='ocrx_word' id='word_1_196' title='bbox 1586 2374 1875 2429; x_wconf 82' lang='lat' dir='ltr'><strong>immundis</strong></span> 
     </span>
    </p>
   </div>
   <div class='ocr_carea' id='block_1_25' title="bbox 295 2465 1871 2536">
    <p class='ocr_par' dir='ltr' id='par_1_25' title="bbox 295 2465 1871 2536">
     <span class='ocr_line' id='line_1_25' title="bbox 295 2465 1871 2536; baseline -0.001 -15"><span class='ocrx_word' id='word_1_197' title='bbox 295 2467 673 2521; x_wconf 85' lang='lat' dir='ltr'><strong>tantummodo</strong></span> <span class='ocrx_word' id='word_1_198' title='bbox 710 2466 835 2530; x_wconf 92' lang='lat' dir='ltr'><strong>duo,</strong></span> <span class='ocrx_word' id='word_1_199' title='bbox 865 2473 921 2520; x_wconf 87' lang='lat' dir='ltr'><strong>et</strong></span> <span class='ocrx_word' id='word_1_200' title='bbox 948 2465 1015 2520; x_wconf 90' lang='lat' dir='ltr'><strong>de</strong></span> <span class='ocrx_word' id='word_1_201' title='bbox 1046 2465 1259 2520; x_wconf 89' lang='lat' dir='ltr'><strong>mundis</strong></span> <span class='ocrx_word' id='word_1_202' title='bbox 1279 2466 1618 2521; x_wconf 87' lang='lat' dir='ltr'><strong>solummodo</strong></span> <span class='ocrx_word' id='word_1_203' title='bbox 1644 2473 1871 2536; x_wconf 90' lang='lat' dir='ltr'><strong>septem.</strong></span> 
     </span>
    </p>
   </div>
   <div class='ocr_carea' id='block_1_26' title="bbox 296 2555 1869 2627">
    <p class='ocr_par' dir='ltr' id='par_1_26' title="bbox 296 2555 1869 2627">
     <span class='ocr_line' id='line_1_26' title="bbox 296 2555 1869 2627; baseline 0 -15"><span class='ocrx_word' id='word_1_204' title='bbox 296 2559 424 2613; x_wconf 89' lang='lat' dir='ltr'><strong>Inde</strong></span> <span class='ocrx_word' id='word_1_205' title='bbox 448 2556 725 2611; x_wconf 88' lang='lat' dir='ltr'><strong>immunda</strong></span> <span class='ocrx_word' id='word_1_206' title='bbox 752 2555 869 2627; x_wconf 86' lang='lat' dir='ltr'><strong>pari</strong></span> <span class='ocrx_word' id='word_1_207' title='bbox 903 2570 1129 2611; x_wconf 88' lang='lat' dir='ltr'><strong>numero</strong></span> <span class='ocrx_word' id='word_1_208' title='bbox 1156 2558 1362 2627; x_wconf 90' lang='lat' dir='ltr'><strong>posuit;</strong></span> <span class='ocrx_word' id='word_1_209' title='bbox 1393 2558 1587 2612; x_wconf 90' lang='lat' dir='ltr'><strong>munda</strong></span> <span class='ocrx_word' id='word_1_210' title='bbox 1616 2571 1746 2612; x_wconf 89' lang='lat' dir='ltr'><strong>vero</strong></span> <span class='ocrx_word' id='word_1_211' title='bbox 1769 2556 1869 2612; x_wconf 84' lang='lat' dir='ltr'><strong>im-</strong></span> 
     </span>
    </p>
   </div>
   <div class='ocr_carea' id='block_1_27' title="bbox 295 2645 1873 2719">
    <p class='ocr_par' dir='ltr' id='par_1_27' title="bbox 295 2645 1873 2719">
     <span class='ocr_line' id='line_1_27' title="bbox 295 2645 1873 2719; baseline -0.001 -17"><span class='ocrx_word' id='word_1_212' title='bbox 295 2648 441 2719; x_wconf 87' lang='lat' dir='ltr'><strong>pari,</strong></span> <span class='ocrx_word' id='word_1_213' title='bbox 493 2655 554 2700; x_wconf 91' lang='lat' dir='ltr'><strong>ut</strong></span> <span class='ocrx_word' id='word_1_214' title='bbox 586 2646 814 2701; x_wconf 88' lang='lat' dir='ltr'><strong>haberet</strong></span> <span class='ocrx_word' id='word_1_215' title='bbox 861 2646 976 2702; x_wconf 84' lang='lat' dir='ltr'><strong>Noe</strong></span> <span class='ocrx_word' id='word_1_216' title='bbox 1022 2645 1162 2702; x_wconf 88' lang='lat' dir='ltr'><strong>unde</strong></span> <span class='ocrx_word' id='word_1_217' title='bbox 1207 2647 1414 2702; x_wconf 88' lang='lat' dir='ltr'><strong>hostias</strong></span> <span class='ocrx_word' id='word_1_218' title='bbox 1459 2646 1763 2703; x_wconf 86' lang='lat' dir='ltr'><strong>immolaret</strong></span> <span class='ocrx_word' id='word_1_219' title='bbox 1807 2663 1873 2703; x_wconf 82' lang='lat' dir='ltr'><strong>ex</strong></span> 
     </span>
    </p>
   </div>
   <div class='ocr_carea' id='block_1_28' title="bbox 300 2736 1875 2808">
    <p class='ocr_par' dir='ltr' id='par_1_28' title="bbox 300 2736 1875 2808">
     <span class='ocr_line' id='line_1_28' title="bbox 300 2736 1875 2808; baseline -0.001 -15"><span class='ocrx_word' id='word_1_220' title='bbox 300 2739 555 2804; x_wconf 87' lang='lat' dir='ltr'><strong>mundis;</strong></span> <span class='ocrx_word' id='word_1_221' title='bbox 586 2746 641 2792; x_wconf 90' lang='lat' dir='ltr'><strong>et</strong></span> <span class='ocrx_word' id='word_1_222' title='bbox 665 2737 789 2792; x_wconf 88' lang='lat' dir='ltr'><strong>inde</strong></span> <span class='ocrx_word' id='word_1_223' title='bbox 815 2737 968 2808; x_wconf 84' lang='lat' dir='ltr'><strong>plura</strong></span> <span class='ocrx_word' id='word_1_224' title='bbox 992 2736 1212 2793; x_wconf 83' lang='lat' dir='ltr'><strong>fuerunt</strong></span> <span class='ocrx_word' id='word_1_225' title='bbox 1233 2738 1432 2793; x_wconf 85' lang='lat' dir='ltr'><strong>munda</strong></span> <span class='ocrx_word' id='word_1_226' title='bbox 1462 2753 1622 2807; x_wconf 87' lang='lat' dir='ltr'><strong>quam</strong></span> <span class='ocrx_word' id='word_1_227' title='bbox 1646 2737 1875 2793; x_wconf 88' lang='lat' dir='ltr'><strong>immun-</strong></span> 
     </span>
    </p>
   </div>
   <div class='ocr_carea' id='block_1_29' title="bbox 298 2829 1879 2902">
    <p class='ocr_par' dir='ltr' id='par_1_29' title="bbox 298 2829 1879 2902">
     <span class='ocr_line' id='line_1_29' title="bbox 298 2829 1879 2902; baseline -0.001 -15"><span class='ocrx_word' id='word_1_228' title='bbox 298 2834 386 2895; x_wconf 91' lang='lat' dir='ltr'><strong>da,</strong></span> <span class='ocrx_word' id='word_1_229' title='bbox 428 2838 654 2902; x_wconf 87' lang='lat' dir='ltr'><strong>propter</strong></span> <span class='ocrx_word' id='word_1_230' title='bbox 705 2829 946 2885; x_wconf 89' lang='lat' dir='ltr'><strong>futurum</strong></span> <span class='ocrx_word' id='word_1_231' title='bbox 986 2831 1208 2887; x_wconf 86' lang='lat' dir='ltr'><strong>immani</strong></span> <span class='ocrx_word' id='word_1_232' title='bbox 1236 2830 1452 2901; x_wconf 74' lang='lat' dir='ltr'><strong>generis</strong></span> <span class='ocrx_word' id='word_1_233' title='bbox 1485 2845 1641 2885; x_wconf 91' lang='lat' dir='ltr'><strong>usum</strong></span> <span class='ocrx_word' id='word_1_234' title='bbox 1685 2830 1775 2901; x_wconf 86' lang='lat' dir='ltr'><strong>qui</strong></span> <span class='ocrx_word' id='word_1_235' title='bbox 1808 2845 1879 2886; x_wconf 78' lang='lat' dir='ltr'><strong>ex</strong></span> 
     </span>
    </p>
   </div>
   <div class='ocr_carea' id='block_1_30' title="bbox 300 2921 1878 2992">
    <p class='ocr_par' dir='ltr' id='par_1_30' title="bbox 300 2921 1878 2992">
     <span class='ocr_line' id='line_1_30' title="bbox 300 2921 1878 2992; baseline 0.001 -16"><span class='ocrx_word' id='word_1_236' title='bbox 300 2923 520 2977; x_wconf 83' lang='lat' dir='ltr'><strong>mundis</strong></span> <span class='ocrx_word' id='word_1_237' title='bbox 548 2922 846 2977; x_wconf 82' lang='lat' dir='ltr'><strong>debebatur</strong></span> <span class='ocrx_word' id='word_1_238' title='bbox 890 2922 1220 2987; x_wconf 76' lang='lat' dir='ltr'><strong>hominibus,</strong></span> <span class='ocrx_word' id='word_1_239' title='bbox 1252 2929 1313 2976; x_wconf 90' lang='lat' dir='ltr'><strong>ut</strong></span> <span class='ocrx_word' id='word_1_240' title='bbox 1353 2921 1507 2991; x_wconf 88' lang='lat' dir='ltr'><strong>plura</strong></span> <span class='ocrx_word' id='word_1_241' title='bbox 1536 2931 1722 2977; x_wconf 74' lang='lat' dir='ltr'><strong>essent</strong></span> <span class='ocrx_word' id='word_1_242' title='bbox 1759 2935 1878 2992; x_wconf 86' lang='lat' dir='ltr'><strong>quae</strong></span> 
     </span>
    </p>
   </div>
   <div class='ocr_carea' id='block_1_31' title="bbox 296 3014 1279 3084">
    <p class='ocr_par' dir='ltr' id='par_1_31' title="bbox 296 3014 1279 3084">
     <span class='ocr_line' id='line_1_31' title="bbox 296 3014 1279 3084; baseline 0 -17"><span class='ocrx_word' id='word_1_243' title='bbox 296 3014 642 3084; x_wconf 87' lang='lat' dir='ltr'><strong>prodessent,</strong></span> <span class='ocrx_word' id='word_1_244' title='bbox 669 3029 832 3083; x_wconf 89' lang='lat' dir='ltr'><strong>quam</strong></span> <span class='ocrx_word' id='word_1_245' title='bbox 857 3029 977 3083; x_wconf 67' lang='lat' dir='ltr'><strong>qua:</strong></span> <span class='ocrx_word' id='word_1_246' title='bbox 1003 3021 1279 3069; x_wconf 88' lang='lat' dir='ltr'><strong>nocerent.</strong></span> 
     </span>
    </p>
   </div>
   <div class='ocr_carea' id='block_1_32' title="bbox 368 3103 1879 3175">
    <p class='ocr_par' dir='ltr' id='par_1_32' title="bbox 368 3103 1879 3175">
     <span class='ocr_line' id='line_1_32' title="bbox 368 3103 1879 3175; baseline -0.002 -16"><span class='ocrx_word' id='word_1_247' title='bbox 368 3104 451 3159; x_wconf 84' lang='lat' dir='ltr'><strong>De</strong></span> <span class='ocrx_word' id='word_1_248' title='bbox 484 3104 780 3159; x_wconf 77' lang='lat' dir='ltr'><strong>volucribus</strong></span> <span class='ocrx_word' id='word_1_249' title='bbox 809 3104 967 3174; x_wconf 78' lang='lat' dir='ltr'><strong>juxta</strong></span> <span class='ocrx_word' id='word_1_250' title='bbox 992 3121 1152 3175; x_wconf 83' lang='lat' dir='ltr'><strong>genus</strong></span> <span class='ocrx_word' id='word_1_251' title='bbox 1175 3120 1353 3169; x_wconf 88' lang='lat' dir='ltr'><strong>suum,</strong></span> <span class='ocrx_word' id='word_1_252' title='bbox 1379 3114 1428 3158; x_wconf 84' lang='lat' dir='ltr'><strong>et</strong></span> <span class='ocrx_word' id='word_1_253' title='bbox 1461 3104 1525 3158; x_wconf 85' lang='lat' dir='ltr'><strong>de</strong></span> <span class='ocrx_word' id='word_1_254' title='bbox 1540 3103 1795 3173; x_wconf 84' lang='lat' dir='ltr'><strong>jumentis</strong></span> <span class='ocrx_word' id='word_1_255' title='bbox 1824 3103 1879 3156; x_wconf 90' lang='lat' dir='ltr'><strong>in</strong></span> 
     </span>
    </p>
   </div>
   <div class='ocr_carea' id='block_1_33' title="bbox 298 3194 1878 3266">
    <p class='ocr_par' dir='ltr' id='par_1_33' title="bbox 298 3194 1878 3266">
     <span class='ocr_line' id='line_1_33' title="bbox 298 3194 1878 3266; baseline -0.001 -16"><span class='ocrx_word' id='word_1_256' title='bbox 298 3212 486 3266; x_wconf 79' lang='lat' dir='ltr'><strong>genere</strong></span> <span class='ocrx_word' id='word_1_257' title='bbox 516 3212 636 3261; x_wconf 84' lang='lat' dir='ltr'><strong>suo,</strong></span> <span class='ocrx_word' id='word_1_258' title='bbox 679 3203 727 3251; x_wconf 85' lang='lat' dir='ltr'><strong>et</strong></span> <span class='ocrx_word' id='word_1_259' title='bbox 765 3212 830 3250; x_wconf 68' lang='lat' dir='ltr'><strong>ex</strong></span> <span class='ocrx_word' id='word_1_260' title='bbox 867 3195 1008 3249; x_wconf 89' lang='lat' dir='ltr'><strong>omni</strong></span> <span class='ocrx_word' id='word_1_261' title='bbox 1042 3194 1219 3265; x_wconf 84' lang='lat' dir='ltr'><strong>reptili</strong></span> <span class='ocrx_word' id='word_1_262' title='bbox 1268 3205 1420 3249; x_wconf 76' lang='lat' dir='ltr'><strong>terra:</strong></span> <span class='ocrx_word' id='word_1_263' title='bbox 1461 3194 1751 3249; x_wconf 83' lang='lat' dir='ltr'><strong>secundum</strong></span> <span class='ocrx_word' id='word_1_264' title='bbox 1788 3211 1878 3264; x_wconf 85' lang='lat' dir='ltr'><strong>ge-</strong></span> 
     </span>
    </p>
   </div>
   <div class='ocr_carea' id='block_1_34' title="bbox 303 3284 1882 3356">
    <p class='ocr_par' dir='ltr' id='par_1_34' title="bbox 303 3284 1882 3356">
     <span class='ocr_line' id='line_1_34' title="bbox 303 3284 1882 3356; baseline 0 -16"><span class='ocrx_word' id='word_1_265' title='bbox 303 3302 402 3340; x_wconf 82' lang='lat' dir='ltr'><strong>nus</strong></span> <span class='ocrx_word' id='word_1_266' title='bbox 430 3302 607 3349; x_wconf 85' lang='lat' dir='ltr'><strong>suum,</strong></span> <span class='ocrx_word' id='word_1_267' title='bbox 641 3286 762 3338; x_wconf 88' lang='lat' dir='ltr'><strong>bina</strong></span> <span class='ocrx_word' id='word_1_268' title='bbox 807 3285 872 3338; x_wconf 84' lang='lat' dir='ltr'><strong>de</strong></span> <span class='ocrx_word' id='word_1_269' title='bbox 910 3284 1148 3339; x_wconf 86' lang='lat' dir='ltr'><strong>omnibus</strong></span> <span class='ocrx_word' id='word_1_270' title='bbox 1177 3285 1533 3356; x_wconf 84' lang='lat' dir='ltr'><strong>ingredientur</strong></span> <span class='ocrx_word' id='word_1_271' title='bbox 1573 3296 1776 3353; x_wconf 81' lang='lat' dir='ltr'><strong>tecum,</strong></span> <span class='ocrx_word' id='word_1_272' title='bbox 1825 3296 1882 3340; x_wconf 89' lang='lat' dir='ltr'><strong>ut</strong></span> 
     </span>
    </p>
   </div>
   <div class='ocr_carea' id='block_1_35' title="bbox 301 3373 1885 3447">
    <p class='ocr_par' dir='ltr' id='par_1_35' title="bbox 301 3373 1885 3447">
     <span class='ocr_line' id='line_1_35' title="bbox 301 3373 1885 3447; baseline 0.001 -18"><span class='ocrx_word' id='word_1_273' title='bbox 301 3375 502 3447; x_wconf 74' lang='lat' dir='ltr'><strong>possint</strong></span> <span class='ocrx_word' id='word_1_274' title='bbox 519 3376 716 3430; x_wconf 69' lang='lat' dir='ltr'><strong>‘vivere.</strong></span> <span class='ocrx_word' id='word_1_275' title='bbox 745 3374 925 3442; x_wconf 65' lang='lat' dir='ltr'><strong>Quaari</strong></span> <span class='ocrx_word' id='word_1_276' title='bbox 949 3374 1095 3429; x_wconf 88' lang='lat' dir='ltr'><strong>enim</strong></span> <span class='ocrx_word' id='word_1_277' title='bbox 1123 3373 1260 3430; x_wconf 90' lang='lat' dir='ltr'><strong>solet</strong></span> <span class='ocrx_word' id='word_1_278' title='bbox 1284 3384 1467 3429; x_wconf 89' lang='lat' dir='ltr'><strong>utrum</strong></span> <span class='ocrx_word' id='word_1_279' title='bbox 1497 3384 1645 3431; x_wconf 89' lang='lat' dir='ltr'><strong>tanta</strong></span> <span class='ocrx_word' id='word_1_280' title='bbox 1671 3377 1885 3447; x_wconf 85' lang='lat' dir='ltr'><strong>capaci-</strong></span> 
     </span>
    </p>
   </div>
   <div class='ocr_carea' id='block_1_36' title="bbox 303 3467 1884 3537">
    <p class='ocr_par' dir='ltr' id='par_1_36' title="bbox 303 3467 1884 3537">
     <span class='ocr_line' id='line_1_36' title="bbox 303 3467 1884 3537; baseline 0.001 -17"><span class='ocrx_word' id='word_1_281' title='bbox 303 3475 414 3522; x_wconf 87' lang='lat' dir='ltr'><strong>tate</strong></span> <span class='ocrx_word' id='word_1_282' title='bbox 444 3483 573 3522; x_wconf 88' lang='lat' dir='ltr'><strong>arca</strong></span> <span class='ocrx_word' id='word_1_283' title='bbox 606 3467 947 3523; x_wconf 86' lang='lat' dir='ltr'><strong>describatur</strong></span> <span class='ocrx_word' id='word_1_284' title='bbox 975 3481 1117 3531; x_wconf 87' lang='lat' dir='ltr'><strong>esse,</strong></span> <span class='ocrx_word' id='word_1_285' title='bbox 1145 3468 1289 3537; x_wconf 84' lang='lat' dir='ltr'><strong>quod</strong></span> <span class='ocrx_word' id='word_1_286' title='bbox 1332 3469 1587 3523; x_wconf 85' lang='lat' dir='ltr'><strong>animalia</strong></span> <span class='ocrx_word' id='word_1_287' title='bbox 1615 3478 1787 3534; x_wconf 89' lang='lat' dir='ltr'><strong>tanta,</strong></span> <span class='ocrx_word' id='word_1_288' title='bbox 1829 3477 1884 3523; x_wconf 88' lang='lat' dir='ltr'><strong>et</strong></span> 
     </span>
    </p>
   </div>
   <div class='ocr_carea' id='block_1_37' title="bbox 305 3559 1885 3627">
    <p class='ocr_par' dir='ltr' id='par_1_37' title="bbox 305 3559 1885 3627">
     <span class='ocr_line' id='line_1_37' title="bbox 305 3559 1885 3627; baseline 0.001 -14"><span class='ocrx_word' id='word_1_289' title='bbox 305 3567 383 3613; x_wconf 89' lang='lat' dir='ltr'><strong>tot</strong></span> <span class='ocrx_word' id='word_1_290' title='bbox 410 3569 538 3614; x_wconf 90' lang='lat' dir='ltr'><strong>cum</strong></span> <span class='ocrx_word' id='word_1_291' title='bbox 570 3559 958 3615; x_wconf 88' lang='lat' dir='ltr'><strong>mansiunculis</strong></span> <span class='ocrx_word' id='word_1_292' title='bbox 997 3559 1444 3615; x_wconf 87' lang='lat' dir='ltr'><strong>convenientibus</strong></span> <span class='ocrx_word' id='word_1_293' title='bbox 1487 3560 1622 3627; x_wconf 91' lang='lat' dir='ltr'><strong>sibi,</strong></span> <span class='ocrx_word' id='word_1_294' title='bbox 1662 3568 1717 3615; x_wconf 90' lang='lat' dir='ltr'><strong>et</strong></span> <span class='ocrx_word' id='word_1_295' title='bbox 1742 3559 1885 3615; x_wconf 88' lang='lat' dir='ltr'><strong>escis</strong></span> 
     </span>
    </p>
   </div>
   <div class='ocr_carea' id='block_1_38' title="bbox 304 3646 1885 3721">
    <p class='ocr_par' dir='ltr' id='par_1_38' title="bbox 304 3646 1885 3721">
     <span class='ocr_line' id='line_1_38' title="bbox 304 3646 1885 3721; baseline 0.001 -18"><span class='ocrx_word' id='word_1_296' title='bbox 304 3663 492 3703; x_wconf 88' lang='lat' dir='ltr'><strong>eorum</strong></span> <span class='ocrx_word' id='word_1_297' title='bbox 526 3647 667 3702; x_wconf 90' lang='lat' dir='ltr'><strong>ferre</strong></span> <span class='ocrx_word' id='word_1_298' title='bbox 697 3649 954 3717; x_wconf 88' lang='lat' dir='ltr'><strong>potuerit.</strong></span> <span class='ocrx_word' id='word_1_299' title='bbox 984 3647 1164 3721; x_wconf 74' lang='lat' dir='ltr'><strong>(.4ug.)</strong></span> <span class='ocrx_word' id='word_1_300' title='bbox 1193 3648 1343 3704; x_wconf 84' lang='lat' dir='ltr'><strong>Hanc</strong></span> <span class='ocrx_word' id='word_1_301' title='bbox 1367 3649 1720 3719; x_wconf 64' lang='lat' dir='ltr'><strong>qurestionem</strong></span> <span class='ocrx_word' id='word_1_302' title='bbox 1764 3646 1885 3705; x_wconf 87' lang='lat' dir='ltr'><strong>Ori-</strong></span> 
     </span>
    </p>
   </div>
   <div class='ocr_carea' id='block_1_39' title="bbox 303 3740 1882 3811">
    <p class='ocr_par' dir='ltr' id='par_1_39' title="bbox 303 3740 1882 3811">
     <span class='ocr_line' id='line_1_39' title="bbox 303 3740 1882 3811; baseline 0.001 -16"><span class='ocrx_word' id='word_1_303' title='bbox 303 3755 470 3811; x_wconf 74' lang='lat' dir='ltr'><strong>genes</strong></span> <span class='ocrx_word' id='word_1_304' title='bbox 518 3740 682 3795; x_wconf 83' lang='lat' dir='ltr'><strong>solvit</strong></span> <span class='ocrx_word' id='word_1_305' title='bbox 727 3740 910 3795; x_wconf 89' lang='lat' dir='ltr'><strong>cubito</strong></span> <span class='ocrx_word' id='word_1_306' title='bbox 952 3740 1302 3811; x_wconf 81' lang='lat' dir='ltr'><strong>geometrico,</strong></span> <span class='ocrx_word' id='word_1_307' title='bbox 1328 3755 1598 3796; x_wconf 83' lang='lat' dir='ltr'><strong>asserens</strong></span> <span class='ocrx_word' id='word_1_308' title='bbox 1642 3742 1882 3797; x_wconf 91' lang='lat' dir='ltr'><strong>cubitum</strong></span> 
     </span>
    </p>
   </div>
   <div class='ocr_carea' id='block_1_40' title="bbox 304 3832 1885 3902">
    <p class='ocr_par' dir='ltr' id='par_1_40' title="bbox 304 3832 1885 3902">
     <span class='ocr_line' id='line_1_40' title="bbox 304 3832 1885 3902; baseline -0.001 -14"><span class='ocrx_word' id='word_1_309' title='bbox 304 3832 692 3902; x_wconf 78' lang='lat' dir='ltr'><strong>geometricum</strong></span> <span class='ocrx_word' id='word_1_310' title='bbox 724 3837 931 3885; x_wconf 87' lang='lat' dir='ltr'><strong>tantum</strong></span> <span class='ocrx_word' id='word_1_311' title='bbox 958 3832 1159 3895; x_wconf 89' lang='lat' dir='ltr'><strong>valere,</strong></span> <span class='ocrx_word' id='word_1_312' title='bbox 1188 3841 1450 3901; x_wconf 90' lang='lat' dir='ltr'><strong>quantum</strong></span> <span class='ocrx_word' id='word_1_313' title='bbox 1486 3841 1672 3887; x_wconf 88' lang='lat' dir='ltr'><strong>nostra</strong></span> <span class='ocrx_word' id='word_1_314' title='bbox 1702 3833 1885 3887; x_wconf 88' lang='lat' dir='ltr'><strong>cubita</strong></span> 
     </span>
    </p>
   </div>
   <div class='ocr_carea' id='block_1_41' title="bbox 306 3920 1882 3995">
    <p class='ocr_par' dir='ltr' id='par_1_41' title="bbox 306 3920 1882 3995">
     <span class='ocr_line' id='line_1_41' title="bbox 306 3920 1882 3995; baseline 0.001 -16"><span class='ocrx_word' id='word_1_315' title='bbox 306 3938 400 3979; x_wconf 81' lang='lat' dir='ltr'><strong>sex</strong></span> <span class='ocrx_word' id='word_1_316' title='bbox 434 3922 635 3978; x_wconf 86' lang='lat' dir='ltr'><strong>valent.</strong></span> <span class='ocrx_word' id='word_1_317' title='bbox 663 3920 722 3977; x_wconf 89' lang='lat' dir='ltr'><strong>Si</strong></span> <span class='ocrx_word' id='word_1_318' title='bbox 752 3937 880 3991; x_wconf 72' lang='lat' dir='ltr'><strong>ergo</strong></span> <span class='ocrx_word' id='word_1_319' title='bbox 911 3930 1019 3977; x_wconf 79' lang='lat' dir='ltr'><strong>tam</strong></span> <span class='ocrx_word' id='word_1_320' title='bbox 1050 3938 1239 3994; x_wconf 80' lang='lat' dir='ltr'><strong>magna</strong></span> <span class='ocrx_word' id='word_1_321' title='bbox 1269 3924 1448 3980; x_wconf 89' lang='lat' dir='ltr'><strong>cubita</strong></span> <span class='ocrx_word' id='word_1_322' title='bbox 1479 3924 1844 3995; x_wconf 79' lang='lat' dir='ltr'><strong>intelligamus</strong></span> <span class='ocrx_word' id='word_1_323' title='bbox 1866 3966 1882 3991; x_wconf 93' lang='lat'><strong>,</strong></span> 
     </span>
    </p>
   </div>
   <div class='ocr_carea' id='block_1_42' title="bbox 308 4015 1885 4086">
    <p class='ocr_par' dir='ltr' id='par_1_42' title="bbox 308 4015 1885 4086">
     <span class='ocr_line' id='line_1_42' title="bbox 308 4015 1885 4086; baseline 0.003 -17"><span class='ocrx_word' id='word_1_324' title='bbox 308 4016 455 4070; x_wconf 90' lang='lat' dir='ltr'><strong>nulla</strong></span> <span class='ocrx_word' id='word_1_325' title='bbox 495 4015 727 4085; x_wconf 66' lang='lat' dir='ltr'><strong>qumstio</strong></span> <span class='ocrx_word' id='word_1_326' title='bbox 766 4022 853 4069; x_wconf 89' lang='lat' dir='ltr'><strong>est</strong></span> <span class='ocrx_word' id='word_1_327' title='bbox 893 4023 1054 4070; x_wconf 66' lang='lat' dir='ltr'><strong>tantae</strong></span> <span class='ocrx_word' id='word_1_328' title='bbox 1096 4016 1412 4086; x_wconf 88' lang='lat' dir='ltr'><strong>capacitatis</strong></span> <span class='ocrx_word' id='word_1_329' title='bbox 1455 4032 1640 4072; x_wconf 89' lang='lat' dir='ltr'><strong>arcam</strong></span> <span class='ocrx_word' id='word_1_330' title='bbox 1683 4016 1885 4083; x_wconf 85' lang='lat' dir='ltr'><strong>fuisse,</strong></span> 
     </span>
    </p>
   </div>
   <div class='ocr_carea' id='block_1_43' title="bbox 309 4104 1883 4177">
    <p class='ocr_par' dir='ltr' id='par_1_43' title="bbox 309 4104 1883 4177">
     <span class='ocr_line' id='line_1_43' title="bbox 309 4104 1883 4177; baseline 0 -16"><span class='ocrx_word' id='word_1_331' title='bbox 309 4113 369 4161; x_wconf 88' lang='lat' dir='ltr'><strong>nt</strong></span> <span class='ocrx_word' id='word_1_332' title='bbox 390 4114 579 4177; x_wconf 87' lang='lat' dir='ltr'><strong>posset</strong></span> <span class='ocrx_word' id='word_1_333' title='bbox 603 4104 690 4159; x_wconf 87' lang='lat' dir='ltr'><strong>illa</strong></span> <span class='ocrx_word' id='word_1_334' title='bbox 720 4105 900 4160; x_wconf 86' lang='lat' dir='ltr'><strong>omnia</strong></span> <span class='ocrx_word' id='word_1_335' title='bbox 927 4106 1223 4161; x_wconf 89' lang='lat' dir='ltr'><strong>continere.</strong></span> <span class='ocrx_word' id='word_1_336' title='bbox 1253 4106 1386 4161; x_wconf 86' lang='lat' dir='ltr'><strong>Item</strong></span> <span class='ocrx_word' id='word_1_337' title='bbox 1415 4107 1679 4176; x_wconf 79' lang='lat' dir='ltr'><strong>quzeritur</strong></span> <span class='ocrx_word' id='word_1_338' title='bbox 1706 4114 1883 4161; x_wconf 89' lang='lat' dir='ltr'><strong>utrum</strong></span> 
     </span>
    </p>
   </div>
   <div class='ocr_carea' id='block_1_44' title="bbox 309 4187 1952 4266">
    <p class='ocr_par' dir='ltr' id='par_1_44' title="bbox 309 4187 1952 4266">
     <span class='ocr_line' id='line_1_44' title="bbox 309 4187 1952 4266; baseline 0.001 -18"><span class='ocrx_word' id='word_1_339' title='bbox 309 4210 435 4251; x_wconf 88' lang='lat' dir='ltr'><strong>arca</strong></span> <span class='ocrx_word' id='word_1_340' title='bbox 482 4205 595 4249; x_wconf 90' lang='lat' dir='ltr'><strong>tam</strong></span> <span class='ocrx_word' id='word_1_341' title='bbox 626 4210 821 4266; x_wconf 82' lang='lat' dir='ltr'><strong>magna</strong></span> <span class='ocrx_word' id='word_1_342' title='bbox 865 4202 1082 4250; x_wconf 90' lang='lat' dir='ltr'><strong>centum</strong></span> <span class='ocrx_word' id='word_1_343' title='bbox 1114 4196 1271 4250; x_wconf 89' lang='lat' dir='ltr'><strong>annis</strong></span> <span class='ocrx_word' id='word_1_344' title='bbox 1298 4197 1531 4264; x_wconf 86' lang='lat' dir='ltr'><strong>potuerit</strong></span> <span class='ocrx_word' id='word_1_345' title='bbox 1561 4195 1815 4250; x_wconf 84' lang='lat' dir='ltr'><strong>fabricari</strong></span> <span class='ocrx_word' id='word_1_346' title='bbox 1855 4212 1886 4250; x_wconf 89' lang='lat' dir='ltr'><strong>a</strong></span> <span class='ocrx_word' id='word_1_347' title='bbox 1920 4187 1952 4215; x_wconf 55' lang='grc' dir='ltr'><em>ί</em></span> 
     </span>
    </p>
   </div>
   <div class='ocr_carea' id='block_1_45' title="bbox 307 4285 1884 4357">
    <p class='ocr_par' dir='ltr' id='par_1_45' title="bbox 307 4285 1884 4357">
     <span class='ocr_line' id='line_1_45' title="bbox 307 4285 1884 4357; baseline -0.002 -15"><span class='ocrx_word' id='word_1_348' title='bbox 307 4297 544 4357; x_wconf 89' lang='lat' dir='ltr'><strong>quatuor</strong></span> <span class='ocrx_word' id='word_1_349' title='bbox 566 4286 900 4351; x_wconf 90' lang='lat' dir='ltr'><strong>hominibus,</strong></span> <span class='ocrx_word' id='word_1_350' title='bbox 932 4287 985 4342; x_wconf 91' lang='lat' dir='ltr'><strong>id</strong></span> <span class='ocrx_word' id='word_1_351' title='bbox 1023 4294 1127 4353; x_wconf 91' lang='lat' dir='ltr'><strong>est,</strong></span> <span class='ocrx_word' id='word_1_352' title='bbox 1152 4286 1266 4342; x_wconf 87' lang='lat' dir='ltr'><strong>Noe</strong></span> <span class='ocrx_word' id='word_1_353' title='bbox 1292 4295 1348 4341; x_wconf 88' lang='lat' dir='ltr'><strong>ct</strong></span> <span class='ocrx_word' id='word_1_354' title='bbox 1384 4286 1557 4341; x_wconf 90' lang='lat' dir='ltr'><strong>tribus</strong></span> <span class='ocrx_word' id='word_1_355' title='bbox 1597 4285 1723 4341; x_wconf 89' lang='lat' dir='ltr'><strong>ﬁliis</strong></span> <span class='ocrx_word' id='word_1_356' title='bbox 1748 4285 1884 4356; x_wconf 84' lang='lat' dir='ltr'><strong>ejus.</strong></span> 
     </span>
    </p>
   </div>
   <div class='ocr_carea' id='block_1_46' title="bbox 310 4376 1889 4450">
    <p class='ocr_par' dir='ltr' id='par_1_46' title="bbox 310 4376 1889 4450">
     <span class='ocr_line' id='line_1_46' title="bbox 310 4376 1889 4450; baseline -0.001 -15"><span class='ocrx_word' id='word_1_357' title='bbox 310 4378 417 4435; x_wconf 84' lang='lat' dir='ltr'><strong>Sed</strong></span> <span class='ocrx_word' id='word_1_358' title='bbox 442 4379 491 4434; x_wconf 90' lang='lat' dir='ltr'><strong>si</strong></span> <span class='ocrx_word' id='word_1_359' title='bbox 522 4394 629 4434; x_wconf 90' lang='lat' dir='ltr'><strong>non</strong></span> <span class='ocrx_word' id='word_1_360' title='bbox 673 4379 909 4449; x_wconf 90' lang='lat' dir='ltr'><strong>potuerit</strong></span> <span class='ocrx_word' id='word_1_361' title='bbox 939 4394 1046 4434; x_wconf 90' lang='lat' dir='ltr'><strong>non</strong></span> <span class='ocrx_word' id='word_1_362' title='bbox 1076 4387 1195 4433; x_wconf 91' lang='lat' dir='ltr'><strong>erat</strong></span> <span class='ocrx_word' id='word_1_363' title='bbox 1237 4394 1491 4450; x_wconf 77' lang='lat' dir='ltr'><strong>magnum</strong></span> <span class='ocrx_word' id='word_1_364' title='bbox 1523 4376 1707 4433; x_wconf 81' lang='lat' dir='ltr'><strong>fabros</strong></span> <span class='ocrx_word' id='word_1_365' title='bbox 1753 4378 1889 4433; x_wconf 91' lang='lat' dir='ltr'><strong>alios</strong></span> 
     </span>
    </p>
   </div>
   <div class='ocr_carea' id='block_1_47' title="bbox 274 4468 1885 4538">
    <p class='ocr_par' dir='ltr' id='par_1_47' title="bbox 274 4468 1885 4538">
     <span class='ocr_line' id='line_1_47' title="bbox 274 4468 1885 4538; baseline -0.002 -13"><span class='ocrx_word' id='word_1_366' title='bbox 274 4500 289 4515; x_wconf 67' lang='grc' dir='ltr'>κ</span> <span class='ocrx_word' id='word_1_367' title='bbox 310 4469 589 4533; x_wconf 88' lang='lat' dir='ltr'><strong>adhibere,</strong></span> <span class='ocrx_word' id='word_1_368' title='bbox 636 4468 884 4538; x_wconf 84' lang='lat' dir='ltr'><strong>quamvis</strong></span> <span class='ocrx_word' id='word_1_369' title='bbox 909 4468 1091 4537; x_wconf 89' lang='lat' dir='ltr'><strong>operis</strong></span> <span class='ocrx_word' id='word_1_370' title='bbox 1127 4468 1210 4522; x_wconf 89' lang='lat' dir='ltr'><strong>sui</strong></span> <span class='ocrx_word' id='word_1_371' title='bbox 1246 4468 1494 4523; x_wconf 90' lang='lat' dir='ltr'><strong>mercede</strong></span> <span class='ocrx_word' id='word_1_372' title='bbox 1521 4475 1744 4537; x_wconf 91' lang='lat' dir='ltr'><strong>accepta</strong></span> <span class='ocrx_word' id='word_1_373' title='bbox 1779 4482 1885 4525; x_wconf 91' lang='lat' dir='ltr'><strong>non</strong></span> 
     </span>
    </p>
   </div>
   <div class='ocr_carea' id='block_1_48' title="bbox 311 4556 1887 4629">
    <p class='ocr_par' dir='ltr' id='par_1_48' title="bbox 311 4556 1887 4629">
     <span class='ocr_line' id='line_1_48' title="bbox 311 4556 1887 4629; baseline -0.003 -12"><span class='ocrx_word' id='word_1_374' title='bbox 311 4559 626 4617; x_wconf 86' lang='lat' dir='ltr'><strong>curaverint</strong></span> <span class='ocrx_word' id='word_1_375' title='bbox 644 4569 827 4614; x_wconf 89' lang='lat' dir='ltr'><strong>utrum</strong></span> <span class='ocrx_word' id='word_1_376' title='bbox 852 4575 973 4614; x_wconf 89' lang='lat' dir='ltr'><strong>eam</strong></span> <span class='ocrx_word' id='word_1_377' title='bbox 1004 4556 1116 4614; x_wconf 83' lang='lat' dir='ltr'><strong>Noe</strong></span> <span class='ocrx_word' id='word_1_378' title='bbox 1140 4560 1430 4629; x_wconf 86' lang='lat' dir='ltr'><strong>sapienter,</strong></span> <span class='ocrx_word' id='word_1_379' title='bbox 1462 4574 1531 4613; x_wconf 88' lang='lat' dir='ltr'><strong>an</strong></span> <span class='ocrx_word' id='word_1_380' title='bbox 1557 4575 1685 4614; x_wconf 91' lang='lat' dir='ltr'><strong>vero</strong></span> <span class='ocrx_word' id='word_1_381' title='bbox 1714 4559 1887 4613; x_wconf 89' lang='lat' dir='ltr'><strong>inani-</strong></span> 
     </span>
    </p>
   </div>
   <div class='ocr_carea' id='block_1_49' title="bbox 312 4650 1885 4717">
    <p class='ocr_par' dir='ltr' id='par_1_49' title="bbox 312 4650 1885 4717">
     <span class='ocr_line' id='line_1_49' title="bbox 312 4650 1885 4717; baseline -0.004 -8"><span class='ocrx_word' id='word_1_382' title='bbox 312 4662 397 4709; x_wconf 87' lang='lat' dir='ltr'><strong>ter</strong></span> <span class='ocrx_word' id='word_1_383' title='bbox 423 4650 809 4717; x_wconf 81' lang='lat' dir='ltr'><strong>fabricaverit;</strong></span> <span class='ocrx_word' id='word_1_384' title='bbox 843 4659 899 4706; x_wconf 90' lang='lat' dir='ltr'><strong>et</strong></span> <span class='ocrx_word' id='word_1_385' title='bbox 951 4651 1072 4705; x_wconf 90' lang='lat' dir='ltr'><strong>ideo</strong></span> <span class='ocrx_word' id='word_1_386' title='bbox 1104 4666 1214 4704; x_wconf 92' lang='lat' dir='ltr'><strong>non</strong></span> <span class='ocrx_word' id='word_1_387' title='bbox 1257 4650 1312 4704; x_wconf 92' lang='lat' dir='ltr'><strong>in</strong></span> <span class='ocrx_word' id='word_1_388' title='bbox 1347 4665 1475 4704; x_wconf 72' lang='lat' dir='ltr'><strong>eam</strong></span> <span class='ocrx_word' id='word_1_389' title='bbox 1517 4650 1885 4716; x_wconf 89' lang='lat' dir='ltr'><strong>intraverint,</strong></span> 
     </span>
    </p>
   </div>
   <div class='ocr_carea' id='block_1_50' title="bbox 310 4738 1890 4812">
    <p class='ocr_par' dir='ltr' id='par_1_50' title="bbox 310 4738 1890 4812">
     <span class='ocr_line' id='line_1_50' title="bbox 310 4738 1890 4812; baseline -0.001 -16"><span class='ocrx_word' id='word_1_390' title='bbox 310 4742 439 4812; x_wconf 84' lang='lat' dir='ltr'><strong>quia</strong></span> <span class='ocrx_word' id='word_1_391' title='bbox 463 4757 571 4796; x_wconf 92' lang='lat' dir='ltr'><strong>non</strong></span> <span class='ocrx_word' id='word_1_392' title='bbox 600 4739 946 4796; x_wconf 90' lang='lat' dir='ltr'><strong>crediderunt</strong></span> <span class='ocrx_word' id='word_1_393' title='bbox 970 4740 1115 4811; x_wconf 89' lang='lat' dir='ltr'><strong>quod</strong></span> <span class='ocrx_word' id='word_1_394' title='bbox 1139 4739 1228 4795; x_wconf 92' lang='lat' dir='ltr'><strong>ille</strong></span> <span class='ocrx_word' id='word_1_395' title='bbox 1257 4739 1579 4794; x_wconf 87' lang='lat' dir='ltr'><strong>crediderat.</strong></span> <span class='ocrx_word' id='word_1_396' title='bbox 1612 4738 1765 4806; x_wconf 84' lang='lat' dir='ltr'><strong>Quod</strong></span> <span class='ocrx_word' id='word_1_397' title='bbox 1790 4756 1890 4794; x_wconf 56' lang='lat' dir='ltr'><strong>aue</strong></span> 
     </span>
    </p>
   </div>
   <div class='ocr_carea' id='block_1_51' title="bbox 313 4829 1894 4902">
    <p class='ocr_par' dir='ltr' id='par_1_51' title="bbox 313 4829 1894 4902">
     <span class='ocr_line' id='line_1_51' title="bbox 313 4829 1894 4902; baseline -0.003 -13"><span class='ocrx_word' id='word_1_398' title='bbox 313 4843 423 4889; x_wconf 86' lang='lat' dir='ltr'><strong>tem</strong></span> <span class='ocrx_word' id='word_1_399' title='bbox 450 4833 655 4888; x_wconf 88' lang='lat' dir='ltr'><strong>dictum</strong></span> <span class='ocrx_word' id='word_1_400' title='bbox 684 4840 768 4887; x_wconf 84' lang='lat' dir='ltr'><strong>est</strong></span> <span class='ocrx_word' id='word_1_401' title='bbox 802 4832 1046 4902; x_wconf 78' lang='lat' dir='ltr'><strong>ingressa</strong></span> <span class='ocrx_word' id='word_1_402' title='bbox 1074 4845 1194 4886; x_wconf 89' lang='lat' dir='ltr'><strong>esse</strong></span> <span class='ocrx_word' id='word_1_403' title='bbox 1230 4829 1412 4885; x_wconf 89' lang='lat' dir='ltr'><strong>omnia</strong></span> <span class='ocrx_word' id='word_1_404' title='bbox 1447 4830 1700 4885; x_wconf 86' lang='lat' dir='ltr'><strong>animalia</strong></span> <span class='ocrx_word' id='word_1_405' title='bbox 1727 4831 1781 4885; x_wconf 91' lang='lat' dir='ltr'><strong>in</strong></span> <span class='ocrx_word' id='word_1_406' title='bbox 1806 4846 1894 4885; x_wconf 88' lang='lat' dir='ltr'><strong>ar-</strong></span> 
     </span>
    </p>
   </div>
   <div class='ocr_carea' id='block_1_52' title="bbox 313 4920 1893 4994">
    <p class='ocr_par' dir='ltr' id='par_1_52' title="bbox 313 4920 1893 4994">
     <span class='ocr_line' id='line_1_52' title="bbox 313 4920 1893 4994; baseline -0.003 -14"><span class='ocrx_word' id='word_1_407' title='bbox 313 4938 457 4988; x_wconf 85' lang='lat' dir='ltr'><strong>cam,</strong></span> <span class='ocrx_word' id='word_1_408' title='bbox 496 4937 606 4978; x_wconf 92' lang='lat' dir='ltr'><strong>non</strong></span> <span class='ocrx_word' id='word_1_409' title='bbox 652 4921 768 4978; x_wconf 79' lang='lat' dir='ltr'><strong>Noe</strong></span> <span class='ocrx_word' id='word_1_410' title='bbox 813 4922 1119 4994; x_wconf 78' lang='lat' dir='ltr'><strong>colligente,</strong></span> <span class='ocrx_word' id='word_1_411' title='bbox 1166 4920 1260 4977; x_wconf 86' lang='lat' dir='ltr'><strong>sed</strong></span> <span class='ocrx_word' id='word_1_412' title='bbox 1299 4920 1410 4977; x_wconf 86' lang='lat' dir='ltr'><strong>Deo</strong></span> <span class='ocrx_word' id='word_1_413' title='bbox 1434 4920 1656 4991; x_wconf 88' lang='lat' dir='ltr'><strong>jnbente</strong></span> <span class='ocrx_word' id='word_1_414' title='bbox 1692 4920 1893 4977; x_wconf 89' lang='lat' dir='ltr'><strong>factum</strong></span> 
     </span>
    </p>
   </div>
   <div class='ocr_carea' id='block_1_53' title="bbox 313 5012 1897 5083">
    <p class='ocr_par' dir='ltr' id='par_1_53' title="bbox 313 5012 1897 5083">
     <span class='ocr_line' id='line_1_53' title="bbox 313 5012 1897 5083; baseline -0.002 -13"><span class='ocrx_word' id='word_1_415' title='bbox 313 5024 418 5070; x_wconf 85' lang='lat' dir='ltr'><strong>est.</strong></span> <span class='ocrx_word' id='word_1_416' title='bbox 451 5013 606 5070; x_wconf 89' lang='lat' dir='ltr'><strong>Sicut</strong></span> <span class='ocrx_word' id='word_1_417' title='bbox 640 5014 785 5069; x_wconf 90' lang='lat' dir='ltr'><strong>enim</strong></span> <span class='ocrx_word' id='word_1_418' title='bbox 815 5014 1018 5069; x_wconf 87' lang='lat' dir='ltr'><strong>dictum</strong></span> <span class='ocrx_word' id='word_1_419' title='bbox 1036 5021 1123 5069; x_wconf 88' lang='lat' dir='ltr'><strong>est</strong></span> <span class='ocrx_word' id='word_1_420' title='bbox 1144 5014 1199 5068; x_wconf 92' lang='lat' dir='ltr'><strong>in</strong></span> <span class='ocrx_word' id='word_1_421' title='bbox 1223 5012 1399 5083; x_wconf 90' lang='lat' dir='ltr'><strong>prima</strong></span> <span class='ocrx_word' id='word_1_422' title='bbox 1425 5013 1720 5079; x_wconf 86' lang='lat' dir='ltr'><strong>creatione,</strong></span> <span class='ocrx_word' id='word_1_423' title='bbox 1752 5012 1897 5082; x_wconf 76' lang='lat' dir='ltr'><strong>quod</strong></span> 
     </span>
    </p>
   </div>
   <div class='ocr_carea' id='block_1_54' title="bbox 316 5105 1899 5175">
    <p class='ocr_par' dir='ltr' id='par_1_54' title="bbox 316 5105 1899 5175">
     <span class='ocr_line' id='line_1_54' title="bbox 316 5105 1899 5175; baseline -0.003 -11"><span class='ocrx_word' id='word_1_424' title='bbox 316 5106 462 5164; x_wconf 84' lang='lat' dir='ltr'><strong>Deus</strong></span> <span class='ocrx_word' id='word_1_425' title='bbox 492 5106 715 5162; x_wconf 78' lang='lat' dir='ltr'><strong>adduxit</strong></span> <span class='ocrx_word' id='word_1_426' title='bbox 754 5122 820 5163; x_wconf 89' lang='lat' dir='ltr'><strong>ea</strong></span> <span class='ocrx_word' id='word_1_427' title='bbox 863 5106 931 5161; x_wconf 85' lang='lat' dir='ltr'><strong>ad</strong></span> <span class='ocrx_word' id='word_1_428' title='bbox 961 5105 1157 5175; x_wconf 86' lang='lat' dir='ltr'><strong>Adam,</strong></span> <span class='ocrx_word' id='word_1_429' title='bbox 1198 5113 1259 5160; x_wconf 82' lang='lat' dir='ltr'><strong>ut</strong></span> <span class='ocrx_word' id='word_1_430' title='bbox 1288 5106 1494 5161; x_wconf 85' lang='lat' dir='ltr'><strong>videret</strong></span> <span class='ocrx_word' id='word_1_431' title='bbox 1520 5105 1650 5175; x_wconf 91' lang='lat' dir='ltr'><strong>quid</strong></span> <span class='ocrx_word' id='word_1_432' title='bbox 1676 5115 1899 5160; x_wconf 87' lang='lat' dir='ltr'><strong>vocaret</strong></span> 
     </span>
    </p>
   </div>
   <div class='ocr_carea' id='block_1_55' title="bbox 317 5191 1897 5265">
    <p class='ocr_par' dir='ltr' id='par_1_55' title="bbox 317 5191 1897 5265">
     <span class='ocr_line' id='line_1_55' title="bbox 317 5191 1897 5265; baseline -0.004 -10"><span class='ocrx_word' id='word_1_433' title='bbox 317 5215 464 5265; x_wconf 89' lang='lat' dir='ltr'><strong>eam,</strong></span> <span class='ocrx_word' id='word_1_434' title='bbox 487 5199 567 5254; x_wconf 86' lang='lat' dir='ltr'><strong>sic</strong></span> <span class='ocrx_word' id='word_1_435' title='bbox 588 5198 772 5254; x_wconf 91' lang='lat' dir='ltr'><strong>divino</strong></span> <span class='ocrx_word' id='word_1_436' title='bbox 797 5206 930 5253; x_wconf 90' lang='lat' dir='ltr'><strong>nutu</strong></span> <span class='ocrx_word' id='word_1_437' title='bbox 957 5202 1145 5253; x_wconf 88' lang='lat' dir='ltr'><strong>coacta</strong></span> <span class='ocrx_word' id='word_1_438' title='bbox 1179 5195 1455 5261; x_wconf 90' lang='lat' dir='ltr'><strong>animalia,</strong></span> <span class='ocrx_word' id='word_1_439' title='bbox 1503 5203 1696 5265; x_wconf 84' lang='lat' dir='ltr'><strong>sponte</strong></span> <span class='ocrx_word' id='word_1_440' title='bbox 1720 5191 1897 5265; x_wconf 66' lang='lat' dir='ltr'><strong>praeﬁ-</strong></span> 
     </span>
    </p>
   </div>
   <div class='ocr_carea' id='block_1_56' title="bbox 317 5283 1896 5353">
    <p class='ocr_par' dir='ltr' id='par_1_56' title="bbox 317 5283 1896 5353">
     <span class='ocr_line' id='line_1_56' title="bbox 317 5283 1896 5353; baseline -0.004 -10"><span class='ocrx_word' id='word_1_441' title='bbox 317 5290 434 5344; x_wconf 89' lang='lat' dir='ltr'><strong>nito</strong></span> <span class='ocrx_word' id='word_1_442' title='bbox 473 5303 699 5347; x_wconf 82' lang='lat' dir='ltr'><strong>numero</strong></span> <span class='ocrx_word' id='word_1_443' title='bbox 723 5288 1013 5344; x_wconf 84' lang='lat' dir='ltr'><strong>veniebant</strong></span> <span class='ocrx_word' id='word_1_444' title='bbox 1053 5285 1121 5341; x_wconf 88' lang='lat' dir='ltr'><strong>ad</strong></span> <span class='ocrx_word' id='word_1_445' title='bbox 1164 5301 1348 5341; x_wconf 87' lang='lat' dir='ltr'><strong>arcam</strong></span> <span class='ocrx_word' id='word_1_446' title='bbox 1394 5284 1528 5340; x_wconf 85' lang='lat' dir='ltr'><strong>Noe.</strong></span> <span class='ocrx_word' id='word_1_447' title='bbox 1563 5285 1694 5339; x_wconf 89' lang='lat' dir='ltr'><strong>Item</strong></span> <span class='ocrx_word' id='word_1_448' title='bbox 1728 5283 1896 5353; x_wconf 59' lang='lat' dir='ltr'><strong>quaeri</strong></span> 
     </span>
    </p>
   </div>
   <div class='ocr_carea' id='block_1_57' title="bbox 319 5372 1900 5444">
    <p class='ocr_par' dir='ltr' id='par_1_57' title="bbox 319 5372 1900 5444">
     <span class='ocr_line' id='line_1_57' title="bbox 319 5372 1900 5444; baseline -0.006 -9"><span class='ocrx_word' id='word_1_449' title='bbox 319 5378 459 5435; x_wconf 81' lang='lat' dir='ltr'><strong>solet</strong></span> <span class='ocrx_word' id='word_1_450' title='bbox 489 5378 558 5434; x_wconf 87' lang='lat' dir='ltr'><strong>de</strong></span> <span class='ocrx_word' id='word_1_451' title='bbox 590 5377 969 5435; x_wconf 84' lang='lat' dir='ltr'><strong>minutissimis</strong></span> <span class='ocrx_word' id='word_1_452' title='bbox 994 5376 1202 5442; x_wconf 90' lang='lat' dir='ltr'><strong>bestiis,</strong></span> <span class='ocrx_word' id='word_1_453' title='bbox 1232 5389 1338 5430; x_wconf 89' lang='lat' dir='ltr'><strong>non</strong></span> <span class='ocrx_word' id='word_1_454' title='bbox 1365 5374 1539 5431; x_wconf 92' lang='lat' dir='ltr'><strong>solum</strong></span> <span class='ocrx_word' id='word_1_455' title='bbox 1564 5372 1752 5444; x_wconf 88' lang='lat' dir='ltr'><strong>quales</strong></span> <span class='ocrx_word' id='word_1_456' title='bbox 1774 5381 1900 5427; x_wconf 92' lang='lat' dir='ltr'><strong>sunt</strong></span> 
     </span>
    </p>
   </div>
   <div class='ocr_carea' id='block_1_58' title="bbox 323 5462 1898 5534">
    <p class='ocr_par' dir='ltr' id='par_1_58' title="bbox 323 5462 1898 5534">
     <span class='ocr_line' id='line_1_58' title="bbox 323 5462 1898 5534; baseline -0.004 -11"><span class='ocrx_word' id='word_1_457' title='bbox 323 5483 508 5524; x_wconf 85' lang='lat' dir='ltr'><strong>mures</strong></span> <span class='ocrx_word' id='word_1_458' title='bbox 530 5478 588 5524; x_wconf 87' lang='lat' dir='ltr'><strong>et</strong></span> <span class='ocrx_word' id='word_1_459' title='bbox 616 5467 908 5532; x_wconf 78' lang='lat' dir='ltr'><strong>stelliones,</strong></span> <span class='ocrx_word' id='word_1_460' title='bbox 957 5466 1050 5522; x_wconf 88' lang='lat' dir='ltr'><strong>sed</strong></span> <span class='ocrx_word' id='word_1_461' title='bbox 1096 5466 1261 5521; x_wconf 89' lang='lat' dir='ltr'><strong>etiam</strong></span> <span class='ocrx_word' id='word_1_462' title='bbox 1287 5462 1477 5534; x_wconf 87' lang='lat' dir='ltr'><strong>quales</strong></span> <span class='ocrx_word' id='word_1_463' title='bbox 1503 5462 1745 5527; x_wconf 61' lang='lat' dir='ltr'><strong>locustae,</strong></span> <span class='ocrx_word' id='word_1_464' title='bbox 1777 5477 1898 5517; x_wconf 89' lang='lat' dir='ltr'><strong>sca-</strong></span> 
     </span>
    </p>
   </div>
   <div class='ocr_carea' id='block_1_59' title="bbox 323 5551 1902 5627">
    <p class='ocr_par' dir='ltr' id='par_1_59' title="bbox 323 5551 1902 5627">
     <span class='ocr_line' id='line_1_59' title="bbox 323 5551 1902 5627; baseline -0.007 -11"><span class='ocrx_word' id='word_1_465' title='bbox 323 5558 511 5624; x_wconf 63' lang='lat' dir='ltr'><strong>rabaei,</strong></span> <span class='ocrx_word' id='word_1_466' title='bbox 528 5574 728 5614; x_wconf 77' lang='lat' dir='ltr'><strong>musca:</strong></span> <span class='ocrx_word' id='word_1_467' title='bbox 750 5558 979 5627; x_wconf 89' lang='lat' dir='ltr'><strong>denique</strong></span> <span class='ocrx_word' id='word_1_468' title='bbox 1001 5564 1057 5612; x_wconf 90' lang='lat' dir='ltr'><strong>et</strong></span> <span class='ocrx_word' id='word_1_469' title='bbox 1082 5555 1304 5626; x_wconf 90' lang='lat' dir='ltr'><strong>pulices,</strong></span> <span class='ocrx_word' id='word_1_470' title='bbox 1333 5563 1515 5607; x_wconf 91' lang='lat' dir='ltr'><strong>utrum</strong></span> <span class='ocrx_word' id='word_1_471' title='bbox 1537 5567 1646 5607; x_wconf 92' lang='lat' dir='ltr'><strong>non</strong></span> <span class='ocrx_word' id='word_1_472' title='bbox 1674 5551 1902 5619; x_wconf 88' lang='lat' dir='ltr'><strong>amplio-</strong></span> 
     </span>
    </p>
   </div>
   <div class='ocr_carea' id='block_1_60' title="bbox 320 5641 1899 5717">
    <p class='ocr_par' dir='ltr' id='par_1_60' title="bbox 320 5641 1899 5717">
     <span class='ocr_line' id='line_1_60' title="bbox 320 5641 1899 5717; baseline -0.008 -10"><span class='ocrx_word' id='word_1_473' title='bbox 320 5651 405 5707; x_wconf 82' lang='lat' dir='ltr'><strong>ris</strong></span> <span class='ocrx_word' id='word_1_474' title='bbox 428 5645 639 5706; x_wconf 85' lang='lat' dir='ltr'><strong>numeri</strong></span> <span class='ocrx_word' id='word_1_475' title='bbox 673 5652 727 5705; x_wconf 93' lang='lat' dir='ltr'><strong>in</strong></span> <span class='ocrx_word' id='word_1_476' title='bbox 755 5665 883 5705; x_wconf 86' lang='lat' dir='ltr'><strong>arca</strong></span> <span class='ocrx_word' id='word_1_477' title='bbox 909 5649 999 5704; x_wconf 89' lang='lat' dir='ltr'><strong>illa</strong></span> <span class='ocrx_word' id='word_1_478' title='bbox 1020 5647 1242 5713; x_wconf 87' lang='lat' dir='ltr'><strong>fuerint,</strong></span> <span class='ocrx_word' id='word_1_479' title='bbox 1273 5661 1435 5717; x_wconf 88' lang='lat' dir='ltr'><strong>quam</strong></span> <span class='ocrx_word' id='word_1_480' title='bbox 1465 5644 1557 5716; x_wconf 89' lang='lat' dir='ltr'><strong>qui</strong></span> <span class='ocrx_word' id='word_1_481' title='bbox 1583 5653 1667 5698; x_wconf 91' lang='lat' dir='ltr'><strong>est</strong></span> <span class='ocrx_word' id='word_1_482' title='bbox 1704 5641 1899 5699; x_wconf 82' lang='lat' dir='ltr'><strong>deﬁni—</strong></span> 
     </span>
    </p>
   </div>
   <div class='ocr_carea' id='block_1_61' title="bbox 324 5733 1894 5809">
    <p class='ocr_par' dir='ltr' id='par_1_61' title="bbox 324 5733 1894 5809">
     <span class='ocr_line' id='line_1_61' title="bbox 324 5733 1894 5809; baseline -0.006 -11"><span class='ocrx_word' id='word_1_483' title='bbox 324 5739 475 5799; x_wconf 71' lang='lat' dir='ltr'><strong>nitus</strong></span> <span class='ocrx_word' id='word_1_484' title='bbox 505 5754 633 5796; x_wconf 86' lang='lat' dir='ltr'><strong>cum</strong></span> <span class='ocrx_word' id='word_1_485' title='bbox 680 5738 781 5794; x_wconf 82' lang='lat' dir='ltr'><strong>hoc</strong></span> <span class='ocrx_word' id='word_1_486' title='bbox 818 5739 1113 5809; x_wconf 83' lang='lat' dir='ltr'><strong>imperaret</strong></span> <span class='ocrx_word' id='word_1_487' title='bbox 1160 5736 1321 5793; x_wconf 83' lang='lat' dir='ltr'><strong>Deus.</strong></span> <span class='ocrx_word' id='word_1_488' title='bbox 1368 5735 1526 5792; x_wconf 82' lang='lat' dir='ltr'><strong>Prius</strong></span> <span class='ocrx_word' id='word_1_489' title='bbox 1570 5733 1894 5789; x_wconf 78' lang='lat' dir='ltr'><strong>admonendi</strong></span> 
     </span>
    </p>
   </div>
   <div class='ocr_carea' id='block_1_62' title="bbox 1960 546 3541 609">
    <p class='ocr_par' dir='ltr' id='par_1_62' title="bbox 1960 546 3541 609">
     <span class='ocr_line' id='line_1_62' title="bbox 1960 546 3541 609; baseline 0.001 -19"><span class='ocrx_word' id='word_1_490' title='bbox 1960 546 2108 591; x_wconf 81' lang='lat' dir='ltr'><strong>ctum</strong></span> <span class='ocrx_word' id='word_1_491' title='bbox 2131 546 2238 603; x_wconf 88' lang='lat' dir='ltr'><strong>est,</strong></span> <span class='ocrx_word' id='word_1_492' title='bbox 2263 553 2380 608; x_wconf 76' lang='lat' dir='ltr'><strong>qua:</strong></span> <span class='ocrx_word' id='word_1_493' title='bbox 2408 548 2611 603; x_wconf 83' lang='lat' dir='ltr'><strong>reptant</strong></span> <span class='ocrx_word' id='word_1_494' title='bbox 2639 555 2797 609; x_wconf 81' lang='lat' dir='ltr'><strong>super</strong></span> <span class='ocrx_word' id='word_1_495' title='bbox 2835 550 3031 593; x_wconf 85' lang='lat' dir='ltr'><strong>terram</strong></span> <span class='ocrx_word' id='word_1_496' title='bbox 3048 577 3063 602; x_wconf 94' lang='lat'><strong>,</strong></span> <span class='ocrx_word' id='word_1_497' title='bbox 3094 548 3155 593; x_wconf 88' lang='lat' dir='ltr'><strong>ut</strong></span> <span class='ocrx_word' id='word_1_498' title='bbox 3187 552 3410 594; x_wconf 81' lang='lat' dir='ltr'><strong>necesse</strong></span> <span class='ocrx_word' id='word_1_499' title='bbox 3431 553 3541 592; x_wconf 85' lang='lat' dir='ltr'><strong>non</strong></span> 
     </span>
    </p>
   </div>
   <div class='ocr_carea' id='block_1_63' title="bbox 1960 626 3542 700">
    <p class='ocr_par' dir='ltr' id='par_1_63' title="bbox 1960 626 3542 700">
     <span class='ocr_line' id='line_1_63' title="bbox 1960 626 3542 700; baseline 0 -19"><span class='ocrx_word' id='word_1_500' title='bbox 1960 626 2127 693; x_wconf 84' lang='lat' dir='ltr'><strong>fuerit</strong></span> <span class='ocrx_word' id='word_1_501' title='bbox 2164 628 2476 682; x_wconf 88' lang='lat' dir='ltr'><strong>conservari</strong></span> <span class='ocrx_word' id='word_1_502' title='bbox 2520 630 2572 682; x_wconf 92' lang='lat' dir='ltr'><strong>in</strong></span> <span class='ocrx_word' id='word_1_503' title='bbox 2602 644 2726 684; x_wconf 88' lang='lat' dir='ltr'><strong>area</strong></span> <span class='ocrx_word' id='word_1_504' title='bbox 2771 644 2890 698; x_wconf 80' lang='lat' dir='ltr'><strong>qme</strong></span> <span class='ocrx_word' id='word_1_505' title='bbox 2929 638 3155 700; x_wconf 85' lang='lat' dir='ltr'><strong>possunt</strong></span> <span class='ocrx_word' id='word_1_506' title='bbox 3196 645 3249 682; x_wconf 82' lang='lat' dir='ltr'><strong>in</strong></span> <span class='ocrx_word' id='word_1_507' title='bbox 3279 628 3437 698; x_wconf 81' lang='lat' dir='ltr'><strong>aquis</strong></span> <span class='ocrx_word' id='word_1_508' title='bbox 3459 628 3542 682; x_wconf 80' lang='lat' dir='ltr'><strong>vi-</strong></span> 
     </span>
    </p>
   </div>
   <div class='ocr_carea' id='block_1_64' title="bbox 1961 720 3543 790">
    <p class='ocr_par' dir='ltr' id='par_1_64' title="bbox 1961 720 3543 790">
     <span class='ocr_line' id='line_1_64' title="bbox 1961 720 3543 790; baseline 0 -17"><span class='ocrx_word' id='word_1_509' title='bbox 1961 735 2107 783; x_wconf 88' lang='lat' dir='ltr'><strong>vere,</strong></span> <span class='ocrx_word' id='word_1_510' title='bbox 2134 736 2240 775; x_wconf 91' lang='lat' dir='ltr'><strong>non</strong></span> <span class='ocrx_word' id='word_1_511' title='bbox 2263 720 2438 775; x_wconf 89' lang='lat' dir='ltr'><strong>solum</strong></span> <span class='ocrx_word' id='word_1_512' title='bbox 2467 736 2643 775; x_wconf 85' lang='lat' dir='ltr'><strong>mersa</strong></span> <span class='ocrx_word' id='word_1_513' title='bbox 2673 722 3024 790; x_wconf 88' lang='lat' dir='ltr'><strong>sicutpisces,</strong></span> <span class='ocrx_word' id='word_1_514' title='bbox 3047 736 3235 774; x_wconf 88' lang='lat' dir='ltr'><strong>verum</strong></span> <span class='ocrx_word' id='word_1_515' title='bbox 3260 720 3423 775; x_wconf 89' lang='lat' dir='ltr'><strong>etiam</strong></span> <span class='ocrx_word' id='word_1_516' title='bbox 3446 735 3543 773; x_wconf 87' lang='lat' dir='ltr'><strong>su-</strong></span> 
     </span>
    </p>
   </div>
   <div class='ocr_carea' id='block_1_65' title="bbox 1960 810 3546 881">
    <p class='ocr_par' dir='ltr' id='par_1_65' title="bbox 1960 810 3546 881">
     <span class='ocr_line' id='line_1_65' title="bbox 1960 810 3546 881; baseline -0.001 -16"><span class='ocrx_word' id='word_1_517' title='bbox 1960 826 2059 881; x_wconf 90' lang='lat' dir='ltr'><strong>per</strong></span> <span class='ocrx_word' id='word_1_518' title='bbox 2091 811 2349 874; x_wconf 88' lang='lat' dir='ltr'><strong>natantia,</strong></span> <span class='ocrx_word' id='word_1_519' title='bbox 2385 812 2524 866; x_wconf 90' lang='lat' dir='ltr'><strong>sicut</strong></span> <span class='ocrx_word' id='word_1_520' title='bbox 2562 811 2743 866; x_wconf 76' lang='lat' dir='ltr'><strong>multa:</strong></span> <span class='ocrx_word' id='word_1_521' title='bbox 2796 812 2970 866; x_wconf 84' lang='lat' dir='ltr'><strong>alites.</strong></span> <span class='ocrx_word' id='word_1_522' title='bbox 3019 812 3222 866; x_wconf 83' lang='lat' dir='ltr'><strong>Deinde</strong></span> <span class='ocrx_word' id='word_1_523' title='bbox 3259 826 3379 866; x_wconf 90' lang='lat' dir='ltr'><strong>cum</strong></span> <span class='ocrx_word' id='word_1_524' title='bbox 3411 810 3546 866; x_wconf 86' lang='lat' dir='ltr'><strong>dici-</strong></span> 
     </span>
    </p>
   </div>
   <div class='ocr_carea' id='block_1_66' title="bbox 1964 900 3548 972">
    <p class='ocr_par' dir='ltr' id='par_1_66' title="bbox 1964 900 3548 972">
     <span class='ocr_line' id='line_1_66' title="bbox 1964 900 3548 972; baseline -0.001 -17"><span class='ocrx_word' id='word_1_525' title='bbox 1964 909 2071 965; x_wconf 88' lang='lat' dir='ltr'><strong>tur,</strong></span> <span class='ocrx_word' id='word_1_526' title='bbox 2109 900 2377 955; x_wconf 82' lang='lat' dir='ltr'><strong>masculus</strong></span> <span class='ocrx_word' id='word_1_527' title='bbox 2411 910 2457 954; x_wconf 90' lang='lat' dir='ltr'><strong>et</strong></span> <span class='ocrx_word' id='word_1_528' title='bbox 2496 902 2692 971; x_wconf 82' lang='lat' dir='ltr'><strong>femina</strong></span> <span class='ocrx_word' id='word_1_529' title='bbox 2723 910 2900 965; x_wconf 87' lang='lat' dir='ltr'><strong>erunt,</strong></span> <span class='ocrx_word' id='word_1_530' title='bbox 2948 901 3193 972; x_wconf 89' lang='lat' dir='ltr'><strong>profecto</strong></span> <span class='ocrx_word' id='word_1_531' title='bbox 3230 900 3548 970; x_wconf 72' lang='lat' dir='ltr'><strong>intelligitur</strong></span> 
     </span>
    </p>
   </div>
   <div class='ocr_carea' id='block_1_67' title="bbox 1964 991 3549 1063">
    <p class='ocr_par' dir='ltr' id='par_1_67' title="bbox 1964 991 3549 1063">
     <span class='ocr_line' id='line_1_67' title="bbox 1964 991 3549 1063; baseline -0.001 -17"><span class='ocrx_word' id='word_1_532' title='bbox 1964 992 2030 1047; x_wconf 90' lang='lat' dir='ltr'><strong>ad</strong></span> <span class='ocrx_word' id='word_1_533' title='bbox 2054 993 2413 1061; x_wconf 85' lang='lat' dir='ltr'><strong>reparandum</strong></span> <span class='ocrx_word' id='word_1_534' title='bbox 2465 1008 2634 1063; x_wconf 84' lang='lat' dir='ltr'><strong>genus</strong></span> <span class='ocrx_word' id='word_1_535' title='bbox 2660 993 2805 1057; x_wconf 87' lang='lat' dir='ltr'><strong>dici;</strong></span> <span class='ocrx_word' id='word_1_536' title='bbox 2844 1008 2908 1047; x_wconf 90' lang='lat' dir='ltr'><strong>ac</strong></span> <span class='ocrx_word' id='word_1_537' title='bbox 2940 1008 3034 1063; x_wconf 90' lang='lat' dir='ltr'><strong>per</strong></span> <span class='ocrx_word' id='word_1_538' title='bbox 3060 993 3163 1047; x_wconf 89' lang='lat' dir='ltr'><strong>hoc</strong></span> <span class='ocrx_word' id='word_1_539' title='bbox 3190 1007 3289 1046; x_wconf 90' lang='lat' dir='ltr'><strong>nec</strong></span> <span class='ocrx_word' id='word_1_540' title='bbox 3319 991 3406 1046; x_wconf 83' lang='lat' dir='ltr'><strong>illa</strong></span> <span class='ocrx_word' id='word_1_541' title='bbox 3454 1006 3549 1045; x_wconf 85' lang='lat' dir='ltr'><strong>ne-</strong></span> 
     </span>
    </p>
   </div>
   <div class='ocr_carea' id='block_1_68' title="bbox 1963 1081 3549 1152">
    <p class='ocr_par' dir='ltr' id='par_1_68' title="bbox 1963 1081 3549 1152">
     <span class='ocr_line' id='line_1_68' title="bbox 1963 1081 3549 1152; baseline -0.001 -15"><span class='ocrx_word' id='word_1_542' title='bbox 1963 1097 2117 1138; x_wconf 90' lang='lat' dir='ltr'><strong>cesse</strong></span> <span class='ocrx_word' id='word_1_543' title='bbox 2156 1081 2334 1137; x_wconf 89' lang='lat' dir='ltr'><strong>fuerat</strong></span> <span class='ocrx_word' id='word_1_544' title='bbox 2386 1083 2458 1137; x_wconf 90' lang='lat' dir='ltr'><strong>ibi</strong></span> <span class='ocrx_word' id='word_1_545' title='bbox 2489 1096 2609 1138; x_wconf 86' lang='lat' dir='ltr'><strong>esse</strong></span> <span class='ocrx_word' id='word_1_546' title='bbox 2647 1097 2767 1152; x_wconf 70' lang='lat' dir='ltr'><strong>quae</strong></span> <span class='ocrx_word' id='word_1_547' title='bbox 2814 1089 3044 1152; x_wconf 90' lang='lat' dir='ltr'><strong>possunt</strong></span> <span class='ocrx_word' id='word_1_548' title='bbox 3100 1082 3218 1137; x_wconf 88' lang='lat' dir='ltr'><strong>sine</strong></span> <span class='ocrx_word' id='word_1_549' title='bbox 3258 1081 3549 1136; x_wconf 84' lang='lat' dir='ltr'><strong>concubitu</strong></span> 
     </span>
    </p>
   </div>
   <div class='ocr_carea' id='block_1_69' title="bbox 1965 1170 3551 1243">
    <p class='ocr_par' dir='ltr' id='par_1_69' title="bbox 1965 1170 3551 1243">
     <span class='ocr_line' id='line_1_69' title="bbox 1965 1170 3551 1243; baseline -0.004 -14"><span class='ocrx_word' id='word_1_550' title='bbox 1965 1174 2031 1229; x_wconf 86' lang='lat' dir='ltr'><strong>de</strong></span> <span class='ocrx_word' id='word_1_551' title='bbox 2078 1174 2489 1243; x_wconf 89' lang='lat' dir='ltr'><strong>quibuscunque</strong></span> <span class='ocrx_word' id='word_1_552' title='bbox 2546 1172 2707 1228; x_wconf 88' lang='lat' dir='ltr'><strong>rebus</strong></span> <span class='ocrx_word' id='word_1_553' title='bbox 2750 1172 2837 1227; x_wconf 91' lang='lat' dir='ltr'><strong>vel</strong></span> <span class='ocrx_word' id='word_1_554' title='bbox 2892 1188 3073 1227; x_wconf 87' lang='lat' dir='ltr'><strong>rerum</strong></span> <span class='ocrx_word' id='word_1_555' title='bbox 3111 1170 3551 1241; x_wconf 80' lang='lat' dir='ltr'><strong>corruptionibus</strong></span> 
     </span>
    </p>
   </div>
   <div class='ocr_carea' id='block_1_70' title="bbox 1966 1262 3551 1329">
    <p class='ocr_par' dir='ltr' id='par_1_70' title="bbox 1966 1262 3551 1329">
     <span class='ocr_line' id='line_1_70' title="bbox 1966 1262 3551 1329; baseline 0 -12"><span class='ocrx_word' id='word_1_556' title='bbox 1966 1264 2155 1329; x_wconf 90' lang='lat' dir='ltr'><strong>nasci;</strong></span> <span class='ocrx_word' id='word_1_557' title='bbox 2203 1264 2288 1317; x_wconf 90' lang='lat' dir='ltr'><strong>vel</strong></span> <span class='ocrx_word' id='word_1_558' title='bbox 2328 1264 2373 1318; x_wconf 89' lang='lat' dir='ltr'><strong>si</strong></span> <span class='ocrx_word' id='word_1_559' title='bbox 2420 1262 2636 1318; x_wconf 89' lang='lat' dir='ltr'><strong>fuerunt</strong></span> <span class='ocrx_word' id='word_1_560' title='bbox 2683 1263 2822 1318; x_wconf 91' lang='lat' dir='ltr'><strong>sicut</strong></span> <span class='ocrx_word' id='word_1_561' title='bbox 2854 1263 2908 1317; x_wconf 93' lang='lat' dir='ltr'><strong>in</strong></span> <span class='ocrx_word' id='word_1_562' title='bbox 2958 1262 3208 1318; x_wconf 87' lang='lat' dir='ltr'><strong>domibus</strong></span> <span class='ocrx_word' id='word_1_563' title='bbox 3250 1279 3551 1319; x_wconf 88' lang='lat' dir='ltr'><strong>consueve-</strong></span> 
     </span>
    </p>
   </div>
   <div class='ocr_carea' id='block_1_71' title="bbox 1968 1354 3546 1425">
    <p class='ocr_par' dir='ltr' id='par_1_71' title="bbox 1968 1354 3546 1425">
     <span class='ocr_line' id='line_1_71' title="bbox 1968 1354 3546 1425; baseline 0.003 -17"><span class='ocrx_word' id='word_1_564' title='bbox 1968 1368 2096 1408; x_wconf 89' lang='lat' dir='ltr'><strong>runt</strong></span> <span class='ocrx_word' id='word_1_565' title='bbox 2129 1370 2267 1420; x_wconf 91' lang='lat' dir='ltr'><strong>esse,</strong></span> <span class='ocrx_word' id='word_1_566' title='bbox 2298 1356 2414 1410; x_wconf 91' lang='lat' dir='ltr'><strong>sine</strong></span> <span class='ocrx_word' id='word_1_567' title='bbox 2449 1354 2558 1409; x_wconf 93' lang='lat' dir='ltr'><strong>ullo</strong></span> <span class='ocrx_word' id='word_1_568' title='bbox 2600 1369 2827 1409; x_wconf 89' lang='lat' dir='ltr'><strong>numero</strong></span> <span class='ocrx_word' id='word_1_569' title='bbox 2865 1354 3086 1411; x_wconf 87' lang='lat' dir='ltr'><strong>deﬁnito</strong></span> <span class='ocrx_word' id='word_1_570' title='bbox 3126 1370 3248 1411; x_wconf 91' lang='lat' dir='ltr'><strong>esse</strong></span> <span class='ocrx_word' id='word_1_571' title='bbox 3272 1356 3546 1425; x_wconf 85' lang='lat' dir='ltr'><strong>potuisse;</strong></span> 
     </span>
    </p>
   </div>
   <div class='ocr_carea' id='block_1_72' title="bbox 1968 1444 3552 1514">
    <p class='ocr_par' dir='ltr' id='par_1_72' title="bbox 1968 1444 3552 1514">
     <span class='ocr_line' id='line_1_72' title="bbox 1968 1444 3552 1514; baseline 0.003 -17"><span class='ocrx_word' id='word_1_572' title='bbox 1968 1452 2061 1498; x_wconf 91' lang='lat' dir='ltr'><strong>aut</strong></span> <span class='ocrx_word' id='word_1_573' title='bbox 2088 1445 2133 1499; x_wconf 91' lang='lat' dir='ltr'><strong>si</strong></span> <span class='ocrx_word' id='word_1_574' title='bbox 2166 1444 2484 1514; x_wconf 81' lang='lat' dir='ltr'><strong>mysterium</strong></span> <span class='ocrx_word' id='word_1_575' title='bbox 2515 1444 2942 1499; x_wconf 87' lang='lat' dir='ltr'><strong>sacratissimum</strong></span> <span class='ocrx_word' id='word_1_576' title='bbox 2982 1446 3125 1514; x_wconf 91' lang='lat' dir='ltr'><strong>quod</strong></span> <span class='ocrx_word' id='word_1_577' title='bbox 3171 1446 3455 1514; x_wconf 79' lang='lat' dir='ltr'><strong>agebatur,</strong></span> <span class='ocrx_word' id='word_1_578' title='bbox 3496 1455 3552 1501; x_wconf 91' lang='lat' dir='ltr'><strong>et</strong></span> 
     </span>
    </p>
   </div>
   <div class='ocr_carea' id='block_1_73' title="bbox 1971 1533 3552 1607">
    <p class='ocr_par' dir='ltr' id='par_1_73' title="bbox 1971 1533 3552 1607">
     <span class='ocr_line' id='line_1_73' title="bbox 1971 1533 3552 1607; baseline 0.003 -19"><span class='ocrx_word' id='word_1_579' title='bbox 1971 1543 2134 1590; x_wconf 70' lang='lat' dir='ltr'><strong>tanta:</strong></span> <span class='ocrx_word' id='word_1_580' title='bbox 2168 1537 2245 1590; x_wconf 90' lang='lat' dir='ltr'><strong>rei</strong></span> <span class='ocrx_word' id='word_1_581' title='bbox 2278 1536 2449 1605; x_wconf 77' lang='lat' dir='ltr'><strong>ﬁgura</strong></span> <span class='ocrx_word' id='word_1_582' title='bbox 2481 1536 2646 1590; x_wconf 90' lang='lat' dir='ltr'><strong>etiam</strong></span> <span class='ocrx_word' id='word_1_583' title='bbox 2676 1536 2905 1590; x_wconf 88' lang='lat' dir='ltr'><strong>veritate</strong></span> <span class='ocrx_word' id='word_1_584' title='bbox 2932 1533 3075 1589; x_wconf 86' lang='lat' dir='ltr'><strong>facta</strong></span> <span class='ocrx_word' id='word_1_585' title='bbox 3105 1536 3264 1591; x_wconf 85' lang='lat' dir='ltr'><strong>aliter</strong></span> <span class='ocrx_word' id='word_1_586' title='bbox 3294 1552 3401 1591; x_wconf 89' lang='lat' dir='ltr'><strong>non</strong></span> <span class='ocrx_word' id='word_1_587' title='bbox 3427 1552 3552 1607; x_wconf 87' lang='lat' dir='ltr'><strong>pos-</strong></span> 
     </span>
    </p>
   </div>
   <div class='ocr_carea' id='block_1_74' title="bbox 1970 1627 3553 1699">
    <p class='ocr_par' dir='ltr' id='par_1_74' title="bbox 1970 1627 3553 1699">
     <span class='ocr_line' id='line_1_74' title="bbox 1970 1627 3553 1699; baseline -0.001 -15"><span class='ocrx_word' id='word_1_588' title='bbox 1970 1636 2051 1684; x_wconf 86' lang='lat' dir='ltr'><strong>set</strong></span> <span class='ocrx_word' id='word_1_589' title='bbox 2079 1628 2306 1699; x_wconf 90' lang='lat' dir='ltr'><strong>impleri,</strong></span> <span class='ocrx_word' id='word_1_590' title='bbox 2343 1628 2448 1683; x_wconf 87' lang='lat' dir='ltr'><strong>nisi</strong></span> <span class='ocrx_word' id='word_1_591' title='bbox 2485 1637 2544 1682; x_wconf 91' lang='lat' dir='ltr'><strong>ut</strong></span> <span class='ocrx_word' id='word_1_592' title='bbox 2574 1628 2755 1682; x_wconf 89' lang='lat' dir='ltr'><strong>omnia</strong></span> <span class='ocrx_word' id='word_1_593' title='bbox 2802 1629 2873 1682; x_wconf 85' lang='lat' dir='ltr'><strong>ita</strong></span> <span class='ocrx_word' id='word_1_594' title='bbox 2904 1637 3054 1683; x_wconf 86' lang='lat' dir='ltr'><strong>certo</strong></span> <span class='ocrx_word' id='word_1_595' title='bbox 3080 1627 3170 1682; x_wconf 92' lang='lat' dir='ltr'><strong>illo</strong></span> <span class='ocrx_word' id='word_1_596' title='bbox 3201 1644 3429 1683; x_wconf 91' lang='lat' dir='ltr'><strong>numero</strong></span> <span class='ocrx_word' id='word_1_597' title='bbox 3468 1644 3553 1682; x_wconf 89' lang='lat' dir='ltr'><strong>cs-</strong></span> 
     </span>
    </p>
   </div>
   <div class='ocr_carea' id='block_1_75' title="bbox 1971 1717 3551 1790">
    <p class='ocr_par' dir='ltr' id='par_1_75' title="bbox 1971 1717 3551 1790">
     <span class='ocr_line' id='line_1_75' title="bbox 1971 1717 3551 1790; baseline -0.001 -16"><span class='ocrx_word' id='word_1_598' title='bbox 1971 1728 2112 1785; x_wconf 91' lang='lat' dir='ltr'><strong>sent,</strong></span> <span class='ocrx_word' id='word_1_599' title='bbox 2140 1735 2262 1790; x_wconf 86' lang='lat' dir='ltr'><strong>quae</strong></span> <span class='ocrx_word' id='word_1_600' title='bbox 2288 1720 2472 1774; x_wconf 86' lang='lat' dir='ltr'><strong>vivere</strong></span> <span class='ocrx_word' id='word_1_601' title='bbox 2504 1720 2555 1773; x_wconf 92' lang='lat' dir='ltr'><strong>in</strong></span> <span class='ocrx_word' id='word_1_602' title='bbox 2588 1719 2766 1787; x_wconf 86' lang='lat' dir='ltr'><strong>aquis,</strong></span> <span class='ocrx_word' id='word_1_603' title='bbox 2798 1717 2941 1772; x_wconf 91' lang='lat' dir='ltr'><strong>illius</strong></span> <span class='ocrx_word' id='word_1_604' title='bbox 2982 1727 3179 1771; x_wconf 86' lang='lat' dir='ltr'><strong>natura</strong></span> <span class='ocrx_word' id='word_1_605' title='bbox 3209 1719 3551 1787; x_wconf 88' lang='lat' dir='ltr'><strong>prohibente,</strong></span> 
     </span>
    </p>
   </div>
   <div class='ocr_carea' id='block_1_76' title="bbox 1897 1805 3554 1879">
    <p class='ocr_par' dir='ltr' id='par_1_76' title="bbox 1897 1805 3554 1879">
     <span class='ocr_line' id='line_1_76' title="bbox 1897 1805 3554 1879; baseline -0.001 -15"><span class='ocrx_word' id='word_1_606' title='bbox 1897 1805 1944 1864; x_wconf 89' lang='lat' dir='ltr'><strong>B</strong></span> <span class='ocrx_word' id='word_1_607' title='bbox 1973 1825 2079 1864; x_wconf 90' lang='lat' dir='ltr'><strong>non</strong></span> <span class='ocrx_word' id='word_1_608' title='bbox 2106 1817 2347 1879; x_wconf 88' lang='lat' dir='ltr'><strong>possent,</strong></span> <span class='ocrx_word' id='word_1_609' title='bbox 2390 1824 2499 1863; x_wconf 90' lang='lat' dir='ltr'><strong>non</strong></span> <span class='ocrx_word' id='word_1_610' title='bbox 2532 1808 2632 1863; x_wconf 87' lang='lat' dir='ltr'><strong>fuit</strong></span> <span class='ocrx_word' id='word_1_611' title='bbox 2671 1809 2773 1863; x_wconf 90' lang='lat' dir='ltr'><strong>ista</strong></span> <span class='ocrx_word' id='word_1_612' title='bbox 2812 1823 2942 1862; x_wconf 87' lang='lat' dir='ltr'><strong>cura</strong></span> <span class='ocrx_word' id='word_1_613' title='bbox 2990 1807 3132 1861; x_wconf 88' lang='lat' dir='ltr'><strong>illius</strong></span> <span class='ocrx_word' id='word_1_614' title='bbox 3169 1808 3419 1871; x_wconf 79' lang='lat' dir='ltr'><strong>hominis,</strong></span> <span class='ocrx_word' id='word_1_615' title='bbox 3468 1809 3554 1863; x_wconf 86' lang='lat' dir='ltr'><strong>vel</strong></span> 
     </span>
    </p>
   </div>
   <div class='ocr_carea' id='block_1_77' title="bbox 1977 1898 3557 1966">
    <p class='ocr_par' dir='ltr' id='par_1_77' title="bbox 1977 1898 3557 1966">
     <span class='ocr_line' id='line_1_77' title="bbox 1977 1898 3557 1966; baseline 0.001 -11"><span class='ocrx_word' id='word_1_616' title='bbox 1977 1900 2191 1955; x_wconf 89' lang='lat' dir='ltr'><strong>illorum</strong></span> <span class='ocrx_word' id='word_1_617' title='bbox 2239 1900 2541 1966; x_wconf 88' lang='lat' dir='ltr'><strong>hominum,</strong></span> <span class='ocrx_word' id='word_1_618' title='bbox 2583 1899 2679 1955; x_wconf 90' lang='lat' dir='ltr'><strong>sed</strong></span> <span class='ocrx_word' id='word_1_619' title='bbox 2716 1898 2932 1954; x_wconf 64' lang='lat' dir='ltr'><strong>‘divina.</strong></span> <span class='ocrx_word' id='word_1_620' title='bbox 2984 1899 3101 1953; x_wconf 82' lang='lat' dir='ltr'><strong>Non</strong></span> <span class='ocrx_word' id='word_1_621' title='bbox 3140 1899 3285 1954; x_wconf 90' lang='lat' dir='ltr'><strong>enim</strong></span> <span class='ocrx_word' id='word_1_622' title='bbox 3333 1915 3396 1955; x_wconf 86' lang='lat' dir='ltr'><strong>ea</strong></span> <span class='ocrx_word' id='word_1_623' title='bbox 3443 1899 3557 1957; x_wconf 85' lang='lat' dir='ltr'><strong>Noe</strong></span> 
     </span>
    </p>
   </div>
   <div class='ocr_carea' id='block_1_78' title="bbox 1976 1990 3557 2060">
    <p class='ocr_par' dir='ltr' id='par_1_78' title="bbox 1976 1990 3557 2060">
     <span class='ocr_line' id='line_1_78' title="bbox 1976 1990 3557 2060; baseline 0 -14"><span class='ocrx_word' id='word_1_624' title='bbox 1976 1991 2198 2060; x_wconf 91' lang='lat' dir='ltr'><strong>capiens</strong></span> <span class='ocrx_word' id='word_1_625' title='bbox 2254 1990 2682 2056; x_wconf 56' lang='lat' dir='ltr'><strong>intromittebst,</strong></span> <span class='ocrx_word' id='word_1_626' title='bbox 2740 1990 2835 2045; x_wconf 90' lang='lat' dir='ltr'><strong>sed</strong></span> <span class='ocrx_word' id='word_1_627' title='bbox 2875 1990 3145 2045; x_wconf 89' lang='lat' dir='ltr'><strong>venientia</strong></span> <span class='ocrx_word' id='word_1_628' title='bbox 3195 1999 3251 2046; x_wconf 91' lang='lat' dir='ltr'><strong>et</strong></span> <span class='ocrx_word' id='word_1_629' title='bbox 3298 1991 3557 2047; x_wconf 86' lang='lat' dir='ltr'><strong>intrantia</strong></span> 
     </span>
    </p>
   </div>
   <div class='ocr_carea' id='block_1_79' title="bbox 1976 2081 3556 2152">
    <p class='ocr_par' dir='ltr' id='par_1_79' title="bbox 1976 2081 3556 2152">
     <span class='ocr_line' id='line_1_79' title="bbox 1976 2081 3556 2152; baseline 0.001 -14"><span class='ocrx_word' id='word_1_630' title='bbox 1976 2082 2341 2152; x_wconf 89' lang='lat' dir='ltr'><strong>permittebat.</strong></span> <span class='ocrx_word' id='word_1_631' title='bbox 2380 2081 2464 2137; x_wconf 82' lang='lat' dir='ltr'><strong>Ad</strong></span> <span class='ocrx_word' id='word_1_632' title='bbox 2502 2082 2606 2137; x_wconf 89' lang='lat' dir='ltr'><strong>hoc</strong></span> <span class='ocrx_word' id='word_1_633' title='bbox 2650 2082 2796 2137; x_wconf 90' lang='lat' dir='ltr'><strong>enim</strong></span> <span class='ocrx_word' id='word_1_634' title='bbox 2834 2082 2979 2137; x_wconf 90' lang='lat' dir='ltr'><strong>valet</strong></span> <span class='ocrx_word' id='word_1_635' title='bbox 3028 2083 3171 2152; x_wconf 90' lang='lat' dir='ltr'><strong>quod</strong></span> <span class='ocrx_word' id='word_1_636' title='bbox 3212 2083 3412 2138; x_wconf 90' lang='lat' dir='ltr'><strong>dictum</strong></span> <span class='ocrx_word' id='word_1_637' title='bbox 3451 2093 3556 2150; x_wconf 86' lang='lat' dir='ltr'><strong>est,</strong></span> 
     </span>
    </p>
   </div>
   <div class='ocr_carea' id='block_1_80' title="bbox 1981 2172 3556 2240">
    <p class='ocr_par' dir='ltr' id='par_1_80' title="bbox 1981 2172 3556 2240">
     <span class='ocr_line' id='line_1_80' title="bbox 1981 2172 3556 2240; baseline 0.002 -13"><span class='ocrx_word' id='word_1_638' title='bbox 1981 2173 2260 2227; x_wconf 81' lang='lat' dir='ltr'><strong>Intrabunt</strong></span> <span class='ocrx_word' id='word_1_639' title='bbox 2292 2172 2362 2226; x_wconf 86' lang='lat' dir='ltr'><strong>ad</strong></span> <span class='ocrx_word' id='word_1_640' title='bbox 2399 2182 2465 2235; x_wconf 86' lang='lat' dir='ltr'><strong>le,</strong></span> <span class='ocrx_word' id='word_1_641' title='bbox 2512 2188 2619 2227; x_wconf 91' lang='lat' dir='ltr'><strong>non</strong></span> <span class='ocrx_word' id='word_1_642' title='bbox 2646 2173 2852 2228; x_wconf 90' lang='lat' dir='ltr'><strong>scilicet</strong></span> <span class='ocrx_word' id='word_1_643' title='bbox 2896 2173 3132 2230; x_wconf 90' lang='lat' dir='ltr'><strong>hominis</strong></span> <span class='ocrx_word' id='word_1_644' title='bbox 3152 2182 3296 2240; x_wconf 90' lang='lat' dir='ltr'><strong>actu,</strong></span> <span class='ocrx_word' id='word_1_645' title='bbox 3332 2175 3425 2230; x_wconf 88' lang='lat' dir='ltr'><strong>sed</strong></span> <span class='ocrx_word' id='word_1_646' title='bbox 3459 2174 3556 2231; x_wconf 86' lang='lat' dir='ltr'><strong>Dei</strong></span> 
     </span>
    </p>
   </div>
   <div class='ocr_carea' id='block_1_81' title="bbox 1981 2272 2249 2341">
    <p class='ocr_par' dir='ltr' id='par_1_81' title="bbox 1981 2272 2249 2341">
     <span class='ocr_line' id='line_1_81' title="bbox 1981 2272 2249 2341; baseline 0.004 -24"><span class='ocrx_word' id='word_1_647' title='bbox 1981 2272 2134 2318; x_wconf 84' lang='lat' dir='ltr'><strong>nutu.</strong></span> <span class='ocrx_word' id='word_1_648' title='bbox 2244 2335 2249 2341; x_wconf 31' lang='grc'><strong><em>⁸</em></strong></span> 
     </span>
    </p>
   </div>
   <div class='ocr_carea' id='block_1_82' title="bbox 2020 2354 3561 2426">
    <p class='ocr_par' dir='ltr' id='par_1_82' title="bbox 2020 2354 3561 2426">
     <span class='ocr_line' id='line_1_82' title="bbox 2020 2354 3561 2426; baseline 0.003 -18"><span class='ocrx_word' id='word_1_649' title='bbox 2020 2354 2223 2421; x_wconf 24' lang='grc' dir='ltr'><strong>ηΤοΙιεε</strong></span> <span class='ocrx_word' id='word_1_650' title='bbox 2247 2355 2409 2426; x_wconf 85' lang='lat' dir='ltr'><strong>igitur</strong></span> <span class='ocrx_word' id='word_1_651' title='bbox 2454 2365 2619 2409; x_wconf 87' lang='lat' dir='ltr'><strong>tecum</strong></span> <span class='ocrx_word' id='word_1_652' title='bbox 2656 2370 2722 2409; x_wconf 83' lang='lat' dir='ltr'><strong>ea:</strong></span> <span class='ocrx_word' id='word_1_653' title='bbox 2764 2354 3001 2408; x_wconf 85' lang='lat' dir='ltr'><strong>omnibus</strong></span> <span class='ocrx_word' id='word_1_654' title='bbox 3042 2356 3334 2426; x_wconf 39' lang='lat' dir='ltr'><strong>escis‘qute</strong></span> <span class='ocrx_word' id='word_1_655' title='bbox 3379 2361 3561 2412; x_wconf 84' lang='lat' dir='ltr'><strong>mandi</strong></span> 
     </span>
    </p>
   </div>
   <div class='ocr_carea' id='block_1_83' title="bbox 1978 2446 3560 2517">
    <p class='ocr_par' dir='ltr' id='par_1_83' title="bbox 1978 2446 3560 2517">
     <span class='ocr_line' id='line_1_83' title="bbox 1978 2446 3560 2517; baseline 0.001 -18"><span class='ocrx_word' id='word_1_656' title='bbox 1978 2456 2213 2517; x_wconf 83' lang='lat' dir='ltr'><strong>possunt,</strong></span> <span class='ocrx_word' id='word_1_657' title='bbox 2249 2456 2299 2500; x_wconf 90' lang='lat' dir='ltr'><strong>et</strong></span> <span class='ocrx_word' id='word_1_658' title='bbox 2344 2446 2694 2516; x_wconf 86' lang='lat' dir='ltr'><strong>comportabis</strong></span> <span class='ocrx_word' id='word_1_659' title='bbox 2732 2446 2873 2516; x_wconf 83' lang='lat' dir='ltr'><strong>apud</strong></span> <span class='ocrx_word' id='word_1_660' title='bbox 2916 2454 2966 2499; x_wconf 88' lang='lat' dir='ltr'><strong>te</strong></span> <span class='ocrx_word' id='word_1_661' title='bbox 2989 2486 3003 2509; x_wconf 90' lang='lat'><strong>,</strong></span> <span class='ocrx_word' id='word_1_662' title='bbox 3040 2455 3089 2499; x_wconf 85' lang='lat' dir='ltr'><strong>et</strong></span> <span class='ocrx_word' id='word_1_663' title='bbox 3132 2456 3285 2500; x_wconf 86' lang='lat' dir='ltr'><strong>erunt</strong></span> <span class='ocrx_word' id='word_1_664' title='bbox 3317 2456 3425 2500; x_wconf 86' lang='lat' dir='ltr'><strong>tam</strong></span> <span class='ocrx_word' id='word_1_665' title='bbox 3467 2449 3560 2501; x_wconf 89' lang='lat' dir='ltr'><strong>tibi</strong></span> 
     </span>
    </p>
   </div>
   <div class='ocr_carea' id='block_1_84' title="bbox 1980 2534 3562 2607">
    <p class='ocr_par' dir='ltr' id='par_1_84' title="bbox 1980 2534 3562 2607">
     <span class='ocr_line' id='line_1_84' title="bbox 1980 2534 3562 2607; baseline 0.002 -18"><span class='ocrx_word' id='word_1_666' title='bbox 1980 2552 2135 2607; x_wconf 84' lang='lat' dir='ltr'><strong>quam</strong></span> <span class='ocrx_word' id='word_1_667' title='bbox 2176 2534 2283 2589; x_wconf 85' lang='lat' dir='ltr'><strong>illis</strong></span> <span class='ocrx_word' id='word_1_668' title='bbox 2318 2537 2373 2590; x_wconf 85' lang='lat' dir='ltr'><strong>in</strong></span> <span class='ocrx_word' id='word_1_669' title='bbox 2408 2536 2600 2589; x_wconf 85' lang='lat' dir='ltr'><strong>cibum.</strong></span> <span class='ocrx_word' id='word_1_670' title='bbox 2634 2534 2784 2590; x_wconf 89' lang='lat' dir='ltr'><strong>Solet</strong></span> <span class='ocrx_word' id='word_1_671' title='bbox 2822 2535 2986 2591; x_wconf 83' lang='lat' dir='ltr'><strong>etiam</strong></span> <span class='ocrx_word' id='word_1_672' title='bbox 3024 2550 3242 2592; x_wconf 86' lang='lat' dir='ltr'><strong>movere</strong></span> <span class='ocrx_word' id='word_1_673' title='bbox 3273 2537 3562 2593; x_wconf 89' lang='lat' dir='ltr'><strong>nonnullos</strong></span> 
     </span>
    </p>
   </div>
   <div class='ocr_carea' id='block_1_85' title="bbox 1981 2623 3562 2694">
    <p class='ocr_par' dir='ltr' id='par_1_85' title="bbox 1981 2623 3562 2694">
     <span class='ocr_line' id='line_1_85' title="bbox 1981 2623 3562 2694; baseline 0.003 -17"><span class='ocrx_word' id='word_1_674' title='bbox 1981 2639 2180 2694; x_wconf 78' lang='lat' dir='ltr'><strong>genera</strong></span> <span class='ocrx_word' id='word_1_675' title='bbox 2209 2638 2458 2679; x_wconf 89' lang='lat' dir='ltr'><strong>escarum</strong></span> <span class='ocrx_word' id='word_1_676' title='bbox 2493 2639 2613 2693; x_wconf 64' lang='lat' dir='ltr'><strong>quae</strong></span> <span class='ocrx_word' id='word_1_677' title='bbox 2657 2623 2767 2678; x_wconf 90' lang='lat' dir='ltr'><strong>illic</strong></span> <span class='ocrx_word' id='word_1_678' title='bbox 2794 2624 2996 2679; x_wconf 88' lang='lat' dir='ltr'><strong>habere</strong></span> <span class='ocrx_word' id='word_1_679' title='bbox 3035 2632 3284 2694; x_wconf 81' lang='lat' dir='ltr'><strong>poterant</strong></span> <span class='ocrx_word' id='word_1_680' title='bbox 3308 2626 3562 2681; x_wconf 87' lang='lat' dir='ltr'><strong>animalia</strong></span> 
     </span>
    </p>
   </div>
   <div class='ocr_carea' id='block_1_86' title="bbox 1981 2713 3563 2785">
    <p class='ocr_par' dir='ltr' id='par_1_86' title="bbox 1981 2713 3563 2785">
     <span class='ocr_line' id='line_1_86' title="bbox 1981 2713 3563 2785; baseline 0.002 -17"><span class='ocrx_word' id='word_1_681' title='bbox 1981 2730 2101 2785; x_wconf 66' lang='lat' dir='ltr'><strong>quae</strong></span> <span class='ocrx_word' id='word_1_682' title='bbox 2130 2729 2235 2769; x_wconf 92' lang='lat' dir='ltr'><strong>non</strong></span> <span class='ocrx_word' id='word_1_683' title='bbox 2278 2713 2383 2769; x_wconf 90' lang='lat' dir='ltr'><strong>nisi</strong></span> <span class='ocrx_word' id='word_1_684' title='bbox 2436 2729 2601 2769; x_wconf 87' lang='lat' dir='ltr'><strong>carne</strong></span> <span class='ocrx_word' id='word_1_685' title='bbox 2644 2713 2790 2768; x_wconf 89' lang='lat' dir='ltr'><strong>vesci</strong></span> <span class='ocrx_word' id='word_1_686' title='bbox 2827 2721 3115 2783; x_wconf 90' lang='lat' dir='ltr'><strong>putantur,</strong></span> <span class='ocrx_word' id='word_1_687' title='bbox 3152 2723 3336 2769; x_wconf 88' lang='lat' dir='ltr'><strong>utrum</strong></span> <span class='ocrx_word' id='word_1_688' title='bbox 3364 2723 3563 2785; x_wconf 67' lang='lat' dir='ltr'><strong>praeter</strong></span> 
     </span>
    </p>
   </div>
   <div class='ocr_carea' id='block_1_87' title="bbox 1982 2803 3563 2874">
    <p class='ocr_par' dir='ltr' id='par_1_87' title="bbox 1982 2803 3563 2874">
     <span class='ocr_line' id='line_1_87' title="bbox 1982 2803 3563 2874; baseline -0.002 -13"><span class='ocrx_word' id='word_1_689' title='bbox 1982 2821 2267 2861; x_wconf 87' lang='lat' dir='ltr'><strong>numerum</strong></span> <span class='ocrx_word' id='word_1_690' title='bbox 2298 2805 2370 2860; x_wconf 88' lang='lat' dir='ltr'><strong>ibi</strong></span> <span class='ocrx_word' id='word_1_691' title='bbox 2405 2803 2625 2869; x_wconf 90' lang='lat' dir='ltr'><strong>fuerint,</strong></span> <span class='ocrx_word' id='word_1_692' title='bbox 2657 2804 2776 2858; x_wconf 89' lang='lat' dir='ltr'><strong>sine</strong></span> <span class='ocrx_word' id='word_1_693' title='bbox 2821 2804 3254 2874; x_wconf 78' lang='lat' dir='ltr'><strong>transgressione</strong></span> <span class='ocrx_word' id='word_1_694' title='bbox 3288 2804 3563 2871; x_wconf 84' lang='lat' dir='ltr'><strong>mandati,</strong></span> 
     </span>
    </p>
   </div>
   <div class='ocr_carea' id='block_1_88' title="bbox 1982 2893 3566 2967">
    <p class='ocr_par' dir='ltr' id='par_1_88' title="bbox 1982 2893 3566 2967">
     <span class='ocr_line' id='line_1_88' title="bbox 1982 2893 3566 2967; baseline -0.001 -16"><span class='ocrx_word' id='word_1_695' title='bbox 1982 2911 2105 2967; x_wconf 66' lang='lat' dir='ltr'><strong>quae</strong></span> <span class='ocrx_word' id='word_1_696' title='bbox 2152 2896 2378 2951; x_wconf 88' lang='lat' dir='ltr'><strong>aliorum</strong></span> <span class='ocrx_word' id='word_1_697' title='bbox 2428 2894 2744 2951; x_wconf 90' lang='lat' dir='ltr'><strong>alendorum</strong></span> <span class='ocrx_word' id='word_1_698' title='bbox 2779 2893 3079 2950; x_wconf 87' lang='lat' dir='ltr'><strong>necessitas</strong></span> <span class='ocrx_word' id='word_1_699' title='bbox 3130 2894 3239 2950; x_wconf 93' lang='lat' dir='ltr'><strong>illic</strong></span> <span class='ocrx_word' id='word_1_700' title='bbox 3299 2895 3566 2965; x_wconf 77' lang='lat' dir='ltr'><strong>coegisset</strong></span> 
     </span>
    </p>
   </div>
   <div class='ocr_carea' id='block_1_89' title="bbox 1986 2984 3563 3056">
    <p class='ocr_par' dir='ltr' id='par_1_89' title="bbox 1986 2984 3563 3056">
     <span class='ocr_line' id='line_1_89' title="bbox 1986 2984 3563 3056; baseline -0.001 -15"><span class='ocrx_word' id='word_1_701' title='bbox 1986 2985 2214 3050; x_wconf 90' lang='lat' dir='ltr'><strong>includi,</strong></span> <span class='ocrx_word' id='word_1_702' title='bbox 2245 3001 2314 3040; x_wconf 91' lang='lat' dir='ltr'><strong>an</strong></span> <span class='ocrx_word' id='word_1_703' title='bbox 2339 3000 2470 3041; x_wconf 89' lang='lat' dir='ltr'><strong>vero</strong></span> <span class='ocrx_word' id='word_1_704' title='bbox 2498 2985 2641 3056; x_wconf 91' lang='lat' dir='ltr'><strong>quod</strong></span> <span class='ocrx_word' id='word_1_705' title='bbox 2669 2986 2849 3055; x_wconf 86' lang='lat' dir='ltr'><strong>potius</strong></span> <span class='ocrx_word' id='word_1_706' title='bbox 2871 2993 2955 3040; x_wconf 89' lang='lat' dir='ltr'><strong>est</strong></span> <span class='ocrx_word' id='word_1_707' title='bbox 2985 2984 3316 3040; x_wconf 89' lang='lat' dir='ltr'><strong>credendum</strong></span> <span class='ocrx_word' id='word_1_708' title='bbox 3359 2992 3563 3055; x_wconf 73' lang='lat' dir='ltr'><strong>prmter</strong></span> 
     </span>
    </p>
   </div>
   <div class='ocr_carea' id='block_1_90' title="bbox 1985 3076 3569 3148">
    <p class='ocr_par' dir='ltr' id='par_1_90' title="bbox 1985 3076 3569 3148">
     <span class='ocr_line' id='line_1_90' title="bbox 1985 3076 3569 3148; baseline -0.003 -14"><span class='ocrx_word' id='word_1_709' title='bbox 1985 3094 2180 3134; x_wconf 88' lang='lat' dir='ltr'><strong>carnes</strong></span> <span class='ocrx_word' id='word_1_710' title='bbox 2205 3078 2386 3148; x_wconf 89' lang='lat' dir='ltr'><strong>aliqua</strong></span> <span class='ocrx_word' id='word_1_711' title='bbox 2415 3078 2668 3134; x_wconf 88' lang='lat' dir='ltr'><strong>alimenta</strong></span> <span class='ocrx_word' id='word_1_712' title='bbox 2695 3089 2816 3133; x_wconf 88' lang='lat' dir='ltr'><strong>esse</strong></span> <span class='ocrx_word' id='word_1_713' title='bbox 2838 3084 3149 3147; x_wconf 88' lang='lat' dir='ltr'><strong>potuerunt,</strong></span> <span class='ocrx_word' id='word_1_714' title='bbox 3175 3091 3296 3146; x_wconf 67' lang='lat' dir='ltr'><strong>qua:</strong></span> <span class='ocrx_word' id='word_1_715' title='bbox 3315 3076 3569 3130; x_wconf 90' lang='lat' dir='ltr'><strong>omnibus</strong></span> 
     </span>
    </p>
   </div>
   <div class='ocr_carea' id='block_1_91' title="bbox 1908 3166 3569 3237">
    <p class='ocr_par' dir='ltr' id='par_1_91' title="bbox 1908 3166 3569 3237">
     <span class='ocr_line' id='line_1_91' title="bbox 1908 3166 3569 3237; baseline -0.004 -12"><span class='ocrx_word' id='word_1_716' title='bbox 1908 3172 1952 3234; x_wconf 89' lang='lat' dir='ltr'><strong>C</strong></span> <span class='ocrx_word' id='word_1_717' title='bbox 1984 3169 2350 3225; x_wconf 81' lang='lat' dir='ltr'><strong>convenirent.</strong></span> <span class='ocrx_word' id='word_1_718' title='bbox 2419 3167 2678 3224; x_wconf 86' lang='lat' dir='ltr'><strong>Novimus</strong></span> <span class='ocrx_word' id='word_1_719' title='bbox 2737 3168 2880 3222; x_wconf 90' lang='lat' dir='ltr'><strong>enim</strong></span> <span class='ocrx_word' id='word_1_720' title='bbox 2931 3182 3095 3237; x_wconf 89' lang='lat' dir='ltr'><strong>quam</strong></span> <span class='ocrx_word' id='word_1_721' title='bbox 3148 3166 3317 3220; x_wconf 88' lang='lat' dir='ltr'><strong>multa</strong></span> <span class='ocrx_word' id='word_1_722' title='bbox 3362 3166 3569 3221; x_wconf 81' lang='lat' dir='ltr'><strong>anima-</strong></span> 
     </span>
    </p>
   </div>
   <div class='ocr_carea' id='block_1_92' title="bbox 1988 3257 3570 3330">
    <p class='ocr_par' dir='ltr' id='par_1_92' title="bbox 1988 3257 3570 3330">
     <span class='ocr_line' id='line_1_92' title="bbox 1988 3257 3570 3330; baseline -0.001 -15"><span class='ocrx_word' id='word_1_723' title='bbox 1988 3260 2057 3315; x_wconf 87' lang='lat' dir='ltr'><strong>lia</strong></span> <span class='ocrx_word' id='word_1_724' title='bbox 2098 3262 2295 3330; x_wconf 88' lang='lat' dir='ltr'><strong>quibus</strong></span> <span class='ocrx_word' id='word_1_725' title='bbox 2350 3274 2478 3315; x_wconf 88' lang='lat' dir='ltr'><strong>caro</strong></span> <span class='ocrx_word' id='word_1_726' title='bbox 2505 3260 2660 3315; x_wconf 89' lang='lat' dir='ltr'><strong>cibus</strong></span> <span class='ocrx_word' id='word_1_727' title='bbox 2709 3267 2817 3325; x_wconf 89' lang='lat' dir='ltr'><strong>est,</strong></span> <span class='ocrx_word' id='word_1_728' title='bbox 2850 3257 3114 3312; x_wconf 84' lang='lat' dir='ltr'><strong>fructibus</strong></span> <span class='ocrx_word' id='word_1_729' title='bbox 3142 3258 3424 3326; x_wconf 88' lang='lat' dir='ltr'><strong>pomisque</strong></span> <span class='ocrx_word' id='word_1_730' title='bbox 3477 3274 3570 3313; x_wconf 79' lang='lat' dir='ltr'><strong>ve-</strong></span> 
     </span>
    </p>
   </div>
   <div class='ocr_carea' id='block_1_93' title="bbox 1987 3347 3570 3418">
    <p class='ocr_par' dir='ltr' id='par_1_93' title="bbox 1987 3347 3570 3418">
     <span class='ocr_line' id='line_1_93' title="bbox 1987 3347 3570 3418; baseline -0.004 -9"><span class='ocrx_word' id='word_1_731' title='bbox 1987 3364 2225 3417; x_wconf 89' lang='lat' dir='ltr'><strong>scantur,</strong></span> <span class='ocrx_word' id='word_1_732' title='bbox 2257 3360 2312 3408; x_wconf 90' lang='lat' dir='ltr'><strong>et</strong></span> <span class='ocrx_word' id='word_1_733' title='bbox 2355 3366 2591 3406; x_wconf 77' lang='lat' dir='ltr'><strong>maxime</strong></span> <span class='ocrx_word' id='word_1_734' title='bbox 2636 3349 2845 3406; x_wconf 89' lang='lat' dir='ltr'><strong>ﬁcubus</strong></span> <span class='ocrx_word' id='word_1_735' title='bbox 2883 3357 3046 3418; x_wconf 87' lang='lat' dir='ltr'><strong>atque</strong></span> <span class='ocrx_word' id='word_1_736' title='bbox 3092 3348 3384 3403; x_wconf 86' lang='lat' dir='ltr'><strong>castaneis.</strong></span> <span class='ocrx_word' id='word_1_737' title='bbox 3428 3347 3570 3415; x_wconf 85' lang='lat' dir='ltr'><strong>Quid</strong></span> 
     </span>
    </p>
   </div>
   <div class='ocr_carea' id='block_1_94' title="bbox 1985 3438 3571 3509">
    <p class='ocr_par' dir='ltr' id='par_1_94' title="bbox 1985 3438 3571 3509">
     <span class='ocr_line' id='line_1_94' title="bbox 1985 3438 3571 3509; baseline -0.008 -7"><span class='ocrx_word' id='word_1_738' title='bbox 1985 3462 2115 3503; x_wconf 84' lang='lat' dir='ltr'><strong>vero</strong></span> <span class='ocrx_word' id='word_1_739' title='bbox 2153 3446 2350 3500; x_wconf 88' lang='lat' dir='ltr'><strong>mirum</strong></span> <span class='ocrx_word' id='word_1_740' title='bbox 2389 3445 2435 3499; x_wconf 92' lang='lat' dir='ltr'><strong>si</strong></span> <span class='ocrx_word' id='word_1_741' title='bbox 2468 3444 2552 3498; x_wconf 89' lang='lat' dir='ltr'><strong>vir</strong></span> <span class='ocrx_word' id='word_1_742' title='bbox 2589 3443 2678 3497; x_wconf 87' lang='lat' dir='ltr'><strong>ille</strong></span> <span class='ocrx_word' id='word_1_743' title='bbox 2716 3444 2934 3509; x_wconf 85' lang='lat' dir='ltr'><strong>sapiens</strong></span> <span class='ocrx_word' id='word_1_744' title='bbox 2966 3449 3021 3496; x_wconf 91' lang='lat' dir='ltr'><strong>et</strong></span> <span class='ocrx_word' id='word_1_745' title='bbox 3044 3438 3247 3508; x_wconf 87' lang='lat' dir='ltr'><strong>justus,</strong></span> <span class='ocrx_word' id='word_1_746' title='bbox 3298 3438 3461 3492; x_wconf 75' lang='lat' dir='ltr'><strong>etiam</strong></span> <span class='ocrx_word' id='word_1_747' title='bbox 3493 3438 3571 3492; x_wconf 88' lang='lat' dir='ltr'><strong>di-</strong></span> 
     </span>
    </p>
   </div>
   <div class='ocr_carea' id='block_1_95' title="bbox 1983 3527 3566 3601">
    <p class='ocr_par' dir='ltr' id='par_1_95' title="bbox 1983 3527 3566 3601">
     <span class='ocr_line' id='line_1_95' title="bbox 1983 3527 3566 3601; baseline -0.008 -9"><span class='ocrx_word' id='word_1_748' title='bbox 1983 3537 2187 3593; x_wconf 88' lang='lat' dir='ltr'><strong>vinitus</strong></span> <span class='ocrx_word' id='word_1_749' title='bbox 2240 3535 2549 3591; x_wconf 89' lang='lat' dir='ltr'><strong>admonitus</strong></span> <span class='ocrx_word' id='word_1_750' title='bbox 2592 3532 2737 3601; x_wconf 92' lang='lat' dir='ltr'><strong>quod</strong></span> <span class='ocrx_word' id='word_1_751' title='bbox 2786 3533 2980 3600; x_wconf 88' lang='lat' dir='ltr'><strong>cuique</strong></span> <span class='ocrx_word' id='word_1_752' title='bbox 3023 3537 3388 3599; x_wconf 82' lang='lat' dir='ltr'><strong>congrueret,</strong></span> <span class='ocrx_word' id='word_1_753' title='bbox 3447 3527 3566 3581; x_wconf 85' lang='lat' dir='ltr'><strong>sine</strong></span> 
     </span>
    </p>
   </div>
   <div class='ocr_carea' id='block_1_96' title="bbox 1986 3617 3569 3692">
    <p class='ocr_par' dir='ltr' id='par_1_96' title="bbox 1986 3617 3569 3692">
     <span class='ocr_line' id='line_1_96' title="bbox 1986 3617 3569 3692; baseline -0.005 -13"><span class='ocrx_word' id='word_1_754' title='bbox 1986 3625 2244 3681; x_wconf 78' lang='lat' dir='ltr'><strong>carnibus</strong></span> <span class='ocrx_word' id='word_1_755' title='bbox 2285 3632 2468 3692; x_wconf 88' lang='lat' dir='ltr'><strong>aptam</strong></span> <span class='ocrx_word' id='word_1_756' title='bbox 2498 3623 2695 3690; x_wconf 91' lang='lat' dir='ltr'><strong>cuique</strong></span> <span class='ocrx_word' id='word_1_757' title='bbox 2723 3621 2908 3690; x_wconf 79' lang='lat' dir='ltr'><strong>generi</strong></span> <span class='ocrx_word' id='word_1_758' title='bbox 2952 3619 3268 3673; x_wconf 88' lang='lat' dir='ltr'><strong>alimoniam</strong></span> <span class='ocrx_word' id='word_1_759' title='bbox 3303 3617 3569 3688; x_wconf 84' lang='lat' dir='ltr'><strong>reperiret</strong></span> 
     </span>
    </p>
   </div>
   <div class='ocr_carea' id='block_1_97' title="bbox 1986 3707 3569 3781">
    <p class='ocr_par' dir='ltr' id='par_1_97' title="bbox 1986 3707 3569 3781">
     <span class='ocr_line' id='line_1_97' title="bbox 1986 3707 3569 3781; baseline -0.008 -9"><span class='ocrx_word' id='word_1_760' title='bbox 1986 3725 2040 3772; x_wconf 91' lang='lat' dir='ltr'><strong>et</strong></span> <span class='ocrx_word' id='word_1_761' title='bbox 2075 3714 2375 3779; x_wconf 57' lang='lat' dir='ltr'><strong>conderet?</strong></span> <span class='ocrx_word' id='word_1_762' title='bbox 2405 3711 2545 3779; x_wconf 88' lang='lat' dir='ltr'><strong>Quid</strong></span> <span class='ocrx_word' id='word_1_763' title='bbox 2591 3719 2676 3767; x_wconf 90' lang='lat' dir='ltr'><strong>est</strong></span> <span class='ocrx_word' id='word_1_764' title='bbox 2704 3725 2812 3780; x_wconf 91' lang='lat' dir='ltr'><strong>quo</strong></span> <span class='ocrx_word' id='word_1_765' title='bbox 2854 3709 3000 3765; x_wconf 88' lang='lat' dir='ltr'><strong>vesci</strong></span> <span class='ocrx_word' id='word_1_766' title='bbox 3053 3724 3160 3763; x_wconf 91' lang='lat' dir='ltr'><strong>non</strong></span> <span class='ocrx_word' id='word_1_767' title='bbox 3227 3716 3447 3781; x_wconf 81' lang='lat' dir='ltr'><strong>cogeret</strong></span> <span class='ocrx_word' id='word_1_768' title='bbox 3489 3707 3569 3779; x_wconf 82' lang='lat' dir='ltr'><strong>fa-</strong></span> 
     </span>
    </p>
   </div>
   <div class='ocr_carea' id='block_1_98' title="bbox 1986 3799 3568 3874">
    <p class='ocr_par' dir='ltr' id='par_1_98' title="bbox 1986 3799 3568 3874">
     <span class='ocr_line' id='line_1_98' title="bbox 1986 3799 3568 3874; baseline -0.005 -11"><span class='ocrx_word' id='word_1_769' title='bbox 1986 3808 2149 3863; x_wconf 90' lang='lat' dir='ltr'><strong>mes?</strong></span> <span class='ocrx_word' id='word_1_770' title='bbox 2192 3815 2287 3860; x_wconf 89' lang='lat' dir='ltr'><strong>aut</strong></span> <span class='ocrx_word' id='word_1_771' title='bbox 2312 3806 2456 3874; x_wconf 89' lang='lat' dir='ltr'><strong>quod</strong></span> <span class='ocrx_word' id='word_1_772' title='bbox 2482 3819 2588 3859; x_wconf 90' lang='lat' dir='ltr'><strong>non</strong></span> <span class='ocrx_word' id='word_1_773' title='bbox 2619 3818 2784 3859; x_wconf 88' lang='lat' dir='ltr'><strong>suave</strong></span> <span class='ocrx_word' id='word_1_774' title='bbox 2816 3817 2880 3856; x_wconf 90' lang='lat' dir='ltr'><strong>ac</strong></span> <span class='ocrx_word' id='word_1_775' title='bbox 2916 3800 3130 3856; x_wconf 90' lang='lat' dir='ltr'><strong>salubre</strong></span> <span class='ocrx_word' id='word_1_776' title='bbox 3160 3799 3339 3856; x_wconf 87' lang='lat' dir='ltr'><strong>facere</strong></span> <span class='ocrx_word' id='word_1_777' title='bbox 3383 3810 3568 3869; x_wconf 87' lang='lat' dir='ltr'><strong>posset</strong></span> 
     </span>
    </p>
   </div>
   <div class='ocr_carea' id='block_1_99' title="bbox 1985 3890 3532 3966">
    <p class='ocr_par' dir='ltr' id='par_1_99' title="bbox 1985 3890 3532 3966">
     <span class='ocr_line' id='line_1_99' title="bbox 1985 3890 3532 3966; baseline -0.005 -14"><span class='ocrx_word' id='word_1_778' title='bbox 1985 3898 2149 3961; x_wconf 90' lang='lat' dir='ltr'><strong>Deus,</strong></span> <span class='ocrx_word' id='word_1_779' title='bbox 2176 3896 2266 3966; x_wconf 87' lang='lat' dir='ltr'><strong>qui</strong></span> <span class='ocrx_word' id='word_1_780' title='bbox 2293 3896 2459 3950; x_wconf 88' lang='lat' dir='ltr'><strong>etiam</strong></span> <span class='ocrx_word' id='word_1_781' title='bbox 2500 3903 2560 3950; x_wconf 93' lang='lat' dir='ltr'><strong>ut</strong></span> <span class='ocrx_word' id='word_1_782' title='bbox 2590 3894 2708 3949; x_wconf 90' lang='lat' dir='ltr'><strong>sine</strong></span> <span class='ocrx_word' id='word_1_783' title='bbox 2734 3893 2857 3949; x_wconf 91' lang='lat' dir='ltr'><strong>cibo</strong></span> <span class='ocrx_word' id='word_1_784' title='bbox 2897 3892 3143 3947; x_wconf 87' lang='lat' dir='ltr'><strong>viverent</strong></span> <span class='ocrx_word' id='word_1_785' title='bbox 3179 3890 3360 3946; x_wconf 87' lang='lat' dir='ltr'><strong>divina</strong></span> <span class='ocrx_word' id='word_1_786' title='bbox 3390 3890 3532 3945; x_wconf 90' lang='lat' dir='ltr'><strong>facili</strong></span> 
     </span>
    </p>
   </div>
   <div class='ocr_carea' id='block_1_100' title="bbox 1990 3985 2402 4042">
    <p class='ocr_par' dir='ltr' id='par_1_100' title="bbox 1990 3985 2402 4042">
     <span class='ocr_line' id='line_1_100' title="bbox 1990 3985 2402 4042; baseline -0.007 0"><span class='ocrx_word' id='word_1_787' title='bbox 1990 3994 2099 4042; x_wconf 86' lang='lat' dir='ltr'><strong>tate</strong></span> <span class='ocrx_word' id='word_1_788' title='bbox 2140 3985 2402 4041; x_wconf 88' lang='lat' dir='ltr'><strong>donaret?</strong></span> 
     </span>
    </p>
   </div>
   <div class='ocr_carea' id='block_1_101' title="bbox 2579 4114 2947 4173">
    <p class='ocr_par' dir='ltr' id='par_1_101' title="bbox 2579 4114 2947 4173">
     <span class='ocr_line' id='line_1_101' title="bbox 2579 4114 2947 4173; baseline -0.008 0"><span class='ocrx_word' id='word_1_789' title='bbox 2579 4116 2805 4173; x_wconf 82' lang='lat' dir='ltr'><strong>CAPUT</strong></span> <span class='ocrx_word' id='word_1_790' title='bbox 2845 4114 2947 4172; x_wconf 72' lang='grc' dir='ltr'><strong>γη.</strong></span> 
     </span>
    </p>
   </div>
   <div class='ocr_carea' id='block_1_102' title="bbox 2059 4240 3504 4333">
    <p class='ocr_par' dir='ltr' id='par_1_102' title="bbox 2059 4240 3504 4333">
     <span class='ocr_line' id='line_1_102' title="bbox 2059 4240 3504 4333; baseline -0.01 -21"><span class='ocrx_word' id='word_1_791' title='bbox 2059 4257 2137 4312; x_wconf 79' lang='lat' dir='ltr'><strong>De</strong></span> <span class='ocrx_word' id='word_1_792' title='bbox 2165 4257 2403 4325; x_wconf 83' lang='lat' dir='ltr'><strong>ingressu</strong></span> <span class='ocrx_word' id='word_1_793' title='bbox 2439 4252 2785 4308; x_wconf 84' lang='lat' dir='ltr'><strong>animantium</strong></span> <span class='ocrx_word' id='word_1_794' title='bbox 2810 4250 2866 4303; x_wconf 88' lang='lat' dir='ltr'><strong>in</strong></span> <span class='ocrx_word' id='word_1_795' title='bbox 2892 4262 3072 4333; x_wconf 79' lang='lat' dir='ltr'><strong>arcam</strong></span> <span class='ocrx_word' id='word_1_796' title='bbox 3096 4253 3145 4300; x_wconf 84' lang='lat' dir='ltr'><strong>et</strong></span> <span class='ocrx_word' id='word_1_797' title='bbox 3173 4244 3239 4299; x_wconf 81' lang='lat' dir='ltr'><strong>de</strong></span> <span class='ocrx_word' id='word_1_798' title='bbox 3280 4240 3504 4297; x_wconf 77' lang='lat' dir='ltr'><strong>diluvio.</strong></span> 
     </span>
    </p>
   </div>
   <div class='ocr_carea' id='block_1_103' title="bbox 1960 4186 1987 4209">
    <p class='ocr_par' dir='ltr' id='par_1_103' title="bbox 1960 4186 1987 4209">
     <span class='ocr_line' id='line_1_103' title="bbox 1960 4186 1987 4209; baseline 0 0"><span class='ocrx_word' id='word_1_799' title='bbox 1960 4186 1987 4209; x_wconf 56' lang='grc' dir='ltr'>Ὦ</span> 
     </span>
    </p>
   </div>
   <div class='ocr_carea' id='block_1_104' title="bbox 2061 4351 3572 4442">
    <p class='ocr_par' dir='ltr' id='par_1_104' title="bbox 2061 4351 3572 4442">
     <span class='ocr_line' id='line_1_104' title="bbox 2061 4351 3572 4442; baseline -0.013 -16"><span class='ocrx_word' id='word_1_800' title='bbox 2061 4369 2211 4442; x_wconf 69' lang='grc' dir='ltr'>(ΟΜ).</span> <span class='ocrx_word' id='word_1_801' title='bbox 2260 4366 2382 4439; x_wconf 86' lang='lat' dir='ltr'><strong>vn.)</strong></span> <span class='ocrx_word' id='word_1_802' title='bbox 2424 4364 2686 4419; x_wconf 68' lang='lat' dir='ltr'><strong>Universae</strong></span> <span class='ocrx_word' id='word_1_803' title='bbox 2733 4376 2850 4416; x_wconf 85' lang='lat' dir='ltr'><strong>aves</strong></span> <span class='ocrx_word' id='word_1_804' title='bbox 2892 4374 3171 4429; x_wconf 83' lang='lat' dir='ltr'><strong>omnesque</strong></span> <span class='ocrx_word' id='word_1_805' title='bbox 3207 4354 3439 4411; x_wconf 81' lang='lat' dir='ltr'><strong>volucres</strong></span> <span class='ocrx_word' id='word_1_806' title='bbox 3488 4351 3572 4406; x_wconf 77' lang='lat' dir='ltr'><strong>itt-</strong></span> 
     </span>
    </p>
   </div>
   <div class='ocr_carea' id='block_1_105' title="bbox 1992 4444 3575 4533">
    <p class='ocr_par' dir='ltr' id='par_1_105' title="bbox 1992 4444 3575 4533">
     <span class='ocr_line' id='line_1_105' title="bbox 1992 4444 3575 4533; baseline -0.011 -16"><span class='ocrx_word' id='word_1_807' title='bbox 1992 4475 2184 4533; x_wconf 74' lang='lat' dir='ltr'><strong>gresste</strong></span> <span class='ocrx_word' id='word_1_808' title='bbox 2216 4469 2339 4515; x_wconf 84' lang='lat' dir='ltr'><strong>sunt</strong></span> <span class='ocrx_word' id='word_1_809' title='bbox 2367 4459 2436 4513; x_wconf 85' lang='lat' dir='ltr'><strong>ad</strong></span> <span class='ocrx_word' id='word_1_810' title='bbox 2472 4457 2590 4512; x_wconf 87' lang='lat' dir='ltr'><strong>Noe</strong></span> <span class='ocrx_word' id='word_1_811' title='bbox 2613 4456 2667 4509; x_wconf 90' lang='lat' dir='ltr'><strong>in</strong></span> <span class='ocrx_word' id='word_1_812' title='bbox 2696 4470 2874 4508; x_wconf 84' lang='lat' dir='ltr'><strong>arcam</strong></span> <span class='ocrx_word' id='word_1_813' title='bbox 2908 4454 3030 4507; x_wconf 89' lang='lat' dir='ltr'><strong>bina</strong></span> <span class='ocrx_word' id='word_1_814' title='bbox 3055 4461 3104 4506; x_wconf 87' lang='lat' dir='ltr'><strong>et</strong></span> <span class='ocrx_word' id='word_1_815' title='bbox 3133 4450 3288 4514; x_wconf 88' lang='lat' dir='ltr'><strong>bina,</strong></span> <span class='ocrx_word' id='word_1_816' title='bbox 3322 4462 3387 4502; x_wconf 79' lang='lat' dir='ltr'><strong>ea:</strong></span> <span class='ocrx_word' id='word_1_817' title='bbox 3432 4444 3575 4500; x_wconf 75' lang='lat' dir='ltr'><strong>dumi</strong></span> 
     </span>
    </p>
   </div>
   <div class='ocr_carea' id='block_1_106' title="bbox 1993 4542 3574 4622">
    <p class='ocr_par' dir='ltr' id='par_1_106' title="bbox 1993 4542 3574 4622">
     <span class='ocr_line' id='line_1_106' title="bbox 1993 4542 3574 4622; baseline -0.01 -15"><span class='ocrx_word' id='word_1_818' title='bbox 1993 4569 2150 4607; x_wconf 87' lang='lat' dir='ltr'><strong>carne</strong></span> <span class='ocrx_word' id='word_1_819' title='bbox 2179 4553 2236 4606; x_wconf 88' lang='lat' dir='ltr'><strong>in</strong></span> <span class='ocrx_word' id='word_1_820' title='bbox 2262 4567 2367 4622; x_wconf 88' lang='lat' dir='ltr'><strong>qua</strong></span> <span class='ocrx_word' id='word_1_821' title='bbox 2404 4558 2515 4604; x_wconf 85' lang='lat' dir='ltr'><strong>erat</strong></span> <span class='ocrx_word' id='word_1_822' title='bbox 2542 4546 2755 4618; x_wconf 82' lang='lat' dir='ltr'><strong>spiritus</strong></span> <span class='ocrx_word' id='word_1_823' title='bbox 2783 4546 2901 4600; x_wconf 68' lang='lat' dir='ltr'><strong>vita:</strong></span> <span class='ocrx_word' id='word_1_824' title='bbox 2924 4561 2942 4610; x_wconf 89' lang='lat'><strong>;</strong></span> <span class='ocrx_word' id='word_1_825' title='bbox 2970 4554 3017 4597; x_wconf 90' lang='lat' dir='ltr'><strong>et</strong></span> <span class='ocrx_word' id='word_1_826' title='bbox 3050 4558 3167 4614; x_wconf 76' lang='lat' dir='ltr'><strong>qua:</strong></span> <span class='ocrx_word' id='word_1_827' title='bbox 3199 4542 3433 4611; x_wconf 85' lang='lat' dir='ltr'><strong>ingressa</strong></span> <span class='ocrx_word' id='word_1_828' title='bbox 3453 4547 3574 4592; x_wconf 86' lang='lat' dir='ltr'><strong>sunt</strong></span> 
     </span>
    </p>
   </div>
   <div class='ocr_carea' id='block_1_107' title="bbox 1994 4628 3574 4709">
    <p class='ocr_par' dir='ltr' id='par_1_107' title="bbox 1994 4628 3574 4709">
     <span class='ocr_line' id='line_1_107' title="bbox 1994 4628 3574 4709; baseline -0.009 -13"><span class='ocrx_word' id='word_1_829' title='bbox 1994 4640 2259 4696; x_wconf 88' lang='lat' dir='ltr'><strong>masculus</strong></span> <span class='ocrx_word' id='word_1_830' title='bbox 2293 4651 2342 4694; x_wconf 86' lang='lat' dir='ltr'><strong>et</strong></span> <span class='ocrx_word' id='word_1_831' title='bbox 2382 4638 2599 4709; x_wconf 82' lang='lat' dir='ltr'><strong>femina,</strong></span> <span class='ocrx_word' id='word_1_832' title='bbox 2626 4651 2691 4689; x_wconf 76' lang='lat' dir='ltr'><strong>ea:</strong></span> <span class='ocrx_word' id='word_1_833' title='bbox 2726 4635 2868 4688; x_wconf 88' lang='lat' dir='ltr'><strong>omni</strong></span> <span class='ocrx_word' id='word_1_834' title='bbox 2893 4649 3052 4687; x_wconf 88' lang='lat' dir='ltr'><strong>carne</strong></span> <span class='ocrx_word' id='word_1_835' title='bbox 3092 4631 3428 4694; x_wconf 82' lang='lat' dir='ltr'><strong>introierunt,</strong></span> <span class='ocrx_word' id='word_1_836' title='bbox 3468 4628 3574 4682; x_wconf 85' lang='lat' dir='ltr'><strong>sic-</strong></span> 
     </span>
    </p>
   </div>
   <div class='ocr_carea' id='block_1_108' title="bbox 1991 4720 3575 4802">
    <p class='ocr_par' dir='ltr' id='par_1_108' title="bbox 1991 4720 3575 4802">
     <span class='ocr_line' id='line_1_108' title="bbox 1991 4720 3575 4802; baseline -0.009 -15"><span class='ocrx_word' id='word_1_837' title='bbox 1991 4742 2049 4787; x_wconf 89' lang='lat' dir='ltr'><strong>ut</strong></span> <span class='ocrx_word' id='word_1_838' title='bbox 2094 4739 2408 4802; x_wconf 77' lang='lat' dir='ltr'><strong>prteceperat</strong></span> <span class='ocrx_word' id='word_1_839' title='bbox 2458 4730 2505 4783; x_wconf 90' lang='lat' dir='ltr'><strong>ei</strong></span> <span class='ocrx_word' id='word_1_840' title='bbox 2539 4727 2699 4781; x_wconf 86' lang='lat' dir='ltr'><strong>Deus.</strong></span> <span class='ocrx_word' id='word_1_841' title='bbox 2733 4722 2957 4798; x_wconf 66' lang='lat' dir='ltr'><strong>(Albim)</strong></span> <span class='ocrx_word' id='word_1_842' title='bbox 3006 4723 3143 4778; x_wconf 83' lang='lat' dir='ltr'><strong>Hinc</strong></span> <span class='ocrx_word' id='word_1_843' title='bbox 3169 4720 3388 4792; x_wconf 87' lang='lat' dir='ltr'><strong>quidam</strong></span> <span class='ocrx_word' id='word_1_844' title='bbox 3429 4733 3575 4791; x_wconf 69' lang='lat' dir='ltr'><strong>qua:-</strong></span> 
     </span>
    </p>
   </div>
   <div class='ocr_carea' id='block_1_109' title="bbox 1996 4810 3577 4890">
    <p class='ocr_par' dir='ltr' id='par_1_109' title="bbox 1996 4810 3577 4890">
     <span class='ocr_line' id='line_1_109' title="bbox 1996 4810 3577 4890; baseline -0.009 -12"><span class='ocrx_word' id='word_1_845' title='bbox 1996 4823 2222 4878; x_wconf 87' lang='lat' dir='ltr'><strong>rendum</strong></span> <span class='ocrx_word' id='word_1_846' title='bbox 2256 4826 2451 4890; x_wconf 87' lang='lat' dir='ltr'><strong>putant</strong></span> <span class='ocrx_word' id='word_1_847' title='bbox 2481 4817 2612 4887; x_wconf 88' lang='lat' dir='ltr'><strong>quid</strong></span> <span class='ocrx_word' id='word_1_848' title='bbox 2649 4816 2716 4870; x_wconf 89' lang='lat' dir='ltr'><strong>de</strong></span> <span class='ocrx_word' id='word_1_849' title='bbox 2763 4813 3089 4870; x_wconf 89' lang='lat' dir='ltr'><strong>animalibus</strong></span> <span class='ocrx_word' id='word_1_850' title='bbox 3114 4811 3305 4868; x_wconf 90' lang='lat' dir='ltr'><strong>sentiri</strong></span> <span class='ocrx_word' id='word_1_851' title='bbox 3339 4810 3577 4874; x_wconf 86' lang='lat' dir='ltr'><strong>debeat,</strong></span> 
     </span>
    </p>
   </div>
   <div class='ocr_carea' id='block_1_110' title="bbox 1997 4897 3580 4984">
    <p class='ocr_par' dir='ltr' id='par_1_110' title="bbox 1997 4897 3580 4984">
     <span class='ocr_line' id='line_1_110' title="bbox 1997 4897 3580 4984; baseline -0.01 -16"><span class='ocrx_word' id='word_1_852' title='bbox 1997 4926 2229 4984; x_wconf 88' lang='lat' dir='ltr'><strong>quorum</strong></span> <span class='ocrx_word' id='word_1_853' title='bbox 2263 4919 2456 4964; x_wconf 89' lang='lat' dir='ltr'><strong>natura</strong></span> <span class='ocrx_word' id='word_1_854' title='bbox 2484 4923 2584 4962; x_wconf 90' lang='lat' dir='ltr'><strong>nec</strong></span> <span class='ocrx_word' id='word_1_855' title='bbox 2612 4920 2828 4975; x_wconf 88' lang='lat' dir='ltr'><strong>semper</strong></span> <span class='ocrx_word' id='word_1_856' title='bbox 2852 4905 2906 4959; x_wconf 90' lang='lat' dir='ltr'><strong>in</strong></span> <span class='ocrx_word' id='word_1_857' title='bbox 2930 4903 3122 4969; x_wconf 91' lang='lat' dir='ltr'><strong>aridis,</strong></span> <span class='ocrx_word' id='word_1_858' title='bbox 3151 4917 3250 4957; x_wconf 90' lang='lat' dir='ltr'><strong>nec</strong></span> <span class='ocrx_word' id='word_1_859' title='bbox 3270 4913 3486 4969; x_wconf 90' lang='lat' dir='ltr'><strong>semper</strong></span> <span class='ocrx_word' id='word_1_860' title='bbox 3522 4897 3580 4953; x_wconf 84' lang='lat' dir='ltr'><strong>in</strong></span> 
     </span>
    </p>
   </div>
   <div class='ocr_carea' id='block_1_111' title="bbox 1996 4986 3577 5069">
    <p class='ocr_par' dir='ltr' id='par_1_111' title="bbox 1996 4986 3577 5069">
     <span class='ocr_line' id='line_1_111' title="bbox 1996 4986 3577 5069; baseline -0.011 -11"><span class='ocrx_word' id='word_1_861' title='bbox 1996 5003 2236 5058; x_wconf 87' lang='lat' dir='ltr'><strong>humidis</strong></span> <span class='ocrx_word' id='word_1_862' title='bbox 2258 4986 2439 5056; x_wconf 85' lang='lat' dir='ltr'><strong>vivere</strong></span> <span class='ocrx_word' id='word_1_863' title='bbox 2475 4998 2674 5069; x_wconf 80' lang='lat' dir='ltr'><strong>potest,</strong></span> <span class='ocrx_word' id='word_1_864' title='bbox 2707 4995 2851 5050; x_wconf 90' lang='lat' dir='ltr'><strong>sicut</strong></span> <span class='ocrx_word' id='word_1_865' title='bbox 2873 5003 3003 5050; x_wconf 90' lang='lat' dir='ltr'><strong>sunt</strong></span> <span class='ocrx_word' id='word_1_866' title='bbox 3025 4992 3154 5048; x_wconf 91' lang='lat' dir='ltr'><strong>lutri</strong></span> <span class='ocrx_word' id='word_1_867' title='bbox 3179 5000 3237 5047; x_wconf 91' lang='lat' dir='ltr'><strong>et</strong></span> <span class='ocrx_word' id='word_1_868' title='bbox 3262 4989 3417 5045; x_wconf 89' lang='lat' dir='ltr'><strong>vituli</strong></span> <span class='ocrx_word' id='word_1_869' title='bbox 3456 5001 3577 5042; x_wconf 89' lang='lat' dir='ltr'><strong>ma-</strong></span> 
     </span>
    </p>
   </div>
   <div class='ocr_carea' id='block_1_112' title="bbox 1999 5080 3577 5160">
    <p class='ocr_par' dir='ltr' id='par_1_112' title="bbox 1999 5080 3577 5160">
     <span class='ocr_line' id='line_1_112' title="bbox 1999 5080 3577 5160; baseline -0.013 -9"><span class='ocrx_word' id='word_1_870' title='bbox 1999 5095 2127 5160; x_wconf 89' lang='lat' dir='ltr'><strong>rini,</strong></span> <span class='ocrx_word' id='word_1_871' title='bbox 2181 5102 2235 5150; x_wconf 90' lang='lat' dir='ltr'><strong>et</strong></span> <span class='ocrx_word' id='word_1_872' title='bbox 2264 5092 2433 5148; x_wconf 89' lang='lat' dir='ltr'><strong>multa</strong></span> <span class='ocrx_word' id='word_1_873' title='bbox 2474 5090 2654 5145; x_wconf 87' lang='lat' dir='ltr'><strong>avium</strong></span> <span class='ocrx_word' id='word_1_874' title='bbox 2686 5103 2910 5159; x_wconf 80' lang='lat' dir='ltr'><strong>genera,</strong></span> <span class='ocrx_word' id='word_1_875' title='bbox 2938 5100 3059 5156; x_wconf 76' lang='lat' dir='ltr'><strong>quze</strong></span> <span class='ocrx_word' id='word_1_876' title='bbox 3090 5083 3144 5137; x_wconf 92' lang='lat' dir='ltr'><strong>in</strong></span> <span class='ocrx_word' id='word_1_877' title='bbox 3175 5080 3331 5152; x_wconf 87' lang='lat' dir='ltr'><strong>aquis</strong></span> <span class='ocrx_word' id='word_1_878' title='bbox 3374 5082 3577 5133; x_wconf 83' lang='lat' dir='ltr'><strong>victum</strong></span> 
     </span>
    </p>
   </div>
   <div class='ocr_carea' id='block_1_113' title="bbox 1998 5170 3582 5255">
    <p class='ocr_par' dir='ltr' id='par_1_113' title="bbox 1998 5170 3582 5255">
     <span class='ocr_line' id='line_1_113' title="bbox 1998 5170 3582 5255; baseline -0.012 -16"><span class='ocrx_word' id='word_1_879' title='bbox 1998 5185 2303 5255; x_wconf 87' lang='lat' dir='ltr'><strong>requirunt,</strong></span> <span class='ocrx_word' id='word_1_880' title='bbox 2335 5181 2430 5236; x_wconf 86' lang='lat' dir='ltr'><strong>sed</strong></span> <span class='ocrx_word' id='word_1_881' title='bbox 2464 5180 2519 5234; x_wconf 93' lang='lat' dir='ltr'><strong>in</strong></span> <span class='ocrx_word' id='word_1_882' title='bbox 2561 5179 2729 5234; x_wconf 75' lang='lat' dir='ltr'><strong>aridis</strong></span> <span class='ocrx_word' id='word_1_883' title='bbox 2773 5176 3067 5237; x_wconf 89' lang='lat' dir='ltr'><strong>dormiunt,</strong></span> <span class='ocrx_word' id='word_1_884' title='bbox 3113 5170 3360 5226; x_wconf 90' lang='lat' dir='ltr'><strong>nutriunt</strong></span> <span class='ocrx_word' id='word_1_885' title='bbox 3409 5176 3465 5223; x_wconf 89' lang='lat' dir='ltr'><strong>et</strong></span> <span class='ocrx_word' id='word_1_886' title='bbox 3497 5182 3582 5223; x_wconf 85' lang='lat' dir='ltr'><strong>re-</strong></span> 
     </span>
    </p>
   </div>
   <div class='ocr_carea' id='block_1_114' title="bbox 2000 5257 3573 5345">
    <p class='ocr_par' dir='ltr' id='par_1_114' title="bbox 2000 5257 3573 5345">
     <span class='ocr_line' id='line_1_114' title="bbox 2000 5257 3573 5345; baseline -0.011 -15"><span class='ocrx_word' id='word_1_887' title='bbox 2000 5276 2303 5345; x_wconf 88' lang='lat' dir='ltr'><strong>quiescunt.</strong></span> <span class='ocrx_word' id='word_1_888' title='bbox 2353 5270 2537 5326; x_wconf 90' lang='lat' dir='ltr'><strong>Potuit</strong></span> <span class='ocrx_word' id='word_1_889' title='bbox 2578 5270 2725 5325; x_wconf 91' lang='lat' dir='ltr'><strong>enim</strong></span> <span class='ocrx_word' id='word_1_890' title='bbox 2758 5268 2931 5323; x_wconf 86' lang='lat' dir='ltr'><strong>virtus</strong></span> <span class='ocrx_word' id='word_1_891' title='bbox 2979 5263 3160 5318; x_wconf 89' lang='lat' dir='ltr'><strong>divina</strong></span> <span class='ocrx_word' id='word_1_892' title='bbox 3200 5257 3467 5315; x_wconf 88' lang='lat' dir='ltr'><strong>utramvis</strong></span> <span class='ocrx_word' id='word_1_893' title='bbox 3495 5272 3573 5312; x_wconf 86' lang='lat' dir='ltr'><strong>eo-</strong></span> 
     </span>
    </p>
   </div>
   <div class='ocr_carea' id='block_1_115' title="bbox 2001 5347 3579 5422">
    <p class='ocr_par' dir='ltr' id='par_1_115' title="bbox 2001 5347 3579 5422">
     <span class='ocr_line' id='line_1_115' title="bbox 2001 5347 3579 5422; baseline -0.012 0"><span class='ocrx_word' id='word_1_894' title='bbox 2001 5382 2122 5422; x_wconf 84' lang='lat' dir='ltr'><strong>rum</strong></span> <span class='ocrx_word' id='word_1_895' title='bbox 2164 5373 2416 5419; x_wconf 89' lang='lat' dir='ltr'><strong>naturam</strong></span> <span class='ocrx_word' id='word_1_896' title='bbox 2470 5360 2643 5416; x_wconf 90' lang='lat' dir='ltr'><strong>donec</strong></span> <span class='ocrx_word' id='word_1_897' title='bbox 2687 5356 2945 5414; x_wconf 86' lang='lat' dir='ltr'><strong>diluvium</strong></span> <span class='ocrx_word' id='word_1_898' title='bbox 2987 5347 3261 5416; x_wconf 88' lang='lat' dir='ltr'><strong>transiret,</strong></span> <span class='ocrx_word' id='word_1_899' title='bbox 3307 5347 3579 5419; x_wconf 78' lang='lat' dir='ltr'><strong>mitigare,</strong></span> 
     </span>
    </p>
   </div>
   <div class='ocr_carea' id='block_1_116' title="bbox 2002 5440 3581 5527">
    <p class='ocr_par' dir='ltr' id='par_1_116' title="bbox 2002 5440 3581 5527">
     <span class='ocr_line' id='line_1_116' title="bbox 2002 5440 3581 5527; baseline -0.012 -14"><span class='ocrx_word' id='word_1_900' title='bbox 2002 5466 2330 5527; x_wconf 85' lang='lat' dir='ltr'><strong>temperare,</strong></span> <span class='ocrx_word' id='word_1_901' title='bbox 2379 5460 2440 5507; x_wconf 92' lang='lat' dir='ltr'><strong>ut</strong></span> <span class='ocrx_word' id='word_1_902' title='bbox 2481 5460 2574 5506; x_wconf 89' lang='lat' dir='ltr'><strong>aut</strong></span> <span class='ocrx_word' id='word_1_903' title='bbox 2611 5451 2663 5504; x_wconf 92' lang='lat' dir='ltr'><strong>in</strong></span> <span class='ocrx_word' id='word_1_904' title='bbox 2694 5451 2922 5504; x_wconf 89' lang='lat' dir='ltr'><strong>humore</strong></span> <span class='ocrx_word' id='word_1_905' title='bbox 2957 5453 3190 5509; x_wconf 87' lang='lat' dir='ltr'><strong>tantum,</strong></span> <span class='ocrx_word' id='word_1_906' title='bbox 3221 5449 3314 5496; x_wconf 91' lang='lat' dir='ltr'><strong>aut</strong></span> <span class='ocrx_word' id='word_1_907' title='bbox 3343 5441 3398 5495; x_wconf 93' lang='lat' dir='ltr'><strong>in</strong></span> <span class='ocrx_word' id='word_1_908' title='bbox 3428 5440 3581 5494; x_wconf 88' lang='lat' dir='ltr'><strong>arido</strong></span> 
     </span>
    </p>
   </div>
   <div class='ocr_carea' id='block_1_117' title="bbox 2004 5533 3581 5615">
    <p class='ocr_par' dir='ltr' id='par_1_117' title="bbox 2004 5533 3581 5615">
     <span class='ocr_line' id='line_1_117' title="bbox 2004 5533 3581 5615; baseline -0.012 -10"><span class='ocrx_word' id='word_1_909' title='bbox 2004 5559 2213 5605; x_wconf 89' lang='lat' dir='ltr'><strong>tantum</strong></span> <span class='ocrx_word' id='word_1_910' title='bbox 2268 5549 2449 5602; x_wconf 85' lang='lat' dir='ltr'><strong>vivere</strong></span> <span class='ocrx_word' id='word_1_911' title='bbox 2497 5550 2741 5615; x_wconf 87' lang='lat' dir='ltr'><strong>possent,</strong></span> <span class='ocrx_word' id='word_1_912' title='bbox 2796 5540 2897 5595; x_wconf 88' lang='lat' dir='ltr'><strong>nisi</strong></span> <span class='ocrx_word' id='word_1_913' title='bbox 2942 5538 3079 5593; x_wconf 89' lang='lat' dir='ltr'><strong>forte</strong></span> <span class='ocrx_word' id='word_1_914' title='bbox 3108 5544 3262 5592; x_wconf 80' lang='lat' dir='ltr'><strong>extra</strong></span> <span class='ocrx_word' id='word_1_915' title='bbox 3302 5549 3487 5590; x_wconf 88' lang='lat' dir='ltr'><strong>arcam</strong></span> <span class='ocrx_word' id='word_1_916' title='bbox 3527 5533 3581 5587; x_wconf 91' lang='lat' dir='ltr'><strong>in</strong></span> 
     </span>
    </p>
   </div>
   <div class='ocr_carea' id='block_1_118' title="bbox 2005 5624 3579 5710">
    <p class='ocr_par' dir='ltr' id='par_1_118' title="bbox 2005 5624 3579 5710">
     <span class='ocr_line' id='line_1_118' title="bbox 2005 5624 3579 5710; baseline -0.011 -15"><span class='ocrx_word' id='word_1_917' title='bbox 2005 5641 2182 5710; x_wconf 87' lang='lat' dir='ltr'><strong>aliqua</strong></span> <span class='ocrx_word' id='word_1_918' title='bbox 2208 5637 2324 5707; x_wconf 89' lang='lat' dir='ltr'><strong>ejus</strong></span> <span class='ocrx_word' id='word_1_919' title='bbox 2351 5646 2508 5709; x_wconf 88' lang='lat' dir='ltr'><strong>parte</strong></span> <span class='ocrx_word' id='word_1_920' title='bbox 2550 5635 2669 5689; x_wconf 89' lang='lat' dir='ltr'><strong>loca</strong></span> <span class='ocrx_word' id='word_1_921' title='bbox 2715 5631 2821 5686; x_wconf 88' lang='lat' dir='ltr'><strong>illis</strong></span> <span class='ocrx_word' id='word_1_922' title='bbox 2845 5637 3150 5701; x_wconf 65' lang='lat' dir='ltr'><strong>praeparata</strong></span> <span class='ocrx_word' id='word_1_923' title='bbox 3182 5634 3363 5683; x_wconf 88' lang='lat' dir='ltr'><strong>essent</strong></span> <span class='ocrx_word' id='word_1_924' title='bbox 3382 5667 3397 5693; x_wconf 95' lang='lat'><strong>,</strong></span> <span class='ocrx_word' id='word_1_925' title='bbox 3438 5624 3579 5680; x_wconf 81' lang='lat' dir='ltr'><strong>unde</strong></span> 
     </span>
    </p>
   </div>
   <div class='ocr_carea' id='block_1_119' title="bbox 2003 5715 3576 5799">
    <p class='ocr_par' dir='ltr' id='par_1_119' title="bbox 2003 5715 3576 5799">
     <span class='ocr_line' id='line_1_119' title="bbox 2003 5715 3576 5799; baseline -0.013 -14"><span class='ocrx_word' id='word_1_926' title='bbox 2003 5740 2058 5786; x_wconf 90' lang='lat' dir='ltr'><strong>et</strong></span> <span class='ocrx_word' id='word_1_927' title='bbox 2073 5730 2127 5784; x_wconf 88' lang='lat' dir='ltr'><strong>in</strong></span> <span class='ocrx_word' id='word_1_928' title='bbox 2142 5729 2297 5799; x_wconf 84' lang='lat' dir='ltr'><strong>aquis</strong></span> <span class='ocrx_word' id='word_1_929' title='bbox 2316 5727 2516 5791; x_wconf 85' lang='lat' dir='ltr'><strong>vivere,</strong></span> <span class='ocrx_word' id='word_1_930' title='bbox 2553 5731 2607 5779; x_wconf 91' lang='lat' dir='ltr'><strong>et</strong></span> <span class='ocrx_word' id='word_1_931' title='bbox 2622 5723 2676 5777; x_wconf 93' lang='lat' dir='ltr'><strong>in</strong></span> <span class='ocrx_word' id='word_1_932' title='bbox 2700 5718 2868 5775; x_wconf 86' lang='lat' dir='ltr'><strong>aridis</strong></span> <span class='ocrx_word' id='word_1_933' title='bbox 2884 5718 3229 5793; x_wconf 82' lang='lat' dir='ltr'><strong>requiescere</strong></span> <span class='ocrx_word' id='word_1_934' title='bbox 3246 5715 3576 5789; x_wconf 83' lang='lat' dir='ltr'><strong>potuissent.</strong></span> 
     </span>
    </p>
   </div>
  </div>
