1979 3102
143 137 193 162 Sil

666 130 843 161 COMMENT.
861 132 896 159 1N
916 129 1074 158 GENESIM.
1094 146 1129 150 -
1147 129 1210 157 LIB.
1232 129 1262 156 if.

1718 127 1773 154 πεί

141 197 197 223 est,
210 194 271 225 post
285 188 389 216 sabbati
402 188 557 223 septimum,
572 188 658 223 primo
677 196 692 214 a
714 188 827 214 mortuis
846 195 937 214 resur-
951 188 974 217 Α
988 190 1014 212 et
1032 185 1152 220 corporis
1166 184 1282 219 perfecta
1295 188 1321 211 et
1336 183 1479 211 immortali
1499 183 1585 210 salute
1604 188 1773 214 renovatum.

143 237 217 264 rexit
231 244 238 263 :
253 236 299 270 qui
311 235 369 261 dies
384 242 398 260 a
414 234 541 269 passione
554 234 659 265 tertius,
677 234 703 260 in
719 240 832 260 numero
847 236 937 259 autem

141 284 251 310 dierum
271 282 317 317 qui
333 288 382 316 per
396 288 476 308 omne
492 280 634 307 volvuntur
647 284 763 314 tempus,
778 284 805 307 et
827 284 938 306 octavus

141 333 175 356 et
189 328 294 363 primus
303 331 356 354 est.
368 326 445 359 Quod
461 330 523 360 post
535 330 638 360 septem
650 326 707 352 dies
721 332 754 352 ex
765 332 819 359 quo
836 325 938 359 ingres-

141 381 195 401 sus
209 377 251 400 est
268 371 324 399 Noe
335 372 361 398 in
378 378 470 398 arcam
489 370 589 397 factum
604 374 647 398 est
663 370 804 402 diluvium,
822 367 940 396 ostendit

144 419 211 454 quia
223 418 250 445 in
265 425 341 452 spem
356 416 454 444 futura:
467 416 577 449 quietis,
593 423 652 451 quae
666 417 780 451 septimo
798 416 841 442 die
851 415 940 449 signa-

145 471 177 492 ta
188 469 239 498 est,
253 464 432 499 baptizamur.
453 463 529 496 Quod
544 467 642 498 praeter
655 470 745 490 arcam
763 463 852 490 omnis
876 468 940 489 caro

144 518 231 545 quam
251 515 324 536 terra
349 508 518 536 sustentabat
552 507 652 536 diluvio
673 511 858 536 consummata
886 510 940 538 est,

147 554 273 582 insinuat
287 553 351 587 quia
372 557 471 587 praeter
483 553 610 580 Ecclesia:
622 553 791 585 societatem,
804 560 873 587 aqua
894 553 942 579 ba—

147 599 256 634 ptismi,
273 598 396 633 quamvis
411 599 506 625 eadem
523 598 568 631 sit,
592 606 645 625 non
660 598 750 626 solum
764 606 817 625 non
828 598 896 626 valet
908 598 942 625 ad

149 644 279 675 salutem,
294 643 341 670 sed
358 643 447 678 potius
460 644 493 670 ad
502 643 662 678 perniciem.
675 643 752 676 Quod
766 643 941 678 quadraginta

149 690 250 716 diebus
263 693 290 716 et
308 689 484 724 quadraginta
497 689 621 716 noctibus
643 688 720 724 pluit,
744 688 866 724 designat
880 689 943 723 quia

150 734 245 761 omnis
263 738 355 761 reatus
380 738 552 769 peccatorum
566 734 593 760 in
610 734 702 761 decem
721 734 864 769 praeceptis
877 733 944 769 legis

151 780 308 806 admittitur
323 786 369 814 per
384 779 538 806 universum
550 779 643 806 orbem
658 776 800 811 terrarum,
820 779 865 813 qui
879 786 944 813 qua-

153 830 220 853 tuor
241 825 364 860 partibus
390 825 553 852 continetur.
568 824 667 852 Decem
677 824 775 860 quippe
789 829 885 860 quater
898 825 945 852 du-

152 874 200 897 cta
218 870 395 905 quadraginta
415 870 491 897 ﬁunt.
519 869 582 897 Sive
602 870 647 898 ille
671 875 762 897 reatus
772 870 818 904 qui
838 870 873 897 ad
887 870 945 897 dies

151 916 286 950 pertinet,
302 923 335 943 ex
353 923 443 942 rerum
453 915 641 950 prosperitate,
657 916 713 942 sive
731 915 777 950 qui
793 915 825 941 ad
841 917 943 947 noctes;

153 969 191 988 ex
210 968 302 988 rerum
321 961 483 988 adversitate
499 964 663 993 contractus,
679 965 848 989 sacramento
859 961 945 996 bapti-

155 1007 210 1034 smi
230 1007 347 1034 cmlestis
360 1006 488 1034 abluitur.
504 1007 581 1040 Quod
597 1006 653 1034 Noe
667 1007 874 1043 quingentorum
887 1012 947 1035 erat

155 1061 293 1080 annorum
307 1060 368 1080 cum
382 1053 407 1080 ei
432 1053 538 1080 locutus
553 1058 594 1080 est
606 1053 737 1081 Dominus
748 1058 778 1080 ut
788 1061 879 1081 arcam
894 1054 946 1081 sibi

154 1098 273 1129 faceret,
298 1101 326 1124 et
345 1097 568 1124 sexcentesimum
582 1099 678 1132 agebat
703 1105 814 1130 annum,
844 1106 904 1125 cum
920 1098 946 1125 in

155 1152 220 1170 eam
238 1143 332 1170 fuisset
343 1144 480 1178 ingressus
493 1142 584 1178 (unde
598 1143 754 1179 intelligitur
775 1152 824 1179 per
836 1149 946 1172 centum

156 1195 248 1215 annos
265 1195 326 1215 arca
342 1186 495 1223 fabricata),
510 1188 574 1222 quid
585 1188 657 1216 aliud
673 1189 716 1216 hic
742 1189 867 1216 videntur
885 1197 948 1219 ceu-

158 1239 219 1260 tum
238 1233 299 1260 anni
323 1232 483 1268 signiﬁcare,
503 1233 554 1260 nisi
575 1237 667 1261 aetates
689 1234 808 1269 singulas
831 1234 948 1262 saeculi?

161 1279 236 1305 unde
251 1279 301 1305 ista
313 1283 388 1306 sexta
399 1284 465 1307 aetas
475 1287 534 1314 quae
543 1279 685 1314 completis
699 1280 852 1315 quingentis
863 1288 948 1315 usque

160 1324 198 1351 ad
216 1328 366 1356 sexcentos,
388 1324 565 1359 signiﬁcatur,
580 1324 608 1351 in
633 1324 852 1352 manifestatione
869 1332 949 1352 evan-

159 1370 249 1404 gelica
263 1369 409 1396 Ecclesiam
425 1370 575 1402 construit;
600 1374 627 1396 et
651 1370 712 1396 ideo
726 1369 771 1404 qui
787 1369 838 1397 sibi
854 1369 887 1396 ad
910 1369 949 1396 vi-

161 1420 220 1441 tam
243 1415 368 1447 consulit,
393 1415 428 1442 sit
451 1414 525 1441 velut
548 1416 707 1449 quadratum
721 1414 823 1449 lignum
838 1417 950 1450 paratus

163 1460 202 1486 ad
216 1468 294 1486 omne
305 1468 372 1494 opus
385 1460 494 1490 bonum,
507 1464 534 1486 et
545 1460 624 1487 intret
634 1460 660 1487 in
674 1460 803 1487 fabricam
816 1463 948 1492 sanctam,

161 1505 228 1540 quia
245 1509 271 1531 et
287 1504 420 1531 secundus
435 1504 535 1531 mensis
549 1504 612 1531 anni
627 1504 825 1538 sexcentesimi,
838 1512 891 1539 quo
907 1504 949 1531 in-
962 1522 986 1553 Ο

163 1555 222 1577 trat
238 1550 291 1576 Noe
305 1550 331 1576 in
346 1557 448 1581 arcam,
461 1549 583 1576 eamdem
598 1550 733 1577 senariam
749 1554 856 1577 {etatem
871 1550 951 1585 signi-

164 1596 240 1622 ﬁcat.
269 1596 325 1622 Duo
352 1595 423 1622 enim
442 1602 549 1622 menses
565 1595 740 1630 sexagenario
755 1603 868 1623 numero
887 1603 952 1623 con—

161 1641 329 1673 cluduntur;
356 1648 372 1667 a
387 1640 493 1667 senario
518 1644 606 1667 autem
635 1648 749 1668 numero
764 1645 791 1669 et
810 1642 950 1677 sexaginta

162 1686 400 1720 cognominantur,
416 1690 443 1712 et
455 1685 585 1717 sexcenti,
597 1690 630 1713 .et
644 1693 690 1714 sex
706 1686 800 1719 millia,
820 1690 848 1714 et
870 1694 951 1713 sexa-

163 1730 241 1764 ginta
266 1729 359 1762 millia,
381 1734 409 1756 et
432 1733 560 1756 sexcenta
576 1728 670 1760 millia,
687 1733 714 1756 et
734 1731 896 1763 sexcenties,
926 1735 954 1757 et

163 1775 296 1810 quidquid
319 1775 444 1809 deinceps
464 1775 490 1801 in
520 1773 667 1808 majoribus
686 1776 799 1802 summis
816 1783 865 1810 per
880 1783 953 1803 eum-

165 1821 227 1846 item
247 1820 389 1847 articulum
405 1819 508 1847 numeri
525 1827 574 1854 per
586 1819 689 1847 inﬁnita
703 1820 869 1848 incrementa
887 1828 953 1848 con—

165 1865 260 1900 surgit.
283 1865 319 1893 Et
333 1865 403 1899 quod
417 1865 561 1893 vicesimus
586 1869 613 1892 et
628 1865 757 1899 septimus
771 1866 828 1894 dies
854 1867 954 1893 mensis

164 1920 173 1935 ι
184 1914 404 1943 onimemoratur,
419 1910 452 1938 ad
469 1910 589 1946 ejusdem
613 1911 784 1946 quadratum:
798 1911 952 1947 signiﬁcau-

166 1957 233 1982 tiam
248 1957 374 1990 pertinet,
398 1963 457 1991 quae
472 1956 528 1991 jam
543 1957 569 1983 in
583 1957 721 1991 quadratis
740 1957 820 1991 lignis
833 1958 953 1991 exposita

166 2006 221 2032 est,
243 2002 290 2028 sed
303 2001 347 2028 hic
357 2001 518 2033 evidentius,
536 2002 598 2036 quia
613 2009 662 2028 nos
677 2002 710 2028 ad
724 2009 802 2029 omne
823 2009 890 2036 opus
898 2002 954 2029 “bo-

162 2054 232 2073 num
254 2050 374 2082 paratos,
399 2047 425 2074 id
452 2051 503 2079 est,
532 2047 729 2082 quodammodo
753 2047 954 2082 conquadratos

165 2091 288 2118 Trinitas
302 2091 415 2126 perfecit
434 2092 460 2118 in
474 2093 604 2119 memoria
623 2100 675 2127 qua
688 2092 772 2120 Deum
798 2092 952 2125 recolimus,

167 2138 198 2162 in
226 2137 402 2172 intelligentia
415 2144 466 2172 qua
482 2137 679 2172 cognoscimus,
696 2137 722 2164 in
741 2137 877 2164 voluntate
900 2145 953 2172 qua

989 232 1015 258 in
1028 236 1134 258 :eternre
1159 231 1222 257 vita:
1236 237 1333 257 munus
1354 234 1475 257 assumit.
1499 227 1568 261 Quia
1584 236 1647 263 ergo
1661 229 1775 262 septima

991 276 1097 310 requies
1121 282 1185 301 cum
1202 278 1296 301 octava
1317 274 1515 301 resurrectione
1524 272 1704 307 conjungitur,
1723 273 1775 300 hoc

989 322 1016 348 in
1031 324 1199 348 sacramento
1221 319 1444 354 regenerationis,
1467 319 1493 346 id
1518 322 1571 350 est,
1588 318 1613 344 in
1631 318 1775 353 baptismo,

990 367 1073 394 altum
1089 365 1304 401 profundumque
1318 364 1475 400 mysterium
1496 368 1547 396 est,
1574 363 1646 398 quod
1669 363 1779 398 quinde»

989 412 1042 439 cim
1057 411 1155 438 cubitis
1166 410 1337 445 supercrevit
1360 418 1441 445 aqua,
1464 410 1596 437 excedens
1611 409 1778 437 altitudinem

991 458 1131 485 montium.
1149 457 1217 485 Octo
1230 457 1320 491 itaque
1334 460 1362 483 et
1372 460 1474 491 septem
1488 456 1640 490 quindecim
1654 455 1757 483 faciunt
1770 464 1777 486 ς

991 503 1038 530 sed
1060 506 1121 529 octo
1144 502 1252 537 signant
1270 502 1505 533 resurrectionem,
1527 505 1629 535 septem
1649 501 1778 535 quietem.

992 548 1048 575 lloc
1073 548 1155 583 igitur
1173 551 1372 574 sacramentum
1398 546 1605 573 resurrectionis
1629 551 1657 573 et
1680 546 1780 581 quietis

993 592 1194 620 transcenditur
1216 599 1322 619 omnem
1346 591 1504 626 sapientiam
1524 590 1711 625 superborum,
1743 591 1781 619 ita

993 643 1023 664 ut
1034 637 1185 665 nullatenus
1199 637 1286 671 possit
1298 637 1426 670 indagare
1439 637 1559 664 scientia:
1574 644 1630 664 sua:
1639 637 1782 664 altitudine

993 682 1199 710 resurrectionis
1214 682 1340 717 quietem.
1354 682 1387 709 Et
1397 683 1459 717 quia
1469 682 1636 717 septuaginta
1650 690 1664 708 a
1676 687 1780 717 septem

994 732 1022 755 et
1039 727 1175 762 octoginta
1189 727 1223 754 ab
1237 731 1297 754 octo
1315 727 1533 759 denominantur,
1548 726 1692 760 conjuncto
1704 733 1780 754 utro-

995 780 1047 807 que
1066 781 1187 805 numero,
1204 777 1311 800 centum
1335 773 1530 808 quinquaginta
1547 771 1642 800 diebus
1666 772 1781 800 exaltata

995 822 1039 845 est
1058 826 1139 852 aqua,
1159 818 1283 846 eamdem
1310 819 1504 846 commendans
1521 818 1599 845 nobis
1622 823 1703 852 atque
1720 826 1785 845 con-

959 853 982 882 B
996 862 1107 890 ﬁrmans
1121 863 1289 890 altitudinem
1303 862 1439 898 baptismi,
1466 863 1493 889 in
1506 864 1691 890 consecrando
1714 870 1783 890 novo

997 907 1156 939 liomine,ad
1170 907 1312 934 tenendam
1325 907 1423 941 quietis
1434 913 1463 934 et
1476 908 1680 935 resurrectionis
1693 908 1782 935 ﬁdem.

996 951 1071 985 Quod
1085 955 1146 986 post
1160 952 1216 978 dies
1227 952 1403 987 quadraginta
1423 952 1542 979 emissus
1556 959 1656 979 corvus
1674 960 1726 979 non
1743 958 1783 980 est

997 1004 1121 1024 reversus
1143 1001 1188 1023 aut
1212 997 1289 1031 aquis
1309 997 1401 1031 utique
1427 997 1603 1033 interceptus,
1630 1002 1678 1025 aut
1692 998 1783 1033 aliquo

997 1043 1180 1078 supernatanti
1202 1043 1334 1070 cadavere
1361 1043 1476 1075 illectus,
1496 1043 1631 1077 signiﬁcat
1659 1044 1783 1071 homines

998 1089 1025 1115 in
1047 1089 1215 1116 immunditia
1229 1090 1384 1123 cupiditatis
1399 1089 1570 1120 deterrimos,
1589 1093 1617 1116 et
1631 1089 1665 1117 ob
1681 1089 1732 1117 hoc
1750 1090 1784 1117 ad

996 1143 1028 1163 ea
1045 1143 1104 1170 qua!
1120 1135 1184 1161 foris
1199 1139 1259 1161 sunt
1278 1135 1303 1161 in
1319 1135 1368 1161 hoc
1382 1135 1480 1162 mundo
1495 1134 1577 1161 nimis
1594 1134 1723 1168 intentos,
1739 1141 1786 1162 aut

998 1181 1168 1215 rebaptizari,
1193 1184 1239 1206 aut
1267 1181 1299 1206 ab
1315 1181 1355 1207 his
1370 1187 1437 1214 quos
1458 1184 1555 1216 prater
1568 1187 1671 1213 arcam,
1686 1181 1712 1208 id
1730 1185 1785 1212 est,

997 1232 1094 1262 praeter
1116 1226 1274 1256 Ecclesiam,
1299 1227 1448 1260 baptismus
1466 1227 1576 1259 occidit,
1592 1227 1682 1260 seduci
1703 1232 1730 1255 et
1744 1233 1782 1255 te-

998 1273 1066 1299 neri.
1094 1272 1170 1306 Quod
1185 1273 1308 1299 columba
1322 1273 1421 1300 emissa
1434 1281 1488 1301 non
1511 1274 1619 1301 inventa
1636 1275 1726 1309 quiete
1745 1282 1788 1302 re-

998 1324 1076 1344 versa
1090 1321 1140 1349 est,
1162 1317 1278 1345 ostendit
1290 1326 1338 1353 per
1349 1326 1448 1349 novum
1465 1310 1654 1354 testamentum
1665 1320 1786 1354 requiem

999 1362 1101 1389 sanctis
1126 1363 1152 1389 in
1179 1363 1230 1389 hoc
1245 1363 1345 1390 mundo
1363 1371 1416 1390 non
1442 1370 1503 1391 esse
1526 1364 1695 1400 promissam.
1724 1364 1787 1392 l’ost

999 1408 1177 1444 quadraginta
1193 1409 1264 1436 enim
1292 1409 1347 1436 dies
1359 1409 1459 1446 emissa
1473 1414 1525 1443 est,
1546 1411 1592 1445 qui
1606 1418 1734 1438 numerus
1750 1411 1786 1438 ri-

1000 1460 1054 1481 tam
1070 1462 1130 1489 quae
1151 1455 1177 1481 in
1205 1455 1256 1482 hoc
1283 1455 1382 1482 mundo
1400 1456 1489 1491 agitur
1514 1456 1659 1491 signiﬁcat.
1684 1457 1788 1485 Deinde

1000 1505 1062 1535 post
1088 1505 1190 1534 septem
1216 1500 1273 1527 dies
1298 1501 1409 1533 emissa,
1429 1509 1477 1539 per
1511 1502 1583 1529 illam
1606 1503 1788 1538 septenariam

1002 1545 1187 1580 operationem
1212 1545 1378 1581 spiritualem
1407 1546 1484 1573 oliva:
1502 1546 1669 1582 fructuosum
1694 1555 1789 1575 surcu-

1001 1590 1055 1617 lum
1073 1591 1164 1617 retulit
1179 1599 1185 1617 z
1200 1598 1254 1625 quo
1269 1590 1435 1626 signiﬁcaret
1455 1591 1597 1619 nonnullos
1611 1592 1693 1619 etiam
1712 1596 1788 1620 extra

1001 1635 1148 1662 Ecclesiam
1168 1632 1328 1670 baptizatos,
1352 1636 1374 1663 si
1394 1636 1434 1663 eis
1447 1637 1582 1672 pinguedo
1597 1644 1648 1664 non
1673 1638 1790 1665 defuerit

1001 1680 1152 1713 (-haritatis,
1175 1681 1324 1716 posteriore
1336 1686 1456 1715 tempore
1472 1681 1498 1708 in
1510 1690 1556 1710 ore
1570 1682 1710 1715 columbaa,
1733 1688 1789 1710 tan-

1002 1734 1083 1761 quam
1105 1726 1132 1759 in
1145 1726 1237 1754 osculo
1251 1726 1334 1761 pacis,
1357 1726 1391 1754 ad
1406 1726 1519 1753 unitatis
1537 1727 1691 1754 societatem
1710 1735 1790 1763 posse

1001 1772 1121 1806 perduci.
1141 1771 1217 1805 Quod
1231 1777 1321 1799 autem
1340 1776 1401 1807 post
1415 1772 1483 1799 alios
1507 1777 1608 1808 septem
1625 1773 1682 1801 dics
1702 1774 1788 1801 denuo

1003 1817 1101 1845 emissa
1126 1824 1178 1844 non
1205 1821 1248 1844 est
1273 1825 1393 1849 reversa,
1418 1817 1553 1852 signiﬁcat
1579 1818 1661 1847 ﬁnem
1687 1818 1789 1848 szeculi.

1003 1865 1110 1900 quando
1122 1865 1176 1892 erit
1189 1869 1344 1892 sanctorum
1359 1866 1467 1899 requies
1484 1873 1536 1891 non
1550 1865 1639 1898 adhuc
1656 1865 1684 1892 in
1698 1873 1790 1893 sacra-

1005 1915 1096 1939 mento
1114 1910 1181 1946 spei.
1198 1919 1251 1946 quo
1268 1912 1295 1938 in
1307 1912 1359 1938 hoc
1373 1916 1493 1946 tempore
1513 1911 1633 1939 Ecclesia
1648 1913 1790 1940 consocia-

1006 1963 1058 1990 tnr,
1074 1958 1193 1993 quandiu
1207 1958 1308 1985 bibitur
1323 1958 1349 1984 id
1375 1957 1445 1992 quod
1460 1958 1493 1985 de
1515 1957 1598 1986 latere
1612 1957 1714 1985 Christi
1733 1966 1790 1986 ma—

1004 2005 1088 2036 navit,
1104 2004 1150 2031 sed
1161 2004 1217 2039 jam
1236 2004 1263 2030 in
1291 2003 1347 2037 ipsa
1370 2003 1537 2038 perfectione
1561 2003 1656 2030 salutis
1680 2007 1790 2035 nosme,

1003 2058 1067 2077 cum
1087 2050 1207 2077 tradetur
1231 2056 1343 2082 regnum
1363 2048 1418 2075 Deo
1431 2048 1553 2080 etPatri,
1579 2049 1648 2075 utin
1665 2048 1709 2075 illa
1729 2055 1791 2083 per-

1005 2096 1096 2131 spicua
1108 2095 1334 2130 contemplatione
1348 2094 1574 2121 incommutabilis
1584 2094 1715 2127 veritatis,
1730 2094 1792 2121 nul-

1004 2141 1037 2168 lis
1062 2140 1219 2168 ministeriis
1233 2139 1417 2175 corporalibus
1438 2147 1573 2174 cgeamus.
1589 2139 1666 2173 Quod
1681 2147 1793 2167 sexcen-

166 2182 314 2217 diligimus.
329 2182 392 2209 Tria
415 2183 487 2209 enim
503 2187 555 2215 ter,
578 2188 605 2210 et
618 2184 669 2212 hoc
695 2188 746 2216 ter,
778 2184 847 2211 ﬁunt
859 2184 953 2220 viginti
969 2194 994 2223 D
1009 2186 1104 2213 tesimo
1123 2190 1149 2213 et
1163 2193 1217 2212 uno
1232 2193 1302 2212 anno
1315 2185 1377 2211 vita:
1392 2184 1459 2217 Noe,
1471 2185 1496 2212 id
1512 2189 1562 2216 est,
1587 2185 1705 2219 peractis
1729 2192 1791 2212 sex-

165 2233 283 2261 septem,
309 2228 354 2262 qui
378 2232 419 2255 est
438 2228 542 2255 numeri
569 2229 681 2255 ternarii
695 2229 852 2264 quadratus.
879 2230 956 2263 Quod

165 2273 282 2308 septimo
294 2281 386 2301 mense
399 2282 461 2302 arca
478 2275 557 2307 sedit,
573 2274 624 2302 hoc
639 2279 692 2307 est,
715 2276 857 2310 requievit,
877 2276 910 2302 ad
922 2276 953 2302 il-

165 2319 222 2345 iam
247 2320 386 2353 septimam
406 2321 524 2354 requiem
557 2320 719 2356 signiﬁcatio
745 2321 870 2351 recurrit,
891 2322 953 2356 quia

164 2365 280 2399 perfecti
297 2367 478 2400 requiescunt,
494 2366 538 2394 ubi
557 2375 664 2401 quoque
689 2367 758 2394 illius
784 2368 956 2402 quadratum:

168 2419 298 2438 numerus
312 2411 434 2437 iteratur.
446 2411 512 2443 Nam
527 2411 654 2439 vicesima
667 2412 779 2446 septima
791 2412 832 2439 die
845 2412 954 2439 secundi

166 2456 281 2488 mensis,
309 2456 523 2484 commendatum
552 2460 593 2483 est
616 2457 667 2483 hoc
697 2462 907 2490 sacramentum,
928 2461 955 2484 et

167 2508 265 2527 rursus
278 2501 404 2528 vicesima
413 2509 416 2512 ‘
425 2502 539 2536 septima
553 2502 597 2529 die
624 2502 732 2536 septimi
745 2503 846 2530 mensis
860 2503 954 2530 eadem

167 2545 367 2572 rmmnendatio
392 2546 550 2573 conﬁrmata
569 2551 621 2577 est,
650 2554 712 2574 cum
734 2555 796 2573 arca
812 2548 953 2581 requievit.

167 2588 247 2620 Quod
261 2589 333 2615 enim
354 2591 518 2624 promittitur
531 2591 555 2617 in
573 2599 631 2626 spe,
649 2591 699 2618 hoc
711 2591 852 2629 exhibetur
868 2592 893 2619 in
915 2600 953 2619 re.

168 2634 256 2661 l‘orro
273 2635 336 2669 quia
351 2635 409 2670 ipsa
428 2637 542 2670 septima
557 2637 664 2670 requies
674 2644 735 2663 cum
750 2641 845 2663 octava
866 2645 956 2664 resur-

169 2681 293 2707 rectione
304 2681 484 2716 conjungitur,
499 2682 632 2717 signiﬁcat
648 2683 718 2717 quod
732 2689 819 2716 neque
846 2682 957 2709 resusci-

169 2729 229 2751 tato
246 2732 359 2759 corpore
374 2726 464 2753 ﬁnitur
482 2727 599 2761 requies,
621 2733 680 2760 qua:
703 2730 763 2761 post
782 2726 853 2753 hanc
874 2727 956 2753 vitam

168 2770 273 2804 excipit
298 2774 415 2803 sanctos,
442 2771 488 2798 sed
514 2772 602 2805 potius
629 2776 713 2798 totum
739 2771 874 2797 hominem
904 2778 957 2798 non

168 2817 260 2843 adhuc
272 2824 328 2850 spe.
341 2816 387 2843 sed
406 2816 460 2850 jam
477 2824 505 2843 re
521 2817 578 2850 ipsa
609 2824 640 2843 ex
654 2817 726 2843 omni
749 2821 825 2850 parte
845 2817 956 2851 spiritus

314 2862 448 2892 PATnOL.
471 2862 563 2892 Cl‘ll.

1007 2232 1093 2259 centis
1104 2231 1190 2262 annis,
1214 2230 1333 2266 aperitur
1352 2238 1422 2258 arca:
1437 2235 1546 2262 tectum,
1561 2230 1695 2266 signiﬁcat
1719 2230 1792 2266 quod

1008 2277 1083 2303 ﬁnita
1097 2280 1171 2304 sexta
1191 2279 1269 2303 actate
1293 2275 1393 2306 saeculi,
1424 2275 1586 2302 revelabitur
1602 2275 1790 2303 absconditum

1008 2326 1207 2349 sacramentum
1230 2326 1310 2356 atque
1332 2321 1501 2355 promissum.
1533 2321 1589 2348 Cur
1617 2321 1743 2348 vicesimo
1766 2326 1794 2348 et

1007 2368 1121 2402 septimo
1132 2367 1174 2394 dic
1194 2367 1304 2394 secundi
1328 2366 1428 2393 mensis
1455 2367 1553 2394 dicitur
1570 2367 1686 2394 siccasse
1709 2372 1791 2398 terra,

1008 2416 1136 2446 tanquam
1149 2411 1224 2438 ﬁnita
1249 2415 1320 2438 esset
1333 2410 1389 2444 jam
1405 2411 1559 2446 baptizandi
1572 2412 1728 2442 necessitas,
1741 2412 1792 2438 nisi

1006 2457 1068 2491 quia
1089 2456 1117 2483 in
1134 2463 1245 2482 numero
1265 2456 1368 2482 dierum
1392 2456 1614 2492 quinquagesimo
1632 2461 1659 2483 et
1679 2457 1793 2491 septimo

1008 2501 1075 2536 (ipse
1088 2505 1128 2528 est
1143 2500 1214 2527 enim
1230 2500 1286 2527 dies
1302 2500 1410 2527 secundi
1427 2509 1528 2528 mensus
1540 2501 1685 2528 vicesimus
1708 2501 1794 2534 septi-

1008 2546 1078 2580 mus)
1093 2545 1300 2572 resurrectionis
1325 2549 1431 2579 tempus
1448 2545 1616 2580 exprimitur,
1631 2552 1685 2578 quo
1698 2552 1792 2572 sacra-

1009 2596 1128 2618 mentum
1140 2590 1307 2624 baptismatis
1321 2590 1489 2624 completur?
1503 2590 1552 2623 Qui
1565 2597 1692 2622 numerus
1706 2596 1738 2615 ex
1749 2589 1793 2615 illa

1008 2637 1195 2671 conjunctione
1219 2636 1329 2670 spiritus
1343 2626 1373 2662 et
1397 2635 1528 2670 corporis,
1559 2635 1658 2669 septies
1682 2639 1795 2662 octonos

1008 2683 1098 2713 habet,
1118 2690 1171 2709 uno
1196 2681 1287 2708 addito
1308 2685 1417 2716 propter
1442 2680 1552 2707 unitatis
1577 2679 1724 2706 vinculum.
1739 2679 1794 2707 Cur

1009 2728 1042 2755 de
1058 2736 1119 2755 arca
1133 2727 1268 2762 conjuncti
1293 2731 1392 2753 exeunt
1407 2726 1452 2759 qui
1480 2724 1604 2760 disjuncti
1626 2725 1796 2753 intraverunt

1010 2772 1059 2805 (sic
1073 2772 1145 2798 eiiim
1165 2772 1265 2798 dictum
1282 2775 1350 2802 erat,
1367 2769 1438 2805 quod
1467 2769 1634 2796 intraverunt
1652 2770 1679 2796 in
1701 2777 1793 2797 arcam

1010 2816 1074 2848 Noe,
1093 2821 1119 2844 ct
1144 2816 1190 2843 lilii
1207 2816 1274 2849 ejus,
1294 2820 1320 2842 et
1342 2822 1409 2841 uxor
1433 2814 1491 2848 ejus
1513 2819 1540 2841 et
1566 2821 1663 2842 urorcs
1677 2815 1791 2842 ﬁliorum

1537 2860 1574 2890 17
