3958 6204
421 336 525 389 5‘25

1062 334 1119 386 Β.
1164 333 1411 385 RABANI
1454 330 1669 387 MAURI
1708 327 2022 385 ARClillil’.
2066 326 2366 381 MOGUNT.
2410 284 2691 379 OPEltUil
2734 322 2909 376 PARS
2949 322 2987 376 Ι.

3552 322 3651 381 εἷἰὶ

414 449 531 516 eius
559 460 801 503 seorsum
834 444 953 510 viri,
975 455 1029 499 et
1053 459 1296 498 seorsum
1341 443 1552 498 femina:
1585 458 1978 497 commcmora-
2010 449 2057 504 Α
2086 439 2199 507 ejus
2226 445 2346 504 post
2367 435 2624 489 diluvium
2660 433 2864 487 diceret
2899 450 2911 486 τ
2942 431 3163 486 Crescite
3185 444 3235 487 et
3275 436 3653 500 multiplicami-

419 550 484 591 t:e
509 532 680 605 sunt),
723 535 824 589 nisi
850 534 989 602 quod
1026 534 1078 588 in
1110 535 1211 589 hoc
1245 543 1484 604 tempore
1515 549 1638 585 caro
1670 531 1983 601 concupiscit

417 628 664 680 adversus
689 624 951 693 spiritum,
989 622 1203 692 spiritus
1247 632 1420 677 autem
1448 621 1696 676 adversus
1730 620 1985 675 carnem?

418 715 619 787 (Galat.
648 712 727 784 ν.)
771 711 1117 768 Postmodum
1155 720 1334 766 autem
1376 721 1576 766 exeunt
1607 710 1720 766 Noe
1744 718 1801 766 et
1849 725 1985 764 uxor

416 803 553 873 eius,
582 802 674 858 lilii
705 800 823 869 ejus
846 811 902 855 et
928 816 1125 856 uxores
1150 799 1381 854 ﬁliorum
1405 800 1522 870 eius
1550 817 1562 852 :
1605 800 1710 854 hoc
1750 806 1832 853 est
1858 814 1984 853 con-

411 894 589 966 juncti
627 891 851 947 masculi
897 898 953 945 et
979 889 1212 953 feminae,
1242 889 1366 958 quia
1394 889 1449 942 in
1495 887 1601 942 line
1621 888 1801 942 steculi
1824 896 1985 955 atque

417 989 472 1041 in
526 983 920 1041 resurrectione
966 979 1257 1049 iustorum,
1313 978 1619 1033 omnimoda
1652 986 1708 1032 et
1747 975 1983 1045 perfecta

415 1090 547 1145 pace
576 1072 786 1143 spiritui
840 1085 1035 1140 corpus
1061 1063 1372 1130 adhaerebit,
1421 1058 1567 1119 nulla
1607 1064 1986 1120 mutabilitatis

416 1165 710 1235 indigentia
752 1162 837 1216 vel
864 1159 1294 1230 concupiscentia
1325 1158 1630 1213 resistente.

328 1318 349 1327 __
484 1253 787 1323 Αἰάἰβεαυὶι
813 1261 987 1305 autem
1012 1249 1127 1304 Noe
1150 1248 1315 1303 altare
1334 1247 1596 1312 Domino;
1629 1257 1678 1301 et
1702 1247 1884 1301 tollens
1920 1249 1983 1302 de

326 1318 899 1415 3"uicunctisvpecoribus
934 1351 981 1397 et
1016 1340 1309 1396 volucribus
1349 1340 1580 1408 mundis,
1613 1337 1796 1411 obtulit
1835 1339 1984 1394 holo-

414 1446 593 1489 causta
619 1449 774 1503 super
805 1433 972 1486 altare
1013 1430 1252 1485 Domino.
1287 1428 1657 1501 Odoratusque
1689 1439 1762 1487 est
1802 1426 1983 1482 Domi-

414 1542 509 1580 nus
554 1523 764 1578 odorem
809 1522 1101 1584 suavitatis,
1132 1531 1180 1573 et
1222 1521 1295 1573 ait
1327 1521 1396 1573 ad
1446 1537 1562 1574 eum
1587 1534 1605 1571 :
1640 1519 1979 1590 Nequaquam

416 1614 554 1668 ultra
594 1611 900 1667 maledicam
950 1620 1105 1665 terrae
1143 1620 1354 1681 propter
1396 1606 1648 1663 homines.
1697 1608 1835 1675 Quid
1880 1602 1980 1663 sibi

414 1705 530 1759 vult
555 1702 695 1773 quod
720 1701 981 1758 Dominus
1015 1702 1144 1757 dicit
1184 1720 1197 1755 :
1230 1700 1355 1755 Non
1376 1701 1629 1771 adjiciam
1667 1698 1840 1754 adhuc
1866 1686 2009 1755 τηα-Δ

2086 532 2142 581 ni
2174 540 2221 581 et
2274 533 2462 596 replete
2485 534 2700 588 terram,
2730 524 3024 601 subdidit:
3062 523 3128 576 Et
3175 534 3344 577 terror
3391 536 3555 580 vester
3597 545 3659 580 ac

2084 629 2275 671 tremor
2320 617 2384 671 sit
2427 630 2583 682 super
2628 623 2813 668 cuncta
2859 615 3110 669 animalia
3160 625 3314 671 terra:
3360 613 3510 683 (Gen.
3553 621 3659 690 Ix).

2085 710 2255 765 Homo
2282 711 2477 779 quippe
2496 709 2819 768 animalibus
2844 708 3329 773 irrationabilibus,
3348 716 3451 762 non
3476 718 3660 763 autem

2082 802 2293 855 caeteris
2316 801 2646 865 hominibus,
2678 807 2872 853 natura
2916 797 3170 867 praelatus
3208 806 3322 864 est;
3376 806 3430 853 et
3457 799 3663 854 idcirco

2083 890 2131 942 ei
2167 889 2362 944 dicitur
2387 898 2446 944 ut
2478 889 2801 943 animalibus
2830 897 2885 943 et
2910 904 3014 943 non
3054 888 3121 942 ab
3147 888 3361 942 homine
3386 889 3659 951 timeatur,

2081 982 2207 1049 quia
2247 989 2434 1035 contra
2464 988 2709 1035 naturam
2740 979 3020 1050 superbire
3048 987 3152 1045 est,
3181 980 3249 1034 ab
3276 979 3471 1048 aequali
3523 976 3663 1034 velle

2083 1070 2281 1124 timeri.
2321 1068 2513 1126 Cuncti
2550 1085 2681 1140 ergo
2721 1069 2811 1139 qui
2833 1075 3092 1138 prtesunt,
3117 1083 3221 1122 non
3247 1069 3299 1122 in
3330 1084 3388 1123 se
3420 1076 3662 1139 potesta-

2083 1171 2192 1217 tem
2234 1163 2430 1216 debent
2476 1161 2700 1224 ordinis,
2747 1161 2842 1216 sed
2873 1160 3239 1230 requalitatem
3273 1176 3501 1231 pensare
3530 1178 3661 1217 con-

2082 1252 2320 1307 ditionis.
2373 1250 2530 1317 Nam,
2578 1249 2720 1305 sicut
2755 1249 3009 1325 diximus,
3040 1250 3246 1321 antiqui
3273 1260 3453 1321 patres
3488 1253 3661 1307 nostri

2082 1353 2325 1414 pastores
2351 1358 2605 1414 pecorum
2643 1351 2695 1398 et
2733 1359 2837 1398 non
2862 1357 3018 1411 reges
3041 1342 3319 1398 hominum
3351 1343 3514 1398 fuisse
3541 1360 3660 1399 me-

2083 1442 2379 1500 morantur,
2429 1441 2485 1487 et
2526 1443 2704 1488 tamen
2730 1422 2953 1488 necesse
3000 1441 3085 1487 est
3109 1440 3169 1486 ut
3205 1442 3443 1488 rectores
3469 1450 3499 1488 a
3535 1435 3659 1489 sub-

2082 1522 2209 1578 ditis
2239 1525 2549 1587 timeantur,
2577 1509 2794 1594 quando
2836 1524 2903 1579 ab
2928 1524 3005 1578 eis
3033 1524 3200 1578 Deum
3232 1523 3452 1579 minime
3476 1526 3658 1579 timeri

2082 1613 2579 1683 deprehenduntur,
2627 1620 2689 1666 ut
2726 1599 2960 1666 humana
2991 1611 3179 1666 saltem
3203 1610 3492 1667 formidine
3537 1630 3659 1683 pec-

2081 1716 2209 1755 care
2257 1707 2522 1764 metuant,
2580 1700 2673 1769 qui
2716 1698 2894 1753 divina
2940 1698 3140 1769 judicia
3183 1714 3288 1754 non
3345 1701 3656 1755 formidant.

411 1794 637 1850 [edicere
678 1811 833 1866 super
863 1803 1055 1848 terram
1098 1801 1307 1862 propter
1344 1808 1500 1861 opera
1540 1791 1828 1856 hominum,
1853 1792 1978 1862 quia
2006 1778 2054 1837 Β
2081 1788 2429 1859 Nequaquam
2476 1803 2707 1858 namque
2758 1787 3029 1858 praepositi
3068 1803 3135 1842 ex
3172 1788 3277 1843 hoc
3321 1789 3545 1858 quaesito
3584 1790 3655 1843 ti—

413 1888 649 1956 npposita
670 1897 745 1941 est
770 1903 911 1945 mens
936 1885 1202 1939 hominum
1226 1883 1296 1938 ad
1322 1884 1581 1937 malitiam
1614 1901 1646 1937 a
1661 1885 1980 1955 juventute.’

411 1974 527 2030 Non
556 1974 802 2044 adjiciam
827 1990 981 2047 ergo,
1004 1975 1199 2044 inquit,
1249 1974 1424 2029 adhuc
1451 1982 1735 2044 percutere
1763 1989 1977 2030 omnem

411 2079 627 2119 carnem
654 2064 852 2129 vivam,
879 2064 1329 2135 quemadmodum
1352 2061 1478 2128 feci,
1505 2069 1560 2118 et
1582 2062 1778 2119 deinde
1826 2061 1976 2132 adje-

412 2159 487 2214 cit
528 2173 648 2229 qute
688 2158 981 2214 secundum
1020 2155 1327 2229 largitatem
1373 2154 1634 2212 bonitatis
1675 2169 1787 2210 suae
1814 2154 1979 2210 donat

412 2247 718 2303 hominibus
760 2246 1013 2319 indignis.
1048 2244 1243 2303 Utrum
1283 2244 1372 2300 hic
1417 2243 1727 2304 testamenti
1751 2241 1979 2298 noviin—

410 2337 683 2408 dulgentia
730 2335 961 2407 ﬁgurata
1009 2336 1100 2403 sit,
1130 2343 1185 2390 et
1229 2334 1499 2406 prmterita
1545 2333 1680 2389 ultio
1705 2334 1771 2390 ad
1826 2341 1977 2389 vetus

410 2427 681 2495 pertineat
722 2432 1125 2491 testamentum,
1150 2424 1253 2481 hoc
1286 2433 1370 2480 est
1392 2424 1522 2480 illud
1546 2425 1612 2481 ad
1642 2424 1777 2497 legis
1821 2438 1973 2480 seve-
1999 2421 2003 2426 ’

410 2516 643 2582 ritatcm,
669 2516 773 2584 hoc
797 2515 866 2571 ad
888 2516 1073 2588 gratia:
1094 2517 1394 2572 bonitatem
1411 2516 1437 2570 ’ἒ

476 2604 670 2661 Sensus
705 2606 863 2673 enim,
895 2606 1089 2677 inquit,
1140 2615 1188 2661 et
1213 2606 1457 2678 cogitatio
1479 2605 1695 2661 humani
1719 2606 1892 2661 cordis
1920 2607 1976 2660 in

403 2693 600 2750 malum
631 2712 811 2768 prona.
834 2705 955 2751 sunt
990 2696 1055 2751 ab
1080 2694 1429 2751 adolescentia
1454 2712 1574 2750 sua.
1602 2693 1975 2765 Corruptionis

403 2784 600 2841 malum
628 2784 771 2855 quod
790 2783 1156 2855 unusquisque
1176 2792 1416 2841 nostrum
1438 2785 1507 2839 ab
1526 2791 1649 2840 ortu
1677 2784 1971 2840 desiderio-

401 2887 524 2928 .‘um
544 2872 841 2927 carnalium
875 2875 1125 2943 sumpsit,
1148 2873 1216 2928 εἰη
1257 2870 1558 2945 profectum
1605 2874 1784 2929 aetatis
1813 2888 1973 2929 eser-

403 2970 515 3025 cet,
563 2969 620 3016 et
642 2961 742 3017 nisi
788 2964 894 3018 hoc
919 2963 1081 3020 citius
1108 2964 1307 3024 divinae,
1342 2962 1650 3020 formidinis
1675 2979 1867 3019 manus
1894 2979 1973 3019 re-

404 3052 624 3120 primat,
642 3067 803 3108 omne
832 3054 1059 3110 conditae
1083 3063 1289 3110 natura:
1313 3055 1537 3120 bonum,
1563 3064 1789 3126 repente
1816 3055 1971 3126 culpa

408 3143 461 3196 in
487 3140 811 3212 profundum
858 3150 1031 3198 vorat.
1072 3141 1241 3198 Nemo
1265 3142 1432 3215 igitur
1457 3142 1558 3198 sibi
1582 3143 1970 3214 cogitationum

403 3246 623 3285 suarum
650 3231 932 3287 victoriam
957 3231 1178 3298 tribuat,
1193 3247 1315 3288 cum
1339 3230 1627 3302 Apostolus
1652 3231 1800 3288 dicat
1821 3250 1835 3286 :
1856 3228 1969 3286 Ne-

401 3340 500 3394 que
521 3324 609 3395 qui
642 3322 844 3395 plantat
883 3334 957 3379 est
980 3323 1200 3397 aliquid,
1240 3339 1403 3397 neque
1430 3324 1521 3396 qui
1557 3323 1724 3395 rigat;
1769 3324 1860 3379 sed
1881 3325 1971 3397 qui

401 3414 771 3495 incrementum
794 3412 884 3468 dat
926 3413 1067 3470 Deus
1094 3413 1146 3487 (1
1171 3411 1294 3469 Cor.
1331 3412 1437 3488 In).
1565 3472 1572 3481 ,
1696 3472 1699 3473 ν

472 3504 623 3576 (Ου’.
655 3506 757 3578 lx.)
779 3504 1004 3562 Crescite
1021 3516 1070 3562 et
1091 3504 1530 3578 multiplicamini,
1550 3517 1598 3562 et
1619 3506 1825 3579 implete
1861 3516 1967 3562 ter-

402 3613 549 3661 ram;
570 3606 618 3650 et
659 3606 827 3652 terror
853 3606 1016 3653 vester
1036 3606 1085 3659 et
1130 3606 1325 3652 tremor
1343 3595 1409 3651 sit
1435 3614 1592 3669 super
1621 3608 1812 3653 cuncta
1853 3599 1969 3654 ani-

402 3688 562 3743 malia
592 3700 764 3744 τινι-αν.
812 3686 1123 3745 Potentibus
1169 3687 1300 3743 viris
1322 3703 1515 3759 magna
1544 3696 1627 3743 est
1664 3689 1838 3745 virtus
1863 3687 1964 3743 hu-

400 3779 643 3835 militatis
669 3780 1046 3844 consideratio,
1077 3779 1359 3850 aequalitas
1386 3778 1729 3836 conditionis.
1763 3780 1966 3837 Omnes

402 3885 634 3940 namque
660 3869 903 3925 homines
934 3878 1123 3925 natura
1151 3869 1383 3941 aequales
1406 3885 1630 3936 sumus;
1661 3871 1755 3925 sed
1777 3884 1963 3926 acces-

402 3961 473 4015 sit
501 3960 895 4031 dispensatorio
922 3961 1111 4016 ordine
1136 3961 1527 4031 utquibusdam
1550 3960 1761 4031 praelati
1785 3962 1965 4016 videa-

398 4074 540 4112 mur.
566 4056 623 4113 Si
653 4057 817 4129 igitur
842 4056 945 4112 hoc
970 4072 1001 4111 a
1028 4064 1207 4111 mente
1232 4055 1604 4127 deprimimus,
1642 4055 1784 4125 quod
1825 4063 1962 4110 tem-

397 4147 656 4217 poraliter
684 4148 934 4213 accessit,
963 4147 1266 4203 invenimus
1296 4147 1456 4202 citius
1477 4146 1620 4217 quod
1645 4145 1966 4201 naturaliter

398 4254 601 4293 sumus.
648 4237 972 4309 Plerumque
998 4239 1138 4295 enim
1180 4239 1424 4294 animose
1457 4246 1674 4308 accepta
1725 4245 1966 4308 potestas

396 4329 581 4396 oﬂicit,
631 4347 860 4402 eumque
889 4331 1106 4387 tumidis
1138 4329 1552 4402 cogitationibus
1592 4328 1749 4383 fallit.
1804 4327 1962 4383 Manu

396 4421 560 4495 igitur
601 4421 916 4476 humillima:
961 4418 1411 4477 considerationis
1450 4417 1832 4489 deprimendus
1879 4427 1962 4472 est
1990 4460 2040 4519 D

399 4522 574 4565 tumor
590 4511 855 4566 elationis.
890 4511 945 4566 Si
975 4512 1117 4566 enim
1140 4512 1279 4581 apud
1299 4511 1642 4580 semetipsam
1665 4524 1817 4563 mens
1838 4509 1961 4565 des-

396 4601 579 4656 cendit
605 4602 669 4656 de
695 4603 895 4657 vertice
919 4602 1190 4666 culminis,
1234 4602 1395 4656 citius
1427 4598 1701 4670 planitiem
1724 4599 1962 4656 inveniet

398 4691 664 4745 naturalis
684 4690 1026 4760 aequalitatis.
1054 4690 1189 4745 Nam
1217 4699 1277 4745 ut
1305 4690 1514 4760 praelati
1540 4707 1746 4757 sumus,
1773 4707 1963 4747 omnes

396 4778 641 4836 liomines
664 4788 852 4835 natura
891 4778 1127 4851 :equales
1155 4780 1366 4852 genuit;
1390 4780 1483 4835 sed
1530 4781 1776 4835 variante
1799 4781 1961 4855 meri-7

397 4884 571 4944 torum
597 4873 806 4941 ordine,
841 4872 974 4928 alios
990 4872 1108 4927 aliis
1137 4873 1464 4943 dispensatio
1495 4872 1701 4928 occulta
1747 4882 1960 4944 postpo-

394 4940 493 5021 riit'.‘
540 4949 657 5034 Ipsa
714 4946 893 5020 autem
949 4963 1231 5020 diversitas
1269 4980 1389 5035 qua:
1438 4964 1666 5020 accessit
1698 4979 1762 5018 ex
1806 4965 1961 5029 vitio,

393 5036 540 5145 licere
573 5040 657 5109 es't
685 5054 879 5110 divinis
924 5053 1142 5124 iudiciis
1185 5055 1452 5120 ordinata,
1504 5064 1563 5110 ut
1606 5055 1731 5125 quia
1788 5057 1964 5109 omnis

390 5144 552 5203 homo
594 5146 699 5202 iter
744 5146 868 5202 vitae
906 5161 1056 5216 atque
1086 5161 1189 5201 non
1227 5147 1492 5216 graditur,
1528 5145 1666 5199 alter
1695 5146 1763 5199 ab
1794 5144 1964 5199 altero

390 5224 627 5308 regatur.
676 5237 858 5292 Sancti
882 5243 1065 5291 autem
1110 5236 1211 5289 viri
1250 5251 1371 5290 cum
1399 5243 1653 5306 praesunt,
1682 5249 1787 5288 non
1818 5233 1872 5286 iu
1904 5248 1962 5287 se

390 5310 712 5405 protestatem
736 5324 961 5393 ordinis,
1012 5325 1104 5381 sed
1143 5324 1501 5395 aequalitatem
1528 5323 1850 5405 conditionis
1875 5331 1961 5375 at-

392 5400 653 5501 té'ndunt;
718 5434 820 5475 nec
842 5432 1077 5489 pnecsse
1110 5400 1689 5499 gaudenlhominibus,
1726 5413 1819 5467 sed
1838 5428 1960 5482 pro-

392 5494 567 5565 desse.
622 5507 811 5564 Sciunt
831 5510 974 5565 enim
1017 5509 1159 5580 quod
1190 5494 1610 5576 antiqui‘p‘atres
1635 5505 1827 5567 nostri,
1854 5520 1958 5558 non

392 5582 502 5689 tam
535 5615 689 5669 reges
724 5601 1000 5657 hominum
1052 5615 1211 5670 quam
1234 5612 1485 5669 pecorum
1522 5604 1764 5665 pastores
1796 5595 1958 5652 fuisse

396 5680 782 5746 memorantur.
823 5688 976 5782 Epde
1023 5703 1226 5748 etcum
1260 5680 1371 5746 Νοεὶ
1417 5688 1673 5744 Dominus
1729 5689 1957 5759 ﬁliisque

2080 1894 2229 1936 ntere
2263 1876 2595 1952 superbiant,
2652 1879 2706 1934 in
2759 1893 2866 1948 quo
2920 1894 3025 1933 non
3070 1893 3223 1933 suam
3274 1880 3518 1950 gloriam,
3562 1882 3663 1936 sed

2078 1970 2413 2027 subditorum
2460 1969 2728 2040 justitiam
2780 1980 3046 2040 quaerunt.
3079 1968 3136 2023 in
3194 1984 3258 2024 eo
3298 1978 3476 2024 autem
3512 1971 3656 2040 quod

2078 2071 2279 2120 metum
2320 2063 2421 2118 sibi
2464 2083 2494 2120 a
2541 2077 2797 2139 perverse
2850 2059 3169 2139 viventibus
3201 2063 3444 2133 exigunt,
3499 2064 3663 2132 quasi

2077 2171 2184 2211 non
2227 2154 2565 2219 hominibus,
2605 2155 2700 2210 sed
2752 2153 3077 2209 animalibus
3130 2144 3498 2219 dominantur,
3527 2156 3656 2224 quia

2078 2247 2327 2303 videlicet
2386 2262 2451 2301 ex
2507 2262 2611 2316 qua
2654 2254 2808 2315 parte
2856 2245 3108 2300 bestiales
3154 2253 3279 2300 sunt
3322 2246 3547 2310 subditi,
3586 2260 3651 2299 es

2075 2354 2138 2393 ea
2188 2338 2353 2395 etiam
2382 2338 2581 2393 debent
2606 2336 2894 2393 formidine
2935 2336 3116 2407 jacere
3142 2338 3416 2393 substrati.

2147 2428 2314 2485 Omne
2357 2430 2497 2501 quod
2523 2439 2832 2510 movetur.et
2879 2429 3019 2494 vivit,
3052 2428 3149 2482 erit
3186 2427 3324 2483 vobis
3363 2429 3417 2482 in
3454 2429 3652 2491 cibum,

2074 2523 2226 2594 quasi
2248 2520 2390 2577 olera
2416 2522 2652 2575 virentia.
2680 2520 2968 2587 Quzeritur,
2994 2536 3093 2576 cur
3117 2536 3242 2576 esus
3260 2521 3503 2576 camium
3529 2532 3654 2591 post

2075 2612 2333 2689 diluvium
2352 2611 2559 2666 homini
2575 2610 2890 2668 conceditur
2910 2619 2964 2666 et
2987 2626 3092 2666 non
3111 2612 3273 2666 ante?
3318 2610 3544 2682 Propter
3570 2613 3653 2666 in-

2075 2702 2459 2759 fecunditatem
2496 2710 2676 2767 terrae,
2720 2711 2781 2757 ut
2808 2702 3126 2769 aestimatur,
3158 2710 3212 2758 et
3252 2702 3488 2758 hominis
3542 2702 3652 2755 fm-

2074 2794 2355 2867 gilitatem.

2146 2886 2368 2943 Tradidi
2406 2888 2547 2943 vobis
2589 2890 2788 2953 omnia,
2833 2899 3043 2959 excepto
3076 2888 3218 2961 quod
3265 2906 3474 2944 carnem
3531 2908 3649 2943 cum

2073 2978 2327 3050 sanguine
2394 2994 2499 3031 non
2561 2975 2857 3051 comedetis.
2905 2975 3058 3043 Quod
3112 2986 3337 3048 excepto
3386 2978 3649 3049 sanguine

2000 3065 2330 3177 Ciubentur
2409 3081 2631 3121 carnem
2703 3065 3068 3137 manducare,
3129 3082 3197 3120 ne
3251 3067 3358 3120 vita
3424 3067 3650 3137 pristina

2081 3155 2228 3177 ____-2
2281 3153 2533 3177 ---“.--1Α
2591 3154 2641 3177 ε..
2699 3155 3017 3177 -----ε-ι..ε-
3076 3162 3326 3177 4----e--_
3411 3156 3503 3177 Δ..1
3556 3157 3616 3177 ι-

2076 3155 2230 3226 quasi
2280 3153 2538 3210 sull‘ocata
2591 3154 2644 3209 in
2693 3155 3022 3211 conscientia
3076 3162 3363 3219 teneatur,
3409 3156 3504 3211 sed
3556 3157 3650 3209 ha-

2070 3247 2195 3302 beat
2225 3255 2480 3316 tanquam
2507 3244 2825 3300 effusionem
2877 3258 2975 3316 per
2999 3245 3412 3302 confessionem.

2141 3337 2459 3408 Sanguinem
2506 3334 2642 3391 enim
2700 3337 2999 3391 animarum
3044 3348 3333 3393 vestrarum
3384 3338 3646 3407 requiram

2068 3430 2133 3485 de
2160 3447 2319 3484 manu
2341 3438 2651 3485 cunctarum
2684 3428 2987 3493 bestiarum,
3035 3438 3085 3483 et
3111 3431 3176 3483 de
3202 3446 3364 3484 manu
3396 3429 3646 3493 hominis,

2067 3530 2115 3576 et
2158 3522 2223 3575 de
2243 3538 2402 3574 manu
2427 3520 2522 3574 viri
2554 3528 2601 3573 et
2624 3519 2807 3588 fratris
2833 3519 2970 3588 ejus,
3010 3520 3270 3589 requiram
3294 3519 3527 3572 animam
3550 3518 3648 3571 Ito-

2065 3612 2242 3666 minis.
2303 3609 2486 3682 (Aug.)
2537 3608 2675 3677 Quid
2706 3617 2791 3665 est
2830 3608 2973 3678 quod
3000 3610 3146 3671 dicit,
3177 3619 3233 3663 et
3262 3608 3327 3663 de
3364 3624 3525 3662 manu
3546 3608 3646 3663 ho-

2066 3701 2230 3757 minis
2255 3701 2440 3757 fratris
2471 3706 2752 3771 exquiram
2780 3702 3015 3755 animam
3039 3700 3314 3755 hominis?
3344 3715 3411 3754 an
3426 3715 3644 3753 omnem

2065 3793 2338 3850 hominem
2365 3791 2589 3847 fratrem
2632 3792 2809 3846 omnis
2842 3791 3075 3847 hominis
3103 3790 3328 3862 intelligi
3355 3789 3520 3847 voluit
3561 3781 3646 3846 se-

2064 3887 2298 3943 cundum
2323 3885 2698 3957 cognationem
2743 3899 2810 3938 ex
2858 3898 2964 3937 uno
2991 3882 3251 3937 ductam?
3293 3881 3518 3954 Mystice
3548 3897 3645 3935 au-

2066 3986 2175 4033 tem
2203 3977 2347 4047 quod
2371 3975 2568 4031 dantur
2586 3975 2666 4029 eis
2682 3983 2875 4030 cuncta
2892 3974 3145 4030 animalia
3167 3974 3222 4031 in
3250 3989 3454 4039 escam,
3479 3974 3641 4043 signi-

2066 4069 2192 4124 licet
2234 4068 2287 4123 in
2334 4067 2718 4123 convocatione
2751 4066 2991 4138 gentium
3027 4064 3094 4121 ad
3115 4065 3270 4120 ﬁdem
3294 4080 3399 4119 non
3412 4080 3532 4128 esse
3557 4063 3638 4118 di-

2065 4159 2344 4224 stantiam,
2390 4158 2529 4214 sicut
2572 4157 2626 4211 in
2649 4155 2738 4211 illo
2780 4155 2931 4210 disco
2976 4153 3137 4210 Petro
3180 4153 3401 4220 dicitur,
3463 4153 3639 4207 Nacta

2064 4259 2113 4304 et
2134 4251 2415 4305 manduca.

2134 4340 2327 4394 Arcum
2341 4357 2512 4394 meum
2535 4356 2727 4410 ponam
2753 4340 2808 4394 in
2830 4338 3075 4405 nubibus,
3109 4347 3157 4393 et
3185 4338 3283 4393 erit
3302 4337 3508 4408 signum
3547 4337 3637 4406 [ω-

2065 4429 2205 4483 dcris
2240 4430 2371 4483 inte:
2401 4446 2481 4483 me
2508 4439 2555 4483 et
2579 4428 2715 4481 inter
2756 4438 2970 4483 terram.
2999 4428 3151 4496 Quod
3192 4443 3322 4483 vero
3351 4437 3633 4483 testamen-

2065 4526 2178 4571 tum
2218 4517 2397 4587 posuit
2448 4518 2587 4571 Deus
2613 4518 2754 4573 inter
2781 4533 2841 4574 se
2867 4526 2923 4573 et
2950 4519 3196 4574 homines
3232 4527 3393 4588 atque
3420 4534 3633 4572 onmem

2061 4610 2296 4663 animam
2321 4608 2517 4674 vivam,
2550 4624 2619 4663 ne
2667 4610 2858 4680 perdat
2902 4626 3022 4666 eam
3052 4611 3274 4675 diluvio,
3315 4626 3505 4666 arcum
3536 4611 3635 4665 sci-

2062 4702 2187 4757 licet
2201 4701 2291 4771 qui
2312 4708 2528 4770 apparet
2554 4700 2609 4755 in
2630 4700 2986 4771 nubibus,qui
3016 4718 3291 4771 nunquam
3316 4702 3417 4756 nisi
3446 4703 3509 4757 de
3526 4701 3634 4756 sole

2063 4794 2390 4864 resplendet,
2436 4792 2703 4865 signiﬁcat
2742 4793 2866 4864 quia
2904 4792 2978 4847 illi
3008 4810 3114 4848 non
3145 4803 3373 4862 pereunt
3399 4793 3630 4854 diluvio,

2063 4885 2155 4955 qui
2185 4884 2239 4938 in
2270 4884 2544 4954 prophetis
2568 4893 2623 4938 et
2657 4883 2907 4938 omnibus
2936 4883 3130 4939 divinis
3163 4882 3486 4953 Scripturis,
3524 4891 3633 4935 tan-

2064 4991 2222 5045 quam
2254 4974 2346 5028 Dei
2372 4975 2624 5038 nubibus,
2651 4985 2957 5045 agnoscunt
2981 4975 3277 5031 Christum.
3294 4974 3495 5032 Arcum
3520 4990 3628 5028 om-

2064 5069 2308 5138 nipotens
2366 5067 2506 5120 Deus
2541 5067 2681 5120 inter
2736 5082 2794 5121 se
2842 5077 3001 5137 atque
3048 5068 3293 5122 homines
3339 5068 3391 5121 in
3422 5082 3627 5136 Signum

2061 5160 2259 5227 posuit,
2308 5166 2367 5212 ut
2393 5156 2532 5212 ultra
2575 5157 2833 5211 mundum
2863 5157 3066 5212 diluvio
3090 5173 3197 5212 non
3220 5157 3441 5212 deleret.
3484 5156 3628 5212 Unde

2061 5247 2195 5301 etin
2239 5261 2366 5301 arcu
2413 5246 2629 5311 eodem,
2668 5245 2819 5302 color
2848 5262 3001 5316 aqua:
3030 5256 3085 5303 et
3110 5248 3249 5318 ignis
3276 5247 3439 5302 simul
3458 5255 3627 5303 osten-

2063 5338 2232 5401 ditur,
2273 5337 2398 5408 quia
2430 5353 2495 5392 ex
2518 5346 2671 5408 parte
2695 5347 2778 5393 cst
2808 5338 3076 5405 ceruleus,
3117 5346 3172 5393 et
3216 5354 3283 5393 ex
3310 5347 3468 5410 parte
3486 5335 3634 5392 rubi-

2061 5427 2286 5491 cundus,
2323 5436 2383 5482 ut
2407 5428 2688 5497 utriusque
2718 5429 2903 5499 iudicii
2940 5430 3091 5485 testis
3138 5430 3227 5495 sit,
3259 5431 3420 5486 unius
3444 5428 3622 5485 videli-

2061 5526 2147 5570 cet
2175 5514 2426 5582 lacieuli,
2458 5527 2514 5571 et
2537 5518 2761 5574 alterius
2812 5517 2964 5584 facti,
2994 5520 3046 5573 id
3069 5528 3173 5583 est,
3226 5520 3352 5589 quia
3407 5519 3622 5574 mundus

2058 5605 2245 5675 judicii
2287 5608 2409 5679 igne
2454 5610 2803 5677 cremabitur,
2839 5626 2961 5665 nam
2993 5624 3129 5681 aqua
3184 5611 3370 5665 diluvii
3409 5627 3509 5665 non
3536 5609 3615 5660 de.-

2062 5698 2226 5757 lelnr.
