3958 6204
395 318 493 377 525

997 427 1233 483 CAPUT
1259 430 1351 484 IX.

396 520 468 576 De
490 517 814 580 plantationes
841 516 1003 571 vincte
1043 533 1136 586 per
1177 518 1324 581 Noe,
1354 528 1399 572 et
1430 519 1714 572 nudatione
1741 518 1854 587 ejus
1872 557 1886 581 ,
1917 528 1964 570 et

950 587 1192 641 irrisione
1219 586 1425 641 Cham.~

461 695 623 765 σωρὶε
651 694 769 748 Nec
792 694 869 748 vir
894 694 1129 764 agricola
1154 711 1395 749 exercere
1413 709 1625 760 terram,
1653 704 1700 748 et
1718 693 1968 764 plantavit

394 787 593 841 vineam
634 784 909 855 bibensque
936 785 1115 838 vinum
1147 784 1433 839 inebriatus
1471 793 1544 837 est
1565 800 1583 837 :
1624 792 1670 836 et
1705 782 1968 845 nudatus,

387 877 552 946 jacuit
582 876 639 929 in
668 873 1003 928 tabernaculo
1043 889 1160 926 suo.
1210 871 1363 937 Quod
1402 888 1519 925 cum
1561 870 1765 924 vidisset
1805 866 1969 922 Cham

390 976 539 1034 pater
566 964 843 1029 Chanaan,
873 962 1097 1018 uerenda
1114 961 1310 1017 scilicet
1329 964 1494 1033 patris
1511 963 1597 1015 sui
1615 976 1725 1015 esse
1748 959 1965 1022 nudata,

394 1055 652 1108 nuntiarit
679 1052 882 1107 duobus
909 1052 1163 1121 fratribus
1201 1053 1366 1121 foras,
1408 1060 1464 1107 et
1508 1052 1734 1120 reliqua.
1767 1051 1969 1122 (Aug.)

396 1145 665 1211 Quaeritur
691 1157 860 1214 quare
889 1158 1122 1212 peccans
1143 1142 1310 1198 Cham
1339 1142 1394 1197 in
1419 1142 1591 1212 patris
1616 1141 1842 1205 oﬁ‘ensa,
1864 1156 1972 1195 non

390 1237 450 1290 in
476 1236 677 1305 seipso,
714 1235 808 1290 sed
833 1234 888 1287 in
919 1233 1032 1288 ﬁlio
1055 1248 1154 1289 suo
1182 1233 1437 1288 Chanaan
1468 1232 1839 1297 maledicitur,
1867 1231 1973 1286 nisi

396 1325 522 1394 quia
548 1325 924 1395 prophetatum
953 1330 1038 1377 est
1064 1320 1459 1391 quodammodo
1494 1330 1692 1374 terram
1716 1319 1972 1376 Chanaan

396 1419 584 1489 ejectis
603 1415 924 1472 Chananaais
942 1415 1068 1471 inde
1085 1423 1141 1469 et
1159 1413 1460 1476 debellatis,
1474 1419 1789 1480 accepturos
1809 1410 1974 1467 fuisse

396 1510 537 1564 ﬁlios
578 1505 774 1570 lsrael,
813 1504 905 1574 qui
935 1504 1181 1558 venirent
1218 1503 1285 1558 de
1327 1503 1532 1557 semine
1562 1500 1730 1556 Sem?
1766 1498 1972 1572 (lsid.)

395 1597 515 1652 iam
548 1610 677 1650 vero
717 1594 846 1649 illud
885 1594 1027 1663 quod
1075 1601 1197 1661 post
1237 1591 1494 1645 diluvium
1530 1590 1598 1645 de
1626 1590 1783 1644 vinea
1812 1603 1975 1660 quam

398 1688 660 1759 plantavit
684 1685 979 1741 inebriatus
1014 1683 1157 1748 Noe,
1187 1691 1243 1737 et
1269 1683 1502 1737 nudatus
1538 1682 1594 1736 in
1638 1682 1800 1736 domo
1843 1695 1974 1746 sua,

1404 280 1407 283 Δ
1454 317 1802 377 [ΖΟΜΜΕΝΤ.
1848 316 1910 368 ιλ
1951 313 2266 368 (ἱΕλΕδὶΜ.
2308 344 2378 354 -
2416 312 2541 368 LIB.
2582 311 2642 369 ll.

1990 429 2039 487 Α
2064 425 2466 493 interpretatur.
2491 423 2625 477 Cum
2649 423 2846 492 ingenti
2867 422 3011 476 enim
3026 394 3369 475 multitudine
3386 420 3638 476 dilatatus

3534 311 3637 365 5‘2?!

2068 521 2153 566 est
2178 512 2406 581 populus
2444 526 2512 565 ex
2552 512 2819 581 gentibus,
2851 511 2940 579 qui
2970 525 3093 565 cum
3123 510 3398 579 prophetis
3427 521 3483 564 et
3514 528 3641 580 apo-

2067 603 2218 657 stolis
2253 612 2371 656 erat
2402 603 2777 657 habitaturus:
2822 601 3084 671 siquidem
3115 611 3169 654 et
3207 601 3452 656 videmus
3487 602 3643 671 juxta

2067 690 2179 745 Noe
2209 692 2376 760 patris
2401 692 2771 761 propheticam
2808 690 3266 754 benedictionem,
3304 690 3357 744 in
3389 691 3642 746 taberna-

2068 783 2189 838 culo
2212 782 2336 837 Sem
2366 783 2625 837 transisse
2660 782 3045 836 habitationem
3084 778 3299 849 Japhct,
3326 781 3428 835 hoc
3457 792 3561 845 est,
3589 782 3644 835 in

2069 872 2226 939 domo
2249 872 2382 942 legis
2408 880 2464 926 et
2489 872 2892 941 prephetarum,
2928 871 3228 925 Ecclesiam
3269 870 3450 940 potius
3480 868 3637 937 justi-

2070 959 2244 1026 ﬁcari,
2274 962 2539 1016 minorem
2569 962 2786 1030 quidem
2804 970 3114 1033 temporum
3144 976 3287 1025 sevo,
3331 962 3425 1015 sed
3457 963 3647 1028 gratiae

2069 1052 2186 1123 lege
2208 1054 2487 1123 majorem.
2511 1051 2681 1108 Cham
2700 1067 2861 1121 porro
2880 1054 2973 1123 qui
2996 1054 3384 1122 interpretatur
3400 1051 3644 1115 callidus,

2069 1141 2278 1196 medius
2303 1141 2446 1196 ﬁlius
2476 1150 2730 1210 tanquam
2759 1142 2831 1196 ab'
2850 1152 3081 1212 utroque
3121 1143 3421 1206 discretus,
3465 1154 3567 1195 nec
3592 1156 3647 1193 nt

2069 1230 2323 1298 primitiis
2362 1229 2755 1294 lsraelitarum,
2804 1245 2911 1291 nec
2946 1231 3001 1285 in
3039 1230 3369 1300 plenitudine
3409 1228 3647 1300 gentium

2069 1333 2413 1389 permanens,
2445 1301 2713 1388 signiﬁcat
2737 1333 2842 1374 non
2872 1320 3041 1375 solum
3075 1319 3398 1381 Judzeorum,
3424 1318 3519 1373 sed
3542 1317 3652 1372 hie-

2072 1410 2362 1469 reticorum
2390 1426 2561 1483 genus
2588 1411 2864 1477 callidum,
2890 1424 2997 1466 non
3024 1412 3214 1481 spiritu
3238 1409 3531 1479 sapientiae,
3555 1408 3651 1463 sed

2073 1498 2449 1568 impatientiae,
2470 1514 2579 1568 quo
2600 1499 2772 1556 solent
2796 1500 3171 1555 haereticorum
3192 1499 3402 1555 forvere
3423 1500 3655 1568 primor-

2072 1590 2183 1655 dia,
2213 1598 2269 1646 et
2294 1607 2484 1662 pacem
2526 1594 2849 1662 perturbare
2888 1602 3215 1649 sanctorum.
3247 1591 3357 1647 Sed
3381 1600 3438 1646 et
3465 1605 3655 1647 omnes

2076 1680 2169 1748 qui
2194 1680 2504 1736 Christiano
2527 1681 2786 1737 vocabulo
2804 1681 3111 1752 gloriantur
3134 1690 3188 1736 ct
3209 1681 3418 1752 perdite
3445 1681 3653 1744 vivunt,

399 1781 618 1839 cuinon
642 1784 899 1847 appareat
922 1775 1123 1831 Christi
1143 1789 1264 1830 esse
1286 1774 1538 1845 ﬁguram,
1558 1773 1652 1843 qui
1674 1772 1974 1827 inebriatus
1999 1767 2047 1825 B
2074 1768 2245 1839 ipsius
2278 1771 2504 1840 ﬁguram
2540 1779 2754 1842 gestare
2793 1771 3059 1826 videntur.
3103 1771 3416 1826 Passionem
3458 1771 3657 1840 quippe

398 1878 482 1926 est
505 1869 633 1923 dum
656 1881 850 1937 passus
868 1873 981 1928 est,
1021 1866 1253 1920 nudatus
1275 1872 1359 1919 est
1386 1863 1514 1918 dum
1540 1863 1831 1923 cruciﬁxus
1855 1873 1973 1929 est,

402 1960 455 2014 in
483 1960 642 2014 domo
667 1972 795 2022 sua,
839 1956 893 2010 id
935 1962 1051 2020 est,
1080 1954 1135 2009 in
1166 1962 1325 2025 gente
1351 1968 1471 2019 sua,
1503 1962 1559 2007 et
1586 1953 1640 2007 in
1666 1952 1977 2008 domesticis

401 2048 483 2102 sui
507 2046 803 2117 sanguinis,
828 2045 1011 2114 utique
1037 2043 1280 2099 JUdiBlS?
1319 2043 1470 2098 Tunc
1497 2044 1642 2098 enim
1673 2043 1873 2098 nudata
1892 2051 1982 2098 est

408 2140 706 2194 mortalitas
731 2138 910 2193 carnis
937 2137 1074 2206 ejus.
1103 2135 1276 2202 Quam
1304 2135 1622 2199 nuditatem,
1653 2135 1705 2190 id
1729 2143 1834 2200 est,
1858 2149 1982 2204 pas-

404 2229 607 2283 sionem
632 2226 858 2289 Christi,
892 2225 1076 2280 videns
1101 2224 1271 2279 Cham
1301 2224 1521 2287 derisit;
1549 2234 1605 2279 et
1629 2222 1798 2279 Judaai
1826 2223 1981 2279 Chri-

410 2320 475 2374 sti
505 2326 731 2374 mortem
764 2318 1038 2383 videntes,
1085 2316 1572 2372 subsannaverunt.
1619 2315 1745 2370 Sem
1775 2331 1902 2371 vero
1927 2324 1984 2372 et

405 2412 617 2484 Japhet,
649 2419 906 2481 tanquam
927 2411 1031 2465 duo
1050 2408 1228 2480 populi
1247 2424 1313 2463 ex
1341 2408 1754 2464 circumcisione
1772 2416 1827 2462 et
1845 2423 1982 2477 prae-

402 2504 553 2574 putio
575 2502 880 2567 credentes,
907 2501 1120 2570 cognita
1149 2500 1390 2554 nuditate
1421 2499 1607 2568 patris,
1636 2514 1740 2569 qua
1774 2499 1982 2570 signiﬁ-

407 2595 768 2671 catur'passio
802 2593 1115 2659 Salvatoris,
1143 2600 1419 2648 sumentes
1456 2592 1857 2656 vestimentum,
1883 2606 1983 2662 po-

410 2694 632 2741 suerunt
656 2698 819 2753 super
840 2684 1000 2738 dorsa
1026 2698 1141 2746 sua,
1169 2689 1226 2736 et
1251 2682 1517 2737 intrantes
1541 2681 1739 2747 aversi,
1760 2695 1985 2751 operuer

410 2785 537 2829 runt
574 2776 869 2830 nuditatem
913 2774 1113 2844 patris,
1150 2789 1251 2830 nec
1293 2775 1545 2829 viderunt
1579 2773 1721 2843 quod
1751 2775 1984 2830 verenda

398 2863 579 2935 patris
604 2870 866 2919 texerunt.
891 2861 1134 2928 Quodam
1155 2863 1301 2917 enim
1323 2863 1481 2917 modo
1500 2862 1808 2932 passionem
1829 2861 1986 2918 Chri-

409 2951 481 3005 sti
510 2951 809 3006 velamento
844 2952 1072 3023 tegimus
1092 2992 1107 3017 ,
1138 2951 1192 3005 id
1232 2958 1345 3018 est,
1379 2958 1719 3031 sacramento
1747 2951 1985 3007 honora-

411 3038 785 3110 mus,ejusque
806 3042 1045 3113 mysterii
1071 3041 1336 3095 rationem
1358 3040 1662 3107 reddentes,
1681 3039 1987 3097 Judzeorum

2075 1858 2300 1926 Christi,
2327 1875 2446 1930 quae
2474 1860 2618 1917 illius
2646 1860 2893 1941 .hominis
2924 1861 3164 1916 nuditate
3207 1860 3507 1933 signiﬁcata
3534 1871 3615 1916 est
3633 1900 3649 1925 ,

2076 1960 2133 2006 et
2157 1952 2483 2007 annuntiant
2507 1952 2643 2008 bene
2669 1953 2990 2022 proﬁtendo,
3019 1962 3076 2011 et
3097 1951 3236 2007 male
3265 1954 3470 2023 agendo
3494 1953 3658 2006 exho-

2078 2052 2296 2099 norant.
2341 2043 2419 2099 De
2459 2043 2655 2097 talibus
2686 2059 2815 2115 ergo
2861 2045 3063 2100 dictum
3110 2052 3232 2101 est:
3275 2044 3361 2099 Ea:
3400 2045 3658 2115 fructibus

2077 2152 2257 2190 eorum
2277 2137 2597 2206 cognoscetis
2619 2153 2707 2190 eos
2729 2136 2879 2210 (Luc.
2906 2135 3004 2206 vi).
3036 2137 3160 2192 ideo
3183 2145 3239 2192 ct
3267 2136 3437 2191 Cham
3471 2137 3525 2191 in
3551 2136 3660 2190 lilio

2079 2240 2181 2281 suo
2213 2225 2532 2281 maledictus
2558 2233 2662 2293 est,
2691 2234 2948 2296 tanquam
2983 2228 3037 2282 in
3062 2226 3238 2281 fructu
3260 2242 3379 2292 suo,
3404 2227 3457 2282 id
3475 2236 3579 2291 est;
3605 2228 3657 2280 in

2078 2333 2242 2389 opere
2266 2334 2386 2376 suo.
2420 2318 2575 2376 Unde
2600 2323 2986 2376 convenienter
3007 2329 3061 2376 et
3085 2321 3199 2391 ipse
3230 2320 3372 2376 ﬁlius
3390 2319 3507 2390 ejus
3526 2320 3668 2377 Cha-

2081 2427 2219 2467 naan
2239 2412 2624 2483 interpretatur
2645 2421 2816 2466 motas
2837 2428 3037 2466 eorum.
3065 2410 3216 2479 Quod
3237 2411 3365 2482 quid
3389 2420 3472 2466 est
3492 2412 3659 2477 aliud,

2081 2520 2243 2576 quam
2271 2520 2406 2576 opus
2435 2506 2664 2562 eorum?
2693 2505 2829 2562 ltem
2847 2507 2991 2577 quod
3011 2506 3180 2563 Cham
3202 2516 3461 2576 peccante
3478 2518 3656 2578 poste-

2080 2596 2215 2652 ritas
2244 2595 2361 2665 ejus
2388 2597 2695 2663 damnatur,
2716 2596 2992 2668 signiﬁcat
3018 2598 3160 2668 quod
3196 2599 3408 2668 reprobi
3443 2599 3531 2653 hic
3566 2600 3659 2653 de-

2081 2686 2354 2758 linquunt,
2378 2689 2474 2743 sed
2499 2687 2556 2742 in
2583 2696 2883 2757 posterum,
2927 2689 2982 2744 id
3023 2696 3138 2755 est,
3168 2690 3223 2744 in
3248 2690 3514 2755 futurum,
3538 2705 3650 2745 seu.

2084 2778 2307 2834 tentiam
2331 2779 2689 2835 damnationis
2715 2780 3011 2849 excipiunt.
3053 2780 3160 2836 Sed
3197 2790 3253 2836 et
3295 2781 3448 2851 plebs
3477 2780 3660 2835 Juda‘a

2083 2885 2205 2941 quae
2224 2869 2510 2925 Dominum
2539 2870 2828 2936 cruciﬁxit,
2857 2874 3021 2927 etiam
3046 2872 3099 2926 in
3124 2872 3248 2926 ﬁliis
3264 2885 3479 2942 pmnam
3511 2872 3662 2925 dam-

2084 2959 2322 3016 nationis
2360 2974 2473 3015 sua:
2518 2962 2843 3038 transmisit.
2893 2962 3159 3018 Dixerunt
3201 2963 3383 3018 enim:
3433 2963 3662 3033 Sanguis

2084 3051 2199 3122 ejus
2223 3067 2380 3121 super
2401 3068 2497 3106 nos
2521 3063 2570 3107 et
2606 3070 2766 3123 super
2796 3054 2937 3123 filios
2964 3065 3168 3109 nostros
3198 3054 3412 3126 (Matth.
3441 3056 3633 3128 xxvii).

412 3134 798 3189 detractionem
835 3133 1128 3204 operimus.
1189 3131 1581 3188 Vestimentum
1620 3134 1764 3188 enim
1813 3134 1983 3203 signi-
2010 3119 2056 3184 Ο
2108 3119 2119 3122 ⁷
2155 3140 2225 3194 Et
2253 3119 2382 3211 facti
2398 3152 2520 3196 sunt
2548 3119 2725 3198 omnes
2747 3119 2858 3198 dies
2886 3142 3001 3199 Noe
3026 3119 3665 3216 nongentiquinquagiuta

412 3230 538 3284 ﬁcat
568 3236 989 3294 sacramentum,
1023 3228 1183 3283 dorsa
1224 3229 1540 3284 memoriam
1567 3230 1979 3299 przeteritorum,

410 3318 536 3388 quia
560 3318 862 3387 passionem
890 3315 1093 3371 Christi
1114 3326 1436 3372 transactam
1465 3316 1701 3373 celebrat
1720 3315 1982 3383 Ecclesia,

412 3422 521 3461 non
551 3407 724 3460 adhuc
750 3414 1056 3475 prospectat
1082 3405 1341 3461 futuram.
1370 3405 1573 3479 (Greg.)
1597 3406 1867 3461 Moraliter
1891 3422 1985 3461 au-

415 3505 525 3550 tem
567 3495 808 3550 aversari
852 3496 1080 3552 dicimus
1121 3498 1264 3567 quod
1310 3498 1679 3567 reprobamus.
1726 3495 1865 3565 Quid
1904 3507 1987 3553 est

413 3572 542 3655 ergo
567 3586 712 3655 quod
738 3585 833 3640 ﬁlii
855 3588 1084 3642 verenda
1104 3588 1273 3657 patris
1292 3586 1593 3657 superjecto
1614 3587 1787 3643 dorsis
1804 3587 1983 3657 pallio,

415 3677 589 3731 aversi
618 3678 893 3733 venientes
929 3678 1208 3748 operiunt,
1245 3680 1349 3733 nisi
1384 3679 1527 3748 quod
1560 3679 1716 3735 bonis
1759 3678 1988 3735 subditis

413 3766 494 3818 sic
516 3764 924 3834 prmpositorum
954 3782 1172 3821 suorum
1200 3766 1339 3821 mala
1363 3767 1671 3836 displicent,
1715 3777 1773 3823 ut
1808 3776 1986 3823 tamen

415 3857 531 3909 hac
565 3854 633 3908 ab
661 3853 782 3909 aliis
809 3857 1109 3919 occultent?
1149 3855 1340 3928 (Isid.)
1384 3856 1787 3927 Operimentum
1814 3858 1986 3913 aversi

415 3943 692 4008 deferunt,
719 3930 842 4013 quia
864 3943 1217 4013 dijudicantes
1244 3945 1445 4002 factum
1466 3955 1522 4001 et
1540 3958 1859 4004 venerantes
1882 3964 1990 4003 ma-

413 4033 718 4102 gisterium,
748 4033 933 4089 nolunt
960 4035 1129 4091 videri
1163 4036 1304 4107 quod
1335 4045 1539 4105 tegunt.
1579 4038 1785 4093 Medius
1808 4048 1987 4095 autem

415 4121 643 4175 fratrum
673 4122 873 4188 Cham,
904 4125 959 4179 id
1000 4134 1110 4188 est,
1144 4126 1340 4197 impius
1379 4129 1607 4197 populus
1648 4127 1993 4198 Iudaeorum,

418 4211 540 4265 ideo
563 4212 794 4278 medius,
817 4214 941 4283 quia
967 4230 1066 4270 nec
1095 4217 1384 4286 primatum
1407 4218 1768 4288 apostolorum
1794 4222 1987 4287 tenuit,

417 4319 519 4357 nec
541 4304 762 4360 ultimus
788 4307 842 4361 in
873 4310 1120 4377 gentibus
1146 4312 1391 4377 credidit,
1419 4312 1552 4368 vidit
1572 4314 1867 4368 nuditatem
1896 4328 1990 4384 pa-

419 4400 551 4462 tris,
597 4400 724 4469 quia
768 4402 1041 4456 consensit
1086 4402 1141 4455 in
1185 4418 1368 4459 necem
1418 4404 1628 4459 Domini
1674 4404 1986 4461 Salvatoris.

2082 3236 2229 3289 anni.
2279 3233 2422 3290 Ecce
2482 3244 2605 3305 post
2651 3237 2910 3292 diluvium
2959 3238 3218 3293 trecentis
3274 3239 3665 3309 quinquaginta

2084 3327 2244 3384 annis
2288 3328 2427 3383 vixit
2474 3327 2608 3384 Noe.
2655 3329 2736 3383 Ex
2788 3345 2896 3400 quo
2930 3332 3272 3401 perspicuum
3321 3340 3407 3385 est
3450 3340 3663 3386 centum

2082 3418 2274 3490 viginti
2311 3434 2484 3475 annos
2521 3421 2859 3489 generationi
2884 3421 2980 3488 illi,
3009 3430 3070 3477 ut
3097 3422 3332 3477 diximus
3372 3436 3566 3493 supra,
3597 3422 3665 3475 ad

2083 3506 2462 3575 penitentiam
2496 3510 2687 3574 datos,
2727 3516 2786 3565 et
2823 3524 2930 3565 non
2966 3509 3093 3564 vita
3126 3509 3431 3566 mortalium
3460 3512 3662 3566 consti-

2089 3604 2250 3654 tutos.

2706 3692 2936 3751 CAPUT
2974 3694 3044 3750 Χ.

2474 3781 2843 3840 Generationes
2872 3785 3102 3855 filiorum
3134 3784 3269 3841 Noe.

2156 3874 2463 3931 Benedictis
2490 3876 2656 3948 igitur
2681 3877 2886 3932 duobus
2913 3875 3038 3932 ﬁliis
3069 3877 3180 3933 Noe
3198 3919 3212 3942 ,
3252 3887 3414 3948 atque
3441 3894 3548 3934 uno
3575 3895 3666 3935 eo-

2088 3981 2207 4019 rum
2237 3965 2417 4021 medio
2454 3965 2738 4022 maledicto
2756 4006 2771 4032 ,
2811 3968 3060 4044 deipceps
3083 3983 3268 4022 eorum
3294 3970 3667 4039 generationes

2090 4064 2376 4121 texuntur,
2428 4072 2496 4112 ex
2537 4059 2731 4128 quibus
2772 4058 3109 4129 septuaginta
3148 4061 3268 4115 dure
3313 4069 3439 4115 sunt
3479 4072 3665 4132 gentes

2088 4153 2242 4210 ortre,
2268 4146 2320 4200 id
2346 4154 2448 4213 est,
2475 4148 2780 4216 quindecim
2806 4148 2872 4203 de
2894 4146 3110 4218 Japhct,
3140 4148 3359 4219 triginta
3387 4150 3453 4203 de
3472 4149 3662 4214 Cham,

2089 4236 2276 4306 viginti
2306 4246 2512 4307 septem
2543 4239 2611 4292 de
2636 4238 2782 4294 Sem.

2161 4326 2308 4397 (Car.
2342 4328 2424 4398 χ.)
2455 4327 2586 4382 Filii
2610 4327 2819 4399 Japhet,
2853 4327 3043 4384 Camer
3068 4340 3119 4384 et
3146 4329 3357 4402 Magog,
3381 4343 3428 4385 et
3457 4331 3664 4395 Matini,

2092 4428 2141 4471 et
2163 4416 2358 4484 lavari,
2393 4429 2440 4473 et
2465 4418 2685 4485 Thubal,
2710 4429 2757 4473 et
2788 4419 3022 4474 Mosae/1.
3049 4420 3316 4494 (Hierom)
3337 4422 3529 4492 Japhet
3558 4421 3668 4476 ﬁlio

418 4484 548 4541 Post
581 4488 695 4542 Ita'c
734 4491 989 4544 nuntiarit
1028 4491 1171 4561 foras
1199 4492 1469 4561 fratribus.
1504 4492 1606 4548 Per
1636 4509 1760 4553 eum
1792 4497 1989 4567 quippe
2014 4476 2070 4535 D
2097 4505 2210 4560 Noe
2253 4476 2368 4561 nari
2409 4515 2533 4562 sunt
2562 4476 2767 4578 septem
2805 4507 2932 4574 ﬁlii,
2959 4476 3437 4579 qui‘posscde’ruult
3468 4476 3666 4566 terram

417 4579 765 4635 manifestum
796 4591 897 4647 est,
936 4583 1078 4653 quod
1107 4591 1227 4638 erat
1268 4583 1323 4638 in
1367 4584 1646 4654 prophetia
1678 4596 1942 4641 secretum
1970 4604 1986 4652 ;

420 4669 650 4740 ideoque
689 4670 749 4724 ﬁt
784 4687 971 4728 servus
1004 4674 1232 4727 fratrum
1273 4689 1511 4730 suorum.
1556 4674 1693 4743 Quid
1735 4685 1821 4731 est
1846 4678 1990 4732 enim

420 4760 565 4814 aliud
591 4761 745 4815 hodie
769 4777 900 4832 gens
930 4764 1062 4832 ipsa,
1094 4764 1197 4818 nisi
1236 4764 1477 4834 quaedam
1522 4767 1801 4821 scriniaria
1838 4769 1992 4824 Chri-

420 4849 748 4917 stianorum,
768 4852 1015 4924 bajulans
1040 4853 1210 4924 legem
1231 4863 1283 4910 et
1310 4857 1622 4925 prophetas,
1652 4859 1721 4913 ad
1746 4859 1990 4913 testimo-

420 4940 572 4993 nium
596 4942 907 5000 assertionis
929 4946 1200 5013 Ecclesiae,
1229 4957 1288 5002 ut
1312 4963 1408 5002 nos
1429 4948 1752 5005 honoremus
1783 4966 1879 5020 per
1904 4967 1990 5006 sa-

422 5044 760 5091 cramentum
790 5037 932 5107 quod
961 5039 1207 5093 nuntiant
1225 5038 1297 5092 illi
1320 5055 1416 5109 per
1439 5039 1710 5095 litteram“!
1731 5039 1856 5096 Post
1878 5043 1993 5097 haec

420 5122 813 5180 benedicuntur
842 5127 947 5181 duo
975 5126 1049 5182 illi
1090 5130 1181 5198 qui
1214 5129 1510 5185 nuditatem
1550 5131 1722 5200 patris
1764 5131 1989 5187 honora-

422 5222 640 5267 \erunt.

496 5301 824 5371 Benedictus,
866 5307 1056 5377 inquit,
1094 5307 1349 5363 Dominus
1393 5307 1530 5363 Deus
1569 5309 1730 5376 Sent;
1757 5314 1823 5367 sit
1855 5312 1997 5371 Cha-

422 5409 564 5448 naan
589 5413 763 5450 servus
790 5398 953 5452 illius.
984 5398 1174 5453 Dilatet
1206 5400 1346 5455 Deus
1374 5400 1561 5471 lup/tet
1584 5440 1599 5466 ,
1633 5413 1681 5455 et
1709 5404 1900 5460 habitet
1942 5408 1996 5462 in

420 5483 771 5541 tabernaculis
814 5485 957 5541 Sent.
987 5488 1081 5544 llic
1114 5487 1237 5542 Sem
1269 5490 1438 5556 major
1475 5499 1636 5555 natu,
1668 5491 1782 5561 ipse
1817 5504 1899 5550 est
1927 5511 1996 5550 ex

419 5590 533 5641 QUO
572 5588 753 5647 patres
794 5588 849 5634 et
888 5579 1163 5651 propbctze
1207 5589 1263 5635 et
1305 5578 1529 5650 apostoli
1576 5584 1813 5652 generati
1849 5595 1993 5640 sunt.

417 5660 618 5733 Japhet
644 5677 817 5724 autem
849 5669 1086 5741 gentium
1113 5678 1192 5723 est
1224 5678 1413 5738 pater:
1454 5670 1542 5738 qui
1583 5670 1744 5726 etiam
1776 5671 1997 5727 latitudo

2097 4595 2151 4650 in
2178 4596 2328 4661 Asia,
2354 4598 2422 4651 ab
2448 4597 2657 4651 Amano
2683 4606 2738 4651 et
2784 4598 2960 4653 Tauro
3004 4599 3313 4670 leesyrire
3352 4609 3407 4656 et
3468 4600 3668 4656 Cilicia:

2098 4688 2387 4753 montibus,
2409 4704 2577 4758 usque
2599 4690 2667 4745 ad
2686 4688 2902 4745 [luvium
2927 4690 3181 4759 Tanaim;
3207 4694 3260 4747 in
3286 4694 3496 4762 Europa
3517 4709 3664 4755 vero.

2096 4792 2267 4849 usque
2288 4780 2353 4834 ad
2373 4779 2605 4844 Gadara,
2629 4781 2844 4834 nomina
2869 4780 3002 4837 locis
3021 4791 3074 4836 et
3095 4784 3341 4853 gentibus
3362 4784 3667 4854 relinqucn-

2096 4879 2197 4925 tes.
2223 4870 2263 4924 Ε
2287 4869 2479 4939 quibus
2500 4878 2683 4939 postea
2715 4871 2996 4926 immutata
3031 4884 3153 4928 sunt
3178 4874 3435 4944 plurima,
3472 4883 3666 4928 cxctera

2096 4967 2413 5027 permanent
2452 4967 2511 5012 ut
2546 4957 2781 5015 fuerunt.
2827 4959 2965 5015 Sunt
3003 4973 3180 5017 autem
3212 4962 3439 5026 Gomer,
3473 4962 3527 5017 id
3559 4971 3663 5025 est,

2098 5045 2330 5111 Galate;
2358 5045 2562 5117 Magog,
2595 5047 2647 5100 id
2665 5055 2768 5111 est,
2793 5046 3037 5118 Scythae;
3064 5049 3257 5115 Madai,
3280 5049 3331 5103 id
3358 5058 3464 5113 est,
3491 5048 3663 5114 Medi;

2096 5134 2288 5199 Javan,
2310 5136 2361 5189 id
2389 5145 2494 5199 est,
2510 5135 2679 5198 Iones,
2698 5137 2789 5206 qui
2813 5146 2866 5192 et
2893 5136 3086 5204 Grmci,
3111 5139 3250 5192 unde
3271 5151 3418 5193 mare
3439 5138 3663 5192 lanium.

2098 5222 2324 5285 Thulal,
2358 5223 2410 5277 id
2439 5234 2540 5286 est,
2571 5224 2731 5289 lberi,
2768 5227 2859 5295 qui
2896 5237 2951 5281 et
2989 5227 3208 5297 Hispani
3228 5268 3242 5294 ,
3273 5243 3300 5280 a
3327 5227 3522 5296 quibus
3548 5228 3669 5282 Cel-

2099 5316 2310 5380 tiberia,
2341 5315 2464 5369 licet
2491 5316 2708 5385 quidam
2748 5316 2906 5370 ltatos
2945 5318 3301 5386 suspicentur.
3333 5316 3548 5371 llosoch
3569 5357 3584 5381 ,
3614 5318 3665 5370 id

2098 5415 2196 5467 est,
2229 5405 2591 5475 Cappadoces,
2622 5407 2759 5459 unde
2785 5415 2840 5461 et
2861 5409 2989 5462 urbs
3016 5407 3155 5477 apud
3184 5420 3278 5462 eos
3313 5421 3484 5478 usque
3510 5408 3669 5463 hodie

2100 5496 2349 5552 Marcella
2377 5499 2589 5553 dicitur.
2631 5497 2798 5552 Porro
2834 5497 3182 5569 Septuaginta
3212 5499 3536 5568 interpretes
3567 5496 3670 5553 Ca-

2098 5588 2369 5657 phthorim
2395 5586 2735 5657 Cappadoces
2769 5589 3134 5655 arbitrantur,
3174 5589 3367 5647 Thiras
3396 5590 3666 5652 Thraces.

2099 5692 2324 5747 quorum
2362 5691 2466 5731 non
2511 5675 2639 5730 satis
2676 5676 3015 5734 immutatum
3041 5680 3360 5737 vocabulum
3390 5691 3494 5738 est.
3542 5679 3667 5737 Scio
