3974 6200
302 357 327 412 5
341 361 397 412 .37

935 357 994 410 Β.
1041 359 1288 412 llAllANl
1332 360 1548 414 IllALIlll
1589 358 1902 412 AlitllllEP.
1947 355 2260 414 MOGUNT.
2304 359 2587 414 (lPERUM
2633 357 2812 411 PA‘RS
2844 359 2884 410 Ῐ.

3472 354 3574 408 5:8

302 457 585 526 quemdam
608 455 722 525 Gog
748 464 800 509 et
831 455 1036 526 Magog,
1066 467 1175 510 tam
1207 458 1271 510 de
1299 457 1547 525 praesenti
1574 457 1690 510 loco
1713 472 1872 524 quam
1906 462 1948 518 Α
1978 457 2202 512 11ρῦηο
2229 461 2488 527 scriptum
2519 467 2634 524 est,
2677 458 2841 529 Reges
2878 459 3015 512 Saba
3045 470 3090 512 et
3119 461 3277 513 Saba.
3315 461 3559 516 Primum

302 551 365 602 de
403 547 669 612 Ezechiel,
699 547 764 601 ad
788 547 1085 602 Gothorum
1112 564 1280 616 nuper
1300 549 1352 602 in
1379 558 1521 602 terra
1549 557 1729 602 nostra
1758 549 1878 601 bac-

302 639 578 692 chantium
627 639 908 692 historiam
954 640 1238 694 retulisse:
1280 641 1424 709 quod
1464 649 1644 694 utrum
1691 656 1878 694 verum

302 733 394 793 sit,
427 729 594 802 prmlii
620 731 789 800 ipsius
815 730 920 784 line
947 731 1350 784 monstrabitur.
1393 731 1458 784 Et
1497 739 1644 785 certe
1673 729 1878 784 Gothos

301 837 489 876 omnes
522 831 668 878 retro
696 822 893 876 eruditi
915 823 1086 894 magis
1110 821 1275 878 Getas
1293 838 1454 892 quam
1478 822 1593 894 Gog
1613 832 1666 877 et
1689 823 1877 894 Magog

223 965 227 967 _
301 910 568 979 appellare
609 919 1022 967 consueverunt.
1070 911 1164 967 lla:
1213 913 1396 982 itaque
1440 922 1643 982 septem
1689 922 1876 984 gentes

301 1019 434 1071 quas
471 1003 538 1059 de
574 1004 770 1075 Japhet
803 1005 986 1060 venire
1030 1007 1198 1075 stirpe
1239 1015 1568 1062 memoratus
1611 1023 1763 1072 sum,
1811 1008 1879 1060 ad

301 1095 582 1163 Aquilonis
603 1104 809 1165 partem
832 1096 1093 1151 habitant.

374 1185 502 1240 Filii
528 1184 718 1241 Gomer
739 1187 961 1241 Assenez
989 1197 1036 1240 et
1063 1186 1284 1258 Riphth
1311 1197 1358 1242 et
1385 1187 1698 1258 Thogorma.
1721 1189 1880 1243 Asse-

303 1293 398 1330 nez
421 1277 592 1332 Graeci
617 1276 853 1349 Reginos
875 1286 1097 1332 vocant:
1125 1279 1358 1347 Riphath
1384 1277 1696 1348 Pallagones
1714 1298 1725 1332 :
1744 1279 1880 1333 Tho-

302 1383 486 1436 gorma
517 1368 773 1439 Phryges.

373 1455 501 1509 Filii
523 1467 698 1510 autem
723 1455 916 1522 lavari,
943 1457 1092 1512 Eliso
1119 1467 1166 1512 et
1206 1457 1420 1512 Tharsis
1441 1498 1456 1522 ,
1501 1468 1550 1512 et
1591 1456 1790 1513 Cethim
1833 1469 1880 1512 et

303 1544 582 1599 Dodanim.
611 1545 686 1598 Ab
714 1546 795 1599 his
820 1547 1003 1601 divisa:
1026 1556 1147 1601 sunt
1171 1547 1359 1602 insqu
1386 1549 1658 1602 nationum
1687 1549 1743 1602 in
1776 1559 1883 1603 ter-

303 1637 374 1688 ris
397 1636 530 1700 suis,
563 1638 915 1707 unusquisque
934 1639 1220 1692 secundum
1257 1637 1490 1708 linguam
1516 1655 1689 1703 suam,
1719 1649 1766 1693 et
1795 1657 1882 1692 eo-

303 1728 600 1794 gnationem
638 1745 810 1794 suam,
833 1739 880 1782 et
902 1740 1101 1799 gentem
1129 1746 1300 1783 suam.
1331 1731 1406 1784 De
1430 1730 1668 1795 lenibus,
1699 1732 1752 1786 id
1775 1740 1883 1795 est,

1983 569 2176 608 nomen
2205 569 2299 622 per
2333 554 2415 607 sin
2441 564 2522 617 ω,
2570 556 2862 609 secundum
2892 568 2987 623 per
3033 554 3251 608 samech
3275 565 3333 615 ε.
3376 555 3563 610 Dadan

1980 661 2110 715 gens
2138 652 2221 698 est
2248 643 2537 714 Ethiopian
2562 644 2614 698 in
2644 643 2971 698 Occidentali
3000 644 3174 714 plaga.

2590 754 2816 811 CAPUT
2857 755 2947 808 XI.

1981 843 2058 897 De
2088 843 2320 898 Nemrod
2351 845 2587 914 gigante,
2633 856 2678 898 et
2721 846 2784 898 de
2825 844 3131 912 confusione
3175 842 3470 914 linguarum
3504 845 3568 896 in

2480 914 2644 967 turris
2672 915 3040 983 aediﬁcatione.

2049 997 2219 1054 Porro
2249 999 2391 1055 Chus
2415 1001 2589 1070 genuit
2614 1001 2880 1066 Nemi-od;
2920 1003 3028 1072 ipse
3053 1002 3200 1070 carpit
3239 1017 3352 1054 esse
3373 1009 3558 1070 potens

1975 1103 2030 1149 tn
2059 1104 2218 1147 terra.
2257 1091 2323 1145 Et
2353 1102 2463 1145 erat
2489 1091 2728 1144 robustus
2758 1101 2968 1146 venator
2992 1108 3169 1146 coram
3207 1090 3451 1144 Domino.
3482 1091 3560 1144 Alt

1975 1184 2072 1238 hoc
2096 1182 2252 1237 exivit
2273 1180 2637 1250 prouerbium:
2667 1180 2832 1244 Quasi
2873 1179 3104 1235 Nemrod
3142 1182 3382 1235 robustus
3409 1198 3563 1235 vena-

1975 1283 2058 1327 tor
2085 1289 2260 1327 coram
2293 1271 2532 1325 Domino.
2565 1270 2690 1324 Fuit
2714 1282 2887 1323 autem
2903 1272 3218 1340 principium
3248 1272 3392 1340 regni
3444 1270 3560 1340 ejus

1937 1369 1939 1372 ’
1974 1365 2210 1436 Babylon
2237 1374 2284 1418 et
2312 1364 2481 1416 Αναιή
2506 1373 2553 1416 et
2583 1363 2784 1424 Achad,
2811 1372 2859 1415 et
2882 1361 3152 1415 Chalanne
3179 1363 3236 1415 in
3259 1371 3400 1415 terra
3427 1360 3531 1415 Sen
3548 1391 3562 1402 -

1977 1473 2127 1509 naar.
2158 1455 2236 1508 De
2263 1464 2403 1508 terra
2428 1453 2522 1506 illa
2543 1469 2777 1522 egressus
2799 1462 2874 1506 est
2915 1452 3101 1506 Assur.
3129 1452 3313 1522 (Ιείἀ.)
3343 1451 3562 1506 Primus

1973 1556 2095 1617 post
2111 1545 2371 1600 diluvium
2397 1545 2539 1598 inter
2556 1544 2800 1597 homines
2821 1541 3054 1596 Nemrod
3083 1543 3226 1596 [ilius
3249 1542 3394 1598 Chus
3420 1558 3556 1596 nova

1975 1638 2186 1708 imperii
2213 1636 2506 1706 cupiditate
2533 1635 2868 1705 tyrannidem
2913 1635 3166 1705 arripuit,
3209 1637 3561 1706 regnavitque

1976 1732 2028 1786 in
2053 1729 2364 1802 Babylonia,
2399 1744 2520 1797 quae
2563 1728 2630 1780 ab
2653 1741 2720 1781 eo
2748 1725 2891 1795 quod
2921 1725 3118 1779 ibidem
3145 1725 3384 1780 confusa:
3424 1739 3552 1784 sunt

303 1815 529 1882 Graecis,
578 1827 874 1873 nascuntur
922 1819 1130 1884 Elisaei,
1177 1821 1267 1890 qui
1309 1828 1573 1875 vocantur
1618 1820 1879 1878 Eolides.
1914 1815 2189 1892 Blinguze,
2226 1819 2390 1874 Babel
2425 1818 2692 1888 appellata
2727 1825 2831 1881 est,
2857 1818 2999 1886 quod
3030 1817 3415 1886 interpretatur
3438 1833 3560 1870 con-

307 1906 459 1964 Unde
491 1917 546 1964 et
573 1909 762 1978 quinta
807 1910 987 1981 lingua
1032 1911 1285 1976 Graaciiie,
1336 1911 1510 1968 Eolis
1551 1913 1878 1983 appellatur,

305 2013 465 2066 quam
491 1998 564 2052 illi
591 2001 825 2069 πέμπτην
852 1998 1105 2056 διάλεκτον
1135 2010 1349 2056 vocant.
1376 2001 1598 2056 Tharsis
1617 2000 1884 2072 Iosephus

301 2085 496 2141 Cilicas
529 2088 826 2142 arbitratur
853 2106 865 2142 :
903 2091 931 2141 θ
956 2089 1303 2157 aspirationis
1329 2089 1564 2145 litteram
1586 2131 1602 2156 ,
1631 2092 1824 2147 vitiose
1849 2107 1880 2145 a

298 2178 528 2245 posteris
556 2177 609 2231 in
640 2201 670 2232 τ
690 2178 875 2233 dicens
906 2178 1072 2234 fuisse
1103 2189 1434 2250 corruptam.
1485 2180 1638 2236 Unde
1671 2191 1727 2237 et
1762 2199 1880 2238 me-

300 2269 523 2338 tropolis
546 2285 735 2325 eorum
777 2271 970 2326 civitas
991 2272 1192 2328 Tarsus
1220 2274 1538 2344 appellatur.
1569 2275 1734 2332 Paulo
1754 2293 1881 2347 apo-

297 2360 434 2414 Siolo
453 2360 704 2432 gloriosa.
730 2360 944 2416 Cethim
967 2371 1093 2417 sunt
1112 2362 1276 2429 Cithi,
1299 2380 1328 2418 a
1351 2366 1546 2435 quibus
1573 2366 1731 2422 hodie
1751 2382 1883 2438 quo-

296 2466 401 2519 que
433 2453 561 2508 urbs
581 2453 757 2525 Cypro
777 2453 966 2509 citium
990 2456 1319 2511 nominatur.
1345 2458 1630 2523 Dodanim,
1662 2460 1876 2525 Rhodii,

297 2545 368 2596 ita
391 2544 534 2600 enim
557 2544 910 2616 Septuaginta
931 2547 1258 2617 interpretes
1281 2550 1689 2605 transtulerunt.
1715 2551 1880 2622 Lega-

296 2652 413 2689 mus
442 2635 701 2693 Varronis
725 2638 793 2693 de
815 2637 1246 2709 Antiquitatibus
1272 2639 1456 2705 libros,
1487 2649 1542 2696 et
1563 2640 1697 2696 Sinii
1723 2641 1880 2713 Capi-

296 2730 457 2796 tonis,
486 2737 540 2786 et
559 2729 807 2786 Graecum
847 2729 1172 2802 Phlegonta,
1218 2741 1548 2802 ceterosque
1577 2734 1879 2789 eruditissi-

295 2837 410 2877 mos
432 2821 598 2887 viros,
627 2829 682 2877 et
709 2823 1010 2878 videbimus
1039 2839 1228 2879 omnes
1247 2840 1386 2894 pene
1411 2825 1614 2880 insulas
1641 2836 1694 2880 et
1714 2828 1878 2882 totius

1975 1913 2130 1981 fusio.
2163 1911 2329 1980 Cujus
2365 1909 2696 1965 aediﬁcanda:
2721 1908 2885 1963 turris
2911 1907 3052 1961 idem
3082 1905 3315 1961 Nemrod
3353 1907 3562 1960 exstitit

1975 2017 2194 2072 auctor;
2240 2006 2441 2077 quique
2484 2019 2582 2073 pro
2626 2019 2691 2059 eo
2721 2002 2865 2072 quod
2916 2002 3057 2054 ultra
3103 2009 3354 2054 naturam
3398 2014 3554 2054 suam

1973 2099 2095 2152 cceli
2125 2098 2232 2152 alta
2259 2105 2546 2166 penetrare
2568 2095 2868 2158 contendit,
2901 2110 3009 2148 non
3025 2093 3316 2163 incongrue
3338 2091 3554 2146 diabolo

1974 2195 2338 2259 comparatur,
2366 2185 2480 2257 qui,
2507 2186 2832 2256 cogitatione
2855 2185 3036 2239 cordis
3057 2185 3139 2239 sui
3167 2170 3556 2245 intumescens,

1975 2293 2136 2348 super
2165 2278 2344 2332 sidera
2371 2293 2430 2332 se
2456 2277 2683 2331 exaltari
2718 2275 2904 2339 voluit,
2935 2274 2988 2329 id
3015 2283 3117 2339 est,
3149 2287 3312 2343 super
3343 2287 3560 2328 omnem

1974 2380 2293 2440 potestatem
2325 2369 2638 2440 angelorum
2679 2367 2794 2422 Deo
2823 2381 2882 2420 se
2918 2379 3204 2435 cozequare
3241 2365 3556 2435 disponens,

1973 2463 2100 2517 dum
2141 2461 2315 2516 dicit:
2359 2460 2652 2514 Ascendam
2679 2475 2834 2528 super
2871 2457 3200 2512 altitudinem
3245 2456 3480 2519 nubium,
3510 2467 3558 2510 et

1972 2571 2060 2609 ero
2089 2554 2275 2607 similis
2303 2553 2570 2606 Altissimo
2600 2551 2734 2623 (Isa.
2767 2555 2900 2622 XIV).
2948 2550 3100 2618 Quod
3129 2559 3311 2604 autem
3354 2549 3555 2603 dicitur

1972 2653 2218 2708 venator,
2240 2643 2368 2712 quid
2386 2641 2722 2714 signiﬁcatur
2743 2643 2845 2697 hoc
2872 2642 3106 2707 nomine,
3123 2642 3227 2696 nisi
3257 2641 3556 2696 animarum

1975 2734 2364 2804 terrigenarum
2409 2735 2682 2803 deceptor,
2715 2742 2770 2788 et
2803 2734 3021 2801 capiens
3051 2734 3294 2787 homines
3317 2731 3382 2785 ad
3412 2747 3557 2786 mor-

1974 2827 2115 2882 tem?
2145 2824 2414 2896 (Hieron.)
2441 2824 2703 2895 Regnavit
2734 2833 2912 2878 autem
2949 2834 3004 2879 et
3041 2825 3096 2878 in
3120 2825 3319 2887 Arach,
3350 2825 3451 2878 hoc
3474 2832 3560 2877 est

294 2913 439 2966 orbis
470 2911 648 2967 littora
679 2921 960 2983 terrasque
989 2915 1124 2968 mari
1151 2915 1356 2970 vicinas
1377 2955 1392 2980 ,
1435 2914 1640 2970 Graecis
1679 2917 1879 2972 accolis
1973 2919 2027 2972 in
2057 2918 2280 2982 Edessa,
2308 2924 2362 2972 et
2395 2917 2448 2970 in
2479 2915 2689 2979 Achad,
2722 2931 2840 2984 quae
2870 2931 3013 2970 nunc
3038 2915 3240 2969 dicitur
3263 2914 3483 2976 Nisibis,
3504 2925 3561 2968 et

295 3011 606 3072 occupatas,
631 3003 818 3072 qui,ut
844 3018 1008 3080 supra
1031 3005 1285 3069 diximus,
1309 3005 1378 3059 ab
1396 3006 1605 3060 Amano
1625 3015 1680 3060 et
1699 3007 1877 3061 Tauro
1971 3008 2026 3062 in
2068 3006 2363 3073 Chalanne,
2402 3022 2522 3077 quae
2575 3016 2760 3076 postea
2801 3021 2957 3061 verso
3002 3008 3222 3060 nomine
3262 3021 3293 3059 a
3334 3004 3559 3058 Seleuco

296 3091 588 3156 montibus,
617 3092 797 3146 omnia
827 3093 1100 3148 maritima
1136 3095 1252 3150 loca
1296 3109 1466 3165 usque
1500 3096 1567 3150 ad
1601 3094 1874 3152 Oceanum
1917 3164 1946 3168 _
1970 3113 2098 3168 rege
2126 3098 2270 3153 dicta
2302 3107 2384 3154 est
2414 3097 2681 3163 Seleucia,
2709 3096 2793 3153 vel
2817 3105 2966 3152 certe
2988 3111 3105 3166 quae
3131 3111 3275 3150 nunc
3303 3099 3559 3166 limo-ipa»

294 3184 584 3251 possedere
604 3182 996 3238 Britanniarum.

365 3273 493 3328 Filii
521 3284 694 3328 autem
723 3273 918 3339 Citam,
965 3275 1134 3338 Claus,
1165 3285 1213 3330 et
1244 3275 1494 3332 Hesraim
1533 3290 1580 3332 et
1621 3276 1798 3333 Plautii
1829 3290 1877 3334 et

297 3367 572 3420 Chanaan.
607 3365 754 3421 Chns
785 3382 955 3435 usque
996 3367 1153 3422 hodie
1197 3369 1265 3421 ab
1314 3369 1553 3424 llebrmis
1603 3369 1876 3440 Ethiopia

297 3463 651 3524 nuncupatur,
683 3455 932 3511 Mesraim
961 3456 1244 3528 Egyptus,
1279 3457 1436 3513 Pluth
1468 3457 1682 3528 Lybies,
1710 3475 1740 3513 a
1771 3474 1878 3529 quo

293 3554 345 3598 et
369 3545 704 3600 Mauritania:
725 3545 919 3601 ﬂuvius
940 3561 1111 3616 usque
1133 3547 1184 3600 in
1205 3563 1446 3616 praesens
1459 3547 1636 3602 Phuth
1657 3550 1874 3613 dicitur,

293 3638 577 3706 omnisque
605 3637 748 3692 circa
768 3651 891 3691 eum
921 3637 1068 3708 regio
1087 3636 1392 3692 Phutensis.
1419 3637 1566 3692 Multi
1587 3639 1879 3708 scriptores

297 3740 402 3782 tam
430 3727 603 3784 Graeci
631 3743 792 3799 quam
815 3728 1012 3793 Latini,
1045 3727 1205 3797 hujus
1229 3730 1306 3783 rei
1341 3738 1505 3785 testes
1528 3739 1670 3785 sunt.
1697 3731 1878 3798 Quare

293 3829 472 3874 autem
503 3820 557 3874 in
587 3836 692 3874 una
717 3828 925 3874 tantum
947 3819 1178 3875 climatis
1198 3829 1370 3888 parte,
1389 3821 1668 3891 antiquum
1695 3821 1877 3892 Lybia:

295 3926 489 3966 nomen
517 3909 796 3973 resederit,
826 3919 880 3964 et
903 3909 1107 3978 reliqua
1147 3918 1290 3964 terra
1318 3899 1506 3965 vocata
1550 3911 1622 3966 sit
1659 3909 1838 3966 Africa
1858 3951 1874 3974 ,

294 4019 398 4058 non
430 4000 588 4072 hujus
611 4001 716 4058 loci
741 4015 842 4056 nec
869 4001 1125 4084 temporis
1157 4010 1260 4056 est.
1287 4001 1458 4056 Porro
1485 4000 1743 4058 Chanaan
1775 4004 1875 4059 ob-

295 4093 455 4147 tinuit
482 4101 682 4147 terram
714 4107 880 4162 quam
919 4091 1088 4147 Judaai
1127 4092 1378 4162 deinceps
1415 4093 1743 4148 obsederunt
1765 4094 1875 4164 eje-

293 4186 394 4241 ctis
423 4185 758 4242 Chananaeis.

361 4282 491 4337 Filii
521 4293 693 4338 autem
732 4283 896 4349 Chus,
930 4280 1074 4337 Saba
1120 4290 1169 4335 et
1213 4279 1403 4335 [levita
1449 4289 1498 4334 et
1547 4278 1779 4334 Sabatha
1823 4290 1871 4334 et

295 4377 490 4445 Regina
524 4386 572 4430 et
609 4375 926 4431 Sabatacha.
957 4373 1124 4438 Saba,
1145 4389 1174 4427 a
1203 4389 1311 4443 quo
1339 4372 1514 4427 Sabaei
1543 4390 1556 4426 :
1589 4373 1654 4428 de
1675 4373 1869 4442 quibus

299 4468 546 4539 Virgilius
569 4487 581 4520 ς

416 4615 429 4628 .
468 4614 481 4628 .
519 4612 531 4624 .
569 4575 794 4638 Solisque
821 4581 898 4625 est
922 4583 1061 4624 turea
1099 4576 1234 4633 virga
1268 4573 1490 4631 Sabaeis;

289 4689 341 4732 et
368 4678 492 4733 alibi
521 4696 532 4730 :

417 4828 430 4840 .
473 4829 486 4842 .
525 4826 538 4840 .
580 4827 591 4839 .
628 4791 932 4853 ﬂentumque
959 4791 1133 4841 Sabao

411 4854 580 4904 Thure
605 4851 766 4902 calent
793 4851 905 4900 aria.
946 4888 960 4900 .
997 4888 1010 4900 .
1051 4887 1063 4900 .

291 4935 475 4991 llcvila
501 4934 674 4990 Getuli
699 4934 750 4988 in
772 4947 926 5006 parte
953 4935 1258 4990 remotioris
1278 4934 1471 4991 Africa:
1491 4951 1674 4991 eremo
1694 4938 1871 4992 colite-

291 5035 488 5081 rentes.
521 5025 780 5090 Sabatha,
810 5040 840 5079 a
865 5041 972 5096 quo
994 5023 1310 5091 Sabatheni,
1335 5027 1427 5095 qui
1454 5043 1596 5080 nunc
1617 5026 1865 5082 Astabari

291 5117 652 5170 nominantur.
683 5114 886 5186 Regina
916 5131 1047 5170 vero
1067 5124 1120 5170 et
1145 5115 1471 5180 Sabatacha,
1493 5116 1750 5185 paulatim
1772 5135 1867 5172 an-

291 5207 437 5275 tiqua
463 5205 722 5259 vocabula
751 5206 1056 5274 perdidere,
1076 5214 1130 5260 et
1154 5221 1273 5275 quae
1301 5223 1442 5262 nunc
1469 5222 1568 5276 pro
1596 5209 1867 5264 veteribus

291 5299 541 5359 habeant,
573 5297 870 5369 ignoratur.

361 5385 491 5440 Filii
521 5387 717 5458 Regma
745 5405 761 5442 :
805 5387 946 5442 Saba
972 5398 1020 5442 et
1046 5387 1256 5442 Dadan.
1295 5387 1393 5442 Hic
1413 5388 1556 5443 Saba
1586 5405 1682 5458 per
1709 5390 1788 5443 sin
1815 5399 1868 5448 ω

293 5479 525 5532 litteram
559 5479 843 5543 scribitur;
873 5494 1035 5548 supra
1064 5496 1195 5535 vero
1226 5497 1320 5550 per
1341 5491 1401 5544 ο,
1432 5494 1462 5532 a
1499 5495 1602 5548 quo
1637 5481 1868 5536 diximus

293 5567 580 5638 appellatos
630 5568 869 5624 Sabaeos.
921 5569 1312 5639 Interpretatur
1359 5584 1488 5638 ergo
1536 5584 1677 5622 nunc
1726 5568 1864 5624 Saba

294 5659 508 5710 Arabia.
536 5657 667 5711 Nam
698 5659 749 5711 in
778 5664 1169 5727 septuageslmo
1195 5660 1367 5727 primo
1392 5657 1617 5725 psalmo,
1652 5659 1740 5711 lilii
1772 5675 1868 5714 nos

295 5749 574 5811 habemus,
608 5746 762 5816 Reges
789 5747 1018 5800 Arabum
1044 5759 1089 5799 et
1123 5748 1264 5801 Saba
1297 5764 1510 5800 munera
1544 5749 1777 5813 offerent,
1811 5749 1862 5801 in

1895 4506 1945 4566 D

1902 3164 1948 3226 (ἶ
1972 3164 2290 3259 appellatur.

2042 3279 2118 3335 De
2143 3290 2281 3334 terra
2301 3279 2395 3334 illa
2428 3280 2584 3334 exivit
2627 3281 2811 3347 Assur,
2857 3290 2905 3335 et
2946 3280 3223 3351 mdiﬁcavit
3251 3276 3473 3332 Niniven
3509 3284 3557 3330 et

1972 3372 2241 3426 Rohoboth
2269 3372 2547 3425 civitatem.
2580 3371 2656 3426 De
2687 3373 2789 3426 hac
2831 3379 2997 3434 terra,
3023 3371 3366 3441 Assyriorum
3391 3369 3563 3438 pullu-

1970 3464 2101 3524 lavit
2123 3463 2404 3532 imperium
2435 3462 2524 3532 qui
2556 3477 2622 3516 ex
2657 3462 2890 3517 nomine
2929 3461 3050 3515 Nini
3083 3461 3190 3516 Beli
3225 3460 3340 3526 lilii,
3364 3458 3556 3513 Ninum

1971 3556 2324 3610 condiderunt
2352 3557 2539 3610 urbem
2563 3573 2833 3627 magnam,
2860 3571 3024 3627 quam
3046 3555 3258 3610 Hebriei
3278 3555 3552 3627 appellant

1970 3646 2216 3711 Niniven,
2243 3647 2310 3701 ad
2336 3646 2490 3715 cujus
2517 3648 2603 3702 vel
2649 3648 2862 3702 ruinam
2907 3649 2990 3704 vel
3027 3647 3409 3718 paenitentiam
3446 3655 3559 3701 tota

1967 3736 2118 3792 Jonas
2140 3737 2374 3806 pertinet
2398 3737 2700 3806 prophetia.
2733 3738 2887 3804 Quod
2935 3723 3113 3792 autem
3140 3739 3215 3793 ait
3250 3737 3476 3794 Niniven
3505 3749 3558 3794 et

1968 3829 2252 3884 Rohoboth
2289 3829 2583 3895 civitatem,
2611 3845 2718 3884 non
2754 3839 3003 3900 putemus
3031 3832 3164 3886 duas
3195 3845 3316 3885 esse
3351 3833 3550 3897 urbes;

1969 3921 2066 3977 sed
2093 3921 2218 3990 quia
2259 3920 2542 3976 Rohoboth
2572 3919 2758 3991 platea:
2781 3923 3230 3992 interpretantur,
3263 3922 3334 3976 ita
3375 3922 3553 3993 legen-

1969 4013 2098 4068 dum
2119 4021 2237 4067 est:
2269 4022 2315 4065 et
2362 4011 2636 4079 wdiﬁcavit
2681 4011 2927 4077 Niniven,
2975 4023 3021 4066 et
3054 4014 3256 4082 plateas
3303 4015 3552 4066 civitatis.

1973 4099 2043 4153 Et
2084 4099 2332 4154 Mesraim
2377 4100 2554 4170 genuit
2582 4096 2774 4152 Ludim
2815 4107 2865 4151 et
2905 4097 3149 4151 Anamim
3181 4106 3227 4149 et
3255 4094 3473 4148 Laabini
3503 4106 3552 4147 et

1974 4191 2277 4261 Nephtuim,
2311 4201 2357 4244 et
2383 4189 2682 4244 Phetrusim
2705 4200 2752 4244 et
2783 4187 3072 4254 Chasluim,
3100 4206 3127 4242 e
3151 4187 3338 4260 quibus
3361 4202 3553 4258 egresso

1970 4293 2090 4338 sunt
2126 4280 2409 4336 Philistiim
2437 4291 2486 4336 et
2514 4279 2835 4353 Caphtorim.
2863 4281 3116 4350 Exceptis
3141 4280 3356 4334 Laabim
3379 4295 3406 4332 a
3429 4278 3548 4347 qui-

1971 4376 2072 4429 bus
2100 4373 2298 4444 Lybies
2330 4380 2518 4442 postea
2547 4371 2809 4426 nominati
2855 4380 3010 4435 sunt,
3043 4371 3136 4440 qui
3177 4371 3328 4440 prius
3357 4370 3546 4423 Phutei

1972 4464 2322 4527 vocabantur,
2359 4471 2414 4518 et
2437 4461 2708 4516 Chasluim
2739 4463 2832 4530 qui
2862 4461 3114 4529 deinceps
3141 4458 3429 4513 Philistiiin
3454 4474 3546 4527 ap—

1968 4557 2153 4628 pellati
2186 4564 2334 4622 sunt,
2363 4569 2500 4625 quos
2528 4570 2626 4610 nos
2654 4561 2908 4623 corrupte
2945 4551 3258 4606 Palmstinos
3286 4551 3546 4613 dicimus,

1970 4657 2180 4703 eceterae
2226 4661 2321 4701 sex
2369 4653 2555 4717 gentes
2599 4645 2794 4715 ignota:
2841 4643 2994 4697 nobis
3040 4651 3186 4706 sunt,
3234 4642 3361 4713 quia
3409 4641 3549 4696 bello

1970 4739 2278 4808 Ethiopico
2302 4737 2572 4791 subversae
2605 4750 2775 4804 usque
2805 4735 2871 4788 ad
2898 4733 3218 4788 oblivionem
3250 4733 3550 4802 praaterito-

1971 4844 2091 4883 rum
2118 4828 2392 4882 nominum
2416 4839 2728 4894 pervenere.
2759 4824 3119 4879 Possederunt
3144 4833 3323 4878 autem
3347 4832 3548 4877 terram

1972 4938 2000 4976 a
2035 4921 2200 4986 Gaza,
2228 4937 2400 4990 usque
2424 4919 2489 4973 ad
2517 4929 2792 4974 extremos
2821 4917 2953 4972 lines
2979 4915 3218 4988 Egypti.

2042 5022 2108 5076 Et
2143 5020 2398 5076 Chanaan
2436 5022 2609 5091 genuit
2649 5021 3044 5090 primogenitum
3075 5035 3226 5072 suum
3265 5016 3548 5082 Sidonem,

1968 5126 2018 5170 et
2051 5115 2348 5169 Hetlurum.
2385 5125 2432 5168 et
2460 5113 2780 5177 Jebusa'um,
2809 5123 2855 5166 et
2886 5112 3249 5166 Amorrlurum
3270 5153 3284 5178 ,
3327 5121 3375 5165 et
3422 5108 3549 5164 Cer-

1967 5222 2213 5276 gesteum,
2246 5215 2292 5259 et
2322 5203 2594 5266 Ilevrrum,
2614 5213 2660 5257 et
2684 5203 2979 5266 Araea'um,
3001 5212 3048 5255 et
3074 5201 3330 5266 Sina'um,
3351 5213 3398 5255 et
3421 5202 3460 5253 Α
3472 5217 3552 5253 νας

1967 5296 2136 5357 dium,
2156 5291 2506 5356 Samarwum,
2528 5303 2574 5345 et
2597 5292 2945 5344 Amat/imum.
2972 5291 3046 5344 De
3069 5290 3320 5344 Chanaan
3343 5290 3549 5360 primus

1972 5394 2131 5437 natus
2159 5391 2242 5436 est
2273 5381 2458 5444 Sidon,
2487 5397 2516 5433 a
2547 5396 2651 5450 quo
2678 5380 2804 5434 urbs
2836 5381 2887 5434 in
2917 5381 3170 5435 thnice
3194 5379 3357 5434 Sidon
3389 5395 3552 5433 voca-

1972 5483 2095 5536 tur;
2138 5472 2258 5526 dein
2309 5471 2590 5531 Aracmus,
2623 5471 2712 5539 qui
2758 5469 2928 5523 Arcas
2975 5468 3210 5524 condidit
3257 5468 3542 5538 oppidum,

1970 5571 2157 5618 contra
2188 5561 2444 5630 Tripolim
2469 5603 2482 5627 ,
2531 5562 2585 5614 in
2633 5560 2903 5614 radicibus
2932 5559 3120 5613 Li‘iani
3150 5559 3333 5611 situm.
3366 5558 3411 5609 Α
3441 5572 3548 5626 quo

1971 5657 2110 5709 haud
2136 5654 2319 5724 procul
2349 5653 2448 5707 alia
2473 5653 2662 5706 civitas
2693 5650 2792 5703 fuit
2813 5650 3028 5703 nomine
3058 5648 3194 5707 Sini.
3222 5664 3339 5716 qua:
3361 5657 3542 5716 postea

1967 5747 2116 5800 vario
2147 5755 2338 5799 eventu
2364 5745 2622 5798 subversa
2651 5741 2934 5804 bellorum,
2959 5757 3150 5795 nomen
3178 5738 3548 5793 tantmnmodo
