3958 6204
396 300 499 355 5ὶ9

1425 299 1776 357 COMMENT.
1821 303 1885 357 LV
1925 302 2242 359 CESESlM.
2287 335 2353 342 ——
2395 304 2516 358 LIB.
2559 306 2620 358 ll.

3547 311 3648 365 551.)

397 420 512 472 loco
543 413 832 484 pristinum
861 412 1174 467 reservavit.
1209 410 1390 468 Aradii
1434 424 1559 469 sunt
1595 417 1688 485 qui
1731 416 1972 471 Aradum
2001 423 2052 478 Α
2077 420 2393 474 scuritatem
2422 419 2568 504 facit,
2600 421 2742 489 quod
2769 435 2834 475 eo
2859 436 3056 490 genere
3085 422 3370 480 locutionis
3411 434 3646 480 contexit

399 508 624 564 insulam
656 505 1041 574 possederunt,
1071 514 1298 575 angusto
1338 505 1476 562 freto
1508 523 1539 561 a
1581 508 1854 564 Phoenicis
1894 510 1978 563 lit-

399 613 511 654 tore
533 606 859 667 separatam.
878 595 1136 650 Samaraei
1161 596 1354 665 quibus
1377 597 1577 652 Edessa
1597 599 1792 653 nobilis
1806 599 1978 655 Coele-

395 693 554 763 syrize
583 692 793 756 civitas,
821 689 1012 743 Emath
1039 705 1208 758 usque
1239 691 1306 745 ad
1333 700 1577 746 nostrum
1604 703 1837 763 tempus,
1868 704 1976 749 tam

395 802 424 838 a
455 784 629 854 Syriis
660 798 820 853 quam
849 783 917 836 ab
944 780 1206 844 llebraais,
1232 782 1305 836 ita
1333 791 1391 836 ut
1418 785 1559 854 apud
1595 794 1804 840 veteres
1835 787 1976 842 dicta

398 883 589 938 luerat,
635 873 955 944 appellatur.
998 870 1149 925 lianc
1179 872 1528 940 Macedones,
1575 877 1666 945 qui
1693 885 1814 945 post
1853 878 1975 933 Ale-

397 965 661 1020 xandrum
690 965 742 1018 in
773 962 991 1017 Oriente
1026 971 1339 1032 regnarunt,
1381 965 1736 1034 Epiphaniam
1770 985 1974 1023 nuneu-

394 1065 675 1127 paverunt.
697 1055 945 1110 Nonnulli
963 1055 1304 1110 Antiochiam
1326 1057 1400 1110 ita
1421 1057 1738 1127 appellatam
1761 1070 1969 1128 putant.

396 1151 497 1204 Alii
541 1150 668 1204 licet
711 1164 817 1202 non
861 1162 1012 1210 vere,
1047 1155 1225 1202 tamen
1265 1148 1576 1216 opinionem
1620 1166 1771 1204 suam
1818 1153 1974 1220 quasi

394 1237 671 1294 verisimili
717 1237 975 1292 vocabulo
1022 1237 1392 1303 consolantes,
1427 1239 1618 1293 Emath
1649 1240 1876 1308 primam
1904 1243 1972 1295 ab

396 1331 677 1385 Antiochia
709 1328 1042 1383 mansionem
1082 1329 1341 1382 Edessam
1388 1330 1736 1398 pergentibus
1782 1332 1969 1401 appel-

393 1422 489 1474 lari
513 1428 740 1490 putant;
779 1429 835 1475 et
863 1420 1108 1475 eamdem
1135 1435 1254 1475 esse
1275 1435 1396 1490 quae
1421 1421 1560 1490 apud
1593 1430 1800 1478 veteres
1825 1424 1972 1478 dicta

394 1513 465 1567 sit
496 1513 712 1567 Emath.

461 1602 529 1656 Et
574 1602 674 1672 fuit
709 1602 960 1657 terminus
1008 1599 1459 1667 Chananworum,
1493 1620 1524 1656 a
1571 1603 1764 1658 Sidone
1808 1605 1973 1659 donec

392 1695 562 1749 venias
591 1695 646 1747 in
684 1690 884 1747 Gerara
908 1709 1070 1764 usque
1099 1693 1167 1747 ad
1205 1691 1404 1748 Gazam
1447 1697 1775 1766 pergentibus
1809 1697 1970 1752 Sido-

392 1790 531 1842 niam
574 1796 623 1840 et
664 1782 1030 1851 Gomorrham,
1061 1795 1108 1840 et
1153 1785 1409 1840 Adamam
1432 1827 1446 1852 ,
1475 1798 1522 1841 et
1561 1787 1767 1842 Seboim
1809 1806 1970 1860 usque

394 1878 542 1932 Lesa.
576 1875 710 1943 Quia
747 1883 955 1930 caztera:
985 1874 1262 1941 civitates,
1297 1874 1462 1931 Sidon
1487 1877 1742 1933 videlicet
1775 1888 1830 1934 et
1861 1878 1968 1934 Ge-

391 1985 533 2036 rara,
562 1978 616 2022 et
643 1967 971 2031 Sodoma,et
996 1967 1320 2033 Gomorrha,
1347 1977 1400 2024 et
1424 1967 1721 2035 Adama,et
1752 1972 1970 2027 Feboim

390 2073 528 2118 nota
551 2071 678 2119 sunt
696 2062 970 2127 omnibus,
991 2061 1093 2116 hoc
1115 2070 1322 2116 tantum
1345 2062 1710 2118 annotandum
1734 2065 1967 2132 videtur,

388 2156 531 2224 quod
553 2155 686 2210 Lesa
717 2155 831 2224 ipsa
867 2155 938 2209 sit
972 2169 1092 2223 qua:
1127 2169 1271 2208 nunc
1309 2152 1580 2210 Callirhoe
1619 2157 1847 2224 dicitur,
1879 2159 1970 2213 ubi

394 2261 544 2314 aqua;
585 2245 774 2300 calida:
819 2253 1233 2314 prorumpentes
1282 2243 1336 2298 in
1384 2259 1534 2301 mare
1573 2245 1840 2303 Mortuum
1879 2248 1968 2303 de-

393 2334 580 2389 ﬂuunL

461 2421 590 2475 Filii
620 2420 764 2486 Sem,
795 2421 980 2476 .Elam
1026 2432 1074 2476 et
1116 2425 1310 2489 Assur,
1342 2437 1388 2480 et
1419 2426 1534 2480 Lud
1553 2468 1571 2494 ,
1605 2437 1653 2480 et
1683 2427 1967 2496 Arphaxad

388 2525 438 2569 et
467 2516 645 2568 Aram.
688 2515 731 2568 Η
741 2515 753 2568 i
801 2515 868 2570 ab
911 2515 1182 2585 Euphrate
1211 2516 1371 2571 ﬂuvio
1397 2525 1604 2586 partem
1630 2517 1772 2572 Asia:
1800 2533 1976 2586 usque

389 2607 458 2660 ad
481 2607 716 2660 Indicum
741 2623 1005 2661 oceanum
1027 2615 1230 2660 tenent.
1265 2607 1360 2662 Est
1381 2618 1561 2662 autem
1584 2607 1781 2672 Αῑιδω,
1808 2625 1836 2663 a
1861 2625 1968 2677 quo

393 2695 682 2762 xElamitaa,
718 2697 1040 2767 principium
1085 2697 1341 2752 Persidis.
1386 2700 1462 2753 De
1498 2699 1669 2753 Assur
1696 2708 1821 2753 ante
1855 2699 1967 2769 jam

391 2785 589 2840 dictum
619 2795 733 2849 est,
777 2786 920 2855 quod
956 2783 1152 2839 Ninum
1183 2785 1368 2842 urbem
1395 2787 1712 2842 condiderit.
1752 2788 1965 2856 Arpha-

394 2875 514 2936 xad,
543 2890 572 2928 a
597 2889 702 2943 quo
723 2873 975 2929 Chaldaei.
1013 2873 1205 2928 Lndim
1225 2917 1240 2939 ,
1271 2891 1300 2929 a
1343 2891 1450 2944 quo
1482 2875 1669 2946 Lydia.
1713 2877 1906 2943 Aram,
1936 2893 1972 2933 a~

393 2981 499 3035 quo
529 2964 673 3034 Syri,
700 2980 928 3034 quorum
954 2965 1266 3034 metropolis
1295 2974 1377 3021 est
1404 2967 1721 3022 Damascus.

461 3055 588 3109 Filii
616 3058 797 3122 Aram,
831 3054 902 3110 Us
929 3066 976 3111 et
1002 3055 1143 3123 Hul,
1168 3067 1216 3110 et
1243 3055 1433 3112 Cet/ter
1455 3067 1502 3112 et
1539 3058 1667 3112 Mes.
1702 3057 1797 3125 Us,
1835 3059 1968 3113 Tra-

390 3147 678 3202 chonitidis
712 3155 762 3201 et
793 3147 1036 3202 Damasci
1068 3147 1330 3211 conditor,
1367 3149 1509 3204 inter
1542 3147 1880 3204 Palaestinam
1899 3159 1966 3223 _et

389 3238 736 3308 leesyriam
762 3239 932 3292 tenuit
968 3238 1349 3308 principatum,
1390 3254 1418 3292 a
1466 3254 1573 3309 quo
1616 3238 1964 3309 Septuaginta

389 3329 710 3399 interpretes
739 3327 793 3381 in
822 3327 960 3381 libro
1002 3327 1122 3393 Job,
1167 3329 1258 3382 ubi
1306 3329 1359 3383 in
1404 3329 1630 3384 Hebraeo
1675 3331 1962 3395 scribitur,

387 3433 578 3474 terram
632 3419 738 3485 Us,
792 3421 1052 3488 regionem
1109 3421 1428 3486 Ausitidem,
1479 3421 1632 3490 quasi
1685 3419 1964 3476 Ussitidem

390 3513 797 3568 transtulerunt.
840 3511 972 3578 llul,
1003 3528 1034 3566 a
1079 3528 1186 3582 quo
1226 3513 1506 3578 Armenii;
1546 3511 1768 3578 Gether,
1797 3530 1828 3568 a
1858 3529 1965 3584 quo

387 3604 706 3669 Acarnanii,
753 3606 867 3660 sive
893 3604 1056 3658 Cavii.
1098 3603 1265 3659 Porro
1297 3604 1425 3669 Mes,
1461 3620 1560 3674 pro
1589 3620 1696 3674 quo
1737 3603 1964 3674 Septua-

388 3694 535 3764 ginta
571 3695 893 3764 interpretes
926 3693 1136 3748 Mosoch
1167 3694 1449 3761 dixerunt,
1480 3695 1572 3764 qui
1600 3709 1742 3748 nunc
1771 3710 1964 3749 vocan-

390 3794 476 3838 tur
517 3784 752 3839 Meones.
800 3783 1084 3853 Arphaxad
1127 3784 1302 3852 genuit
1347 3782 1512 3839 Sale:
1549 3792 1596 3836 et
1627 3781 1749 3838 Sale
1785 3785 1962 3853 genuit

391 3874 562 3928 [leber
586 3892 604 3939 ;
643 3883 690 3929 et
723 3873 894 3928 [leber
919 3874 1027 3927 nati
1047 3883 1167 3927 sunt
1195 3874 1298 3928 duo
1328 3873 1429 3944 ﬁlii
1450 3891 1468 3928 :
1500 3892 1683 3929 nomen
1707 3876 1796 3929 uni
1820 3873 1964 3928 Plia-

385 3967 466 4037 leg
486 4007 500 4030 ,
541 3983 602 4020 eo
628 3966 766 4037 quod
795 3967 846 4020 in
877 3967 1056 4020 diebus
1085 3983 1198 4036 ejus
1225 3966 1393 4021 divisa
1415 3969 1480 4020 sit
1507 3976 1680 4031 terra;
1703 3977 1751 4020 et
1777 3984 1964 4021 nomen

385 4059 568 4128 fratris
614 4060 728 4129 ejus
773 4058 980 4112 Jectan.
1015 4058 1190 4114 lleber
1219 4075 1249 4113 a
1285 4075 1392 4129 quo
1438 4059 1674 4126 llebrzei,
1707 4060 1962 4116 vaticinia

384 4151 619 4220 quodam
649 4166 746 4206 suo
778 4149 886 4205 lilio
911 4150 1111 4222 Phaleg
1140 4166 1333 4207 nomen
1373 4151 1645 4220 imposuit,
1672 4151 1762 4221 qui
1787 4151 1961 4206 inter-

386 4255 630 4315 pretatur
669 4245 886 4310 divisio,
919 4245 987 4300 ab
1014 4260 1079 4299 eo
1110 4246 1252 4315 quod
1289 4245 1345 4300 in
1384 4243 1574 4299 diebus
1615 4241 1729 4312 ejus
1766 4244 1961 4315 lingua:

387 4336 440 4390 in
468 4336 739 4406 Babylone
763 4336 946 4390 divisa:
975 4345 1118 4391 sunt.

451 4427 637 4482 Jectar
674 4430 849 4500 genuit
890 4428 1149 4482 Elmodad
1169 4470 1183 4494 ,
1215 4439 1262 4482 et
1307 4427 1527 4498 Salepli,
1568 4438 1614 4481 et
1646 4429 1923 4482 Asarmoth
1944 4470 1958 4491 ,

383 4521 514 4575 lare
543 4529 590 4573 et
615 4519 851 4573 Aduram
877 4529 924 4573 et
957 4517 1110 4581 υκαι,
1137 4528 1183 4573 et
1215 4517 1375 4572 Decla
1395 4558 1409 4583 ,
1453 4527 1499 4571 et
1547 4515 1713 4582 Ebal,
1759 4526 1806 4570 et
1836 4516 1961 4570 Abi-

384 4611 580 4673 mahel,
607 4607 744 4664 Saba
773 4620 820 4664 et
863 4608 1058 4681 Ophir,
1105 4620 1151 4664 et
1187 4609 1403 4675 IIevila,
1448 4620 1496 4665 et
1527 4609 1716 4664 Jobab.
1757 4609 1958 4664 Harum

383 4703 626 4773 gentium
651 4702 945 4772 posteriora
973 4702 1190 4758 nomina
1216 4702 1458 4756 invenire
1499 4717 1605 4756 non
1649 4701 1819 4771 potui,
1866 4700 1959 4755 sed

383 4808 559 4862 usque
586 4791 638 4845 in
665 4808 901 4862 prtesens
931 4793 1058 4862 quia
1085 4792 1326 4862 procula
1364 4793 1521 4847 nobis
1561 4799 1715 4857 sunt,
1762 4793 1843 4847 vel
1885 4793 1958 4847 ita

383 4893 649 4938 vocantur
681 4892 738 4936 ut
759 4883 990 4953 primum
1021 4883 1105 4938 vel
1135 4899 1254 4953 quas
1278 4885 1557 4939 immutata
1577 4885 1684 4939 sint
1703 4885 1958 4956 ignoran-

385 4985 487 5028 tur.
525 4973 886 5028 Possederunt
928 4985 1109 5029 autem
1153 4991 1183 5030 a
1233 4975 1500 5046 Caephere
1543 4975 1705 5032 ﬂuvio
1747 4992 1960 5031 omnem

383 5065 548 5120 Indiae
579 5063 850 5133 regionem
881 5079 1001 5132 quze
1028 5073 1254 5119 vocatur
1275 5064 1475 5119 Hieira.

460 5153 591 5206 Erat
621 5162 791 5206 autent
835 5162 975 5207 terra
1005 5153 1130 5207 labii
1166 5155 1319 5207 unius
1349 5163 1397 5208 et
1427 5171 1722 5210 sermonum
1757 5171 1964 5208 eorum-

382 5245 520 5296 dem.
549 5242 682 5296 Erat
705 5251 907 5308 autem,
939 5243 1134 5312 inquit,
1163 5245 1339 5298 omnis
1369 5253 1526 5298 terrae
1552 5244 1751 5299 labium
1774 5261 1957 5299 unum.

383 5333 666 5398 Quomodo
692 5342 869 5402 potest
912 5335 1167 5403 intelligi,
1212 5335 1426 5404 quando
1467 5335 1714 5404 superius
1757 5335 1960 5389 dictum

383 5433 469 5477 est
493 5423 636 5492 quod
668 5423 760 5476 lilii
793 5423 905 5478 Noe
944 5425 1027 5480 vel
1074 5425 1302 5479 ﬁliorum
1333 5425 1450 5496 ejus
1475 5425 1747 5480 distributi
1784 5433 1963 5480 essent

384 5531 482 5582 per
513 5523 732 5576 terram,
757 5515 1052 5569 secundum
1081 5517 1251 5570 tribus
1278 5525 1332 5571 et
1360 5515 1652 5570 secundum
1678 5523 1884 5585 gentes,
1908 5523 1962 5568 ct

385 5605 679 5658 secundum
711 5605 918 5673 linguas
945 5621 1072 5660 suas
1101 5623 1112 5669 ;
1148 5607 1249 5660 nisi
1282 5607 1405 5675 quia
1440 5622 1536 5676 per
1564 5605 1962 5674 recapitulatio-

383 5710 510 5750 nem
559 5704 738 5760 ['ostca
784 5706 1170 5751 commemorat
1199 5697 1337 5764 quod
1375 5697 1521 5758 prius
1549 5697 1707 5750 erat?
1742 5698 1833 5750 scd
1863 5699 1958 5749 oh-

1987 4471 2040 4530 D

2082 511 2203 574 ista,
2247 511 2400 578 quasi
2446 512 2682 565 narratio
2718 511 2784 566 de
2828 512 2912 566 bis
2955 528 3073 582 quze
3110 522 3292 584 postea
3339 515 3478 568 facta
3528 527 3650 570 sunt

2078 609 2460 670 consequatur.

2147 689 2380 762 Cumque
2429 694 2881 762 proﬁciscerentur
2925 695 2989 749 de
3039 694 3288 758 Oriente,
3351 698 3652 750 invenerunt

2077 798 2315 851 campum
2336 784 2389 836 in
2411 793 2551 838 terra
2574 784 2838 852 Sennaar,
2859 797 2906 840 et
2931 787 3291 841 habitaverunt
3310 789 3363 841 in
3385 804 3465 842 eo.
3493 788 3654 842 Dixit-

2074 891 2172 943 que
2193 873 2324 928 alter
2346 875 2414 928 ad
2429 877 2724 945 proximum
2747 892 2930 931 suum:
2962 877 3162 942 Venite,
3186 879 3443 947 faciamus
3467 879 3654 934 lateres

2075 977 2121 1019 et
2151 984 2433 1037 coquamus
2455 985 2540 1022 eos
2567 971 2694 1040 igni.
2727 969 3132 1043 Habueruntque
3158 969 3344 1024 lateres
3367 988 3460 1041 pro
3483 974 3651 1035 saxis,

2074 1067 2121 1109 et
2148 1057 2372 1134 bitumen
2393 1075 2486 1128 pro
2514 1069 2844 1123 ca'mento,et
2868 1061 3143 1113 dixerunt:
3174 1059 3368 1125 Venite,
3395 1061 3652 1130 faciamus

2074 1147 2219 1200 nobis
2258 1149 2512 1202 civitatem
2535 1190 2548 1212 ,
2594 1158 2639 1202 et
2684 1150 2893 1214 turrim,
2927 1151 3077 1218 cujus
3108 1167 3357 1204 cacumen
3394 1151 3651 1221 pertingnt

2074 1241 2142 1294 ad
2177 1242 2400 1306 caelum;
2439 1253 2486 1296 ct
2517 1242 2830 1297 celebremus
2867 1260 3050 1297 nomen
3081 1253 3334 1308 nostrum,
3374 1253 3652 1313 antequam

2073 1331 2373 1385 dividantur
2403 1333 2456 1385 in
2488 1333 2753 1386 universas
2782 1343 2968 1395 terras,
2994 1341 3048 1386 et
3074 1333 3298 1402 reliqua.
3327 1333 3514 1387 Turris
3540 1336 3653 1388 haw

2073 1421 2381 1490 superbiam
2408 1420 2565 1490 hujus
2589 1423 2771 1476 mundi
2797 1422 3083 1492 significat,
3110 1423 3195 1476 vel
3223 1423 3383 1492 impia
3405 1424 3653 1493 dogmata

2074 1511 2469 1565 haereticorum.
2504 1512 2603 1578 Qui
2630 1521 2914 1582 postquam
2945 1513 3074 1567 moti
3105 1523 3258 1578 sunt,
3300 1513 3366 1568 ab
3393 1512 3650 1576 Oriente,

2072 1602 2126 1655 id
2155 1609 2256 1666 est,
2285 1617 2414 1656 vero
2444 1601 2644 1655 lumine
2675 1611 3043 1670 recesserunt;
3073 1611 3126 1657 et
3147 1612 3408 1657 venerunt
3432 1603 3484 1656 in
3511 1619 3652 1658 cam-

2071 1707 2198 1761 pum
2241 1691 2513 1756 Sennaar,
2560 1693 2650 1760 qui
2695 1691 3078 1761 interpretatur
3123 1694 3357 1746 excussio
3395 1691 3648 1745 dentium.

1999 1772 2045 1830 Β
2075 1786 2269 1842 Statim
2301 1788 2560 1843 adversus
2589 1788 2757 1841 Deum
2785 1785 3073 1854 impietatis
3110 1801 3220 1840 sua:
3248 1784 3515 1840 :ediﬂcant
3539 1794 3652 1840 tur-

2071 1879 2174 1932 rim
2195 1920 2209 1946 ,
2256 1894 2321 1933 ac
2352 1879 2660 1948 dogmatum
2701 1877 3006 1946 superbiam
3038 1875 3243 1930 nefario
3282 1891 3414 1931 ausu
3442 1877 3649 1931 conlin-

2069 1979 2221 2040 gunt,
2253 1969 2493 2025 volentes
2522 1969 2836 2025 curiositate
2881 1983 2988 2023 non
3024 1967 3167 2032 licita
3200 1968 3365 2038 ipsius
3392 1968 3512 2024 caeli
3540 1968 3649 2022 alta

2067 2067 2374 2130 penetrare.
2427 2059 2533 2114 Sed
2570 2060 2709 2116 sicut
2746 2059 2820 2113 illi
2851 2073 2946 2128 per
2981 2057 3285 2126 superbiam
3317 2059 3386 2112 ab
3413 2073 3516 2112 una
3550 2057 3651 2111 lin-

2068 2167 2169 2223 gua
2202 2153 2252 2206 in
2278 2151 2476 2208 multas
2502 2152 2658 2208 divisi
2700 2159 2855 2214 sunt,
2887 2151 2957 2204 ita
2985 2159 3042 2204 er
3076 2149 3312 2206 hmretiei
3346 2150 3412 2204 ab
3445 2151 3650 2204 unitate

2072 2243 2218 2309 ﬁdei,
2245 2244 2584 2300 confessione
2607 2243 2892 2313 segregati,
2923 2243 3062 2297 inter
3085 2257 3142 2298 se
3169 2243 3479 2298 diversitate
3501 2257 3649 2297 erro-

2069 2333 2164 2398 ris,
2191 2334 2340 2402 quasi
2371 2349 2464 2404 per
2501 2333 2891 2389 dissonantium
2931 2331 3126 2402 linguae
3147 2372 3162 2396 ,
3208 2331 3435 2386 invicem
3468 2347 3649 2388 secer-

2068 2431 2269 2476 nuntur
2293 2440 2307 2488 ;
2349 2431 2403 2477 et
2427 2439 2562 2494 quos
2585 2431 2760 2478 armat
2787 2423 3046 2477 adversus
3065 2421 3230 2475 Deum
3253 2421 3409 2477 elatae
3437 2423 3651 2491 conspi-

2071 2514 2295 2568 rationis
2341 2515 2644 2583 perniciosa
2690 2514 3006 2578 consensio,
3047 2527 3234 2567 rursus
3284 2511 3650 2569 intercedente

2069 2605 2376 2674 dogmatum
2401 2605 2690 2670 discordia,
2716 2604 2905 2660 dividit
2927 2604 3116 2658 oborta
3139 2612 3361 2675 repente
3383 2602 3644 2659 confusio.

2069 2695 2213 2762 Quos
2245 2695 2461 2765 quidem
2488 2696 2600 2766 ipsa
2633 2695 2870 2750 Trinitas
2917 2697 3134 2750 damnat
3175 2696 3228 2749 in
3270 2711 3429 2766 quam
3478 2696 3645 2751 oll'en—

2069 2786 2238 2851 dunt;
2282 2787 2395 2856 ipsa
2420 2801 2514 2841 eos
2544 2786 2801 2857 dispergit
2829 2785 2956 2839 dum
2987 2785 3154 2840 dicit:

2153 2872 2348 2940 Venite,
2376 2875 2760 2945 confundamus
2791 2874 2996 2944 linguas
3037 2889 3247 2939 eorum,
3296 2874 3350 2928 in
3390 2875 3648 2929 varietate

2069 2970 2253 3040 utique
2278 2969 2479 3025 erroris
2507 2971 2620 3026 sive
2648 2969 3020 3025 schismatum.
3056 2968 3395 3025 Descendere
3423 2967 3536 3032 Dei,
3567 2978 3650 3021 est

2072 3061 2337 3114 humanus
2372 3069 2522 3115 actus
2567 3059 2835 3131 inspicere
2859 3101 2872 3126 ,
2914 3059 2996 3115 vel
3033 3074 3220 3114 eorum
3251 3059 3497 3114 sensibus
3525 3074 3647 3128 pra-

2070 3153 2355 3222 pinquare.
2387 3151 2542 3219 Quod
2571 3166 2700 3206 vero
2723 3151 2918 3221 plurali
2947 3166 3172 3206 numero
3195 3150 3329 3206 dixit
3352 3149 3648 3204 Descendao

2069 3258 2201 3305 mus,
2232 3249 2288 3295 et
2313 3241 2508 3296 iterum
2554 3241 2831 3311 singulari.
2875 3237 3125 3308 Confudit
3167 3240 3423 3295 Dominus
3450 3239 3644 3293 labium

2069 3334 2323 3387 universa:
2345 3343 2519 3399 teme,
2537 3333 2882 3388 distinctione
2903 3348 3252 3404 personarum
3273 3339 3515 3388 sanctam
3537 3332 3650 3386 Tri-

2067 3425 2291 3478 nitatem
2328 3431 2383 3478 et
2421 3423 2750 3494 operationis
2777 3423 3042 3478 unitatem
3071 3423 3126 3478 in
3150 3423 3433 3494 majestate
3466 3422 3645 3478 divina

2067 3515 2234 3570 voluit
2255 3515 2565 3582 ostendere,
2591 3515 2735 3571 sicut
2759 3515 2812 3570 in
2845 3515 3069 3570 exordio
3090 3514 3338 3569 humanae
3358 3514 3647 3570 ereationis

2066 3607 2266 3662 dictum
2293 3614 2403 3662 est:
2428 3605 2713 3660 Faciamus
2738 3607 2998 3660 hominem
3026 3605 3095 3659 ad
3123 3607 3400 3677 imaginem
3429 3615 3475 3659 et
3497 3606 3616 3660 simi
3624 3636 3644 3645 —

2065 3697 2335 3750 litudinem
2369 3706 2617 3764 nostram,
2651 3705 2706 3752 et
2741 3697 2933 3751 iterum
2961 3714 2974 3749 :
3012 3694 3160 3749 Fecit
3197 3695 3452 3749 Dominus
3479 3697 3645 3750 homi—

2065 3804 2179 3841 nem
2209 3787 2278 3841 ad
2303 3787 2699 3841 similitudinem
2725 3803 2895 3849 suam,
2923 3795 2981 3839 ut
3012 3785 3247 3839 Trinitas
3281 3785 3332 3838 in
3368 3788 3611 3854 personis
3630 3828 3643 3848 ,

2063 3884 2120 3930 et
2144 3875 2324 3930 unitas
2349 3877 2401 3930 in
2431 3877 2670 3945 potentia
2709 3891 2829 3930 esse
2871 3875 3142 3930 credatur.
3193 3873 3250 3929 Si
3287 3875 3408 3945 quis
3449 3876 3644 3944 quaerit

2064 3966 2120 4019 in
2163 3981 2270 4036 qua
2305 3964 2510 4020 familia
2546 3965 2632 4020 illa
2680 3966 2977 4036 permansit
3019 3964 3196 4036 lingua
3231 3979 3349 4033 qua:
3393 3963 3643 4034 primitus

2063 4057 2232 4111 Adam
2255 4056 2381 4112 data
2416 4056 2540 4120 fuit,
2585 4056 2720 4111 sciat
2749 4054 3002 4110 credibile
3031 4069 3150 4109 esse
3188 4053 3329 4123 quod
3356 4054 3410 4106 in
3441 4052 3641 4106 familia

2064 4147 2258 4211 Heber,
2285 4163 2352 4201 ex
2386 4162 2493 4217 quo
2524 4146 2734 4200 Hebraei
2766 4145 2896 4200 dicti
2920 4154 3072 4210 sunt,
3096 4144 3146 4197 in
3183 4160 3244 4198 ea
3275 4152 3428 4214 parte
3465 4143 3641 4197 homi-

2062 4253 2192 4293 num
2215 4252 2320 4306 qua
2350 4237 2443 4291 Dei
2479 4237 2657 4307 portio
2683 4235 3005 4306 permansit,
3053 4235 3105 4289 in
3152 4251 3256 4305 qua
3295 4242 3349 4287 et
3397 4235 3642 4293 Christus

2062 4329 2367 4384 nasciturus
2395 4336 2529 4382 erat.
2560 4325 2810 4397 Oportuit
2845 4327 2990 4381 enim
3019 4333 3078 4380 ut
3105 4326 3158 4380 in
3191 4341 3254 4381 ea
3288 4325 3465 4397 lingua
3497 4327 3644 4381 salus

2063 4420 2262 4474 mundo
2287 4419 2672 4489 praedicaretur
2694 4417 2891 4487 primo,
2919 4431 3014 4486 per
3036 4431 3194 4486 quam
3217 4417 3446 4486 primum
3480 4417 3641 4470 intra-

2064 4522 2217 4566 verat
2246 4527 2392 4566 mors
2422 4510 2474 4564 in
2505 4510 2782 4564 mundum.
2817 4507 3064 4564 Ostendit
3105 4522 3332 4583 quoque.
3365 4508 3549 4563 titulus
3590 4508 3640 4562 in

2065 4619 2225 4660 cruce
2251 4603 2544 4659 Salvatoris
2573 4602 2825 4671 scriptus,
2863 4601 3003 4655 hanc
3031 4614 3151 4654 esse
3172 4600 3411 4654 omnium
3439 4599 3643 4670 lingua-

2067 4713 2184 4750 rum
2213 4696 2462 4766 primam.
2485 4694 2615 4749 ltem
2645 4692 2690 4750 si
2717 4707 2874 4762 quem
2897 4700 3077 4746 movet
3097 4691 3200 4746 hoc
3221 4692 3364 4762 quod
3385 4692 3641 4761 scriptum

2066 4795 2148 4841 est
2176 4787 2228 4840 in
2260 4784 2660 4854 superioribus:
2710 4781 2974 4854 Requievit
3017 4781 3159 4836 Deus
3199 4782 3284 4836 die
3325 4784 3538 4852 septimo
3579 4783 3638 4836 ab

2068 4875 2304 4930 omnibus
2329 4875 2566 4946 aperibus
2595 4876 2704 4929 suis
2731 4872 2882 4944 (Gen.
2916 4872 2979 4942 ι),
3004 4873 3144 4928 unde
3169 4875 3347 4928 subito
3375 4883 3523 4928 tanta
3551 4890 3634 4944 ap-

2069 4976 2283 5040 pareret
2319 4967 2604 5022 diversitas
2649 4966 2982 5038 linguarum,
3018 4975 3077 5019 ut
3113 4974 3401 5036 cognoscat
3443 4981 3548 5019 non
3590 4968 3639 5018 in

2069 5062 2170 5116 hac
2197 5061 2458 5115 divisione
2483 5060 2784 5130 linguarum
2817 5075 3012 5115 novum
3047 5060 3175 5128 quid
3215 5059 3445 5113 condere
3481 5058 3641 5112 Crea-

2070 5160 2262 5214 torem,
2295 5150 2388 5205 sed
2418 5149 2628 5204 dicendi
2659 5151 2844 5204 modos
2880 5159 2936 5204 et
2979 5149 3181 5202 formas
3219 5149 3271 5202 in
3308 5149 3536 5202 diversis
3567 5149 3639 5202 lo-

2067 5239 2342 5309 quelarum
2376 5238 2660 5308 generibus
2703 5239 2898 5293 divisit.
2936 5239 3085 5294 Unde
3122 5237 3337 5292 easdem
3386 5238 3635 5306 syllabas,

2069 5339 2125 5385 et
2161 5329 2400 5398 ejusdem
2446 5331 2730 5400 potestatis
2767 5330 3005 5393 litteras,
3034 5328 3190 5382 aliter
3230 5327 3542 5396 oonjunctas
3587 5331 3638 5383 in

2070 5422 2295 5476 diversis
2327 5422 2626 5476 invenimus
2664 5420 2901 5490 Sentium
2949 5419 3165 5488 linguis.
3212 5417 3364 5487 Saepe
3399 5419 3560 5473 etiam
3589 5432 3639 5472 et

2067 5512 2255 5568 eadem
2284 5512 2496 5565 nomina
2532 5511 2614 5564 vel
2645 5510 2806 5565 verba
2848 5508 2990 5563 aliud
3025 5507 3240 5577 quidem
3283 5508 3638 5578 significantia

2069 5605 2120 5656 in
2153 5602 2253 5656 alia
2300 5603 2498 5671 lingua,
2543 5610 2703 5668 atque
2733 5598 2873 5652 aliud
2907 5599 2957 5651 in
3007 5598 3130 5652 alia.
3179 5596 3279 5653 Ubi
3325 5599 3553 5654 dicimus
3588 5601 3637 5654 in

2068 5694 2269 5761 psalmo
2299 5711 2307 5745 :
2350 5693 2413 5746 In
2447 5693 2582 5758 virga
2629 5690 2795 5758 ferrea
2831 5686 3010 5756 (l’sal.
3045 5689 3134 5760 ιι),
3184 5690 3234 5745 in
3267 5690 3452 5745 Grscco
3484 5691 3638 5744 habet
