3958 6204
328 332 388 383 Sil
943 329 1001 384 Β.
1042 326 1291 386 RABAM
1331 330 1549 384 MALRI
1588 328 1906 383 ARClilEP.
1950 325 2256 383 MOGUNT.
2294 326 2577 383 OPERUM
2618 327 2795 381 PARS
2835 328 2873 382 Ι.

3440 330 3546 385 5'5!

273 445 353 500 Ἕν
401 442 572 519 ῥάϐδῳ
602 442 806 521 σιδηρᾷ..
843 442 1010 514 Igitur
1044 444 1096 497 in
1122 442 1317 498 Latino
1344 441 1518 495 sidera
1559 456 1666 496 non
1698 441 1867 511 ferrea
1897 442 1945 499 Α
1972 439 2146 493 adhuc
2171 454 2432 494 annorum
2460 441 2795 511 septuaginta
2829 440 3066 510 quinque
3089 455 3213 496 cum
3251 452 3406 513 pater
3431 442 3550 513 ejus

294 535 562 605 significat
591 535 730 590 sicut
755 536 809 589 in
834 532 1045 597 Grzcco,
1074 532 1169 587 sed
1195 541 1362 588 astra.

890 662 1118 719 CAPUT
1164 662 1278 717 ΧΠ.

388 756 466 811 De
486 754 817 826 generatione
842 753 1055 826 Abram,
1084 763 1133 807 et
1156 757 1221 807 de
1251 753 1393 807 exitu
1419 751 1535 822 ejus
1557 768 1590 805 a
1623 760 1764 806 terra

890 821 1280 878 Chalda’orum.

359 916 461 972 Ila!
484 925 604 971 sunt
637 925 810 970 autem
837 915 1192 985 generationes
1231 914 1398 969 Thare
1422 931 1440 968 :
1472 912 1641 968 Thare
1690 913 1867 984 genuit

288 1010 482 1063 Abram
527 1018 575 1063 et
616 1007 832 1062 Nacltor
859 1017 906 1060 et
945 1010 1108 1061 Arau.
1160 1004 1324 1061 Porro
1349 1005 1493 1060 Aran
1533 1006 1708 1075 genuit
1746 1003 1861 1057 Lat.

290 1099 629 1173 Mortuusque
657 1106 733 1152 est
762 1098 903 1150 Aran
928 1106 1046 1150 ante
1072 1095 1240 1149 Thare
1264 1104 1462 1166 patrem
1481 1110 1659 1157 suum,
1682 1093 1737 1145 in
1768 1103 1867 1146 ter-

288 1204 347 1242 ra
375 1186 658 1241 nativitatis
684 1203 792 1241 suae
824 1186 879 1239 in
904 1183 978 1238 Ur
1009 1183 1395 1240 Chaldworum.
1428 1181 1594 1237 Porro
1617 1181 1761 1253 quod
1786 1181 1864 1235 le-

288 1280 462 1347 gimus
489 1278 640 1347 juxta
667 1277 809 1332 LXX
833 1278 885 1331 in
910 1278 1113 1347 regione
1141 1274 1529 1338 Chaldworum,
1561 1274 1613 1329 in
1641 1272 1865 1327 Hebraeo

290 1373 447 1426 habet
474 1367 550 1423 Ur
574 1370 792 1433 casdim,
812 1377 1161 1431 amur-1m,
1183 1365 1349 1431 idest,
1374 1365 1427 1419 in
1450 1365 1571 1436 igne
1592 1363 1867 1419 Chaldmo-

289 1476 425 1516 rum.
456 1458 697 1514 Tradunt
733 1466 913 1514 autem
940 1456 1149 1515 llebrzei
1178 1471 1245 1510 ex
1275 1455 1376 1517 hac
1400 1454 1685 1515 occasione
1713 1453 1867 1508 istius

287 1550 429 1605 modi
471 1547 703 1602 fabulam
759 1565 771 1600 :
802 1546 946 1615 quod
985 1545 1185 1602 Abram
1226 1545 1279 1598 in
1321 1543 1499 1614 ignem
1528 1543 1721 1597 missus
1755 1542 1864 1608 sit,

286 1643 412 1713 quia
441 1642 617 1710 ignem
648 1640 875 1693 adorare
912 1637 1147 1699 noluerit
1177 1652 1337 1707 quem
1380 1634 1615 1690 Chaldmi
1643 1635 1859 1701 colunt;

286 1741 341 1785 et
356 1732 447 1787 Dei
464 1730 665 1785 auxilio
683 1730 957 1792 liberatus,
980 1730 1045 1783 de
1065 1727 1377 1783 idololatriae
1400 1728 1521 1798 igne
1545 1727 1862 1800 profugerit,

1963 529 2075 600 jam
2106 538 2349 584 mortuus
2371 538 2533 593 esset,
2558 531 2649 601 qui
2671 544 2793 587 eum
2815 532 3209 603 septuagesimo
3236 535 3411 588 aetatis
3437 551 3550 589 sua:

1969 634 2111 673 anno
2139 628 2417 689 genuerat,
2441 629 2500 675 ut
2529 620 2731 676 Abram
2754 629 2878 690 post
2897 630 3125 677 mortem
3148 625 3321 692 patris
3348 626 3429 679 sui
3459 641 3547 679 an-

1968 725 2159 764 norum
2197 719 2340 765 esset
2389 720 2605 765 centum
2651 719 2708 767 et
2751 712 2971 782 triginta
3016 714 3253 783 quinque
3281 715 3326 768 si
3358 730 3549 771 omnes

1968 803 2092 857 anui
2120 802 2291 871 patris
2317 800 2433 869 ejus
2471 802 2690 858 ducenti
2711 803 2947 875 quinque
2975 802 3212 859 fuerunt.
3254 804 3545 876 Recapitu-

1967 890 2096 945 latio
2139 893 2316 961 itaque
2359 891 2464 946 lsta
2500 894 2546 947 si
2576 893 2888 948 advertatur
2912 894 2968 949 in
2992 894 3312 965 Scripturis,
3351 897 3549 950 multas

1966 984 2285 1052 quaestiones
2309 984 2466 1039 solvit
2482 1026 2496 1049 ,
2516 1000 2639 1054 qua:
2661 985 2969 1042 insolubiles
2991 997 3215 1056 possunt
3235 988 3425 1043 videri.
3448 988 3548 1043 Se—

1967 1073 2201 1127 cundum
2220 1074 2381 1128 etiam
2408 1074 2741 1143 superiorem
2764 1077 3121 1145 quaestionum
3154 1078 3561 1147 expositionem

1966 1176 2063 1231 per
2088 1163 2333 1216 eamdem
2360 1163 2855 1232 recapitulationcm
2892 1165 3106 1231 factam,
3147 1182 3455 1237 quanquam
3491 1177 3547 1222 et

1965 1252 2121 1306 aliter
2166 1254 2268 1308 ista
2319 1256 2544 1324 quaestio
2577 1271 2609 1309 a
2648 1257 2967 1327 quibusdam
3019 1258 3279 1325 solvatur,
3331 1268 3393 1313 ex
3453 1259 3567 1314 illo‘

1966 1347 2270 1416 computari
2293 1362 2463 1403 annos
2487 1349 2661 1403 (etatis
2688 1349 2936 1409 Abrahaz.
2960 1366 3026 1405 ex
3050 1366 3158 1421 quo
3179 1350 3438 1405 liberatus
3463 1360 3549 1407 est

1965 1436 2031 1491 de
2062 1438 2183 1507 igne
2207 1437 2602 1505 Chaldmorum,
2628 1441 2680 1494 in
2705 1456 2865 1510 quem
2892 1442 3089 1496 missus
3118 1451 3202 1496 est
3221 1426 3281 1496 ιιί
3308 1440 3545 1507 arderet,

1964 1526 2090 1595 quia
2127 1528 2372 1582 eumdem
2418 1528 2597 1597 ignem
2636 1531 3015 1598 superstitione
3043 1530 3416 1587 Chaldaeorum
3456 1548 3551 1587 eo-

1965 1620 2077 1677 lere
2122 1620 2320 1686 noluit,
2366 1619 2626 1678 liberatus
2673 1624 2834 1690 inde,
2871 1625 2971 1678 etsi
3020 1624 3073 1678 in
3109 1623 3400 1696 Scripturis
3438 1641 3547 1681 non

1967 1712 2178 1784 legitur,
2209 1711 2435 1766 Iudaica
2486 1721 2666 1769 tamen
2715 1716 3024 1769 narratione
3071 1714 3319 1769 traditur.
3359 1714 3553 1772 Potest

286 1824 429 1893 quod
453 1824 507 1877 in
536 1820 883 1891 sequentibus
903 1817 1159 1874 scribitur
1179 1833 1457 1891 egressum
1481 1833 1600 1873 esse
1628 1817 1858 1888 Tharam

1967 1808 2143 1855 autem
2174 1810 2229 1855 ct
2276 1801 2355 1857 sic
2387 1802 2521 1857 solvi
2561 1821 2576 1856 :
2621 1805 2875 1873 quoniam
2908 1802 3187 1874 Scriptura
3231 1819 3351 1874 qua:
3388 1803 3544 1871 dixit,

286 1931 409 1972 cum
446 1911 631 1969 sobole
659 1925 755 1966 sua
782 1909 849 1965 de
877 1907 1095 1979 regione
1126 1907 1522 1973 Chaldaaorum,
1557 1922 1656 1982 pro
1679 1922 1787 1979 quo
1814 1907 1866 1961 in

288 2007 511 2062 llehmo
539 2005 764 2060 habetur
782 2004 847 2059 de
870 2002 1116 2061 incendio
1140 2001 1543 2067 Chaldaeorum,
1569 2010 1624 2057 et
1651 2002 1754 2059 hoc
1776 2017 1865 2056 es-

286 2114 347 2153 se
372 2098 513 2168 quod
541 2110 683 2150 nunc
711 2092 924 2158 dicitur,
955 2092 1195 2155 Mortuus
1221 2102 1296 2147 est
1319 2092 1463 2146 Aran
1494 2102 1615 2149 ante
1645 2107 1867 2165 conspe-

286 2197 433 2241 ctum
461 2185 629 2239 Thare
651 2183 821 2253 patris
848 2182 951 2247 sui,
977 2182 1032 2235 in
1059 2190 1200 2237 terra
1225 2183 1509 2236 nativitatis
1527 2199 1637 2236 sua?
1665 2182 1717 2236 in
1746 2182 1868 2253 igne

288 2274 654 2330 Chaldworum
678 2313 693 2338 ,
725 2271 867 2341 quod
911 2270 1159 2331 videlicet
1182 2272 1360 2344 ignem
1403 2271 1592 2327 nolens
1617 2271 1875 2343 adorare,

285 2367 409 2437 igne
445 2369 794 2433 consumptus
826 2361 915 2417 sit.
945 2361 1207 2434 Loquitur
1243 2370 1421 2416 autem
1459 2370 1646 2432 postea
1676 2363 1863 2418 Domi-

286 2475 389 2515 nus
425 2458 492 2513 ad
532 2455 780 2521 Abram:
806 2453 921 2526 Ego
942 2470 1057 2509 sum
1091 2455 1181 2526 qui
1207 2466 1256 2509 te
1281 2454 1438 2509 eduxi
1464 2456 1528 2509 de
1557 2455 1678 2526 igne
1707 2453 1867 2509 Chal-

289 2550 546 2603 rimorum.

358 2635 634 2691 Duxerunt
664 2645 837 2698 autem
861 2634 1055 2697 Abram
1083 2643 1133 2689 et
1172 2632 1389 2689 Nachor
1423 2650 1610 2690 uxores
1636 2649 1654 2687 :
1681 2652 1872 2698 nomen,

284 2728 471 2782 uxoris
514 2726 707 2780 Abram
746 2725 902 2785 Sarai
924 2766 940 2791 ,
984 2736 1030 2780 et
1063 2742 1248 2785 nomen
1273 2727 1452 2781 uxoris
1484 2725 1701 2793 Nachor
1730 2727 1864 2781 Mel-

292 2819 389 2874 cba
416 2818 527 2889 ﬁlia
550 2818 694 2870 Aran
721 2817 883 2885 patris
907 2815 1127 2880 Melcluc
1149 2859 1165 2884 ,
1196 2828 1244 2873 et
1267 2818 1433 2888 patris
1454 2817 1677 2873 Jcschae.
1710 2816 1867 2873 Pater

286 2918 458 2961 autem
482 2905 700 2959 Helena:
723 2906 832 2979 ipse
864 2916 941 2965 est
960 2916 1110 2978 pater
1124 2905 1344 2964 Jeschaz.
1374 2908 1518 2962 Aran
1536 2906 1676 2962 lilius
1690 2907 1866 2963 Thare

288 2987 451 3046 frater
475 2995 677 3059 Abram
691 3003 745 3049 et
764 2992 1044 3067 Nachoris,
1065 2998 1199 3053 duas
1218 2996 1356 3052 tilias
1375 2996 1580 3067 genuit,
1603 2995 1871 3059 Melcham,

283 3096 338 3141 et
377 3085 536 3142 Sarai
582 3066 935 3155 cognomento
974 3084 1221 3141 Jescbam
1262 3066 1544 3158 summa.
1582 3085 1625 3140 Ε
1669 3085 1863 3155 quibus

1967 1906 2089 1947 eum
2114 1892 2292 1963 Thara
2317 1902 2461 1949 esset
2490 1908 2754 1950 annorum
2776 1896 3111 1965 septuaginta
3134 1895 3318 1967 genuit
3346 1895 3547 1950 Abram

1965 1993 2020 2038 et
2052 1983 2266 2039 Nachor
2283 1993 2338 2039 et
2363 1986 2531 2050 Aran,
2582 1994 2689 2041 non
2713 1986 2931 2056 utique;
2964 1987 3064 2043 hoc
3095 1987 3318 2059 intelligi
3351 1988 3544 2051 voluit,

1965 2077 2105 2144 quod
2153 2076 2342 2131 eodem
2380 2091 2525 2132 anno
2565 2069 2960 2150 septuagesimo
3004 2080 3178 2134 :etatis
3216 2096 3329 2135 sua:
3356 2095 3547 2137 omnes

1966 2176 2076 2222 tres
2099 2168 2303 2237 genuit,
2351 2169 2444 2224 sed
2480 2184 2546 2223 ex
2588 2185 2696 2239 quo
2741 2186 2883 2225 anno
2905 2186 3165 2242 generare
3198 2173 3385 2244 cmpit,
3418 2186 3549 2228 eum

1965 2275 2161 2314 annum
2188 2263 2628 2316 commemoravit
2646 2263 2949 2333 Scriptura.
2975 2262 3120 2319 Fieri
3141 2250 3320 2320 autem
3343 2272 3540 2334 potest,

1964 2358 2023 2403 ut
2048 2351 2314 2418 posterior
2338 2352 2409 2405 sit
2430 2361 2718 2422 generatus
2747 2354 2948 2408 Abram
2976 2394 2991 2420 ,
3021 2354 3114 2409 sed
3143 2355 3337 2410 merito
3364 2354 3543 2409 excel-

1965 2441 2164 2505 lentiae,
2190 2442 2318 2511 quia
2339 2441 2393 2496 in
2423 2441 2719 2512 Seripturis
2745 2442 2901 2499 valde
2925 2446 3358 2507 commendatur,
3391 2444 3541 2513 prior

1965 2530 2122 2586 fuerit
2165 2532 2472 2587 nominatus
2505 2533 2644 2588 sicut
2677 2535 2938 2603 propheta
2971 2522 3204 2605 priorem
3247 2536 3544 2591 nominavit

1966 2623 2229 2679 minorem
2255 2643 2267 2678 :
2294 2622 2463 2679 Iacob
2485 2624 2677 2693 dilexi,
2709 2626 2855 2681 Esau
2883 2628 3001 2681 odio
3036 2628 3192 2683 habui
3218 2627 3433 2696 (Matth.
3460 2628 3502 2698 ι)
3519 2670 3536 2691 ,

1964 2723 2020 2771 et
2050 2717 2102 2770 in
2141 2715 2611 2788 Paralipomenon,
2654 2734 2776 2775 eum
2815 2720 2885 2774 sit
2909 2729 3136 2791 quartus
3169 2721 3428 2776 nascendi
3445 2735 3541 2775 or-r

1965 2807 2089 2863 dine
2114 2805 2301 2873 Iudas,
2329 2807 2480 2879 prior
2503 2818 2588 2865 est
2612 2811 2942 2877 nominatus,
2973 2825 3003 2866 a
3027 2827 3134 2881 quo
3152 2809 3387 2867 Iudaica:
3410 2827 3545 2883 gen-.7

1966 2897 2005 2951 ti
2033 2912 2229 2952 nomen
2261 2906 2348 2952 est
2394 2908 2617 2971 propter
2662 2901 2863 2956 tribum
2920 2902 3139 2970 regiam.
3196 2899 3539 2959 Commodius

1964 2996 2143 3043 autem
2169 2988 2349 3059 plures
2373 2991 2552 3053 exitus
2577 2993 2924 3051 inveniuntur
2946 3034 2960 3059 ,
2995 2994 3191 3065 quibus
3215 2993 3539 3064 quaestiones

1965 3082 2211 3163 difficiles
2247 3081 2541 3137 solvantur.
2573 3081 2971 3145 Consideranda
3014 3094 3095 3140 est
3148 3100 3277 3140 sane
3301 3086 3541 3140 narratio

285 3176 550 3232 Melcbam
594 3147 802 3247 accepit
835 3192 1055 3241 uxorem
1103 3177 1319 3234 Nachor
1355 3187 1409 3233 et
1428 3147 1600 3234 'Sarai
1627 3147 1858 3244 Abram;
1890 3147 1933 3208 C
1968 3151 2229 3246 Stephani
2256 3177 2322 3232 de
2350 3176 2451 3231 hac
2475 3188 2531 3229 re
2559 3172 2698 3246 (Act.
2719 3172 2837 3244 vn),
2864 3174 2949 3229 cui
2975 3175 3146 3245 magis
3166 3176 3357 3230 harum
3377 3190 3540 3244 expo-

284 3265 512 3321 needum
534 3266 729 3339 quippe
748 3254 891 3322 inter
911 3277 1132 3338 patruos
1152 3278 1205 3323 et
1236 3266 1461 3323 fratrum
1500 3268 1638 3324 filias
1663 3268 1863 3339 nuptiae

284 3354 497 3411 fuerant
546 3356 658 3425 lege
699 3356 1014 3437 prohibita,
1060 3373 1179 3429 qua:
1227 3358 1280 3413 in
1319 3358 1509 3429 primis
1557 3359 1861 3415 hominibus

286 3444 450 3498 etiam
493 3445 632 3498 inter
660 3444 856 3507 fratres
884 3455 940 3501 et
974 3463 1189 3515 sorores
1217 3448 1363 3519 inita:
1390 3456 1532 3503 sunt.

357 3531 496 3586 Tulit
523 3535 696 3604 itaque
735 3533 904 3593 Thare
937 3537 1129 3591 Abram
1166 3537 1333 3607 ﬁlium
1373 3553 1546 3602 suum,
1594 3547 1642 3592 et
1670 3537 1766 3593 Lot
1790 3540 1859 3609 Ii-

284 3622 412 3676 lium
436 3626 599 3690 Aran,
626 3623 794 3694 filium
817 3625 919 3695 ﬁlii
943 3627 1057 3699 sui,
1076 3636 1122 3681 et
1148 3625 1306 3683 Sarai
1332 3644 1521 3682 nurum
1550 3645 1700 3682 suam
1726 3612 1859 3683 uxo-

284 3730 392 3767 rem
421 3715 613 3770 Abram
635 3715 737 3786 ﬁlii
759 3718 862 3784 sui,
888 3728 936 3775 et
966 3718 1143 3774 eduxit
1164 3736 1251 3774 eos
1279 3719 1345 3772 de
1373 3718 1451 3778 Ur
1472 3717 1857 3785 Chalda’orum,

282 3813 336 3856 ut
364 3804 457 3857 iret
492 3804 546 3859 in
570 3814 761 3867 terram
784 3803 1036 3872 Chanaan
1062 3822 1081 3860 :
1108 3818 1454 3881 veneruntque
1490 3826 1651 3882 usque
1678 3812 1820 3869 Aran
1840 3854 1853 3875 ,

281 3907 329 3950 et
377 3897 733 3953 habitaverunt
776 3898 866 3953 ibi.
908 3899 977 3953 Et
1005 3898 1134 3969 facti
1160 3909 1282 3955 sunt
1322 3918 1497 3959 omnes
1539 3902 1649 3962 dies
1691 3902 1860 3960 There

282 3987 621 4042 ducentorum
667 3989 892 4067 quinque
936 4007 1233 4057 annorum,
1283 4001 1333 4046 et
1388 4002 1623 4057 mortuus
1681 4004 1756 4048 est
1803 3996 1863 4063 in

281 4079 445 4132 Aran.
477 4078 660 4153 (Aug.)
688 4078 875 4136 Merito
902 4082 1163 4152 quaeritur
1191 4083 1458 4155 quomodo
1486 4085 1867 4157 accipiendum.

281 4169 352 4222 sit
378 4171 519 4239 quod
547 4186 667 4225 cum
695 4179 836 4227 esset
866 4172 1042 4228 Thara
1066 4181 1221 4250 pater
1248 4173 1405 4243 Abra:
1440 4191 1703 4231 annorum
1736 4192 1857 4247 scp-

280 4261 518 4330 tuaginta
548 4262 730 4333 genuit
751 4263 950 4319 Abram
975 4306 990 4330 ,
1028 4274 1082 4321 et
1117 4273 1299 4336 postea
1323 4282 1444 4322 cum
1470 4267 1583 4322 suis
1607 4268 1855 4323 omnibus

281 4350 477 4405 mansit
506 4351 557 4404 in
588 4351 787 4418 llaran,
811 4362 865 4408 et
892 4355 1026 4423 vixit
1060 4340 1231 4411 annos
1253 4357 1514 4412 ducentos
1535 4357 1772 4427 quinque
1795 4359 1848 4411 in

282 4439 482 4504 liaran,
503 4450 557 4496 et
574 4452 816 4498 mortuus
837 4452 937 4508 est,
972 4453 1026 4499 et
1041 4445 1177 4501 dixit
1198 4445 1459 4501 Dominus
1484 4447 1550 4501 ad
1566 4446 1765 4501 Abram
1792 4457 1851 4502 ut
1878 4481 1931 4540 Β

277 4531 451 4584 exiret
471 4531 536 4584 de
558 4529 766 4598 Haran;
792 4543 846 4586 et
881 4533 1013 4587 exiit
1033 4533 1156 4593 inde
1178 4550 1301 4591 cum
1323 4544 1465 4590 esset
1488 4536 1627 4590 idem
1650 4536 1850 4591 Abram

276 4621 612 4691 septuaginta
645 4622 881 4699 quinque
909 4638 1173 4677 annorum
1193 4665 1207 4690 ,
1247 4625 1386 4680 sicut
1420 4625 1473 4689 in
1505 4626 1853 4694 sequentibus

275 4712 578 4766 ostenditur
622 4731 635 4766 :
685 4712 785 4769 nisi
832 4729 929 4790 per
972 4714 1466 4789 recapitulationem
1513 4717 1849 4785 ostendatur,

274 4800 397 4855 vivo
425 4800 601 4854 Thara
649 4800 884 4857 locutum
931 4819 1051 4859 esse
1079 4803 1360 4859 Dominum
1379 4845 1393 4868 ,
1421 4813 1474 4860 et
1498 4804 1696 4860 Abram
1730 4808 1851 4861 vivo

273 4899 429 4958 patre
467 4906 566 4946 suo
610 4893 901 4947 secundum
943 4902 1266 4966 praeceptum
1311 4896 1522 4951 Domini
1570 4898 1747 4952 exisse
1783 4899 1849 4953 de

274 4980 473 5047 llaran,
501 4996 622 5037 cum
643 4991 788 5039 esset
808 4984 1144 5054 septuaginta
1161 4985 1398 5055 quinque
1411 5001 1699 5053 annorum,
1722 5003 1847 5043 cen-

274 5076 466 5131 tesimo
491 5084 545 5131 et
572 5076 985 5151 quadragesimo
1031 5084 1085 5131 et
1118 5078 1308 5147 quinto
1347 5093 1489 5134 anno
1529 5079 1651 5133 vitm
1677 5080 1846 5147 patris

270 5168 375 5232 sui,
405 5168 450 5223 si
472 5169 585 5224 dies
611 5169 736 5223 vita:
761 5168 929 5238 patris
955 5170 1037 5229 sui
1065 5171 1190 5229 anni
1221 5171 1433 5225 ducenti
1473 5172 1710 5248 quinque
1735 5170 1845 5225 fue-

270 5269 417 5323 runt,
445 5270 503 5313 ut
531 5261 650 5315 ideo
690 5260 948 5334 scriptum
973 5263 1071 5323 sit,
1105 5259 1340 5315 Fuerunt
1363 5264 1487 5315 anni
1519 5265 1636 5316 rita:
1670 5261 1845 5317 Thura

271 5347 477 5402 ducenti
501 5350 725 5419 quinque
754 5350 805 5403 in
841 5349 1024 5404 [Ιανηη
1053 5391 1066 5411 ,
1098 5353 1221 5418 quia
1242 5334 1319 5404 ihl
1343 5351 1632 5420 complevit
1657 5364 1845 5405 omnes

271 5451 443 5491 annos
464 5440 628 5494 torius
652 5440 775 5493 vita:
803 5456 932 5493 sum.
967 5440 1203 5496 Solvitur
1229 5455 1357 5510 ergo
1383 5441 1608 5509 qumstio
1634 5455 1729 5509 per
1759 5456 1843 5493 rc-

270 5525 730 5592 capitulationcm,
753 5543 875 5598 qua:
898 5529 1280 5583 indissolubilis
1304 5537 1625 5589 remaneret,
1654 5528 1698 5581 si
1724 5538 1848 5597 post

271 5621 496 5667 mortem
525 5614 702 5670 Thare
741 5618 1106 5687 acciperemus
1132 5619 1365 5673 locutum
1412 5632 1529 5671 esse
1559 5617 1841 5672 Dominum

267 5702 334 5755 ed
360 5703 577 5763 Abram.
608 5713 665 5757 ut
696 5706 865 5761 exiret
892 5709 954 5762 de
983 5709 1181 5771 llaran,
1215 5709 1336 5776 quia
1368 5724 1471 5761 non
1494 5717 1701 5777 poterat
1725 5725 1842 5763 esse

1964 3266 2223 3321 sitionum
2270 3281 2376 3321 non
2424 3272 2686 3335 repugnet
2719 3263 3025 3329 difﬁcultas.
3060 3265 3127 3319 Et
3153 3265 3282 3320 illud
3321 3267 3538 3336 quidem

1961 3357 2123 3427 cogit,
2157 3365 2371 3421 utnon,
2411 3355 2551 3410 sicut
2589 3354 2801 3411 narrari
2840 3354 3051 3409 videtur
3073 3353 3129 3410 in
3152 3352 3347 3411 Genesi
3374 3364 3545 3425 ,‘post

1960 3454 2188 3503 mortem
2216 3446 2395 3502 Thare
2422 3445 2627 3500 locutus
2647 3453 2732 3499 est
2757 3444 2899 3499 Deus
2921 3444 3170 3512 Abrahae,
3199 3448 3261 3501 at
3276 3446 3453 3502 exiret
3467 3446 3539 3501 tle

1961 3536 2279 3608 cognatione
2300 3551 2420 3600 sua,
2448 3545 2503 3589 et
2531 3535 2597 3590 de
2617 3533 2777 3589 domo
2802 3536 2975 3603 patris
2994 3535 3101 3602 sui,
3129 3534 3225 3592 sed
3247 3551 3371 3592 cum
3395 3544 3545 3592 esset

1961 3628 2015 3682 in
2044 3626 2445 3696 Mesopotamia,
2474 3627 2787 3697 priusquam
2815 3628 3085 3695 habitaret
3111 3629 3166 3684 in
3203 3627 3404 3695 llaran,
3426 3628 3534 3699 jam

1960 3719 2145 3789 utique
2181 3734 2431 3790 egressus
2457 3717 2524 3773 de
2547 3727 2692 3776 terra
2722 3718 3119 3787 Chaldaeorum,
3138 3728 3195 3774 ut
3223 3720 3314 3777 illo
3343 3721 3538 3776 itinere

1959 3810 2287 3881 intelligatur
2323 3810 2373 3864 ei
2418 3809 2630 3865 locutus
2672 3809 2833 3865 Deus.
2880 3810 2985 3866 Sed
3035 3812 3176 3879 quod
3228 3809 3537 3881 Stephanus

1957 3911 2143 3971 postea
2167 3902 2244 3957 sic
2263 3908 2448 3956 narrat
2470 3921 2482 3955 :
2505 3900 2649 3956 Tunc
2672 3918 2905 3971 egressus
2926 3902 3119 3957 Abram
3140 3903 3203 3957 de
3221 3914 3361 3957 terra
3381 3902 3539 3958 Chal-

1958 3994 2191 4047 dtrorum
2214 4033 2229 4058 ,
2260 3991 2507 4045 habitavit
2537 3994 2591 4045 in
2617 3990 2802 4045 Haran
2827 4033 2843 4057 ,
2882 4002 2929 4046 et
2954 3991 3074 4046 inde
3099 4002 3370 4064 postquam
3396 4011 3540 4049 mor-

1957 4095 2078 4138 tuus
2108 4092 2183 4138 est
2210 4093 2358 4154 pater
2386 4084 2530 4151 ejus,
2567 4083 2833 4137 collocavit
2868 4099 2985 4137 eum
3021 4085 3241 4142 interra
3270 4086 3395 4147 hac,
3428 4103 3536 4141 non

1958 4187 2156 4242 parvas
2178 4171 2334 4226 affert
2364 4173 2641 4243 angustias
2685 4172 2810 4226 huic
2845 4173 3167 4242 expositioni
3204 4170 3547 4245 {quaestioni}

1955 4279 2074 4333 qua:
2109 4263 2170 4317 lit
2204 4278 2301 4333 per
2336 4262 2847 4334 recapitulationem.
2886 4263 3111 4319 Videtur
3147 4265 3289 4318 enim
3313 4263 3543 4320 habuis-.

1955 4369 2012 4408 se
2044 4354 2325 4424 imperium
2368 4354 2600 4417 Domini,
2629 4352 2771 4422 quod
2806 4354 2854 4407 ei
2890 4352 3065 4408 fuerat
3107 4353 3318 4409 locutus
3357 4357 3410 4409 in
3444 4357 3535 4411 iti-

1956 4457 2083 4498 nere
2132 4442 2562 4514 Mesopotamire,
2600 4458 2817 4514 egresso
2856 4444 2922 4499 de
2958 4439 3106 4499 terra
3135 4443 3545 4521 Chaldaeorum,

1955 4544 2006 4590 et
2034 4536 2182 4590 eunti
2214 4536 2396 4589 Harau
2423 4576 2437 4599 ,
2477 4543 2535 4590 et
2576 4535 2680 4591 hoc
2708 4536 2992 4607 imperium
3037 4545 3159 4605 post
3183 4546 3413 4592 mortem
3440 4554 3539 4609 pa-

1956 4628 2057 4682 tris
2076 4626 2155 4681 sui
2180 4626 2492 4681 obedienter
2518 4625 2786 4695 implesse,
2812 4641 2934 4682 cum
2962 4627 3160 4682 dicitur
3191 4646 3203 4680 :
3233 4627 3304 4681 Et
3326 4629 3541 4683 habita-

1953 4716 2023 4769 rit
2048 4716 2102 4770 in
2130 4714 2349 4780 Ituran;
2398 4724 2452 4769 et
2481 4715 2605 4770 inde
2645 4722 2928 4785 postquam
2972 4724 3218 4771 mortuus
3257 4726 3344 4772 est
3377 4730 3544 4788 pater

1954 4804 2069 4873 ejus
2094 4805 2375 4860 collocavit
2402 4805 2551 4859 illum
2580 4807 2632 4859 in
2660 4814 2801 4861 terra
2835 4807 2935 4861 hac
2960 4847 2975 4871 ,
3003 4822 3066 4862 ac
3091 4821 3187 4878 per
3212 4809 3318 4864 hoc
3347 4820 3539 4868 manet

1953 4897 2198 4965 qumstio,
2227 4897 2273 4951 si
2292 4898 2628 4968 septuaginta
2659 4899 2898 4969 quinque
2921 4915 3182 4955 annorum
3201 4942 3213 4964 ,
3248 4903 3386 4958 sicut
3414 4910 3540 4959 evi-

1954 4988 2144 5042 denter
2187 4986 2465 5057 Scriptura
2518 4987 2791 5044 Geneseos
2838 4988 3093 5059 loquitur,
3149 4991 3270 5057 fuit,
3312 4998 3544 5062 quando

1952 5092 2203 5145 egressus
2230 5087 2313 5132 est
2332 5077 2398 5131 de
2424 5077 2624 5142 Haran,
2651 5079 2917 5148 quomodo
2942 5094 3061 5135 esse
3104 5082 3275 5149 possit
3301 5081 3408 5138 hoc
3436 5100 3531 5140 ve-

1955 5168 2113 5222 rum?
2158 5169 2261 5222 nisi
2300 5167 2439 5222 forte
2472 5169 2613 5237 quod
2654 5171 2730 5223 ait
2769 5170 3071 5238 Stephanus
3104 5190 3115 5224 :
3147 5172 3292 5226 Tunc
3332 5173 3539 5231 Abram

1952 5274 2186 5327 egressus
2214 5266 2287 5311 est
2316 5257 2380 5311 de
2404 5267 2543 5311 terra
2567 5257 2954 5323 Chalda’orum,
2981 5270 3033 5313 et-
3053 5261 3303 5316 habitavit
3329 5264 3383 5316 in
3411 5262 3537 5319 Ila-

1953 5363 2069 5407 ran,
2116 5360 2221 5400 non
2252 5346 2331 5400 sic
2373 5347 2689 5416 accipiatur.
2727 5348 2878 5402 Tunc
2916 5364 3165 5419 egressus
3188 5360 3273 5406 est
3306 5363 3543 5418 postea-

1949 5452 2111 5504 quam
2142 5438 2189 5491 ci
2215 5437 2427 5491 locutus
2443 5445 2525 5491 est
2551 5437 2806 5493 Dominus
2830 5480 2843 5501 ,
2871 5437 2984 5507 jam
3005 5441 3147 5495 enim
3176 5456 3293 5496 emt
3324 5446 3376 5497 in
3415 5443 3544 5501 Me-

1949 5528 2268 5595 sopotamia,
2318 5527 2455 5580 sicut
2483 5542 2643 5596 supra
2668 5528 2868 5582 dictant
2891 5538 2994 5593 est,
3027 5532 3243 5599 quando
3273 5532 3412 5586 illud
3431 5550 3543 5587 au-

1948 5617 2079 5669 divit
2103 5632 2131 5668 a
2158 5617 2381 5668 Domino
2402 5656 2417 5679 ,
2464 5616 2556 5669 sed
2587 5616 2758 5686 ipsam
2789 5618 3030 5687 regulam
3068 5622 3549 5681 recapitulationis

1949 5719 2233 5760 contexere
2264 5705 2426 5759 \‘ulttil
2470 5706 2797 5776 Stephanus,
2849 5717 2903 5763 ct
2929 5710 3085 5764 simul
3119 5711 3298 5766 dicere
3329 5727 3341 5766 :
3378 5712 3551 5779 [nde
