3974 6200
282 270 377 328 555

1306 262 1661 323 COMMENT.
1699 263 1766 320 ΙΝ
1804 260 2118 320 CENESIM.
2171 291 2229 299 —
2266 258 2392 314 LIB.
2433 258 2493 313 ll.

3414 253 3517 310 53$

281 401 527 461 egressus
560 390 643 439 est
679 382 742 439 de
784 389 928 435 terra
970 378 1337 435 Chaldaeorum
1362 419 1377 443 ,
1414 387 1468 435 et
1512 379 1771 459 habitavit
1796 378 1846 432 in
1877 381 1926 439 A
2023 374 2277 445 Egressus
2324 382 2395 427 est
2440 374 2609 442 itaque
2640 370 2899 461 Abraham
2927 370 3077 461 sicut
3118 380 3427 461 pra’ccperat
3474 372 3521 423 ei

281 481 476 535 llas-an.
521 476 580 530 in
626 475 801 532 medio
841 482 1040 537 autem,
1088 472 1141 527 id
1169 483 1272 536 est,
1303 474 1445 526 inter
1472 487 1750 544 egressum
1779 472 1847 526 de

280 582 420 626 terra
442 567 818 625 Chaldmorum
836 604 851 629 ,
882 570 937 619 et
962 562 1348 617 habitationem
1371 562 1426 617 in
1446 561 1623 626 Haran
1640 603 1656 626 .
1695 562 1742 617 ei
1774 561 1850 616 lo-

278 670 433 716 cutus
476 666 564 715 est
590 656 752 713 Deus.
779 655 971 731 Postea
1007 669 1138 708 vero
1174 653 1317 724 quod
1355 653 1597 726 adjungit
1626 652 1852 725 Stepha-

278 768 376 809 uus
397 793 414 817 ,
458 750 526 804 Et
546 747 668 803 inde
694 754 966 819 postquam
994 734 1239 798 mortuus
1257 732 1330 799 est
1350 754 1499 814 pater
1522 744 1655 814 ejus,
1686 742 1850 798 collo-

279 845 405 899 cari!
439 840 590 894 illum
636 840 691 892 in
731 846 869 890 terra
906 837 1004 889 hac
1028 877 1044 901 ,
1082 835 1394 899 intuendum
1435 843 1520 890 est
1563 835 1705 904 quod
1745 849 1857 890 non

280 935 409 991 dixit
435 952 449 985 :
482 938 766 1002 postquam
792 938 1033 982 mortuus
1059 935 1142 981 est
1160 934 1314 996 pater
1337 924 1470 995 ejus,
1495 941 1745 997 egressus
1772 934 1857 981 est

279 1028 340 1081 de
371 1024 573 1085 Haran,
601 1021 694 1076 sed
718 1018 747 1073 1
753 1018 851 1073 nde
878 1017 1143 1073 collocavit
1172 1034 1288 1072 eum
1318 1017 1453 1071 Deus
1482 1018 1539 1071 in
1564 1026 1702 1071 terra
1732 1018 1853 1083 hac,

280 1125 331 1169 ut
363 1120 487 1183 post
520 1109 911 1166 habitationem
935 1109 987 1162 in
1013 1107 1190 1162 Haran
1212 1145 1227 1171 ,
1263 1107 1617 1162 collocaretur
1635 1108 1688 1162 in
1712 1115 1857 1165 terra

280 1207 554 1268 Chanaan,
583 1216 689 1255 non
716 1208 835 1270 post
856 1206 1083 1253 mortem
1105 1196 1275 1266 patris
1307 1195 1598 1252 collocatus
1627 1197 1679 1251 in
1712 1206 1856 1251 terra

281 1270 559 1359 Chanaan,
583 1299 643 1346 ut
663 1289 793 1344 ordo
817 1286 1101 1342 verborum
1133 1285 1203 1341 sit
1230 1305 1242 1339 :
1266 1285 1540 1340 Habitavit
1565 1287 1619 1340 in
1646 1285 1855 1352 Haran;

282 1398 331 1443 et
363 1386 488 1441 inde
514 1381 797 1438 collocavit
824 1377 971 1432 illum
994 1376 1049 1430 in
1074 1386 1218 1431 terra
1245 1376 1375 1443 hac,
1399 1385 1683 1446 postquam
1712 1392 1859 1431 mor-

286 1489 406 1533 tuus
434 1483 518 1531 est
554 1483 707 1546 pater
737 1472 884 1542 ejus,
916 1480 977 1525 ut
1002 1478 1129 1551 tunc
1155 1466 1512 1538 intelligamus
1543 1465 1863 1535 collocatum

283 1571 363 1625 vel
389 1567 743 1625 constitutum
783 1563 983 1619 Abram
1032 1562 1084 1616 in
1132 1570 1275 1617 terra
1318 1559 1597 1626 Chanaan,
1649 1561 1862 1630 quando

286 1662 387 1715 illic
414 1674 538 1714 eum
564 1665 813 1727 nepotem
841 1654 1113 1723 suscepit,
1148 1653 1305 1721 cujus
1328 1652 1640 1707 universum
1676 1668 1860 1707 semen

1952 465 2226 528 Dominus,
2275 475 2321 518 et
2360 464 2444 516 ivit
2492 479 2609 519 cum
2654 477 2713 515 eo
2753 458 2868 514 Lot.
2913 459 3254 530 Septuaginta
3297 460 3523 529 quinque

1949 559 2060 603 erat
2107 566 2363 602 annorum
2410 547 2639 609 Abram,
2681 561 2795 598 cum
2836 534 3263 614 egrederetur-de
3311 540 3521 596 Horon.

1952 638 2065 693 Non
2098 636 2482 693 contemnenda
2511 644 2594 689 est
2624 635 2786 705 igitur
2814 633 2905 688 illa
2934 633 3280 689 Hebraeorum
3308 634 3526 688 traditio

1953 744 2114 797 quam
2129 742 2287 797 supra
2312 728 2560 789 diximus,
2584 727 2725 795 quod
2752 738 3001 796 egressus
3020 726 3090 781 sit
3115 724 3293 780 Thura
3320 741 3442 781 cum
3467 725 3529 779 ii-

1952 822 2038 876 liis
2063 820 2175 876 suis
2196 820 2261 874 de
2283 820 2402 889 igne
2422 818 2815 883 Chaldaeorum,
2845 826 2901 873 et
2921 821 3064 889 quod
3086 818 3285 873 Abram
3305 817 3530 887 Babylo-

1955 912 2046 966 nio
2072 909 2298 965 vallatus
2324 910 2589 973 incendio,
2618 912 2743 979 quia
2774 910 2899 965 illud
2922 913 3148 967 adorare
3167 913 3399 977 nolebat,
3432 913 3526 966 Dei

1956 1008 2025 1062 sit
2046 1006 2244 1062 auxilio
2270 1006 2548 1069 liberatus,
2569 1014 2625 1061 et
2642 1022 2704 1062 ex
2727 1005 2818 1061 illo
2847 1014 3087 1077 tempore
3112 1006 3160 1061 ei
3182 1007 3297 1062 dies
3324 1009 3445 1062 vitae
3473 1016 3528 1062 et

1959 1107 2166 1168 tempus
2194 1106 2471 1167 reputetur
2497 1097 2691 1159 astatis,
2723 1112 2788 1151 ex
2809 1112 2915 1166 quo
2940 1096 3216 1153 confessus
3238 1104 3320 1153 est
3350 1098 3532 1154 Domi-

1960 1202 2107 1251 num,
2131 1202 2390 1255 spernens
2418 1187 2559 1243 idola
2583 1186 2973 1243 Chaldaeorum.
3001 1186 3185 1243 Potest
3209 1195 3386 1243 autem
3417 1186 3532 1245 fieri

1960 1284 2019 1330 ut
2040 1278 2164 1346 quia
2196 1274 2473 1345 Scriptura
2500 1276 2714 1345 reliquit
2740 1277 3000 1331 incertum
3020 1318 3033 1340 ,
3062 1283 3188 1332 ante
3216 1292 3419 1347 paucos
3438 1293 3535 1331 an-

1961 1380 2059 1419 nos
2089 1365 2261 1419 Thara
2284 1366 2349 1419 de
2375 1363 2622 1421 Chaldzea
2664 1365 2938 1437 profectus
2978 1366 3185 1421 venerit
3228 1366 3278 1419 in
3310 1364 3489 1420 ﬂaran
3517 1407 3531 1427 ,

1961 1470 2066 1523 qua
2094 1462 2268 1508 morte
2292 1454 2487 1520 obiret,
2534 1455 2617 1509 vel
2655 1462 2801 1510 certe
2829 1455 3012 1510 statim
3054 1465 3175 1524 post
3208 1456 3535 1527 persecutio-

1960 1558 2084 1602 nem
2117 1544 2170 1597 in
2196 1541 2374 1598 Haran
2398 1543 2625 1608 venerit,
2652 1550 2707 1599 et
2738 1544 2812 1598 ibi
2837 1544 3037 1599 diutius
3064 1545 3134 1599 sit
3164 1553 3423 1600 moratus.

2034 1633 2388 1704 Apparuitque
2424 1633 2679 1687 Dominus
2705 1633 2897 1687 Abram
2936 1642 2987 1687 et
3023 1633 3159 1687 dixit
3180 1635 3230 1687 ei
3339 1632 3538 1688 δεηιῦκὲ

286 1753 389 1807 illic
417 1751 594 1805 fuerat
618 1714 961 1817 regnaturum
982 1714 1095 1809 [ει
1122 1744 1386 1814 promissa
1412 1745 1521 1798 Deo
1547 1744 1864 1798 haereditate

1970 1732 2054 1777 tuo
2087 1722 2222 1776 dabo
2254 1731 2446 1776 terram
2471 1722 2625 1776 hanc.
2656 1722 2762 1788 Qui
2796 1721 3071 1791 (ediﬁth
3111 1722 3185 1776 ibi
3226 1722 3396 1776 altare
3425 1723 3535 1777 Do-

289 1843 501 1896 donata.
548 1837 684 1891 Nam
730 1852 798 1891 ex
842 1836 958 1904 ipso
1001 1832 1202 1888 Abram
1248 1840 1406 1888 natus
1443 1840 1528 1887 est
1572 1832 1763 1887 lsmael
1795 1832 1864 1887 de

286 1935 447 2004 Agar.
480 1930 602 1986 Nati
629 1938 684 1983 et
712 1927 800 1981 alii
828 1942 895 1981 ex
920 1925 1137 1989 Cetura,
1164 1926 1230 1979 ad
1251 1925 1392 1994 quod
1415 1924 1556 1979 illius
1580 1932 1737 1980 terra:
1757 1940 1864 1981 non

286 2026 582 2096 pertineret
605 2019 910 2109 bayeditas.
944 2017 1009 2073 Et
1034 2033 1099 2072 ex
1120 2017 1271 2073 Isaac
1293 2024 1453 2071 natus
1474 2024 1558 2071 est
1577 2016 1743 2081 Esau,
1770 2016 1864 2087 qui

288 2115 537 2173 similiter
575 2112 641 2167 ab
668 2103 767 2165 illa
805 2106 1119 2164 hmreditate
1156 2106 1420 2184 alienatus
1455 2114 1556 2161 est.
1588 2106 1666 2160 Ex
1700 2103 1869 2160 Jacoh

290 2214 467 2260 autem
496 2202 604 2257 tilio
620 2201 769 2277 isaac
789 2206 1054 2271 quotquot
1081 2198 1173 2253 filii
1195 2198 1307 2252 nati
1334 2206 1481 2264 sunt,
1512 2198 1565 2253 id
1591 2206 1675 2254 est
1698 2238 1713 2263 ,
1748 2198 1869 2253 uni-

288 2311 503 2352 versum
535 2309 717 2351 semen
746 2290 883 2362 ejus,
918 2291 987 2346 ad
1021 2290 1165 2345 illam
1193 2289 1562 2346 hrcreditatem
1588 2290 1865 2361 pertinuit.

292 2388 376 2443 Sic
412 2402 544 2459 ergo
587 2384 877 2440 collocatus
920 2391 977 2437 et
1016 2382 1339 2437 constitutus
1380 2389 1465 2437 est
1500 2380 1553 2435 in
1590 2380 1677 2435 illa
1724 2389 1871 2441 terra

291 2479 509 2543 Abram,
544 2476 796 2547 quoniam
841 2474 975 2528 vixit
1008 2488 1177 2543 usque
1211 2472 1277 2527 ad
1307 2472 1642 2527 nativitatem
1679 2471 1865 2526 Iacob.

293 2568 344 2623 Si
367 2575 518 2623 recte
542 2565 873 2636 intelligitur,
906 2564 1079 2639 soluta
1105 2562 1328 2633 quaestio
1357 2570 1441 2617 est
1460 2559 1752 2625 secundum
1781 2576 1869 2615 re-

293 2656 729 2729 capitulationem
755 2695 770 2721 ,
801 2648 1047 2724 quamvis
1074 2659 1129 2708 et
1170 2652 1287 2707 aliae
1314 2651 1608 2707 solutiones
1632 2665 1736 2706 non
1766 2649 1873 2705 sint

292 2747 714 2803 contemnendas.

358 2837 567 2909 (Cum
617 2818 756 2905 xm).
795 2834 939 2889 Dixit
982 2844 1155 2887 autem
1205 2832 1462 2887 Dominus
1504 2829 1572 2884 ad
1607 2830 1799 2885 Abram
1851 2843 1869 2881 :

292 2930 553 3001 Egredere
577 2927 639 2981 de
665 2938 804 2981 terra
826 2937 875 2980 et
896 2926 958 2980 de
983 2925 1286 2996 cognatione
1310 2932 1424 2989 tua,
1447 2933 1493 2976 et
1521 2922 1584 2976 de
1609 2921 1762 2975 domo
1776 2938 1871 2991 pa-

292 3024 381 3076 tris
409 3021 534 3087 tui,
579 3030 625 3073 et
663 3019 773 3073 veni
825 3019 879 3071 in
923 3027 1115 3070 terram
1158 3031 1315 3086 quam
1359 3023 1711 3068 monstravere
1741 3012 1867 3076 tibi;

291 3111 584 3182 faciamque
619 3117 667 3161 te
703 3110 756 3162 in
780 3118 980 3179 gentem
1005 3122 1266 3176 magnam.
1293 3103 1458 3173 (Isid.
1481 3103 1501 3175 )
1528 3104 1658 3171 Quis
1686 3095 1866 3158 autem

293 3199 424 3254 alius
455 3198 625 3254 exivit
649 3198 701 3252 ln
730 3196 929 3253 Abram
972 3197 1038 3251 de
1076 3205 1221 3250 terra
1251 3210 1346 3250 sua
1379 3203 1433 3250 et
1458 3196 1524 3250 de
1552 3193 1867 3265 cognatione

291 3307 403 3355 sua,
435 3299 499 3343 ut
524 3276 661 3361 apud
693 3297 907 3343 exteros
934 3286 1345 3357 locupletaretur
1364 3328 1377 3353 ,
1406 3293 1467 3341 et
1483 3295 1629 3341 esset
1654 3285 1707 3338 in
1736 3300 1867 3355 gen-

292 3391 392 3437 tem
424 3394 698 3453 magnam,
724 3378 826 3433 nisi
858 3377 1135 3443 Christus,
1168 3379 1278 3447 qui,
1311 3377 1495 3433 relicta
1533 3385 1675 3431 terra
1702 3386 1755 3431 et
1782 3390 1871 3432 co—

291 3471 547 3543 gnatione
579 3467 900 3535 Iudaeorum,
937 3470 1213 3540 prmpollet
1245 3486 1385 3525 nunc
1411 3511 1425 3536 ,
1461 3477 1521 3524 nt
1548 3470 1788 3525 videmus
1816 3469 1871 3524 in

290 3559 502 3631 populis
531 3559 809 3630 gentium?
836 3558 941 3614 Sed
971 3566 1025 3612 et
1053 3559 1208 3614 nobis
1245 3559 1312 3613 ad
1346 3559 1645 3630 exemplum
1671 3556 1871 3614 Christi

290 3650 597 3704 exeundum
617 3659 698 3705 est
719 3650 781 3703 de
806 3656 946 3704 terra
974 3658 1181 3714 nostra,
1209 3648 1262 3704 id
1292 3656 1405 3717 est,
1432 3649 1497 3705 de
1529 3648 1872 3705 facultatibus

291 3740 478 3795 mundi
508 3737 668 3807 hujus
692 3779 707 3804 ,
734 3739 924 3809 opibus
960 3740 1188 3795 terrenis
1210 3781 1223 3805 ,
1266 3746 1320 3795 et
1347 3740 1411 3796 de
1433 3742 1749 3812 cognatione
1778 3757 1872 3795 no—

290 3839 421 3894 stra,
473 3830 526 3884 id
560 3837 664 3892 est,
703 3829 769 3883 de
809 3830 1219 3884 conversatione
1256 3839 1309 3885 et
1345 3831 1585 3885 moribus
1623 3831 1872 3901 vitiisque

287 3918 587 3990 prioribus,
617 3934 737 3988 quae
767 3918 918 3973 nobis
947 3935 976 3972 a
999 3929 1182 3973 nostra
1209 3920 1488 3975 nativitate
1510 3921 1833 3975 cohaerentia
1853 3962 1868 3986 ,

288 4013 431 4067 velut
458 4009 721 4066 afﬁnitate
750 4009 978 4078 quadam
1004 4017 1059 4063 et
1096 4010 1563 4080 consanguinitate
1587 4009 1870 4078 conjuncta

284 4108 426 4162 sunt,
466 4098 580 4153 sive
602 4099 665 4153 de
692 4098 849 4153 domo
870 4099 1039 4167 patris
1065 4099 1259 4164 nostri,
1293 4098 1344 4152 id
1372 4106 1472 4162 est,
1498 4099 1645 4153 omni
1670 4114 1871 4154 memo-

286 4192 361 4246 ria
386 4189 605 4256 mundi,
638 4197 698 4243 ut
723 4189 770 4244 ei
798 4191 1167 4245 renuntiantes
1190 4191 1458 4261 possimus
1484 4189 1536 4244 in
1561 4190 1753 4261 populo
1777 4190 1870 4245 Dei

282 4279 530 4343 dilatari,
566 4286 621 4333 et
657 4280 710 4333 in
754 4286 952 4334 terram
993 4280 1228 4336 caelestis
1269 4279 1717 4351 repromissionis,
1746 4296 1868 4336 cum

282 4381 508 4441 tempus
532 4370 829 4437 advenerit,
860 4371 1145 4426 introduci.

298 4514 307 4521 .
350 4463 686 4533 Faciamque
726 4472 774 4516 te
818 4464 872 4516 in
911 4472 1109 4532 gentem
1149 4479 1392 4533 magnam
1420 4502 1435 4528 ,
1481 4473 1528 4517 et
1571 4462 1867 4518 benedicam

277 4556 403 4618 tibi;
436 4561 489 4607 et
520 4550 865 4622 magniﬁcabo
891 4569 1075 4606 nomen
1104 4562 1250 4607 tuum
1276 4594 1290 4618 ,
1326 4554 1527 4624 erisque
1553 4553 1865 4609 benedictus.

276 4644 607 4699 Benedicam
638 4642 1049 4698 benedicentibus
1080 4643 1191 4709 tibi,
1237 4652 1286 4698 et
1315 4643 1624 4699 maledicam
1652 4645 1870 4700 maledi-

278 4734 522 4789 centibus
567 4731 694 4796 tibi;
735 4741 888 4786 atoue
914 4732 969 4786 in
1013 4742 1061 4786 te
1103 4733 1467 4787 benedicentur
1504 4735 1755 4789 universa:
1792 4752 1871 4789 co-

275 4828 557 4896 gnationes
611 4832 783 4877 terror.
844 4822 971 4877 Duae
1015 4831 1193 4879 autem
1243 4824 1626 4894 promissiones
1676 4826 1873 4880 dantur

275 4918 521 4972 Abrahae
541 4935 553 4969 :
572 4930 675 4969 una
698 4929 795 4984 per
817 4930 976 4983 quam
1006 4921 1204 4970 terram
1218 4908 1472 4970 Chanaan
1494 4930 1870 4984 possessurum

273 5020 477 5060 setnen
519 5004 641 5073 ejus
683 5003 1055 5073 promittitur,
1098 5003 1222 5058 dum
1265 5003 1393 5058 dicit
1419 5002 1602 5058 Deus:
1651 5002 1791 5059 Vade
1818 5006 1873 5060 in

274 5107 483 5150 terram
512 5108 670 5165 quam
691 5101 1043 5147 monstravere
1064 5092 1173 5156 tibi,
1199 5093 1493 5164 faciamque
1521 5103 1569 5148 te
1593 5094 1646 5147 in
1668 5105 1870 5165 gentem

273 5210 559 5265 magnam.
609 5190 729 5245 Alia
773 5205 904 5245 vero
946 5189 1100 5259 longe
1135 5190 1593 5260 praestantiorem,
1650 5206 1753 5246 non
1808 5189 1873 5245 de

269 5284 520 5350 carnali,
548 5284 641 5338 sed
662 5283 927 5353 spirituali
955 5283 1180 5345 semine,
1208 5297 1303 5354 per
1325 5281 1466 5353 quod
1493 5290 1646 5352 pater
1662 5291 1744 5337 est
1766 5298 1872 5337 non

271 5377 448 5434 unius
482 5376 791 5432 Israelitica:
830 5377 1006 5447 gentis
1029 5416 1043 5441 ,
1074 5376 1167 5433 sed
1204 5376 1442 5431 omnium
1482 5374 1721 5444 gentium
1754 5388 1872 5443 qua:

274 5468 405 5525 fidei
432 5469 559 5539 ejus
603 5470 829 5541 vestigia
865 5478 1185 5539 sequuntur,
1229 5466 1373 5536 quod
1422 5466 1662 5537 promitti
1709 5466 1873 5535 coepit

268 5559 361 5614 his
396 5557 612 5614 verbis:
636 5557 701 5612 Et
728 5558 1088 5612 benedicentur
1118 5560 1169 5611 in
1198 5568 1245 5611 te
1271 5557 1519 5610 universw
1540 5557 1869 5627 cognationes

267 5664 457 5707 terrm.

1893 4414 1947 4473 D

1965 1813 2105 1869 mino
2122 1853 2138 1879 ,
2163 1815 2252 1884 qui
2287 1811 2528 1882 apparuit
2554 1812 2620 1876 ei,
2647 1820 2753 1866 etc.
2779 1811 3108 1867 Adveniente
3137 1811 3303 1882 igitur
3336 1811 3536 1867 Abram

1965 1903 2019 1956 in
2048 1911 2243 1956 terram
2271 1900 2549 1966 Chanaan,
2573 1915 2735 1970 quam
2761 1910 2893 1958 tunc
2914 1899 3247 1956 Chananmus
3268 1901 3542 1957 habitator

1966 1991 2205 2057 tenebat,
2236 1991 2549 2062 apparuisse
2580 1991 2630 2045 ei
2657 1989 2914 2045 Dominus
2955 1978 3302 2058 describitur,
3343 1992 3431 2047 cui
3458 1993 3538 2046 al-

1967 2089 2085 2136 tare
2135 2082 2248 2150 ipse
2300 2080 2608 2147 aedificavit,
2648 2080 2774 2150 quia
2821 2080 3018 2150 spretis
3066 2080 3224 2137 idolis
3274 2083 3537 2154 gentium,

1967 2171 2125 2225 unius
2153 2168 2257 2225 Dei
2276 2169 2450 2225 cultor
2471 2168 2592 2224 fuit.

2559 2278 2785 2337 CAPUT
2821 2278 2953 2336 XIII.

1972 2370 2045 2426 De
2089 2372 2417 2447 descensione
2447 2371 2599 2425 Abrae
2625 2369 3012 2447 in_zE_gyptum,
3060 2382 3106 2427 et
3140 2390 3218 2447 ets
3264 2391 3381 2447 qua:
3420 2382 3541 2429 tunc

2259 2441 2328 2495 ibi
2351 2451 2494 2512 gesta
2522 2452 2641 2496 sunt
2667 2442 2724 2496 in
2749 2441 2886 2497 Sara
2913 2458 3077 2497 uxore
3100 2444 3235 2513 ejus.

2041 2549 2294 2605 Descendi
2298 2559 2415 2621 tque
2428 2550 2620 2604 Abram
2646 2550 2703 2604 in
2717 2548 3002 2620 Egyptian
3012 2592 3027 2616 ,
3052 2560 3108 2605 ut
3122 2554 3540 2624 peregrinaretur

1970 2642 2057 2699 ibi.
2090 2641 2447 2698 Prwvoluerat
2487 2644 2625 2698 enim
2653 2641 2817 2713 fames
2849 2644 2904 2696 in
2930 2653 3087 2698 terra.
3117 2645 3349 2705 Cumque
3385 2660 3543 2715 prope

1969 2745 2099 2789 esset
2145 2743 2201 2787 ut
2246 2733 2603 2805 ingrederetur
2640 2733 2960 2805 Egyptum,
3008 2733 3140 2788 dixit
3187 2731 3343 2789 Sarni
3387 2734 3543 2788 uxori

1970 2840 2079 2880 sate
2108 2839 2127 2876 :
2156 2825 2293 2879 Novi
2319 2825 2460 2896 quod
2481 2825 2700 2896 pulchra
2731 2842 2803 2881 sis
2826 2824 3042 2891 mulier,
3073 2835 3123 2881 et
3149 2825 3286 2898 quod
3315 2842 3433 2880 cum
3459 2826 3537 2881 ri-

1969 2916 2139 2972 derint
2184 2927 2232 2971 te
2260 2916 2496 2988 Egyptii
2521 2958 2537 2985 ,
2580 2917 2773 2973 dicturi
2798 2929 2918 2974 sunt
2943 2933 2961 2971 :
2989 2915 3135 2974 Uxor
3162 2920 3327 2990 ipsius
3353 2926 3447 2985 est,
3490 2928 3539 2972 et

1970 3007 2276 3077 interﬁciens
2296 3025 2398 3074 me,
2426 3018 2473 3064 et
2502 3018 2551 3065 te
2576 3013 2924 3066 reservabant.
2954 3010 3052 3067 Dic
3080 3029 3221 3085 ergo,
3241 3012 3448 3068 obsecro
3469 3021 3536 3078 te,

1968 3099 2106 3171 quod
2127 3116 2279 3154 soror
2303 3117 2416 3155 mea
2438 3101 2529 3165 sis,
2561 3109 2618 3155 ut
2645 3100 2770 3156 bene
2795 3103 2863 3156 sit
2885 3103 3014 3157 mihi
3036 3112 3244 3174 propter
3277 3111 3325 3157 te
3342 3143 3356 3168 ,
3381 3113 3434 3156 ut
3464 3103 3541 3155 ri-

1967 3200 2052 3245 vat
2099 3193 2275 3263 animo
2326 3208 2441 3247 mea
2491 3192 2553 3246 ob
2597 3194 2821 3265 gratiam
2867 3195 2963 3248 tui.
3006 3193 3225 3268 (Albim)
3273 3193 3543 3263 Quatritnr

1970 3291 2147 3337 utrum
2162 3285 2473 3339 conveniret
2484 3285 2683 3340 Abram
2701 3293 2808 3340 tam
2829 3294 3016 3342 sancto
3028 3287 3143 3344 viro
3157 3295 3216 3343 ut
3229 3288 3428 3343 celaret
3444 3286 3544 3341 Sa-

1971 3389 2085 3428 ram
2111 3389 2332 3430 uxorem
2377 3391 2552 3442 suam,
2582 3381 2637 3430 et
2677 3391 2775 3431 cur
2806 3382 2910 3432 non
2938 3379 3108 3450 magis
3140 3388 3363 3449 poneret
3386 3393 3535 3448 spczn

1970 3476 2120 3516 suam
2151 3463 2204 3516 in
2224 3463 2352 3528 Deo,
2380 3477 2447 3518 ne
2472 3462 2808 3520 occideretur
2832 3479 2861 3518 a
2882 3480 3026 3537 rege.
3057 3464 3365 3521 Ostenditur
3397 3466 3538 3521 enirn

1972 3558 2074 3613 isto
2120 3558 2259 3613 facto
2297 3557 2412 3628 ejus
2439 3558 2583 3629 quod
2613 3558 2775 3615 homo
2797 3575 2901 3614 non
2933 3560 3090 3615 debet
3129 3568 3335 3616 tentare
3358 3561 3539 3615 Domi«

1972 3664 2097 3702 num
2123 3648 2291 3703 Deum
2322 3664 2478 3704 suum
2498 3690 2513 3715 ,
2544 3650 2758 3719 quando
2788 3650 2952 3705 habet
2980 3651 3123 3720 quod
3162 3649 3323 3706 faciat
3355 3667 3420 3707 ex
3451 3668 3541 3705 ra-

1972 3739 2212 3794 tionabili
2256 3741 2501 3796 consilio.
2548 3740 2698 3796 Fecit
2741 3740 2882 3805 enim
2928 3741 3068 3811 quod
3103 3742 3277 3811 potuit
3308 3755 3406 3811 pro
3435 3742 3543 3795 vita

1971 3845 2086 3884 sua.
2137 3829 2291 3897 Quod
2332 3840 2511 3887 autem
2548 3846 2655 3886 non
2692 3822 2882 3902 potuit,
2914 3831 2986 3886 illi
3036 3832 3303 3888 commisit
3339 3832 3393 3887 in
3435 3847 3544 3902 quo

1970 3922 2225 3991 speravit,
2274 3922 2359 3977 cui
2401 3930 2457 3977 et
2483 3923 2793 3993 pudicitiam
2833 3924 3075 3995 conjugis
3126 3924 3538 3979 commendavit.

1969 4010 2079 4067 Nec
2108 4011 2250 4065 enim
2280 4026 2402 4066 eum
2428 4011 2559 4067 fides
2584 4026 2647 4067 ac
2675 4027 2797 4082 spes
2827 4009 3033 4066 fefellit.
3064 4011 3303 4082 Namque
3334 4013 3544 4067 Pharao

1969 4117 1998 4155 a
2031 4101 2140 4155 Deo
2172 4100 2413 4167 territus,
2458 4101 2745 4171 multisque
2784 4109 3004 4171 propter
3047 4115 3167 4155 eam
3208 4103 3366 4157 malis
3411 4102 3547 4156 affli-

1970 4199 2108 4254 ctus,
2139 4188 2229 4243 ubi
2271 4187 2387 4258 ejus
2412 4203 2635 4244 uxorem
2660 4189 2915 4244 divinitus
2942 4188 3142 4254 didicit,
3173 4189 3395 4245 illaasam
3422 4206 3543 4246 cum

1971 4283 2174 4337 honore
2216 4279 2439 4334 tradidit
2484 4280 2601 4336 viro
2642 4294 2759 4335 suo.
2804 4279 2987 4350 Neque
3015 4280 3160 4336 enim
3184 4279 3325 4337 Deus
3356 4282 3426 4337 ab
3457 4283 3546 4336 illo

1973 4386 2076 4426 non
2095 4379 2307 4441 poterat
2329 4376 2554 4426 mortem
2580 4368 2838 4441 repellere
2858 4384 3019 4440 quam
3048 4371 3294 4438 timebat,
3316 4387 3547 4443 eumque

1972 4478 2092 4517 eum
2121 4462 2347 4534 conjuge
2372 4477 2466 4519 sua
2490 4462 2545 4516 in
2567 4460 2655 4515 illa
2684 4461 3114 4532 peregrinatione
3138 4464 3299 4517 tutari
3324 4504 3339 4530 ,
3363 4472 3422 4517 ut
3446 4478 3547 4518 nec

1971 4572 2108 4611 uxor
2146 4556 2262 4627 ejus
2284 4596 2300 4623 ,
2338 4554 2584 4627 quamvis
2606 4562 2750 4611 esset
2782 4553 3142 4623 pulcherrima
3167 4595 3181 4621 ,
3207 4563 3547 4626 appeteretnr

1973 4646 2041 4700 ab
2071 4645 2249 4716 aliquo
2273 4686 2288 4711 ,
2328 4660 2431 4701 nec
2459 4652 2653 4716 praeter
2684 4644 2828 4699 illam
2869 4652 3155 4701 necaretur
3174 4645 3264 4702 ille
3283 4645 3547 4702 Y'Potcrat

1973 4738 2089 4793 sine
2119 4738 2281 4792 dubio
2309 4737 2416 4792 hoc
2436 4735 2649 4791 efficere
2678 4735 2838 4790 Deus.
2871 4733 3052 4807 (Aug.)
3078 4734 3211 4802 Quis
3247 4736 3325 4791 ita
3363 4734 3434 4792 sit
3457 4737 3546 4792 dc-

1975 4841 2128 4882 mens
2149 4835 2208 4880 ut
2228 4826 2330 4881 hoc
2350 4825 2539 4896 neget?
2565 4824 2671 4880 Sed
2692 4825 2737 4879 si
2766 4825 3126 4903 interrogatus
3148 4825 3373 4893 Abram,
3398 4826 3542 4882 illam

1972 4916 2229 4971 feminam
2257 4916 2519 4971 indicaret
2540 4930 2783 4980 uxorem,
2798 4915 2930 4971 duas
2955 4931 3042 4972 res
3061 4918 3377 4973 metuendas
3399 4933 3545 4973 com-

1974 5015 2215 5068 mitteret
2240 5013 2373 5078 Deo,
2399 5022 2453 5067 et
2480 5027 2632 5066 suam
2660 5011 2827 5065 vitam
2855 5017 2909 5065 et
2940 5011 3181 5083 conjugis
3209 5012 3519 5083 pudicitiam

1974 5102 2214 5159 Pertinet
2248 5110 2426 5157 autem
2472 5102 2539 5156 ad
2579 5116 2765 5156 sanam
2795 5100 3117 5168 doctrinam,
3147 5102 3362 5173 quando
3386 5101 3547 5157 habet

1973 5192 2112 5263 quod
2135 5190 2295 5255 faciat
2317 5193 2498 5256 homo,
2518 5199 2852 5257 nontentare
2873 5193 3157 5248 Dominum
3178 5192 3343 5247 Deum
3365 5206 3540 5246 suum.

1972 5282 2156 5352 Neque
2180 5283 2324 5338 enim
2352 5289 2405 5345 et
2433 5282 2547 5352 ipse
2576 5279 2823 5337 Salvator
2846 5296 2949 5338 non
2978 5286 3183 5353 poterat
3223 5281 3360 5337 tueri
3388 5280 3543 5335 disci-

1973 5371 2124 5442 pulos
2152 5371 2310 5427 suos?
2345 5372 2538 5447 quibus
2565 5379 2740 5426 tamen
2772 5371 2849 5425 ait
2892 5387 2905 5425 :
2955 5369 3016 5426 Si
3047 5386 3132 5425 vos
3157 5370 3408 5439 persecuti
3434 5369 3545 5438 fuc-

1975 5463 2075 5515 rint
2104 5463 2156 5515 in
2187 5478 2288 5515 una
2313 5462 2729 5532 civitate,'fugite
2758 5463 2811 5515 in
2856 5461 3017 5514 aliaat
3039 5458 3250 5533 (Matth.
3277 5459 3350 5529 χ).
3382 5460 3546 5530 Cujus

1976 5555 2051 5607 rei
2092 5556 2243 5623 prior
2278 5555 2578 5623 exemplum
2614 5553 2857 5623 parturit.
2890 5551 3023 5608 Nam
3066 5568 3187 5608 cum
3228 5560 3543 5622 potestatem

1977 5646 2195 5699 halicrct
2248 5648 2473 5714 ponendi
2524 5646 2756 5699 animant
2805 5662 2974 5711 suam,
3024 5659 3120 5700 nec
3162 5660 3279 5698 eam
3322 5654 3540 5716 poneret
