3958 6204
418 313 522 370 535

1055 314 1118 368 B.
1165 315 1414 370 RABANI
1456 313 1672 370 MAURI
1711 313 2030 369 ARCHIEP.
2065 313 2371 372 MOGUNT.
2410 313 2696 374 OPERUM
2735 314 2912 369 PARS
2951 315 2992 368 l.

3574 317 3677 370 55ft

416 429 521 484 nisi
548 443 667 483 cum
694 427 891 493 vellet,
921 427 974 481 in
1005 427 1297 498 Egyptum
1335 437 1512 482 tamen
1548 428 1745 492 infans,
1778 438 1994 498 portan-
2023 431 2074 488 Α
2099 427 2196 481 Hai
2229 427 2362 482 ﬁxit.
2394 427 2577 483 Bethel
2606 427 2749 481 enim
2794 426 3071 486 civitatula
3117 437 3218 490 est,
3259 428 3312 481 in
3363 428 3688 487 duodecimo

417 519 561 576 tibus
589 519 906 590 parentibus
929 559 944 584 ,
987 518 1140 589 fugit,
1177 527 1233 573 et
1267 519 1332 574 ad
1365 517 1506 573 diem
1532 518 1727 574 festum
1756 533 1862 572 non
1888 518 1998 571 evi-

413 612 626 676 denter,
653 611 746 666 sed
774 610 1004 665 latenter
1023 611 1286 676 ascendit,
1315 626 1435 664 cum
1458 610 1591 667 alias
1616 610 1794 681 palam
1821 609 2000 681 loque-

415 712 564 759 retur
583 701 782 758 Judzeis
808 702 1186 767 irascentibus,
1217 711 1273 756 et
1296 702 1670 757 inimicissimo
1697 703 1878 756 animo
1904 718 1998 756 au-

414 795 690 850 dientibus
709 835 724 858 ,
755 810 857 849 nec
884 801 1064 848 tamen
1092 793 1396 850 valentibus
1422 794 1474 847 in
1501 809 1623 848 eum
1646 795 1860 849 mittere
1885 809 1999 848 ma-

415 905 536 952 nus,
586 888 716 958 quia
771 887 1008 941 nondum
1057 894 1281 941 venerat
1329 886 1461 940 hora
1508 883 1646 954 ejus,
1699 901 1804 939 non
1845 883 1998 953 cujus

417 981 562 1034 horae
584 978 910 1033 necessitate
935 986 1220 1049 cogeretur
1249 977 1405 1040 mori,
1445 975 1540 1030 sed
1565 974 1717 1044 cujus
1741 976 1887 1030 hora:
1908 991 2000 1045 op-

414 1071 748 1142 portunitate
770 1069 1078 1140 dignaretur
1104 1068 1297 1124 occidi.
1321 1067 1421 1134 Qui
1451 1083 1580 1138 ergo
1607 1067 1781 1138 palam
1803 1066 2000 1122 docen-

415 1165 486 1220 do
515 1173 570 1219 et
615 1165 906 1236 arguendo,
933 1170 987 1218 et
1013 1172 1190 1218 tamen
1225 1162 1566 1218 inimicorum
1589 1162 1794 1217 rabiem
1819 1163 2001 1218 valere

418 1258 471 1312 in
492 1273 550 1312 se
581 1257 782 1326 aliquid
816 1273 923 1312 non
957 1256 1181 1311 sinendo
1204 1296 1218 1318 ,
1263 1255 1357 1311 Dei
1382 1255 1786 1310 demonstrabat
1814 1264 2002 1323 poten-

418 1347 571 1413 tiam,
621 1347 762 1402 idem
795 1355 975 1401 tamen
1015 1345 1267 1416 fugiendo
1304 1353 1361 1400 et
1399 1344 1612 1398 latendo
1643 1343 1878 1398 hominis
1912 1344 1997 1396 in-

416 1441 661 1497 Struebat
713 1439 1118 1503 inﬁrmitatem,
1169 1453 1238 1493 ne
1286 1433 1455 1493 Deum
1511 1445 1718 1491 tentare
1765 1436 1961 1490 audeat
1981 1477 2001 1501 ,

416 1532 632 1602 quando
673 1532 834 1586 habet
881 1530 1022 1600 quod
1056 1528 1251 1594 faciat,
1296 1538 1353 1583 ut
1389 1528 1533 1598 quod
1570 1541 1762 1582 cavere
1788 1535 2002 1597 oportet

415 1624 630 1678 evadat.
655 1623 838 1693 Neque
864 1623 1008 1680 enim
1030 1631 1087 1676 et
1110 1620 1382 1692 apostolus
1403 1620 1600 1675 Paulus
1621 1619 2001 1689 desperaverat

417 1716 743 1786 adjutorium
770 1715 1264 1785 protectionemque
1289 1713 1526 1767 divinam
1544 1751 1558 1774 ,
1586 1711 1855 1780 ﬁdemque
1877 1725 2000 1781 per-.

2102 519 2170 572 ab
2196 517 2337 573 Elia
2355 519 2529 588 lapide
2565 518 2632 572 ad
2667 518 2912 572 dextram
2945 519 3196 575 euntibus
3220 517 3534 589 Neapolim,
3564 536 3686 591 qua:

2098 607 2252 677 prius
2278 609 2442 672 Luza,
2465 608 2517 661 id
2545 615 2650 671 est,
2677 607 3033 679 Amygdalon,
3063 611 3379 676 vocabatur,
3410 619 3464 665 et
3490 613 3688 666 cecidit

2098 699 2153 752 in
2183 707 2383 752 sortem
2427 698 2596 752 tribus
2635 695 2934 766 Benjamin.
2988 698 3087 752 Bai
3116 699 3176 758 in
3223 699 3368 754 tribu
3410 693 3562 755 Iuda:
3603 712 3687 756 est

2099 791 2231 844 urbs
2253 788 2621 844 sacerdotibus
2647 798 2916 858 separata.
2956 790 3348 860 interpretatur
3373 802 3555 849 autem
3586 793 3692 849 Be-

2098 880 2208 936 thel
2236 881 2422 935 domus
2450 881 2573 946 Dei,
2602 879 2698 934 Hai
2735 896 2863 936 vero
2903 883 3103 945 oculus,
3131 882 3212 938 vel
3261 884 3399 953 fons.
3441 884 3509 938 Et
3547 886 3685 942 bene

2097 971 2297 1033 Abram
2327 971 2734 1026 tabernaculum
2773 987 2929 1027 suum
2968 974 3021 1028 in
3051 981 3231 1028 monte
3264 977 3356 1046 qui
3397 984 3516 1030 erat
3545 977 3684 1031 inter

2098 1059 2286 1116 Bethel
2317 1069 2372 1116 et
2415 1060 2514 1125 Ηθὶ
2561 1060 2725 1132 ﬁgere
2763 1062 2988 1127 dicitur,
3037 1063 3217 1134 ibique
3254 1063 3364 1120 Deo
3413 1066 3690 1121 mdiﬁcaro

2100 1152 2288 1217 altare,
2327 1153 2453 1221 quia
2475 1155 2648 1208 sancti
2677 1153 2805 1219 viri,
2831 1165 3118 1225 postquam
3149 1171 3178 1209 a
3213 1157 3397 1211 mundi
3439 1157 3688 1228 principe

2099 1254 2154 1299 et
2179 1244 2362 1299 saeculi
2390 1245 2752 1316 voluptatibus
2775 1250 3098 1303 recesserint
3121 1291 3135 1312 ,
3168 1249 3334 1305 abluti
3364 1249 3512 1306 fonte
3541 1255 3693 1308 sacri

2099 1337 2471 1407 baptismatis,
2513 1354 2732 1394 cursum
2769 1343 3046 1410 praesentis
3075 1344 3200 1399 vita:
3239 1353 3398 1400 caute
3424 1357 3477 1403 et
3509 1350 3691 1403 consi-

2099 1427 2288 1481 derate
2309 1427 2589 1494 ducentes,
2616 1430 2847 1485 hostiam
2877 1431 3049 1487 laudis
3083 1449 3153 1493 ac
3171 1435 3432 1490 bonorum
3460 1452 3692 1506 operum

2104 1517 2158 1570 in
2186 1517 2347 1572 altari
2376 1526 2539 1574 recta:
2565 1520 2690 1575 fidei
2718 1521 2829 1577 Deo
2859 1522 3180 1588 exhibendo,
3219 1525 3300 1580 ad.
3324 1528 3540 1582 domum
3570 1531 3688 1595 Dei,

2100 1609 2376 1666 caelestem
2403 1611 2991 1680 videlicetlerusalem,
3031 1613 3258 1672 feliciter
3288 1618 3531 1672 tendunt.

2687 1724 2914 1780 CAPUT
2944 1721 3080 1780 XIV.

419 1808 643 1871 (ﬁdem;
677 1807 893 1876 quando
920 1819 1016 1876 Per
1039 1818 1251 1858 murum
1281 1804 1334 1858 ίη
1365 1811 1544 1872 sporta
1567 1802 1864 1857 ευδῐηίεευε
1883 1810 1995 1868 θεῖν
2027 1773 2073 1832 Β
2102 1811 2180 1866 De
2202 1814 2528 1886 contentione
2549 1816 2684 1869 inter
2706 1825 2937 1886 pastores
2960 1815 3114 1871 Abrte
3139 1829 3185 1872 et
3214 1819 3307 1872 Lot
3335 1865 3348 1885 ,
3393 1834 3440 1877 et
3469 1824 3535 1876 de
3562 1841 3687 1886 pro-2

420 1910 480 1954 ut
522 1900 865 1955 inimicorum
909 1910 1103 1952 manus
1140 1893 1401 1962 effugeret
1437 1892 1521 1964 (II
1561 1890 1684 1947 Cor.
1728 1892 1828 1964 ιι).
1882 1891 2000 1946 Νυιι

421 2007 552 2062 ergo
574 1991 627 2045 in
650 1989 818 2046 Deum
842 2003 954 2046 non
978 1986 1246 2042 credendo
1272 1985 1350 2041 sic
1386 1984 1537 2055 fugit,
1567 1984 1661 2039 sed
1686 1984 1854 2038 Deum
1879 1991 1998 2039 ten-

420 2088 592 2138 tasset
616 2081 661 2136 si
691 2079 877 2150 fugere
901 2077 1181 2141 noluisset,
1209 2091 1332 2130 cum
1355 2075 1432 2130 sic
1457 2074 1641 2146 fugere
1666 2075 1947 2145 potuisset.

491 2171 623 2227 Cum
655 2171 831 2242 itaque
853 2171 1117 2240 ingressus
1146 2177 1275 2221 esset
1300 2164 1499 2220 Abram
1518 2164 1827 2236 Egyptum,
1858 2164 2023 2247 videi

422 2272 546 2318 runt
571 2261 813 2332 Ἐρετριεῖ
843 2258 1112 2318 mulierem
1143 2257 1282 2327 quod
1323 2267 1451 2310 esset
1487 2256 1707 2326 pulchra
1746 2255 1921 2316 nimis,
1953 2262 2002 2306 et

423 2355 790 2409 nuntiaverunt
817 2351 1075 2427 principes
1113 2347 1406 2413 Pharaoni,
1434 2357 1481 2402 et
1507 2347 1851 2401 laudauerunt
1888 2363 2000 2399 eam

427 2445 568 2515 apud
596 2443 745 2497 illum
759 2459 782 2505 ς
813 2451 860 2496 et
885 2441 1092 2496 sublata
1129 2448 1203 2493 est
1232 2439 1422 2493 mulier
1447 2439 1501 2492 in
1529 2439 1742 2491 domum
1766 2435 2002 2490 Pharao-

422 2536 524 2590 nis.
557 2533 754 2588 Abram
785 2549 902 2589 vero
933 2533 1056 2586 bene
1077 2547 1203 2585 usus
1229 2539 1302 2584 est
1321 2539 1529 2601 propter
1551 2528 1735 2594 illam;
1767 2527 2006 2597 [uerunt-

420 2642 521 2698 quc
546 2625 596 2679 ei
620 2640 737 2678 oves
763 2632 810 2678 et
853 2624 1024 2687 boves,
1053 2620 1191 2676 asini
1219 2629 1267 2675 et
1295 2622 1428 2674 servi
1453 2661 1468 2685 ,
1498 2629 1545 2674 et
1571 2619 1808 2689 familiae,
1841 2628 1888 2673 et
1917 2635 2005 2671 ca-

420 2714 560 2770 meli.
594 2714 749 2774 Licet
772 2728 968 2782 corpus
995 2719 1306 2770 sanctarum
1328 2709 1612 2765 mulierum
1637 2725 1743 2764 non
1773 2709 1854 2765 vis
1883 2725 2000 2763 ma-

421 2805 586 2870 culet,
619 2805 716 2861 sed
749 2804 1032 2869 voluntas,
1072 2809 1128 2858 et
1152 2803 1396 2858 excusari
1429 2810 1610 2872 posset
1649 2799 1804 2854 Sarai
1838 2801 2000 2870 quod,

424 2894 584 2950 famis
607 2903 884 2966 tempore,
907 2892 1021 2949 sola
1063 2893 1175 2964 regi
1211 2893 1264 2948 in
1295 2891 1595 2962 peregrinis
1622 2890 1774 2956 locis,
1809 2891 2005 2945 marito

423 2985 772 3050 connivente,
796 2984 1049 3043 resistere
1069 2983 1391 3052 nequiverit,
1420 2971 1600 3037 tamen
1629 2989 1807 3050 potest
1830 2990 1883 3038 ct
1903 2981 2002 3036 ali-

427 3083 509 3128 ter
554 3072 696 3128 fmda
743 3073 1037 3139 necessitas
1087 3073 1375 3136 excusari,
1429 3072 1572 3141 quod
1605 3072 1759 3142 juxta
1807 3072 2002 3128 librum

424 3161 639 3226 Esther,
682 3176 1014 3232 quaecunque
1035 3161 1320 3216 mulierum
1343 3154 1634 3232 placuisset
1672 3163 1824 3234 regi,
1866 3164 2004 3234 apud

428 3260 636 3306 veteres
658 3267 752 3306 sex
773 3251 1049 3311 mensibus
1073 3253 1373 3322 angebatur
1393 3253 1512 3308 oleo
1533 3255 1801 3325 myrrhea,
1831 3263 1884 3309 et
1911 3269 2002 3309 sex

423 3343 701 3398 mensibus
747 3345 806 3410 in
854 3344 1142 3416 pigmentis
1184 3344 1350 3399 variis
1391 3352 1596 3400 eratet
1635 3344 2006 3405 curationibus

427 3435 778 3501 feminarum,
802 3442 856 3488 et
882 3443 1008 3489 tunc
1035 3435 1249 3492 demum
1278 3434 1678 3508 ingrediebatur
1697 3433 1764 3490 ad
1788 3449 1999 3504 regem;

425 3532 587 3594 atque
613 3524 685 3579 ita
707 3532 884 3596 potest
905 3523 1028 3590 ﬁeri,
1049 3532 1110 3579 ut
1134 3523 1285 3579 Sarai
1312 3534 1594 3596 postquam
1622 3525 1899 3594 placuerat
1921 3540 2016 3582 re-.

423 3619 498 3688 gi,
529 3618 655 3672 dum
699 3633 796 3687 per
828 3632 1028 3672 annum
1071 3615 1188 3686 ejus
1225 3617 1292 3672 ad
1336 3631 1515 3689 regem
1557 3613 1891 3686 praeparatur
1919 3617 2002 3670 in-

427 3712 636 3776 troitus,
666 3717 720 3765 et
739 3708 970 3776 Abrahae
989 3709 1202 3764 Pharao
1221 3709 1386 3768 multa
1414 3708 1714 3773 donaverit,
1737 3715 1791 3763 et
1818 3717 2002 3776 postea

424 3801 636 3856 Pharao
673 3801 745 3855 sit
788 3815 1076 3869 percussus
1111 3815 1142 3854 a
1167 3799 1426 3866 Domino,
1466 3797 1552 3854 illa
1589 3799 1765 3854 adhuc
1800 3799 2011 3868 intacta.

421 3889 536 3958 ejus
561 3891 846 3957 concubitu
871 3899 1241 3960 permanente.

493 3981 642 4053 (Car.
667 3980 820 4052 xm.)
845 3980 914 4034 Et
939 3980 1170 4034 ascendit
1206 3980 1402 4046 Abram
1432 3997 1497 4036 ea:
1531 3981 1762 4052 ngypto
1780 4023 1794 4047 ,
1822 3983 1928 4052 ipse
1954 3993 2001 4036 et

421 4088 556 4126 uxor
581 4071 729 4142 ejus,
775 4081 823 4126 et
854 4072 1029 4136 omnia
1061 4087 1178 4142 qua:
1201 4070 1344 4133 illius
1371 4081 1521 4126 erunt
1549 4113 1562 4138 ,
1600 4083 1646 4126 et
1679 4073 1772 4126 Lot
1799 4090 1914 4127 cum
1944 4090 2002 4127 eo

420 4165 490 4218 ad
515 4164 813 4221 Australcm
845 4163 1074 4236 plagam.
1118 4163 1250 4220 Erat
1291 4174 1464 4220 autem
1505 4165 1699 4230 Abram
1727 4166 1867 4230 dives
1895 4165 2002 4219 val-

419 4257 506 4319 de,
530 4257 582 4310 in
609 4257 930 4326 possessione
955 4255 1156 4326 argenti
1177 4264 1224 4308 et
1255 4256 1394 4318 auri.
1429 4255 1785 4326 Reversusque
1811 4267 1883 4312 est
1911 4273 2003 4326 per

421 4347 520 4398 iter
546 4363 648 4415 quo
680 4355 889 4400 venerat
914 4384 928 4409 ,
969 4362 1002 4399 a
1051 4344 1266 4400 meridie
1303 4346 1358 4400 in
1395 4344 1577 4398 Bel/rel
1601 4386 1616 4412 ,
1668 4354 1722 4400 et
1774 4345 1999 4413 reliqua.

2170 1883 2415 1964 missione
2434 1883 2588 1937 Abra'
2609 1883 2767 1966 ,_qu'a
2793 1886 2933 1941 Deus
2961 1889 3009 1941 ei
3032 1890 3283 1957 promittit
3311 1883 3504 1946 terram
3537 1883 3685 1947 Cha-

2174 1968 2313 2007 naan
2344 1970 2399 2008 ιη
2424 1969 2820 2022 possessionem.

2171 2063 2318 2119 Dixit
2343 2080 2463 2136 ergo
2487 2049 2684 2120 libram
2715 2067 2785 2120 ad
2810 2067 2906 2122 Lot
2952 2083 2970 2120 :
3004 2067 3101 2132 Ne,
3131 2085 3327 2140 qttwso,
3352 2075 3420 2126 sit
3438 2074 3689 2143 jurgium

2102 2157 2236 2210 inter
2256 2174 2336 2212 me
2361 2168 2407 2211 et
2437 2167 2505 2222 te,
2535 2169 2582 2212 et
2611 2161 2746 2213 inter
2768 2171 3002 2230 pastores
3035 2169 3176 2217 meos
3210 2173 3258 2218 et
3281 2176 3515 2234 pastores
3540 2176 3682 2229 tuos,

2103 2246 2288 2317 fratres
2313 2251 2446 2304 enim
2474 2267 2674 2305 sumus.
2711 2252 2846 2307 Ecce
2868 2255 3108 2309 universa
3135 2265 3274 2310 terra
3298 2267 3475 2312 coram
3498 2269 3548 2314 te
3581 2272 3690 2324 est;

2105 2343 2282 2397 recede
2319 2362 2351 2398 a
2386 2362 2488 2411 me,
2533 2346 2760 2402 obsecro.
2794 2347 2856 2404 Si
2884 2350 2956 2403 ad
2981 2352 3250 2406 sinistram
3273 2352 3415 2418 ieris,
3437 2370 3532 2423 ego
3562 2356 3691 2409 dero

2103 2442 2268 2489 teram
2313 2437 2526 2502 tenebo;
2570 2439 2615 2493 si
2661 2449 2716 2493 tu
2763 2441 3030 2496 dexteram
3059 2442 3299 2514 elegeris,
3331 2445 3423 2516 ego
3449 2447 3522 2499 ad
3563 2449 3694 2500 sini-

2101 2534 2265 2579 stram
2291 2544 2522 2598 pergam.
2557 2518 2755 2601 Typice
2797 2542 2974 2588 autem
3013 2534 3204 2590 beatus
3238 2537 3438 2592 Abram
3479 2539 3694 2595 discor-

2102 2615 2245 2670 diam
2273 2627 2552 2688 pastorum
2595 2637 2816 2678 suorum
2856 2640 2920 2680 ac
2956 2635 3236 2696 pastorum
3266 2626 3366 2682 Lot
3387 2627 3568 2684 vitare
3599 2647 3695 2685 cu-

2102 2707 2276 2776 piens,
2304 2719 2360 2763 et
2380 2709 2450 2764 ob
2472 2712 2574 2766 hoc
2594 2715 2866 2768 secessum
2896 2715 3199 2771 abinvicem
3223 2717 3443 2790 eligens,
3469 2735 3576 2774 nos
3602 2721 3697 2774 ad-

2103 2805 2285 2850 monet
2309 2805 2368 2852 ut
2395 2799 2528 2853 nihil
2557 2800 2809 2858 charitati
2850 2812 2905 2858 et
2949 2805 3250 2861 concordiae
3276 2823 3662 2877 praeponamus
3682 2849 3698 2872 ,

2103 2883 2199 2939 sed
2225 2901 2437 2956 semper
2464 2889 2643 2957 parati
2684 2889 2874 2956 simus,
2923 2906 3038 2946 srve
3079 2908 3179 2962 per
3219 2909 3503 2966 prospera,
3551 2899 3702 2968 quod

2103 2978 2290 3032 dextra
2313 2977 2597 3048 signiﬁcat,
2614 2980 2734 3035 'sive
2758 2997 2855 3051 per
2874 2982 3123 3049 adversa,
3151 3001 3270 3055 qua:
3288 3001 3383 3056 per
3409 2987 3708 3051 sinistram.

2106 3071 2502 3140 exprimuntur,
2533 3072 2587 3127 in
2615 3089 2748 3143 pace
2776 3083 2830 3130 et
2858 3075 3144 3133 dilectione
3171 3094 3548 3148 perseverare.

2181 3161 2412 3217 Elevatis
2446 3165 2621 3235 itaque
2668 3165 2762 3220 Lot
2803 3167 2988 3233 oculis,
3025 3169 3148 3222 vidit
3177 3186 3383 3224 omnem
3436 3173 3587 3225 circa
3621 3189 3704 3226 τες

2107 3257 2310 3326 gionem
2367 3255 2651 3323 Iordanis,
2707 3276 2825 3331 quae
2877 3261 3114 3315 universa
3164 3263 3488 3332 irrigabatur
3547 3276 3704 3319 ante-

2105 3363 2264 3417 quam
2294 3349 2608 3404 subverteret
2637 3348 2894 3405 Dominus
2929 3349 3213 3407 Sodomam
3240 3363 3288 3406 et
3319 3349 3704 3419 Gomorrliam,

2105 3441 2238 3493 sicut
2265 3441 2546 3509 paradisus
2571 3443 2803 3510 Domini,
2830 3455 2880 3499 et
2903 3446 3036 3500 sicut
3060 3445 3322 3517 zEgyptus
3367 3449 3705 3503 venientibus

2105 3531 2158 3582 in
2186 3527 2369 3598 Segor.
2403 3529 2585 3601 (Aug)
2615 3531 2770 3599 Quod
2806 3542 2950 3589 terra
2994 3531 3346 3590 Sodomorum
3372 3544 3429 3590 et
3465 3534 3707 3593 Gomor-

2107 3617 2217 3672 rlue
2237 3626 2523 3687 antequam
2545 3619 2814 3676 deleretur
2831 3634 3176 3694 comparatur
3198 3625 3452 3693 paradiso
3479 3626 3704 3696 Domini

2103 3723 2169 3762 eo
2203 3709 2344 3777 quod
2369 3717 2488 3763 erat
2539 3710 2760 3781 irrigua,
2797 3722 2850 3768 et
2899 3723 3058 3771 terra:
3089 3713 3307 3787 Egypti
3329 3757 3344 3781 ,
3376 3719 3510 3786 quia
3544 3719 3709 3773 Nilus

2104 3797 2311 3869 irrigat,
2342 3800 2493 3861 satis,
2525 3810 2585 3855 ut
2607 3803 2814 3873 Opinor,
2853 3806 3155 3860 ostenditur
3194 3807 3338 3877 quod
3373 3808 3583 3863 debeat
3624 3809 3712 3862 in-

2104 3887 2268 3960 telligi
2297 3889 2385 3943 ille
2425 3891 2709 3959 paradisus
2735 3909 2894 3963 quem
2920 3895 3183 3966 plantavit
3225 3896 3386 3958 Deus,
3421 3897 3518 3952 ubi
3573 3915 3710 3952 con-

2102 3977 2276 4031 stituit
2305 3977 2496 4033 Adam.
2541 3979 2672 4047 Quis
2696 3985 2838 4037 enim
2889 3985 3026 4040 alius
3053 3985 3378 4056 intelligatur
3402 3989 3712 4056 paradisus

2105 4067 2219 4129 Dei,
2242 4084 2347 4121 non
2380 4068 2552 4124 video.
2590 4070 2656 4124 Et
2685 4071 2870 4142 utique
2900 4073 2944 4127 si
2969 4075 3192 4128 arbores
3221 4076 3273 4128 in
3298 4077 3562 4144 paradiso
3590 4076 3712 4129 fru-

2101 4159 2306 4213 ctifera:
2331 4159 2559 4216 virtutes
2582 4162 2747 4222 animi
2795 4163 3121 4234 accipiendae
3156 4174 3360 4231 essent,
3389 4167 3536 4222 sicut
3567 4186 3714 4230 non-

2102 4250 2229 4306 nulli
2265 4253 2616 4319 existimant,
2656 4255 2804 4310 nullo
2832 4257 3100 4326 corporali
3150 4258 3204 4312 in
3251 4267 3393 4313 terra
3439 4263 3716 4329 paradiso

2100 4341 2244 4397 veris
2279 4344 2564 4413 generibus
2614 4345 2882 4416 lignorum
2919 4348 3190 4414 instituto,
3241 4365 3348 4404 non
3391 4351 3614 4406 diceret
3646 4354 3723 4411 de

419 4437 650 4492 Pulchre
670 4437 736 4492 de
756 4436 992 4521 Egypto
1013 4436 1292 4502 liberatus,
1322 4437 1630 4496 ascendisse
1651 4436 1866 4490 dicitur.
1893 4435 1997 4490 Sed
2025 4470 2078 4529 Β
2103 4431 2400 4529 ista‘terra,
2432 4434 2566 4488 sicut
2591 4437 2871 4504 paradisus
2902 4436 3016 4492 Dei.

418 4529 656 4583 occurrit
691 4527 816 4584 huic
857 4527 1038 4582 sensui
1068 4527 1196 4582 illud
1239 4525 1382 4597 quod
1423 4526 1682 4593 sequitur,
1733 4527 2001 4594 quomodo

418 4618 655 4688 potuerit
697 4617 888 4676 exiens
918 4618 984 4672 de
1007 4616 1244 4688 Egypto
1289 4631 1410 4671 esse
1453 4616 1602 4674 dives
1646 4615 1818 4681 valde.
1851 4615 2003 4684 Quod

419 4707 648 4762 solvitur
693 4706 780 4762 illa
834 4707 1098 4772 liebraica
1151 4707 1377 4763 veritate
1419 4707 1474 4768 in
1522 4721 1626 4775 qua
1675 4705 1929 4761 scribitur
1986 4725 1998 4759 :

420 4802 615 4855 Abram
649 4802 822 4872 gravis
870 4801 1236 4872 veltementer,
1276 4799 1379 4854 hoc
1427 4807 1528 4862 est,
1570 4800 1736 4872 βαρὺς
1782 4796 1998 4873 σφόδρα.

418 4892 638 4965 Aigypti
663 4892 811 4948 enim
838 4891 1076 4962 pondere
1095 4890 1452 4962 gravabatur;
1486 4897 1540 4946 et
1562 4890 1689 4944 licet
1716 4889 2003 4944 videantur

417 4998 540 5041 esse
563 4983 774 5054 pecoris
801 4981 1018 5048 divitiae,
1049 4981 1166 5040 auri
1199 4988 1255 5035 et
1281 4980 1510 5050 argenti,
1544 4988 1722 5038 tamen
1762 4979 1807 5034 si
1838 4975 2004 5048 Egy-

417 5077 545 5147 ptiae
568 5087 714 5143 sunt,
740 5075 856 5131 viro
877 5081 1064 5130 sancto
1085 5087 1276 5146 graves
1299 5082 1442 5129 sunt.
1469 5072 1710 5143 Denique
1735 5088 1840 5134 non
1866 5080 1924 5126 ut
1949 5071 2000 5125 in

419 5169 771 5242 Septuaginta
821 5167 1070 5239 legimus,
1120 5166 1249 5222 abiit
1298 5165 1435 5220 unde
1484 5174 1689 5220 venerat
1743 5164 2001 5224 desertum

423 5277 584 5332 usque
631 5258 832 5323 Bethel,
881 5259 993 5322 sed,
1043 5257 1182 5312 sicut
1223 5255 1276 5310 in
1320 5255 1546 5309 Hebraeo
1591 5253 1848 5334 scriptum
1897 5258 1996 5312 est,

419 5351 544 5405 abiit
570 5351 753 5404 itinere
795 5366 890 5403 suo
927 5364 1018 5419 per
1056 5347 1302 5423 Austrum
1351 5361 1511 5416 usque
1552 5341 1752 5397 Bethel.
1799 5341 2001 5394 Idcirco

418 5439 564 5492 enim
593 5440 659 5493 de
684 5439 916 5509 Egypto
941 5435 1213 5507 profectus
1233 5443 1346 5500 est,
1370 5442 1496 5489 ‘non
1527 5441 1587 5488 ut
1613 5433 1884 5488 desertum
1915 5430 1996 5494 in-

420 5527 734 5596 grederetur
760 5529 901 5597 quod
933 5543 1053 5582 cum
1080 5526 1314 5596 Αἴθῃ)ιο
1344 5524 1665 5593 reliquerat,
1696 5523 1786 5576 sed
1826 5530 1884 5575 ut
1907 5536 1999 5590 per

420 5615 672 5670 Austrum
705 5617 794 5684 qui
827 5615 1070 5683 Aquiloni
1100 5614 1406 5669 contrarius
1431 5620 1512 5666 est
1537 5653 1549 5676 ,
1577 5612 1784 5666 veniret
1803 5612 1867 5665 ad
1907 5615 1999 5667 do-

426 5718 566 5762 mum
599 5707 711 5770 Dei,
753 5707 838 5761 ubi
875 5708 1274 5760 tabernaculum
1301 5708 1416 5776 ejus
1442 5708 1491 5761 in
1527 5708 1702 5762 medio
1735 5707 1914 5764 Belbel
1945 5719 1992 5764 et

2175 4521 2449 4595 Elegitque
2494 4525 2592 4579 sibi
2644 4523 2741 4580 Lot
2791 4527 3048 4598 regionem
3107 4532 3248 4585 circa
3284 4530 3622 4598 Iordanem,
3669 4545 3721 4590 et

2106 4613 2308 4668 recessit
2340 4615 2404 4668 ab
2458 4613 2688 4676 Oriente.
2722 4618 2989 4689 ltivisique
3022 4631 3142 4674 sunt
3175 4621 3491 4676 alterutrum
3525 4644 3564 4678 a
3599 4627 3724 4694 fra-

2103 4715 2180 4760 tre
2212 4723 2328 4758 suo.
2361 4706 2554 4765 Abram
2590 4726 2706 4763 vero
2735 4710 2987 4765 habitavit
3025 4713 3080 4765 in
3117 4723 3258 4766 terra
3303 4704 3617 4782 Chanaan,
3668 4729 3723 4770 et

2103 4793 2201 4849 Lot
2226 4806 2455 4858 moratus
2489 4808 2563 4852 est
2589 4800 2644 4852 in
2684 4801 2884 4870 oppidis
2914 4818 3029 4871 qua:
3069 4811 3215 4855 erant
3262 4804 3404 4855 circa
3430 4806 3720 4874 regionem

2103 4885 2376 4951 Iordanis,
2423 4896 2469 4940 et
2495 4887 2744 4950 habitavit
2771 4890 2825 4944 in
2852 4887 3117 4945 Sodomis.
3164 4883 3348 4946 Potest
3390 4901 3447 4946 et
3492 4909 3722 4957 secun-

2105 4979 2230 5034 dum
2268 4979 2578 5051 allegoriam
2633 4981 2687 5036 in
2733 4982 3041 5052 pastoribus
3089 4982 3230 5049 Lot,
3267 4985 3358 5053 qui
3406 4984 3728 5054 planitiem

2103 5079 2262 5126 terra:
2309 5072 2664 5130 Sodomorum
2689 5063 2753 5130 et
2773 5074 2946 5129 locum
2972 5076 3350 5146 voluptuosum
3387 5077 3724 5148 elegerunt,

2103 5166 2478 5224 haereticorum
2517 5168 2676 5228 turba
2709 5169 2900 5238 accipi,
2935 5170 3026 5240 qui
3056 5169 3415 5241 voluptatibus
3453 5186 3732 5238 praesen-

2103 5259 2172 5315 tis
2195 5261 2318 5314 vita:
2350 5259 2538 5326 dediti,
2589 5271 2753 5332 atque
2784 5277 3030 5331 errorum
3072 5263 3280 5318 catenis
3311 5259 3504 5323 vincti,
3539 5262 3729 5316 decli-

2109 5358 2240 5405 nant
2264 5368 2292 5405 a
2340 5351 2426 5404 via
2456 5352 2722 5418 veritatis,
2775 5360 2831 5406 et
2865 5351 3193 5420 consortium
3225 5344 3437 5404 Christi
3452 5352 3728 5406 catholi-

2105 5457 2289 5512 c2cque
2339 5443 2462 5499 ﬁdei
2505 5444 2764 5499 unitatem
2805 5443 3004 5498 habere
3033 5451 3315 5512 spernunt.
3369 5440 3538 5508 Quod
3570 5444 3733 5498 bene

2107 5548 2298 5588 nomen
2324 5533 2424 5589 Lot
2472 5535 2748 5605 ex‘primit,
2781 5535 3162 5604 interpretatur
3204 5547 3434 5602 namque
3459 5524 3728 5596 cinctus.

2105 5623 2184 5676 vel
2221 5623 2516 5676 declinatio.
2557 5612 2565 5618 ’

2178 5712 2242 5765 Et
2276 5713 2370 5765 riri
2407 5712 2750 5767 Sodomorum
2792 5714 2915 5766 mali
2944 5724 2989 5766 et
3014 5723 3306 5779 peccatores
3338 5712 3388 5763 in
3405 5701 3750 5781 conspectas
