3962 6198
378 285 501 342 537

1432 292 1782 352 COMMENT.
1822 298 1887 351 ΙΝ
1925 298 2245 355 GENESIM.
2284 332 2355 344 --
2390 304 2520 360 LIB.
2559 305 2620 359 ll.

3531 316 3634 371 538

375 403 485 456 Dei
504 403 843 490 vehementer.
888 403 1167 473 Superllue
1191 407 1279 461 hic
1306 407 1359 461 in
1403 406 1749 479 Septuaginta
1790 411 1957 466 inter-
1987 415 2036 472 Α
2064 411 2247 467 Zusim
2274 432 2391 468 cum
2406 416 2499 478 eis,
2515 427 2561 471 et
2575 417 2750 471 Ennm
2772 435 2887 472 cum
2905 418 3057 483 Save,
3075 419 3397 477 Cariathaim
3413 436 3460 479 et
3478 426 3630 482 Chor~

370 496 631 564 pretibus
659 494 897 550 additum
920 503 1024 582 est,
1047 497 1103 550 in
1125 508 1398 568 conspectu
1420 499 1834 583 Dei..Siquidem
1861 502 1960 556 8ο-
2063 521 2193 558 rceos
2222 508 2278 558 in
2314 509 2576 563 montibus
2605 508 2722 564 Seir
2755 527 2916 581 usque
2954 512 3024 564 ad
3067 517 3376 583 campestria
3420 517 3632 575 Pharon

374 587 665 642 domorum
722 583 897 641 colon:
951 586 1091 656 apud
1134 603 1322 644 omnes
1369 590 1494 644 mali
1554 600 1609 645 et
1652 602 1961 662 peccatores
2056 610 2174 663 quia
2200 596 2348 648 estin
2375 595 2674 651 solitudine.
2717 597 3021 670 Reversique
3049 613 3190 668 sunt,
3226 612 3272 657 et
3298 618 3540 661 venerunt
3564 609 3635 663 ad

369 686 556 735 erant.
604 676 697 732 llle
725 688 907 732 autem
934 679 1132 733 dicitur
1160 680 1212 734 in
1241 693 1531 751 conspectu
1559 682 1652 737 Dei
1685 695 1958 754 peccator,

2058 684 2252 752 fontem
2278 684 2531 754 Hisphat,
2560 687 2673 758 ipsa
2698 699 2772 743 est
2799 685 3006 755 Gades;
3051 700 3100 745 et
3138 708 3502 761 percusserunt
3524 715 3635 753 om-

367 766 472 835 qui
501 776 683 836 potest
711 768 1018 823 hominibus
1040 770 1220 840 justus
1240 771 1431 836 videri,
1462 777 1729 843 quomodo
1760 774 1826 829 de
1853 776 1957 830 Za-
2057 791 2172 828 nem
2195 777 2449 845 regionem
2468 778 2872 833 Amalecitarum
2892 790 2938 834 et
2961 782 3402 850 Amorrlueorum,
3426 790 3514 857 qui
3538 788 3639 842 ha-

366 855 566 909 cbaria
619 865 676 911 et
715 856 781 911 de
811 857 1084 913 Elisabeth
1130 859 1185 913 in
1235 861 1505 930 praeconio
1548 863 1766 928 ponitur
1814 864 1955 932 quod

364 947 574 1016 fuerint
609 948 744 1018 justi
785 950 936 1002 ambo
988 949 1041 1002 in
1070 961 1342 1030 conspectu
1382 951 1480 1007 Dei
1503 952 1652 1025 (Luc.
1678 953 1758 1022 t);
1808 964 1863 1009 et
1900 956 1953 1010 in

362 1037 585 1106 psalmo
608 1038 847 1093 dicitur;
886 1036 1008 1094 Non
1027 1040 1409 1110 justiﬁcabitur
1448 1043 1503 1096 in
1544 1055 1821 1116 conspectu
1864 1055 1954 1101 tuo

361 1127 542 1181 omnis
567 1127 741 1182 vivens
765 1125 934 1199 (Psal.
964 1132 1152 1202 cun).

439 1217 688 1289 Dixitque
737 1218 994 1275 Dominus
1053 1223 1124 1276 ad
1160 1224 1385 1289 Abram,
1436 1236 1706 1297 postquam
1755 1227 1952 1283 divisus

357 1319 441 1364 est
472 1309 572 1365 Lot
611 1311 679 1365 ab
723 1327 784 1366 eo
810 1332 829 1368 :
863 1312 1001 1366 leva
1040 1313 1218 1369 oculos
1248 1326 1384 1381 tuos,
1426 1328 1474 1371 et
1516 1319 1629 1373 vide
1675 1337 1707 1373 a
1731 1320 1865 1385 loco,
1895 1322 1951 1374 in

353 1418 466 1472 quo
494 1420 637 1457 nunc
660 1420 716 1458 es
744 1403 815 1456 ad
840 1403 1143 1475 Aquilonem
1172 1417 1221 1460 et
1246 1406 1541 1476 Meridiem,
1585 1410 1654 1463 ad
1686 1408 1950 1465 Orientem

355 1505 406 1547 et
433 1494 773 1549 Occidentem
798 1514 820 1553 :
867 1512 1077 1550 omnem
1118 1505 1313 1551 terram
1355 1515 1512 1568 quam
1562 1502 1815 1569 conspicis
1857 1502 1949 1557 tibi

355 1588 520 1652 dabo,
544 1596 594 1641 et
614 1587 799 1642 semini
828 1599 920 1640 tuo
945 1604 1105 1657 usque
1129 1587 1182 1641 in
1216 1590 1585 1659 sempiternum
1609 1632 1625 1655 ,
1653 1592 1948 1663 faciamque

353 1695 537 1733 semen
566 1689 719 1732 tuum
758 1678 892 1731 sicut
919 1677 1178 1748 pulverem
1212 1690 1385 1734 terrai.
1432 1680 1494 1735 Si
1520 1682 1634 1751 quis
1658 1694 1822 1752 potest
1851 1685 1944 1738 ho-

2056 863 2250 918 bitabat
2279 865 2330 919 in
2369 866 2801 923 Asasonthamar.
2851 870 2968 924 Alia
3016 881 3196 927 autem
3225 874 3389 930 editio
3427 877 3507 931 sic
3532 879 3621 932 ha-

2052 956 2143 1011 bet
2174 975 2187 1009 :
2230 955 2299 1009 Et
2326 960 2660 1013 conciderunt
2688 963 2920 1031 gigantes
2947 963 3000 1018 in
3040 964 3547 1031 Assarotncarnaim,
3581 981 3634 1023 et

2050 1061 2223 1119 gentes
2244 1050 2401 1120 fortes
2447 1070 2563 1107 cum
2585 1056 2658 1108 eis
2684 1056 2861 1121 simul,
2913 1068 2961 1111 et
3009 1057 3274 1114 Ominwos
3314 1061 3369 1115 in
3397 1059 3532 1116 Sabe
3558 1065 3635 1116 ri-

2051 1138 2225 1192 vitate.
2274 1140 2575 1211 Antequam
2607 1142 2893 1199 Sodomam
2919 1149 3264 1216 pervenirent
3291 1160 3526 1219 quatuor
3545 1167 3631 1207 re—

2050 1243 2144 1297 ges
2189 1228 2414 1297 profecti
2466 1232 2531 1286 de
2582 1232 2875 1304 Babylone,
2934 1237 3320 1294 interfecerunt
3361 1242 3634 1312 gigantes,

2048 1320 2152 1374 hoc
2179 1328 2262 1374 est
2290 1320 2575 1391 Rapbaim‘,
2619 1324 2867 1381 robustos
2891 1340 3132 1397 quosque
3153 1328 3366 1385 Arabiae
3385 1372 3398 1396 ,
3440 1340 3496 1387 ct
3523 1333 3636 1386 Zu-

2050 1411 2155 1464 zim
2183 1411 2235 1465 in
2264 1409 2422 1478 llom,
2451 1413 2710 1495 Emim‘in
2737 1416 2956 1471 civitate
2984 1416 3143 1483 Save,
3188 1436 3307 1490 qua:
3334 1437 3503 1490 usque
3528 1423 3630 1477 ho-

2046 1498 2232 1562 diesic
2261 1514 2499 1557 vocatur.
2554 1504 2738 1559 Zuzim
2782 1513 2961 1562 autem
2990 1516 3046 1562 et
3076 1509 3250 1563 Emim
3276 1510 3530 1566 terribiles
3571 1524 3627 1570 ct

2044 1591 2290 1645 horrendi
2344 1593 2785 1664 interpretantur,
2817 1611 2915 1665 pro
2965 1612 3070 1667 quo
3098 1595 3472 1668 Septuaginta,
3503 1614 3628 1654 seu-

2046 1697 2161 1736 sum
2219 1685 2389 1754 magis
2437 1698 2597 1755 quam
2637 1686 2859 1742 verbum
2907 1704 2974 1742 ex
3002 1688 3167 1743 verba
3211 1690 3620 1757 transferentes,

354 1768 569 1821 asinum
601 1783 877 1821 munerare
916 1767 1198 1838 pulverem,
1229 1785 1401 1823 semen
1438 1786 1640 1841 quoque
1675 1783 1819 1826 tuum
1849 1791 1945 1827 nu-
1973 1758 2017 1816 Β
2044 1783 2216 1843 gentes
2248 1774 2560 1843 fortissimas
2587 1785 2901 1845 posuerunt.
2948 1774 3017 1832 Et
3044 1788 3346 1833 revertentes
3377 1792 3619 1835 venerunt

355 1874 568 1911 mei-are
623 1857 831 1928 poterit.
907 1857 1149 1924 Quatuor
1207 1858 1423 1912 climata
1490 1861 1674 1915 mundi
1744 1863 1941 1931 posuit,

352 1946 641 2003 Orientem
677 1957 735 2004 et
773 1947 1140 2015 Occidentem,
1195 1949 1629 2021 Septentrionem
1680 1961 1735 2008 et
1762 1941 1944 2008 ’Μενί-

352 2038 502 2094 diem
523 2039 930 2108 :possessioque
954 2046 1112 2094 terra;
1132 2039 1428 2096 Palaestina:
1449 2041 1742 2098 secundum
1782 2044 1944 2098 histo-

354 2130 498 2184 riam
531 2132 581 2186 ei
605 2131 899 2199 spondetur
922 2132 1194 2191 memini
1238 2132 1372 2203 ejus,
1410 2133 1514 2189 hoc
1539 2143 1622 2189 est
1650 2135 1842 2205 populo
1868 2134 1943 2190 ls-

355 2220 491 2275 raeli
500 2221 627 2276 tico.
645 2220 799 2288 Quod
811 2230 988 2277 autem
1005 2222 1057 2276 in
1070 2223 1388 2292 quibusdam
1403 2224 1646 2294 exempla
1654 2225 1801 2280 ribus
1815 2227 1944 2282 scri-

353 2320 509 2381 ptum
545 2314 833 2383 reperitur,
859 2313 995 2370 Leva
1025 2314 1203 2370 oculos
1227 2325 1344 2370 tuos
1370 2316 1440 2370 ad
1463 2304 1769 2389 Aquilonem
1796 2330 1841 2372 et
1872 2325 1943 2373 ad

353 2401 634 2470 Austrum,
656 2413 705 2457 et
722 2404 794 2458 ad
816 2404 1078 2460 Orientem
1098 2416 1146 2460 et
1168 2422 1333 2472 mare,
1348 2414 1478 2473 etc.,
1502 2423 1652 2463 mare
1675 2424 1773 2477 pro
1785 2408 1940 2464 Occi-

352 2493 522 2549 dente
549 2495 720 2564 ponit,
752 2495 821 2549 ab
849 2510 915 2555 eo
950 2497 1091 2565 quod
1117 2496 1415 2552 Palaestina:
1444 2499 1590 2566 regio
1618 2499 1689 2552 ita
1719 2501 1820 2554 sita
1849 2501 1937 2567 sit,

352 2593 413 2639 ut
438 2601 594 2640 mare
620 2587 678 2642 in
699 2588 1009 2643 Occidentis
1036 2588 1190 2659 plaga
1220 2588 1435 2645 habeat.
1489 2584 1712 2660 Mystice
1758 2604 1938 2647 autem

351 2676 550 2732 semini
578 2677 809 2732 Abraba:
852 2679 996 2747 quod
1020 2688 1103 2735 est
1126 2678 1397 2747 Christus,
1424 2680 1662 2736 Omnium
1695 2683 1935 2752 gentium

352 2766 648 2822 hereditas
671 2767 1027 2838 promittitur,
1051 2770 1142 2838 qui
1166 2769 1454 2825 ecclesiam
1472 2785 1624 2825 suam
1646 2787 1744 2841 per
1770 2779 1936 2826 totam

354 2858 544 2913 mundi
568 2858 956 2931 longitudinem
984 2868 1040 2914 et
1061 2858 1399 2916 latitudinem
1421 2859 1644 2917 eﬁ‘undit
1674 2877 1690 2917 :
1725 2863 1811 2919 cui
1842 2861 1938 2918 Pa-

355 2956 439 3004 ter
461 2948 539 3003 ait
568 2967 580 3002 :
614 2948 837 3003 Postulo
864 2968 898 3004 a
940 2966 1041 3016 me,
1087 2960 1135 3005 et
1160 2950 1299 3006 dabo
1332 2952 1426 3007 tibi
1452 2963 1626 3023 gentes
1651 2954 1932 3009 [neredita-

2043 1860 2113 1913 ad
2150 1860 2341 1927 fontem
2367 1861 2589 1930 Judicii,
2616 1866 2712 1918 hoc
2734 1875 2813 1919 est
2832 1864 3019 1921 Gades.
3053 1866 3158 1922 Per
3186 1869 3621 1937 anticipationem

2043 1951 2255 2016 dicitur,
2288 1954 2430 2024 quod
2459 1963 2644 2023 postea
2697 1957 2776 2011 sic
2800 1965 3048 2013 vocatum
3077 1967 3177 2014 est.
3226 1958 3506 2029 Signiﬁcat
3530 1977 3626 2016 au-

2041 2052 2149 2097 tem
2176 2044 2349 2099 locum
2373 2046 2511 2116 apud
2540 2055 2771 2117 petram,
2802 2050 2892 2117 qui
2928 2049 3048 2104 fons
3068 2048 3261 2105 Judicii
3289 2052 3620 2120 nominatur,

2041 2133 2165 2201 quia
2219 2133 2290 2189 ibi
2338 2133 2482 2190 Deus
2525 2137 2778 2207 populum
2826 2138 3099 2206 judicarit.
3146 2139 3216 2193 Et
3253 2156 3619 2210 percusserunt

2040 2236 2243 2275 onmem
2319 2224 2576 2292 regionem
2649 2226 3058 2281 Amalecitarum
3083 2268 3098 2293 ,
3145 2236 3195 2282 et
3257 2230 3617 2284 Amorrlueum

2040 2312 2299 2367 sedentem
2342 2316 2397 2368 in
2421 2314 2854 2371 Asasonthamar.
2903 2316 3017 2373 lioc
3059 2319 3311 2389 oppidum
3346 2330 3430 2376 est
3476 2324 3615 2390 quod

2040 2418 2182 2458 nunc
2208 2414 2431 2459 vocatur
2451 2405 2708 2475 Engaddi,
2748 2406 2977 2463 balsami
3003 2416 3057 2463 et
3093 2409 3391 2479 palmarum
3415 2410 3615 2466 fertile.

2040 2492 2210 2548 Porro
2241 2494 2667 2550 Asasonthamar
2703 2498 2756 2552 in
2806 2498 2986 2568 lingua
3035 2508 3220 2555 nostra
3246 2501 3376 2556 urbs
3405 2501 3613 2572 palma-

2039 2594 2156 2642 r'um
2188 2598 2422 2644 resonat.
2455 2588 2692 2644 Thamar
2729 2591 2924 2661 quippe
2959 2592 3135 2662 palma
3163 2592 3379 2648 dicitur.
3422 2592 3614 2648 Scien-

2038 2672 2166 2729 dum
2195 2684 2395 2740 autem,
2425 2692 2525 2746 pro
2549 2692 2613 2731 eo
2640 2679 2926 2748 quodpost
2946 2680 3220 2749 paululum
3245 2681 3514 2748 sequitur,
3546 2682 3610 2734 Et

2038 2764 2340 2820 direxerant
2366 2777 2549 2821 contra
2586 2783 2681 2822 eos
2704 2769 2867 2823 aciem
2895 2770 2963 2823 ad
3011 2769 3200 2824 bellum
3227 2771 3282 2823 in
3304 2768 3442 2823 valle
3472 2768 3619 2824 Soli.

2038 2866 2249 2921 narum,
2281 2855 2335 2909 in
2362 2855 2590 2913 Hebraeo
2626 2857 2878 2928 habetur,
2928 2858 2997 2913 In
3023 2858 3155 2913 valle
3181 2858 3411 2924 Siddim,
3436 2868 3615 2920 una.

2037 2944 2181 3013 quod
2203 2945 2395 3024 Aquila
2427 2954 2481 3000 et
2516 2946 2852 3003 Theodotion
2881 2963 3083 3002 amoma
3114 2964 3324 3003 nemora
3352 2949 3617 3018 interpre-

350 3046 455 3100 teut
482 3046 656 3103 luant,
681 3048 729 3092 et
757 3039 1132 3108 possessionem
1154 3051 1299 3095 tuam
1322 3043 1567 3096 terminos
1593 3053 1745 3097 teme
1761 3042 1929 3114 (Psal.
1963 3080 2006 3114 Α
2040 3034 2136 3089 mli
2163 3044 2307 3090 sunto

352 3128 459 3197 n);
509 3136 566 3183 et
612 3093 937 3185 Psalmista:
971 3131 1039 3184 Et
1074 3131 1451 3200 dominabitur,
1498 3132 1693 3203 inquit,
1735 3093 1934 3189 a\mari

2106 3124 2177 3178 Et
2205 3124 2436 3180 tulerunt
2459 3142 2662 3181 omnem
2689 3127 3034 3183 substantiam
3069 3127 3416 3183 Sodomorum
3437 3136 3485 3181 et
3509 3124 3614 3180 Go-

352 3235 517 3289 ltsqste
550 3219 621 3273 ad
646 3236 822 3286 mare,
852 3230 901 3275 et
932 3239 964 3274 α
993 3222 1211 3292 flumine
1245 3238 1406 3294 usque
1428 3223 1497 3277 ad
1522 3223 1766 3279 terminos
1796 3225 1935 3279 orbis

350 3320 525 3365 terra.
571 3309 641 3364 Et
685 3310 978 3366 adorabunt
1004 3329 1121 3367 eum
1142 3329 1317 3368 omnes
1348 3329 1488 3385 reges
1534 3324 1711 3382 terrw,
1759 3332 1934 3370 omnes

349 3411 525 3471 gentes
568 3401 787 3457 servient
824 3402 873 3456 ei
914 3400 1084 3473 (Psul.
1113 3402 1305 3474 ωωι).

949 3516 1178 3577 CAPUT
1218 3520 1335 3577 XV.

352 3604 509 3671 Quod
541 3608 768 3730 quatuor
787 3624 929 3678 reges
956 3609 1205 3663 adversus
1229 3609 1578 3666 Sodomorum
1600 3612 1827 3683 quinque
1855 3631 1934 3668 re-

421 3692 509 3730 aes
575 3676 993 3730 elltaeraverunt.
1045 3690 1093 3730 et
1123 3679 1220 3730 Lot
1248 3681 1607 3730 nm’daverunt
1641 3697 1660 3730 :
1702 3694 1751 3730 et
1791 3683 1934 3730 auod

418 3692 509 3754 ges
545 3676 993 3754 belligerauerant,
1045 3690 1093 3754 e_t
1123 3679 1220 3733 Lot
1247 3676 1660 3754 prmdaverunt':
1702 3676 1751 3737 et
1791 3683 1934 3754 quod

421 3746 617 3800 Abram
644 3746 877 3816 prwdam
913 3764 1030 3801 cum
1054 3746 1151 3801 Lat
1180 3746 1405 3803 reduxit.

420 3855 572 3926 (CAP.
602 3858 742 3929 11v.)
796 3855 1022 3913 Factum
1052 3868 1127 3913 est
1173 3862 1430 3927 autemin
1463 3860 1554 3916 illo
1604 3872 1830 3935 tempore
1874 3875 1930 3919 ut

350 3948 631 4018 Amrapltel
656 3965 748 4004 rex
775 3948 1040 4016 Sennaar,
1076 3960 1123 4004 et
1161 3950 1351 4007 Arioch
1379 3970 1471 4007 rea:
1492 3951 1671 4020 Ponti,
1716 3966 1764 4011 et
1794 3953 1932 4011 Clio-

350 4037 688 4092 dorlaliomor
724 4054 816 4092 res:
838 4037 1212 4107 Elamitarum,
1239 4050 1288 4094 et
1332 4037 1538 4096 Thadal
1559 4060 1650 4097 rex
1675 4046 1926 4114 gentium,

348 4130 541 4183 inirent
566 4127 757 4182 bellum
777 4139 960 4184 contra
982 4129 1124 4185 Bara
1147 4148 1316 4202 regem
1342 4130 1712 4201 Sodomorum,
1739 4144 1789 4189 et
1810 4152 1930 4191 con-

352 4216 609 4274 traGersa
630 4234 799 4289 regem
830 4216 1135 4275 Gomorrlue
1158 4262 1174 4288 ,
1207 4231 1256 4276 et
1281 4232 1465 4276 contra
1491 4220 1732 4279 Sennaab
1758 4242 1928 4297 regem

350 4307 591 4370 Adamat.
617 4316 666 4362 et
690 4316 872 4375 contra
895 4307 1138 4364 Semeber
1171 4327 1340 4381 regem
1382 4308 1614 4377 Seboim,
1642 4322 1925 4385 contraque

350 4416 519 4468 regem
564 4399 725 4470 galw,
761 4401 874 4470 ipsq
897 4410 973 4456 est
1017 4386 1197 4471 Segor.
1248 4400 1438 4457 Omnes
1482 4402 1539 4456 lii
1577 4414 1921 4460 convenerunt

350 4487 490 4556 apud
519 4486 706 4541 vallem
724 4487 1007 4543 silvestrem
1026 4506 1144 4559 qua:
1167 4507 1303 4544 nunc
1334 4499 1408 4544 est
1436 4506 1582 4554 mare
1609 4491 1757 4547 salis.
1795 4492 1925 4549 Bale

351 4575 532 4646 lingua
557 4575 782 4632 Hebraea
810 4577 1072 4632 devoratio
1098 4579 1313 4634 dicitur.
1357 4577 1599 4635 Tradunt
1622 4580 1784 4652 igitur
1816 4580 1924 4636 He—

351 4667 477 4725 διδωί
508 4668 654 4723 hanc
676 4668 922 4729 eamdem
951 4668 1006 4722 in
1034 4668 1139 4724 alio
1169 4666 1569 4739 Scripturarum
1604 4671 1722 4726 loco
1752 4672 1926 4729 Salisa

350 4756 642 4824 nominari,
658 4757 869 4828 dicique
895 4774 1108 4815 rursum
1129 4760 1332 4832 μὸσχον
1356 4766 1731 4839 τριετίζουσαν,
1750 4764 1802 4818 id
1822 4772 1922 4829 est,

350 4849 575 4905 vitulum
607 4858 1032 4917 conteruantem,
1059 4853 1201 4921 quod
1240 4852 1447 4907 scilicet
1468 4862 1627 4906 terra:
1653 4859 1797 4909 motu
1824 4863 1926 4908 ter-

353 4941 423 4995 tio
463 4939 719 5010 absorpta
747 4941 836 5004 sit,
867 4949 923 4996 et
964 4954 1032 5011 px
1069 4956 1133 4996 eo
1176 4950 1416 5011 tempore
1461 4957 1569 5012 quo
1600 4942 1832 4998 Sodoma
1867 4951 1923 4999 et

352 5030 673 5095 Gomorrha,
703 5030 907 5092 Adama
935 5039 990 5091 et
1015 5031 1251 5096 Seboim,
1282 5031 1461 5086 divino
1497 5031 1621 5102 igne
1653 5032 1923 5088 subversa:

351 5130 497 5189 sunt,
528 5121 616 5176 illa
644 5123 863 5191 parvula
883 5130 1237 5190 nuncupatur.
1270 5120 1544 5190 Siquidem
1558 5120 1727 5189 chor
1751 5128 1925 5181 trans-

350 5213 525 5269 fertur
546 5215 601 5269 in
639 5231 884 5286 parvam,
919 5232 1038 5284 qua:
1062 5217 1114 5270 in
1140 5215 1317 5286 lingua
1344 5212 1480 5284 syra
1508 5213 1682 5268 ZOara
1703 5201 1920 5267 dicitur.

354 5305 519 5363 Vallis
569 5314 751 5362 autem
788 5308 1122 5373 Salinarum,
1171 5307 1308 5360 sicut
1341 5306 1397 5360 in
1443 5306 1544 5362 hoc
1571 5306 1760 5360 eodem
1788 5305 1925 5361 libro

352 5399 629 5465 scribitur,
663 5400 719 5454 in
741 5415 845 5469 qua
877 5399 1094 5465 fuerunt
1130 5406 1255 5454 ante
1284 5398 1430 5468 putei
1454 5396 1755 5461 bituminis,
1804 5405 1925 5464 post

355 5492 449 5561 hei
489 5494 626 5549 iram
660 5500 715 5549 et
738 5492 1010 5561 sulphuris
1058 5491 1313 5560 pluviam,
1356 5490 1409 5543 in
1452 5503 1604 5543 mare
1653 5487 1922 5543 Mortuum

356 5598 507 5642 versa
535 5591 639 5639 est.

423 5672 901 5746 Psrcusscruntque
952 5676 1202 5729 Rau/inim
1235 5676 1287 5727 in
1339 5674 1824 5737 .issarotltcnrnaim
1875 5681 1922 5735 et

2036 3215 2433 3270 morrhtearum.
2505 3214 2858 3287 Septuaginta
2905 3236 2918 3271 :
2986 3216 3055 3271 Et
3121 3216 3352 3272 tulerunt
3412 3232 3611 3271 omnem

2034 3308 2317 3377 equitatum
2373 3306 2722 3363 Sodomorum
2765 3317 2813 3362 et
2863 3309 3189 3363 Gomorrhre.
3235 3307 3343 3363 Pro
3367 3309 3609 3378 equitatu

2034 3398 2099 3452 iu'
2134 3394 2359 3453 Hebraeo
2412 3392 2575 3452 habet
2622 3397 2811 3452 melius
2835 3438 2852 3466 ,
2894 3402 3043 3458 πη
3066 3438 3081 3464 ,
3136 3398 3192 3453 id
3236 3406 3320 3453 est
3358 3397 3610 3452 substan-

2036 3484 2186 3541 tiam.

2102 3577 2172 3631 Et
2215 3578 2305 3648 qui
2333 3578 2560 3648 fugerat,
2608 3578 2868 3632 nuntiavit
2914 3577 3109 3633 Abram
3153 3579 3441 3641 transitori.
3489 3577 3610 3647 Ipse

2030 3682 2149 3728 vero
2179 3672 2385 3725 sedebat
2416 3672 2486 3726 ad
2530 3684 2777 3742 quercum
2829 3670 3066 3727 Humbre
3106 3674 3398 3727 Amorrluei
3423 3671 3609 3741 fratris

2031 3760 2208 3826 Escol,
2250 3769 2298 3814 et
2338 3760 2521 3829 fratris
2549 3761 2762 3823 Aunan,
2816 3760 3080 3830 quierant
3124 3760 3389 3830 conjur'ati
3428 3761 3606 3815 Abrae.

2028 3843 2134 3908 Pro
2181 3867 2265 3917 eo,
2313 3852 2455 3923 quod
2486 3866 2584 3905 nos
2629 3851 2908 3920 posuimus
2944 3853 3235 3917 transitori,
3275 3851 3330 3905 in
3382 3850 3612 3909 Hebraeo

2028 3944 2289 4013 scriptum
2304 3940 2417 4007 est,
2445 3942 2544 3995 ibri
2578 3949 2734 4006 my,
2773 3942 2876 3996 hoc
2899 3942 3043 3996 enim
3066 3942 3326 3996 transitur
3350 3941 3608 4011 exprimi-2

2028 4042 2134 4090 tur.
2178 4033 2329 4102 Quod
2355 4041 2534 4088 autem
2561 4033 2659 4099 ait,
2689 4034 2830 4103 apud
2864 4048 3111 4104 quercum
3140 4032 3374 4087 Humbre
3421 4032 3605 4086 Amor-

2026 4125 2176 4196 rhwi,
2210 4124 2400 4178 melius
2427 4124 2482 4177 in
2508 4122 2736 4177 Hebraeo
2760 4122 2983 4193 legimus
3000 4122 3142 4193 apud
3159 4138 3405 4192 quercum
3430 4119 3606 4176 Mante

2027 4217 2106 4270 bri
2131 4215 2420 4270 Amorrlnei
2449 4215 2630 4284 fratris
2658 4214 2814 4269 Escol
2830 4218 2887 4269 'et
2911 4215 3124 4284 fratris,
3153 4231 3257 4271 non
3291 4214 3507 4278 Aunan,
3544 4224 3606 4283 ut

2026 4305 2375 4378 Septuaginta
2427 4304 2835 4370 transtulerunt,
2876 4306 2971 4360 sed
3017 4306 3175 4372 Aner,
3206 4313 3268 4359 ut
3292 4305 3604 4368 ostenderet

2028 4396 2266 4453 Mambre
2291 4406 2346 4455 et
2390 4396 2546 4451 Escol
2581 4405 2636 4452 et
2660 4396 2807 4452 Aner
2829 4396 3171 4452 Amorrhteos
3196 4405 3361 4467 atque
3388 4411 3604 4468 εει-ωας

2028 4504 2144 4553 nos,
2175 4488 2351 4543 socios
2392 4486 2556 4542 fuisse
2583 4486 2761 4542 Abrae.
2795 4482 2862 4540 Et
2885 4496 3182 4557 persecutus
3218 4497 3293 4541 est
3330 4503 3418 4542 eos
3440 4504 3609 4558 usque

2027 4578 2165 4644 Dan,
2197 4578 2265 4633 ad
2308 4577 2581 4634 Phoenicis
2618 4577 2903 4647 oppidum,
2948 4578 3088 4646 quod
3119 4593 3260 4632 nunc
3280 4576 3489 4635 Paucas
3516 4578 3602 4634 div.

2026 4670 2186 4725 citur.
2224 4670 2336 4725 Dan
2365 4679 2545 4724 autem
2574 4683 2713 4723 unus
2735 4683 2765 4723 e
2800 4668 3040 4724 fontibus
3063 4676 3148 4724 est
3173 4667 3444 4724 Jordanis.
3465 4667 3605 4737 Nam

2027 4770 2083 4819 ct
2108 4763 2246 4816 alter
2273 4770 2499 4817 vocatur
2546 4759 2659 4827 Jor,
2696 4761 2842 4830 quod
2885 4761 3271 4837 interpretatur
3300 4762 3519 4837 ῥεῖθρον,
3548 4762 3603 4827 id

2026 4861 2131 4917 est,
2162 4854 2322 4907 rivus.
2367 4852 2586 4907 Duobus
2619 4867 2747 4922 ergo
2772 4850 3031 4917 fontibus,
3066 4852 3157 4921 qui
3189 4851 3330 4906 haud
3356 4851 3541 4920 procul
3569 4867 3601 4910 a

2028 4958 2087 4998 se
2129 4942 2350 5008 distant,
2391 4942 2445 4997 in
2491 4957 2661 5003 unum
2714 4941 2945 5007 rivulum
2993 4940 3306 5006 lmderatis,
3347 4939 3601 4999 lordanis

2028 5035 2278 5109 deinceps
2304 5031 2621 5104 appellatur.

2100 5123 2253 5190 Quod
2297 5137 2414 5182 cum
2458 5121 2691 5181 audisset
2721 5121 2937 5188 Abram,
2986 5131 3194 5192 captum
3235 5117 3466 5173 videlicet
3500 5117 3598 5173 Lot

2034 5215 2249 5285 fratrem
2284 5231 2459 5279 suum,
2491 5217 2780 5267 numeravit
2822 5213 3086 5282 expeditos
3130 5208 3434 5265 vernaculos
3473 5225 3597 5265 suos

2030 5313 2281 5358 trecentos
2306 5303 2479 5361 decem
2506 5313 2554 5357 et
2593 5313 2739 5368 οειο,
2780 5312 2828 5356 et
2868 5309 3164 5370 persecutus
3206 5308 3281 5352 est
3318 5313 3407 5352 εοσ
3435 5315 3594 5369 usque

2030 5392 2170 5459 Dan,
2213 5400 2316 5447 etc.
2350 5390 2629 5461 Expeditos
2672 5391 2808 5444 dixit
2834 5390 3059 5459 juvenes
3082 5388 3150 5441 ad
3188 5385 3387 5441 bellum
3416 5402 3596 5456 prom-

2028 5492 2169 5552 ptos,
2200 5491 2255 5536 et
2303 5482 2392 5553 qui
2421 5497 2525 5536 non
2554 5479 2769 5534 ﬁlerunt
2813 5478 3046 5540 uxorati,
3086 5477 3154 5531 de
3187 5475 3381 5545 quibus
3422 5476 3477 5529 in
3505 5490 3594 5530 se-

2030 5572 2314 5642 quentibus
2364 5570 2516 5636 dixit,
2564 5567 2806 5633 Erceptis
2850 5566 2929 5619 his
2973 5579 3088 5636 qua:
3141 5563 3467 5619 comederunt
3497 5562 3592 5630 ju-

2030 5684 2194 5725 rencs.
