3958 6204
331 277 434 335 539

980 268 1037 323 Β.
1080 269 1331 323 RABANI
1365 269 1580 323 MAURI
1616 268 1933 324 ARCHIEP.
1977 268 2285 324 MOCUNT.
2328 268 2607 324 OPERUM
2645 269 2823 326 PARS
2859 270 2900 324 Ι.

3468 273 3568 329 546

401 382 726 452 Reduxitque
772 396 975 434 omnem
1024 379 1399 443 substantiam,
1444 389 1492 432 et
1520 366 1631 432 ’Lot
1687 380 1899 448 fratrem
1930 381 1977 438 Α
2004 389 2130 432 octo
2154 382 2535 438 comitantibus
2583 384 2923 438 adversarios
2966 384 3236 454 principes
3280 384 3589 449 debellavit,

329 490 481 528 suum
513 489 630 526 cum
650 470 941 525 substantia
969 468 1133 532 illius,
1160 469 1400 524 mulieres
1429 488 1629 541 quoque
1660 480 1706 524 et
1738 487 1902 540 papu-

329 566 459 619 tum.
504 563 721 634 Mystice
747 562 909 632 igitur
927 566 1159 629 quatuor
1183 574 1337 630 reges
1356 561 1445 630 qui
1479 560 1714 630 quinque
1752 575 1907 629 reges

331 664 739 725 superaverant,
784 660 1009 721 possunt
1036 652 1334 706 contrarias
1380 660 1671 722 potestates
1701 653 1905 723 signiti—

332 762 478 810 care,
530 759 649 812 qua:
675 742 921 798 carnales
949 742 1184 811 quinque
1233 744 1478 797 sensibus
1504 744 1748 813 corporis
1776 744 1909 796 abu-

335 846 507 890 tentes
536 836 679 888 vitiis
700 838 942 898 vincunt,
970 848 1033 887 ac
1056 832 1107 885 in
1138 833 1431 886 dominium
1452 848 1609 887 suum
1636 832 1903 901 redigunt.

331 926 463 978 Nam
493 923 794 994 Antraphel,
822 923 913 992 qui
944 924 1333 990 interpretatur
1359 923 1491 976 dixit
1521 933 1575 976 ut
1602 923 1828 987 caderet,
1854 930 1909 977 et

334 1029 424 1069 rex
454 1014 822 1077 estScnnaar,
865 1012 959 1080 qui
984 1012 1222 1065 excussio
1260 1012 1516 1077 dentium,
1541 1011 1618 1066 vel
1651 1012 1788 1081 fetor
1823 1028 1910 1065 eo-

333 1126 448 1161 rum
478 1109 882 1178 interpretatur,
922 1116 1099 1176 potest
1140 1105 1388 1159 haeresim
1435 1104 1760 1174 signiﬁcare,
1791 1119 1910 1172 quas

333 1198 400 1250 ad
427 1208 635 1252 certum
666 1213 851 1252 casum
880 1200 1124 1261 tendens,
1153 1196 1331 1250 verbis
1356 1195 1555 1250 dolosis
1577 1210 1793 1249 sensum
1830 1193 1910 1249 fe-

332 1289 499 1341 tidum
561 1289 781 1342 evomit.
835 1286 1015 1341 Arioth
1082 1296 1302 1351 autem,
1368 1284 1460 1355 qui
1526 1285 1911 1355 interpretatur

330 1378 521 1443 ebrius,
563 1378 640 1431 vel
665 1378 902 1441 ebrietas,
946 1378 1122 1447 typice
1162 1376 1407 1446 designat
1431 1375 1708 1449 gentilium
1738 1375 1913 1429 stulti-

332 1469 479 1533 tiam,
522 1470 612 1538 qui
671 1468 957 1537 iniquitate
997 1468 1169 1532 ebrii,
1210 1482 1355 1521 c.‘eco
1388 1466 1551 1521 corde
1605 1474 1912 1521 creaturam

326 1574 426 1628 pro
442 1559 700 1615 Creatore
728 1567 1075 1624 venerantur,
1100 1566 1156 1615 et
1179 1558 1360 1613 saeculi
1384 1558 1655 1613 illecebris
1682 1574 1780 1628 per
1802 1574 1915 1614 om-

327 1654 420 1708 nia
476 1653 837 1709 involvunlur.
881 1650 1332 1707 Chodorlahomor
1377 1666 1526 1715 vero,
1575 1652 1717 1721 quod
1748 1653 1916 1706 inter-

2002 468 2115 537 jam
2148 470 2201 522 in
2224 479 2561 527 sacramento
2582 474 2779 539 crucis,
2802 472 2953 541 cujus
2975 472 3140 544 ﬁgura
3165 465 3310 544 per:
3337 472 3572 530 litteram

2009 559 2252 615 Graecam
2284 572 2646 618 trecentorum
2699 580 2923 620 numero
2951 566 3291 635 exprimitur,
3324 566 3593 639 imagina—

2008 650 2188 716 batur,
2239 651 2379 721 quod
2403 669 2503 708 nos
2523 653 2721 709 Christi
2768 657 2945 725 passio
2965 656 3221 711 liberaret
3244 673 3272 711 a
3315 657 3591 713 dominatu

2009 741 2246 796 carnalis
2276 757 2484 808 sensus,
2524 746 2615 814 qui
2647 760 2746 801 nos
2791 755 2950 802 antea
2978 748 3142 802 variis
3185 747 3331 803 vitiis
3358 749 3592 819 captiva-

2013 840 2095 886 tos
2117 846 2555 904 cxsuperaverat.

2602 926 2828 983 CAPUT
2861 929 2979 983 XVI

2171 1016 2249 1070 De
2289 1015 2685 1082 Melchisedech,
2716 1028 2761 1072 et
2792 1019 2856 1073 de
2883 1019 3228 1076 decimatione
3252 1023 3425 1077 Abram

2082 1108 2149 1161 At
2177 1124 2292 1161 vero
2321 1106 2698 1161 Melchisedech
2731 1125 2821 1162 rex
2851 1107 3049 1175 Solem,
3106 1112 3375 1181 proferens
3403 1122 3601 1181 panem"

2010 1206 2058 1251 et
2084 1198 2257 1251 vinum
2286 1197 2419 1269 (erat
2449 1197 2587 1249 enim
2626 1199 2869 1251 sacerdos
2897 1198 2994 1252 Dei
3022 1199 3286 1270 altissimi)
3320 1192 3589 1254 benedixit

2011 1289 2079 1354 ei,
2105 1298 2154 1341 et
2190 1288 2263 1342 ait
2289 1303 2308 1341 :
2338 1285 2648 1340 Benedictus
2674 1287 2866 1341 Abram
2892 1287 2997 1342 Deo
3022 1289 3240 1353 excelso,
3285 1291 3376 1359 qui
3397 1291 3590 1344 creauit

2014 1376 2197 1431 cadum
2223 1385 2270 1430 et
2302 1386 2536 1441 terram;
2583 1385 2631 1430 et
2675 1375 2967 1431 benedictus
3013 1377 3155 1432 Deus
3182 1378 3435 1443 excelsus,
3486 1394 3593 1447 quo

2012 1475 2305 1535 protegente
2330 1467 2499 1520 hostes
2524 1465 2577 1519 in
2603 1466 2843 1520 manibus
2873 1466 2975 1519 tuis
3000 1476 3139 1530 sunt,
3181 1474 3285 1520 etc.
3318 1466 3591 1538 (Hieron.)

2014 1556 2155 1623 Quid
2181 1555 2388 1611 Hebraei
2418 1556 2484 1610 de
2511 1556 2614 1610 hoc
2641 1556 2875 1611 sentiant
2912 1555 3223 1611 inferamus.
3255 1556 3421 1610 Aiunt
3446 1556 3593 1611 hunc

2017 1662 2137 1702 esse
2192 1644 2317 1702 Sem
2356 1646 2523 1701 ﬁlium
2572 1645 2702 1711 Noe,
2750 1653 2803 1700 et
2852 1655 3201 1716 supputantes
3246 1661 3416 1701 annos
3465 1647 3594 1700 vitae

326 1753 574 1814 pretatur
599 1745 751 1815 quasi
797 1743 1020 1798 decorus
1065 1742 1386 1812 manipulus,
1418 1751 1474 1798 et
1504 1758 1598 1797 rex
1621 1750 1707 1815 est
1736 1743 1906 1808 Elam,
1938 1742 1985 1801 B
2014 1737 2200 1807 ipsius,
2254 1737 2543 1792 ostendunt
2572 1753 2695 1791 eum
2737 1738 2804 1791 ad
2837 1736 2986 1792 Isaac
3028 1752 3199 1806 usque
3227 1739 3448 1803 vixisse,
3477 1752 3597 1792 om-

326 1837 429 1893 hoc
459 1843 560 1899 est,
591 1833 791 1899 saeculi,
825 1833 910 1889 vel
955 1833 1123 1897 orbis,
1167 1832 1478 1903 hypocrisin
1513 1848 1621 1887 non
1653 1833 1907 1887 inconve-

327 1926 540 1980 nienter
561 1926 833 1995 exprimit,
876 1941 997 1995 qua:
1044 1926 1168 1980 licet
1201 1940 1337 1979 vana
1368 1925 1442 1980 sit
1488 1933 1544 1979 et
1577 1926 1905 1995 perniciosa,

329 2030 505 2075 tamen
532 2020 729 2076 decora
776 2020 1059 2090 superﬁcie
1089 2019 1337 2088 imperito
1374 2019 1533 2088 vulgo
1570 2020 1623 2073 in
1655 2020 1908 2088 praesenti

329 2126 450 2166 csse
479 2112 690 2166 videtur
708 2151 724 2176 ,
755 2112 849 2167 sed
875 2112 929 2164 in
962 2110 1144 2165 futuro
1183 2126 1279 2179 per
1303 2111 1589 2165 adventum
1613 2112 1727 2165 veri
1750 2110 1907 2165 lumi-

325 2202 411 2255 nis
433 2201 608 2270 qualis
635 2202 801 2258 fuerit
828 2202 1130 2271 apparebit.
1174 2201 1343 2256 Porro
1371 2201 1593 2267 Thadal,
1619 2205 1709 2273 qui
1737 2205 1905 2258 sciens

318 2292 524 2363 jugum,
573 2294 689 2348 sive
717 2292 1018 2363 explorator
1043 2293 1260 2357 dicitur,
1315 2301 1371 2347 et
1398 2308 1491 2347 rex
1520 2304 1604 2347 est
1641 2296 1904 2364 gentium,

324 2391 449 2451 apte
494 2384 559 2437 ad
609 2383 1060 2453 signiﬁcationem
1116 2383 1356 2437 avaritiae
1399 2382 1679 2438 transferri
1709 2394 1904 2455 potest,

324 2490 445 2543 quae
471 2489 635 2539 sagax
662 2482 824 2542 atque
851 2482 1087 2538 versuta,
1120 2474 1318 2528 multos
1347 2489 1445 2528 suo
1472 2474 1720 2546 subjugat
1740 2478 1907 2548 impe-

327 2567 428 2620 rio.
465 2566 622 2621 Tales
640 2581 769 2637 ergo
800 2581 955 2637 reges
981 2565 1213 2635 primum
1241 2567 1463 2622 vincunt
1485 2567 1651 2635 Baro,
1687 2571 1779 2640 qui
1800 2587 1908 2626 ma-

325 2657 493 2711 litiam
516 2669 691 2723 sonat,
722 2658 836 2714 sive
865 2666 1182 2721 creaturam,
1212 2667 1268 2713 et
1294 2673 1390 2712 rex
1413 2667 1497 2713 est
1523 2658 1902 2727 Sodomorum,

326 2749 429 2804 hoc
455 2756 540 2804 est
571 2750 840 2814 cecitatis,
880 2749 994 2804 sive
1018 2750 1233 2818 pecudis
1281 2748 1503 2815 silentis,
1549 2767 1670 2806 cum
1692 2766 1786 2806 eos
1813 2753 1905 2821 qui

326 2839 379 2892 in
404 2839 602 2894 malitia
622 2848 834 2895 vetusta
861 2849 1229 2910 perseverant,
1279 2850 1547 2910 quatenus
1570 2858 1719 2897 more
1743 2858 1908 2913 pecu-

327 2930 450 2983 dum
480 2930 775 2984 caecitatem
803 2930 1041 2985 libidinis
1069 2939 1391 2998 sequantur,
1422 2934 1730 3001 persuadet.
1783 2934 1909 2987 Vin-

328 3025 460 3071 cunt
491 3025 545 3071 et
578 3016 763 3082 Bersa,
804 3018 906 3072 hoc
931 3025 1045 3082 est,
1096 3017 1150 3071 in
1174 3018 1417 3087 angustia
1454 3020 1789 3072 constitutum
1819 3034 1905 3073 re-

2010 1842 2213 1897 nesque
2239 1827 2625 1898 primogenitos
2660 1825 2790 1892 Noe,
2844 1827 3014 1882 donec
3052 1829 3357 1884 sacerdotio
3396 1827 3589 1899 funge-

2008 1927 2160 1972 retur
2186 1917 2385 1981 Aaron,
2417 1917 2699 1988 pontiﬁces
2723 1917 2905 1973 fuisse.
2951 1916 3120 1972 Porro
3142 1933 3234 1973 rex
3267 1916 3445 1973 Salem
3490 1934 3591 1973 rev

2005 2007 2303 2063 Jerusalem
2331 2010 2528 2065 dicitur
2554 2050 2568 2074 ,
2608 2010 2922 2079 quae.prius
2971 2006 3151 2063 Salem
3198 2008 3589 2079 appellabatur.

2006 2100 2395 2157 Melchisedech
2442 2111 2646 2168 autem,
2699 2101 2890 2157 beatus
2916 2100 3203 2169 Apostolus
3237 2100 3303 2154 ad
3328 2098 3593 2155 llebrzeos

2008 2190 2160 2263 (Cap.
2188 2194 2287 2265 vn)
2340 2194 2457 2248 sine
2483 2201 2636 2263 patre
2683 2200 2739 2249 et
2789 2201 2963 2247 matre
3004 2206 3435 2246 commemorans
3463 2233 3477 2256 ,
3518 2194 3590 2245 ad

2005 2283 2279 2339 Christum
2312 2282 2498 2350 refert,
2533 2292 2588 2339 et
2614 2299 2712 2354 per
2735 2282 3009 2338 Christum
3037 2283 3103 2337 ad
3133 2282 3367 2353 gentium
3403 2282 3585 2337 Eccle-

2006 2376 2143 2431 siam
2173 2392 2188 2441 ;
2240 2376 2419 2431 omnis
2444 2376 2585 2429 enim
2622 2375 2813 2445 capitis
2843 2375 3012 2445 gloria
3038 2374 3272 2429 refertur
3298 2373 3366 2427 ad
3411 2386 3584 2426 mem-

2005 2469 2123 2535 bra,
2174 2486 2239 2524 eo
2269 2468 2410 2539 quod
2433 2469 2751 2538 praeputium
2778 2468 2984 2523 habens
3001 2508 3015 2531 ,
3041 2467 3273 2524 Ahraha:
3296 2466 3591 2521 benedixc~

2006 2563 2080 2618 rit
2123 2563 2465 2627 circumciso,
2511 2569 2567 2615 et
2606 2561 2659 2615 in
2694 2558 2970 2615 Abraham
3006 2560 3167 2623 Levi,
3219 2566 3273 2613 et
3313 2573 3410 2628 per
3453 2557 3587 2613 Levi

2005 2655 2208 2720 Aaron,
2258 2654 2322 2709 de
2351 2670 2458 2723 quo
2508 2661 2694 2723 postea
2724 2650 3107 2706 sacerdotium.
3157 2649 3235 2704 Ex
3266 2664 3373 2718 quo
3401 2647 3586 2718 colligi

2005 2742 2137 2807 vult,
2168 2742 2525 2797 sacerdotium
2553 2740 2805 2796 Ecclesia}
2828 2736 3079 2795 habentis
3116 2739 3457 2810 praeputium,
3487 2739 3587 2792 he-

2007 2835 2278 2889 nedixisse
2325 2833 2644 2887 circumciso
2693 2831 2993 2887 sacerdotio
3040 2829 3355 2901 Synagogaa.
3427 2826 3586 2894 Quod

2007 2933 2187 2981 autem
2211 2923 2287 2977 ait
2310 2941 2322 2976 :
2374 2920 2452 2975 Tu
2479 2938 2532 2975 es
2559 2920 2802 2976 sacerdos
2829 2923 2883 2973 in
2910 2931 3161 2974 internum
3186 2918 3470 2972 secundum
3503 2934 3591 2971 or-

2007 3015 2180 3068 dinem
2212 3011 2587 3067 Melchisedech
2616 3009 2785 3081 (Psal.
2818 3011 2951 3083 cn),
2976 3011 3293 3082 mysterium
3337 3016 3587 3063 nostrum

325 3121 445 3175 gem
482 3106 687 3160 scilicet
725 3103 1064 3171 Gomorrhae,
1113 3107 1166 3161 id
1201 3083 1287 3162 est
1337 3108 1514 3178 populi
1552 3110 1798 3162 tumentis
1839 3125 1903 3162 ac
1930 3083 1975 3147 ε
2006 3105 2060 3159 in
2087 3104 2250 3159 verbo
2287 3102 2492 3158 ordinis
2514 3099 2870 3170 signiﬁcatur,
2913 3113 3248 3170 nequaquam
3276 3113 3374 3168 per
3399 3098 3587 3153 Aaron

325 3196 578 3261 seditiosi,
607 3210 729 3252 eum
772 3211 888 3261 eos,
923 3197 1014 3267 qui
1060 3198 1405 3267 praesentium
1440 3199 1586 3255 curis
1615 3208 1903 3269 angustan-

326 3298 414 3342 tur
461 3305 662 3353 rerum,
708 3304 776 3344 ac
804 3289 955 3344 nefas
998 3291 1199 3359 rapina:
1232 3306 1393 3361 agere
1435 3308 1541 3348 non
1589 3291 1901 3359 formidant,

325 3378 560 3432 obruunt
588 3395 653 3433 ac
687 3386 1052 3448 prosternunt.
1092 3378 1326 3435 Vincunt
1353 3389 1407 3434 et
1449 3380 1693 3437 Sennaar
1721 3397 1902 3452 regem

325 3468 560 3533 Adantte,
595 3473 696 3526 hoc
721 3481 804 3526 est
831 3480 1007 3536 terra},
1041 3487 1164 3526 cum
1190 3485 1283 3527 eos
1310 3473 1401 3541 qui
1431 3474 1667 3527 carnalia
1692 3483 1903 3530 tantum

327 3560 562 3628 sapiunt,
612 3562 757 3616 etde
801 3562 1112 3616 coelestibus
1157 3576 1263 3615 non
1293 3564 1553 3632 cogitant,
1608 3566 1746 3619 utin
1774 3566 1902 3621 luxu

329 3652 658 3720 voluptatum
685 3662 1036 3722 permaneant
1061 3652 1442 3718 exhortantur,
1470 3664 1736 3723 quatenus
1747 3656 1904 3726 juxta

328 3738 454 3793 illud
480 3741 871 3810 propheticum,
926 3741 1135 3798 actibus
1155 3742 1268 3798 suis
1297 3742 1480 3797 dicant
1505 3763 1518 3797 :
1557 3743 1901 3802 Comedamus

326 3838 374 3881 et
403 3829 655 3893 bibamus,
682 3846 799 3884 cras
825 3832 959 3885 enim
995 3832 1277 3885 moriemur
1298 3831 1347 3902 (l
1376 3831 1498 3887 Cor.
1528 3833 1638 3904 xv).
1672 3834 1903 3891 Vincunt

326 3931 382 3975 et
407 3923 667 3989 Semeber,
697 3924 789 3992 qui
825 3924 1211 3992 interpretatur
1232 3925 1300 3978 ibi
1331 3927 1577 3995 perditio,
1615 3936 1671 3982 et
1700 3944 1796 3984 rex
1821 3937 1905 3984 cst

330 4012 549 4077 Seboin,
588 4014 641 4069 id
661 4023 763 4078 est,
788 4013 984 4084 cinguli
1014 4016 1270 4079 maeroris,
1297 4031 1418 4073 eum
1443 4034 1541 4088 per
1570 4020 1901 4078 iracundiam

329 4113 383 4159 et
409 4106 662 4159 invidiam
692 4106 936 4159 incautos
959 4119 1203 4174 quosque
1226 4106 1517 4177 decipiunt.
1572 4109 1723 4166 Unde
1771 4112 1903 4167 scri-

329 4206 480 4267 ptum
527 4205 650 4251 est:
702 4195 905 4251 Stultos
944 4195 1185 4264 interﬁcit
1230 4196 1527 4262 iracundia,
1573 4215 1636 4252 ac
1659 4200 1902 4270 parvulos

327 4288 512 4341 occidit
543 4287 739 4341 invidia
792 4286 933 4357 (Job.
972 4285 1052 4357 v).
1104 4285 1359 4351 Quintum
1406 4302 1536 4357 ergo
1565 4304 1765 4359 regem,
1800 4291 1902 4346 hoc

326 4387 409 4432 est
424 4394 603 4448 regem
617 4378 764 4432 Bato:
790 4378 1040 4433 similiter
1062 4378 1280 4434 vincunt
1304 4380 1610 4447 spirituales
1627 4376 1897 4450 nequitiae,

327 4484 448 4522 cum
477 4470 844 4538 pusillanimes
873 4485 936 4525 ac
964 4469 1335 4527 formidolosus
1374 4471 1428 4528 in
1471 4473 1898 4541 desperationem

329 4560 568 4611 mittunt.
599 4556 733 4611 Bala
759 4559 902 4612 enim
925 4559 1310 4626 interpretatur
1337 4558 1674 4628 prwcipitatio
1699 4560 1780 4613 vel
1810 4562 1901 4615 ab-

327 4646 567 4709 sorbitio,
612 4655 667 4700 et
696 4645 750 4699 in
783 4646 927 4700 nulla
957 4659 1016 4699 re
1042 4646 1296 4713 antiquus
1334 4646 1506 4701 hostis
1533 4648 1704 4718 magis
1728 4658 1902 4704 certat

326 4753 392 4792 nc
413 4735 630 4804 satagit,
662 4751 823 4803 quam
867 4744 923 4790 ut
949 4746 1070 4804 post
1114 4736 1322 4803 lapsum
1370 4735 1574 4805 peccati
1623 4736 1896 4807 deceptos,

328 4827 381 4881 in
406 4813 834 4894 desperationem
857 4865 871 4889 ,
907 4840 976 4879 ne
1004 4839 1062 4879 se
1088 4839 1406 4894 recuperare
1442 4827 1668 4895 possint,
1706 4827 1899 4883 immit-

328 4928 404 4974 tat
450 4932 514 4972 ac
559 4916 769 4986 perdat.
824 4916 930 4973 Sed
982 4917 1112 4986 quid
1162 4917 1276 4976 haec
1309 4918 1531 4975 victoria
1566 4912 1797 4976 Abrahae
1833 4924 1899 4977 de

325 5017 556 5078 quatuor
582 5008 798 5077 regibus
825 5007 1123 5071 indicabat,
1163 5023 1303 5078 quos,
1325 5009 1414 5063 ille
1438 5009 1559 5064 ﬁdei
1609 5021 1764 5080 pater
1791 5028 1901 5087 my-

322 5101 490 5155 sterio
543 5097 839 5167 superavit,
885 5099 996 5157 nisi
1027 5099 1169 5167 quod
1222 5098 1353 5154 ﬁdes
1388 5108 1568 5155 nostra
1612 5102 1657 5155 si
1695 5101 1896 5158 conﬁr-

316 5200 468 5245 mata
496 5190 571 5243 sit
603 5189 657 5243 in
688 5188 878 5258 spiritu
910 5188 1215 5258 principali,
1245 5203 1440 5258 corpus
1466 5200 1728 5256 nostrum,
1755 5193 1898 5260 quod

322 5287 556 5345 quatuor
574 5285 787 5332 constat
814 5276 1115 5341 elementis,
1140 5276 1314 5331 Verbo
1330 5277 1423 5331 Dei
1454 5279 1688 5349 subigit?
1715 5279 1894 5352 (Isid.)

326 5366 457 5421 Nam
481 5367 621 5422 sicut
645 5367 734 5421 ille
761 5368 828 5421 de
861 5368 1108 5435 proximo
1132 5366 1186 5421 in
1218 5366 1434 5434 regibus
1468 5367 1642 5422 victor
1671 5369 1894 5424 exstite-

328 5466 432 5519 rat,
460 5457 535 5510 ita
563 5466 620 5512 et
647 5456 779 5512 ﬁdes
807 5472 907 5526 pro
946 5458 1123 5512 anima
1154 5457 1365 5518 victrix,
1412 5457 1479 5511 de
1503 5458 1770 5512 exteriore
1797 5458 1896 5512 lto-

329 5546 471 5600 mine
509 5548 818 5616 triumphat.
845 5547 997 5613 Quod
1026 5563 1153 5606 vero
1183 5547 1269 5602 ille
1300 5562 1404 5599 non
1436 5546 1774 5600 multitudine
1801 5564 1898 5601 nec

331 5636 525 5691 virtute
572 5637 871 5707 legionum,
927 5637 1018 5693 sed
1069 5647 1275 5693 tantum
1319 5636 1569 5690 trecentis
1613 5636 1794 5697 decem
1847 5648 1895 5692 ct

2004 3194 2463 3249 irrationabilihus
2476 3193 2707 3247 victimis
2734 3192 3093 3254 immolandis,
3114 3192 3208 3247 sed
3233 3191 3414 3246 oblato
3435 3205 3586 3261 pane

2003 3291 2058 3339 et
2083 3284 2231 3348 vino,
2283 3283 2335 3337 id
2384 3290 2495 3347 est,
2530 3297 2757 3352 corpore
2803 3282 3014 3336 Domini
3050 3280 3175 3337 Jesu
3200 3292 3254 3337 et
3297 3282 3584 3351 sanguine.

2004 3374 2189 3448 (Isid.)
2236 3374 2306 3428 At
2331 3389 2459 3429 vero
2493 3374 2801 3444 patriarcha
2847 3389 3074 3445 magnus
3117 3375 3355 3430 decimas
3393 3389 3589 3429 omnes

2004 3464 2328 3521 substantiae
2356 3479 2468 3519 sua:
2518 3462 2870 3517 Melchisedec
2909 3462 3173 3519 sacerdoti
3206 3473 3328 3532 post
3360 3463 3587 3518 benedi-

2002 3560 2237 3614 ctionem
2288 3556 2455 3621 dedit,
2499 3557 2675 3611 sciens
2715 3556 3068 3626 spiritualiter
3090 3556 3280 3611 melius
3324 3557 3587 3611 sacerdo—

2001 3650 2137 3704 tium
2163 3647 2401 3702 futurum
2431 3648 2484 3701 in
2514 3646 2712 3717 populo
2739 3648 2978 3718 gentium
2997 3688 3012 3710 ,
3065 3663 3229 3715 quam
3257 3646 3583 3712 Leviticum,

2001 3744 2145 3814 quod
2181 3744 2234 3797 in
2274 3742 2440 3798 Israel
2470 3742 2535 3796 de
2559 3742 2675 3811 ipso
2701 3750 2819 3797 erat
2845 3742 3200 3807 nasciturum,
3234 3741 3586 3809 futurumque

1999 3846 2061 3893 ut
2081 3838 2440 3894 sacerdotium
2470 3837 2723 3892 Ecclesize
2767 3837 3016 3891 habentis
3060 3835 3381 3905 praeputium
3418 3836 3587 3888 bene-

2003 3930 2204 3984 diceret
2230 3928 2284 3982 in
2330 3927 2599 3981 Abraham
2649 3927 2970 3982 circumciso
3001 3926 3362 3981 sacerdotium
3408 3924 3587 3995 Syna-

2001 4036 2167 4092 gogte.
2194 4017 2324 4086 Quis
2347 4018 2490 4073 enim
2524 4018 2695 4087 major
2732 4025 2835 4081 est,
2870 4019 2915 4072 is
2941 4016 3031 4085 qui
3059 4014 3346 4079 benedicit,
3391 4029 3458 4067 an
3488 4012 3585 4082 qui

2000 4110 2374 4167 benedicitur?
2407 4108 2560 4165 Unde
2592 4116 2645 4162 et
2675 4107 2983 4162 sacerdotes
3019 4121 3082 4161 ex
3115 4105 3321 4160 semine
3350 4104 3585 4158 Abrahae

2002 4201 2114 4256 nati
2155 4198 2352 4254 fratres
2391 4210 2518 4253 suos
2556 4197 2962 4259 benedicebant,
3004 4195 3058 4249 id
3098 4204 3183 4249 est
3213 4192 3473 4263 populum
3500 4191 3582 4245 ls-

2003 4289 2151 4345 rael:
2185 4289 2379 4359 quibus
2407 4289 2479 4343 illi
2517 4287 2755 4343 decimas
2787 4285 3079 4342 secundum
3110 4284 3244 4355 legis
3264 4283 3585 4337 mandatum

2004 4380 2223 4445 dabant,
2279 4395 2403 4434 vere
2441 4387 2501 4432 ut
2534 4376 2827 4446 majoribus
2869 4385 2924 4432 et
2949 4374 3398 4430 eminentioribus
3443 4374 3581 4427 suis.

2006 4473 2208 4528 Nomen
2235 4462 2410 4526 autem
2434 4473 2607 4542 ipsum
2633 4468 3021 4525 Melchisedech
3052 4483 3142 4521 rex
3173 4467 3340 4535 pacis,
3377 4465 3461 4519 vel
3492 4481 3586 4519 rex

1997 4560 2220 4632 justitia:
2263 4560 2649 4629 interpretatur
2672 4600 2686 4624 ,
2721 4559 2862 4628 quod
2890 4558 3025 4611 bene
3057 4553 3289 4609 refertur
3326 4554 3393 4608 ad
3427 4552 3588 4608 Chri-

2005 4662 2167 4717 stum,
2212 4650 2350 4704 sicut
2379 4650 2746 4719 supradictum
2783 4654 2883 4701 est.
2923 4646 3042 4716 Ipse
3078 4652 3161 4700 est
3188 4644 3331 4698 enim
3369 4658 3462 4697 res
3489 4658 3587 4711 pa-

2003 4743 2104 4808 cis,
2135 4741 2259 4812 quia
2283 4754 2381 4809 per
2406 4740 2579 4810 ipsum
2606 4738 3020 4792 reconciliantur
3051 4736 3188 4798 Deo;
3232 4734 3348 4803 ipse
3371 4740 3457 4787 est
3487 4746 3581 4785 rex

1996 4833 2252 4903 justitize,
2290 4832 2416 4902 quia
2451 4831 2566 4900 ipse
2595 4830 2788 4891 veniet,
2840 4836 2901 4882 ut
2950 4827 3221 4881 discernat
3268 4832 3487 4903 sanctos
3513 4824 3585 4877 ab

2000 4926 2196 4995 impiis.
2246 4923 2390 4978 ldem
2422 4937 2636 4992 quoque
2672 4921 2925 4976 sacerdos
2963 4926 3019 4973 et
3062 4935 3179 4981 rex,
3220 4899 3356 4987 quia
3398 4916 3466 4970 ad
3496 4931 3587 4970 re-

1999 5016 2360 5086 demptionem
2390 5013 2628 5069 omnium
2658 5012 2888 5067 hostiam
2914 5010 3025 5066 Deo
3049 5009 3187 5081 patri
3227 5009 3581 5077 semetipsum

1997 5108 2221 5171 obtulit,
2272 5114 2328 5160 et
2349 5120 2508 5159 verus
2554 5119 2647 5157 rex
2686 5104 2740 5158 in
2786 5103 3040 5172 praesenti
3082 5100 3278 5157 saeculo
3324 5099 3582 5172 populum

1999 5211 2155 5253 suum
2190 5197 2343 5264 regit,
2374 5202 2429 5248 et
2457 5194 2509 5248 in
2532 5192 2714 5248 futuro
2733 5192 3012 5264 judicabit.

2576 5301 2801 5357 CAPUT
2838 5300 3002 5356 XVII.

2003 5390 2101 5447 Ubi
2132 5391 2271 5446 Deus
2304 5391 2452 5444 tertio
2494 5391 2635 5443 visus
2660 5399 2731 5444 est
2764 5387 3003 5443 Abraluc.
3034 5401 3079 5442 et
3107 5388 3277 5457 ﬁlium
3297 5388 3345 5440 ei
3365 5396 3580 5457 promit-

2349 5460 2452 5513 tit:
2493 5469 2540 5514 et
2575 5460 2637 5513 de
2666 5459 2923 5527 sacriﬁcio
2959 5460 3200 5511 Abrahrc.

2072 5551 2219 5619 (Car.
2252 5548 2365 5615 xv.)
2421 5548 2517 5601 llis
2565 5550 2736 5618 itaque
2786 5549 3064 5601 transactis
3091 5548 3259 5613 factus
3286 5556 3362 5600 cst
3406 5560 3579 5599 sermo

2005 5640 2211 5695 Domini
2256 5638 2321 5690 ad
2355 5638 2543 5691 Abram
2579 5655 2659 5707 pst
2696 5638 2937 5691 t'isioncm
2989 5638 3161 5690 dicens
3191 5658 3208 5693 ,·
3248 5635 3577 5690 Νοέἱιὲιηρη
