3958 6204
235 339 323 396 5-H
1243 340 1590 401 COMMENT.
1632 346 1700 402 IN
1737 347 2058 408 GENESIM.
2095 386 2167 398 -—-
2200 355 2330 412 LIB.
2368 352 2431 413 Π.
3368 364 3473 419 542

232 457 430 516 Abram,
476 468 565 522 ego
592 461 851 522 protector
869 462 989 506 tuus
1016 470 1154 518 sum,
1180 464 1227 509 et
1255 472 1448 535 merces
1483 467 1574 511 tua
1604 473 1793 528 magna
1818 462 1870 524 Α
1900 464 2048 529 tutis,
2074 466 2177 520 nisi
2207 468 2349 536 quod
2378 466 2621 522 carnales
2651 476 2705 522 et
2739 467 2792 522 in
2824 466 3021 537 populo
3039 468 3228 533 veteri,
3255 479 3309 525 et
3330 488 3472 530 nunc

232 545 394 598 nimis.
454 540 699 611 Dixitque
736 541 930 594 Abram
959 558 978 596 :
1003 542 1224 598 Domine
1261 544 1448 610 Deus,‘
1482 545 1607 617 quid
1637 546 1789 599 dabis
1892 556 2033 610 inter
2080 572 2140 612 se
2170 557 2520 611 dividuntur?
2572 557 2741 612 Ροιτο
2788 574 2915 613 aves
2957 558 3158 614 idcirco
3195 576 3302 614 non
3336 562 3471 616 divi-

228 634 344 687 milii
367 632 391 685 .’
415 630 523 705 Ego
552 631 739 687 cadam
774 631 965 701 absque
991 631 1191 698 liberis,
1222 643 1269 688 et
1308 635 1450 703 ﬁlius
1482 647 1755 704 procurata

1888 647 2124 710 duntur,
2178 647 2301 716 quia
2350 648 2655 716 spirituales
2700 648 2959 703 individui
3012 659 3177 704 sunt:
3232 653 3467 707 schisma

228 727 293 780 ris
316 726 494 778 domus
546 741 695 788 metr,
736 724 831 777 iste
862 723 1156 779 Damascus
1201 724 1424 779 Eliezer.
1474 726 1755 795 Addiditqu

1886 749 1994 790 non
2032 736 2292 806 cogitant,
2324 752 2423 792 nec
2447 738 2779 792 seducuntur
2800 738 2867 793 ab
2900 739 3206 805 haereticis;
3240 742 3333 796 sed
3360 758 3469 811 pax

227 818 403 873 Abram
425 831 443 868 :
472 813 606 868 Mihi
634 825 806 869 autem
841 832 943 869 non
989 815 1179 869 dedisti
1211 833 1383 870 semen
1404 858 1418 883 ,
1462 827 1511 871 et
1538 834 1653 871 ecce
1676 833 1787 871 ver-
1886 834 1969 880 est
1993 841 2204 896 semper
2237 827 2289 881 in
2317 828 2469 898 ipsis,
2519 828 2631 883 sive
2656 845 2687 882 a
2724 829 2894 884 turbis
2938 838 3191 885 moveam
3217 846 3353 895 sese,
3403 843 3461 885 ιη

224 904 426 961 aaculus
448 922 593 959 meus
631 905 799 959 htvres
828 924 973 960 meus
996 907 1111 970 erit,
1141 917 1197 961 et
1241 907 1467 976 reliqua.
1516 906 1783 978 (Ηὶενοη.)
1885 925 2095 983 turtur,
2126 920 2239 973 sive
2273 920 2411 973 inter
2448 919 2566 974 illas
2588 928 2979 975 conversentur
3024 923 3165 976 sicut
3191 922 3457 981 columba,

222 998 358 1069 Quod
381 1006 559 1051 autem
586 998 734 1064 (Ῐίείῑ,
771 999 871 1053 hoc
896 1009 979 1053 εει
1011 1018 1024 1052 ³
1057 999 1169 1068 Ego
1204 1000 1321 1055 Sine
1348 1000 1531 1055 “beris
1562 1000 1783 1065 ηὶοτίίπ»
1884 1022 2111 1083 utraque
2134 1022 2311 1068 tamen
2334 1013 2449 1067 avis
2476 1024 2556 1067 est
2578 1013 2783 1067 habens
2810 1014 3206 1082 simplicitatem
3232 1024 3285 1068 ct
3314 1014 3460 1067 iuno-

219 1100 266 1145 et
289 1091 419 1146 ﬁlius
434 1091 803 1159 procuratoris
829 1092 931 1146 mei
956 1091 1041 1173 vel
1072 1091 1255 1153 villici,
1284 1092 1375 1161 qui
1407 1092 1655 1146 universa
1682 1092 1786 1147 dis-
1883 1103 2138 1157 ccmiam,
2192 1103 2451 1157 Volucres
2492 1111 2670 1156 autem
2711 1102 3100 1157 descendentes
3143 1115 3301 1172 supra
3334 1119 3459 1158 cor.

218 1189 416 1250 pensat,
474 1190 528 1234 οι
561 1181 834 1235 distribuit
877 1183 1079 1237 cibaria
1135 1181 1390 1247 familiae",
1453 1190 1783 1251 vocaturque
1883 1206 2013 1260 pora
2047 1208 2166 1260 qua}
2192 1193 2358 1245 divisa
2380 1200 2556 1255 erant,
2584 1192 2808 1260 spiritus
2856 1191 3118 1246 immundi
3147 1192 3457 1261 signiﬁca"-

217 1274 492 1328 Damascus
515 1271 746 1336 Eliezer,
779 1272 866 1327 hic
888 1289 1040 1327 meus
1068 1275 1242 1328 hieres
1269 1275 1390 1327 erit.
1445 1274 1617 1328 Porro
1644 1275 1782 1330 Elie-
1883 1291 1989 1347 tur,
2021 1290 2231 1352 pastum
2258 1282 2542 1351 quemdam
2576 1295 2733 1334 suum
2774 1280 2841 1335 de
2862 1281 3157 1335 carnalium
3194 1282 3458 1335 divisione

216 1376 295 1415 zer
319 1361 703 1430 interpretatur
751 1361 886 1419 Deus
926 1378 1070 1415 meus
1111 1362 1346 1431 adiutor.
1387 1361 1469 1417 Ab
1505 1362 1609 1418 hoc
1632 1363 1782 1417 aiunt
1881 1381 2201 1443 quaerentes.
2237 1371 2387 1437 Quod
2415 1381 2591 1425 autem
2631 1363 2735 1426 illis
2765 1372 3050 1426 considens
3077 1372 3307 1435 Abram,
3336 1371 3457 1424 alii-

215 1454 518 1509 Damascum
542 1461 597 1509 et
618 1455 888 1509 conditam
921 1462 976 1509 et
1002 1466 1388 1526 nuncupatam.

1881 1464 2038 1534 gebat
2056 1479 2171 1527 eas,
2204 1461 2543 1531 signiﬁcabat
2596 1461 2793 1515 multos
2824 1461 3069 1516 carnales
3114 1462 3308 1515 merito
3332 1475 3457 1514 san—

273 1545 560 1617 Statimque
584 1563 753 1601 sermo
776 1546 987 1601 Domini
1017 1547 1186 1616 factus
1208 1558 1281 1602 est
1310 1548 1379 1601 ad
1408 1565 1544 1612 eum,
1568 1548 1744 1602 dicens

1879 1564 2088 1610 ctorum
2119 1555 2173 1608 in
2203 1552 2307 1608 ﬁne
2332 1552 2514 1607 mundi
2538 1553 2606 1607 ab
2642 1553 2904 1622 angustiis
2939 1552 3280 1616 liberandos;
3309 1551 3453 1620 quod

215 1639 321 1693 Non
343 1640 435 1693 erit
469 1639 552 1694 hic
575 1639 742 1694 hwres
771 1650 912 1705 tuus,
950 1640 1041 1695 sed
1063 1642 1153 1711 qui
1179 1640 1472 1709 egredietur
1520 1640 1585 1694 de
1628 1649 1777 1694 utero
1878 1660 2058 1703 autem
2087 1649 2230 1703 circa
2255 1645 2384 1701 solis
2415 1660 2667 1700 occasum
2691 1660 2857 1714 pavor
2885 1646 3042 1699 irruit
3070 1646 3121 1699 in
3153 1645 3376 1710 Abram,
3400 1650 3455 1699 et

213 1739 306 1791 tuo,
328 1729 495 1797 ipsum
516 1729 726 1783 habebis
748 1728 1027 1783 Itteredem.
1057 1729 1358 1802 Eduxitque
1382 1748 1501 1784 eum
1534 1730 1695 1799 foras,
1724 1738 1774 1783 et
1802 1797 1840 1806 ⁸
1878 1738 2072 1792 horror
2092 1752 2319 1806 magnus
2369 1743 2423 1789 et
2468 1735 2788 1789 tenebrosus
2835 1734 3102 1804 significat
3127 1735 3270 1789 circa
3295 1736 3454 1804 hujus

210 1822 271 1874 cit
295 1819 368 1873 illi
391 1835 409 1873 :
440 1820 662 1890 Suspice
683 1821 889 1886 ctutum,
924 1832 973 1877 et
1018 1839 1235 1877 numera
1271 1797 1455 1878 stellas
1475 1865 1489 1885 ,
1520 1797 1564 1877 si
1599 1835 1764 1893 potes.
1802 1797 1845 1856 Β
1874 1828 2054 1884 δωριῠί
2084 1797 2243 1888 ﬁnem
2294 1841 2544 1896 magnam
2570 1797 3029 1895 perturbationem
3058 1825 3127 1878 ab
3171 1797 3455 1881 Antichri-

125 1958 128 1962 .
212 1912 268 1964 Et
300 1912 423 1966 dixit
466 1914 552 1968 ei:
592 1913 684 1970 Sic
726 1915 825 1968 erit
870 1931 1043 1969 semen
1080 1925 1249 1968 tuum.
1294 1913 1527 1968 Credidit
1574 1914 1767 1970 Abram
1866 1929 1951 1976 sto
1978 1920 2031 1973 in
2056 1919 2259 1974 sanctis
2281 1917 2535 1981 futuram,
2564 1917 2629 1971 d‘e
2650 1931 2755 1986 qua
2774 1915 3029 1969 Dominus
3053 1915 3183 1970 dicit
3209 1916 3262 1969 in
3278 1916 3452 1972 Evana

209 2002 424 2065 Domino,
474 2014 522 2058 et
571 2013 867 2075 reputatum
908 2015 985 2058 est
1036 2006 1085 2058 ei
1131 2004 1202 2057 ad
1227 2005 1512 2074 justitiam.
1562 2004 1762 2074 Duplex
1865 2010 2035 2089 gelio;
2066 2011 2182 2064 Erit
2203 2002 2339 2063 enim
2366 2019 2488 2062 tunc
2512 2008 2780 2061 tribulatio
2803 2024 3015 2077 magna,
3035 2007 3324 2077 qualisnon
3347 2010 3449 2079 fuit

209 2094 356 2164 ﬁgura
410 2096 667 2167 promissi
711 2098 932 2153 seminis
976 2096 1092 2166 ejus
1119 2139 1134 2162 ,
1187 2097 1241 2152 id
1287 2105 1405 2161 est,
1460 2099 1511 2152 in
1578 2097 1766 2153 simili-
1864 2102 1929 2156 ab
1960 2102 2108 2156 initio
2144 2100 2356 2172 (Matth.
2385 2100 2556 2170 κων).
2601 2099 2755 2167 Quod
2798 2114 2928 2169 ergo
2962 2097 3290 2170 adjungitur,
3323 2117 3446 2157 cum

208 2187 418 2243 tudinem
452 2203 634 2243 arente
684 2189 888 2254 maris,
933 2189 1017 2242 vel
1071 2189 1123 2244 in
1173 2189 1574 2244 similitudinem
1633 2189 1763 2244 stel-
1863 2196 2205 2250 occubuisset
2230 2193 2329 2256 sol,
2369 2191 2509 2246 facta
2541 2202 2624 2246 est
2645 2190 2817 2259 caligo
2849 2190 3154 2255 tenebrosa,
3182 2202 3240 2246 et
3282 2207 3447 2263 appa-

207 2275 352 2331 larum
411 2278 558 2332 coeli.
610 2277 1065 2355 'Educensergo
1121 2280 1259 2333 Deus
1326 2279 1524 2333 Abram
1594 2278 1759 2345 foras,
1864 2285 2243 2340 ruitclibanus
2271 2283 2505 2347 fumans,
2535 2282 2813 2351 etlampas
2838 2282 2979 2351 ignis
3011 2283 3280 2338 transiens
3301 2284 3442 2338 inter

205 2374 410 2429 ostendit
463 2374 535 2427 illi
594 2374 778 2429 stellas
804 2374 926 2428 caeli
960 2374 1186 2429 dicens:
1218 2372 1309 2427 Sic
1352 2371 1547 2427 faciam
1578 2387 1761 2427 semen
1862 2377 2035 2430 media
2075 2375 2163 2429 illa
2209 2389 2330 2445 qua:
2359 2373 2528 2429 divisa
2563 2380 2737 2435 erant,
2780 2372 3066 2443 signiﬁcat
3104 2382 3225 2443 post
3275 2374 3437 2430 ﬁnem

205 2476 352 2528 tuum,
378 2467 428 2520 id
449 2474 557 2529 est,
586 2466 951 2523 Christianam
982 2476 1215 2539 gentem,
1247 2467 1398 2537 cujus
1441 2474 1494 2520 tu
1530 2467 1684 2538 pater
1705 2465 1759 2519 in
1861 2468 2077 2533 smculi,
2122 2466 2359 2520 futurum
2398 2466 2539 2520 diem
2587 2464 2800 2536 judicii,
2850 2464 3067 2534 quando
3114 2480 3214 2536 per
3260 2466 3440 2538 ignem

206 2556 292 2611 ﬁde
319 2557 586 2621 subsistis,
618 2557 697 2612 sic
746 2557 942 2612 faciam
992 2557 1405 2613 resurrectionis
1435 2557 1636 2610 lumine
1673 2571 1761 2610 ω-
1859 2559 2288 2629 segregabuntur
2359 2565 2671 2612 sanctorum
2732 2555 2914 2626 populi
2980 2563 3036 2610 et
3105 2556 3435 2625 iniquorum.

205 2664 412 2704 ruscare.
447 2650 653 2704 Deinde
688 2650 1077 2705 demonstravit
1116 2650 1189 2704 illi
1229 2664 1447 2704 arenam
1491 2648 1676 2712 maris,
1706 2656 1762 2702 et
1859 2646 2427 2721 (Greg.)Tropologice
2448 2656 2806 2715 autem,sa‘:pe
2830 2645 2992 2700 corda
3016 2643 3286 2714 iustorum
3310 2647 3439 2702 sub—

204 2736 353 2799 dixit:
390 2737 486 2794 Sic
512 2740 615 2795 erit
642 2740 695 2794 in
728 2740 1070 2799 multitudine
1095 2756 1279 2796 semen
1308 2748 1487 2804 tuum,
1523 2739 1625 2794 hoc
1652 2746 1755 2802 est,
1856 2750 1990 2797 orta:
2037 2739 2392 2811 cogitationes
2437 2748 2773 2793 terrenarum
2833 2754 3015 2792 rerum
3069 2738 3437 2793 delectationi-

204 2831 289 2884 erit
315 2831 523 2900 quidem
560 2832 777 2901 cepiosa
827 2847 958 2902 gens
989 2829 1318 2895 Judamrum,
1353 2830 1445 2885 sed
1470 2829 1669 2884 sterilis
1702 2837 1759 2884 et
1854 2830 1957 2884 bus
2008 2838 2270 2900 tangunt;
2316 2831 2407 2884 sed
2439 2845 2562 2883 cum
2599 2829 2760 2883 citius
2789 2844 2952 2882 manu
3000 2837 3198 2883 sancta:
3234 2828 3438 2885 disere-

205 2920 462 2982 infecuuda
519 2923 653 2979 sicut
691 2938 855 2978 arena
905 2923 1093 2977 maris.
1153 2922 1282 2978 Post
1320 2923 1436 2977 lucc
1469 2938 1591 2978 cum
1634 2937 1758 2990 pro-
1857 2920 2017 2975 tionis
2046 2919 2352 2989 abiguntur,
2383 2918 2577 2974 festiue
2602 2918 2781 2986 agitur
2821 2931 2890 2971 ne
2920 2917 3101 2972 cordis
3131 2916 3323 2971 faciem
3351 2933 3439 2973 ca-

202 3016 407 3070 mitteret
443 3015 493 3071 ei
522 3015 781 3070 Dominus
805 3015 945 3083 quod
973 3021 1118 3069 esset
1160 3028 1444 3083 possessor
1467 3012 1757 3081 repromis-
1856 3012 1961 3081 ligo
1998 3010 2311 3066 tentationis
2361 3010 2600 3078 aperiat,
2650 3024 2771 3078 quae
2815 3010 2957 3062 hanc
2998 3006 3112 3076 jam
3150 3024 3214 3062 ex
3250 3008 3434 3065 illicita

201 3107 344 3162 sionis
396 3107 631 3170 futurus,
673 3108 886 3177 signum
916 3107 1072 3176 petit,
1106 3121 1205 3175 per
1233 3104 1375 3174 quod
1416 3109 1752 3175 agnosceret,
1783 3146 1826 3207 Ο
1861 3104 2212 3159 delectatione
2240 3102 2509 3173 tangebat.
2556 3100 2690 3154 Nam
2742 3100 2968 3170 saepe'in
3017 3099 3134 3169 ipso
3176 3098 3438 3153 orationis

202 3217 288 3256 non
315 3201 463 3271 quasi
487 3200 741 3256 dubitans
786 3215 855 3253 an
889 3197 1061 3265 ﬁeret,
1097 3199 1189 3253 sed
1218 3197 1487 3267 quomodo
1514 3194 1752 3251 futurum
1778 3190 1826 3271 νυ
1861 3203 2057 3249 nostra:
2094 3193 2391 3256 sacriﬁcio,
2447 3192 2768 3261 importunae
2820 3205 2878 3245 se
2901 3190 3255 3261 cogitationes
3284 3190 3434 3260 inge-

203 3270 668 3364 essetiexquirens.
720 3291 819 3348 Cui
866 3292 1128 3347 Dominus
1159 3292 1299 3346 banc
1343 3288 1749 3345 similitudinem
1776 3270 1782 3276 ’
1859 3294 2004 3351 runt,
2035 3301 2154 3356 qua:
2184 3285 2289 3339 hoc
2316 3298 2504 3353 rapere
2525 3282 2610 3339 vel
2638 3281 2912 3336 maculare
2938 3282 3174 3344 valeant,
3208 3281 3350 3349 quod
3381 3280 3435 3334 in

200 3388 473 3456 proposuit.
1858 3378 2009 3432 nobis
2035 3376 2142 3432 Deo
2174 3376 2448 3445 placentes
2478 3373 2844 3451 immolamus.
2891 3370 2998 3426 Sed
3040 3385 3139 3425 nos
3161 3370 3227 3424 ad
3251 3384 3436 3425 exem-

259 3475 404 3532 Sume
430 3518 447 3542 ,
488 3476 696 3546 inquit,
726 3476 855 3530 mihi
900 3492 1106 3531 vaccam
1154 3475 1430 3542 triennem,
1466 3485 1515 3530 et
1543 3494 1755 3548 capram
1858 3470 2002 3541 plum
2027 3468 2277 3531 Abrabm,
2305 3467 2432 3521 dum
2472 3465 2527 3520 in
2552 3479 2645 3517 ara
2675 3463 2856 3518 cordis
2902 3461 3273 3516 holocaustum
3323 3460 3433 3513 Deo

199 3572 406 3636 trimam,
444 3581 493 3625 et
525 3570 741 3624 arietem
767 3585 1024 3623 annorum
1055 3569 1235 3632 trium,
1267 3555 1528 3623 turturem
1549 3587 1757 3640 quoque
1855 3560 2149 3624 offerimus,
2175 3559 2243 3613 ab
2273 3555 2563 3612 immundis
2581 3554 2686 3609 hoc
2712 3552 3023 3609 volucribus
3042 3550 3431 3614 custodiamus,

201 3669 239 3712 et
270 3662 570 3716 columbam.
601 3659 808 3715 Tollens
835 3660 996 3730 igitur
1022 3660 1216 3713 Abram
1257 3661 1497 3714 universa
1537 3660 1648 3714 Ιιατ
1673 3662 1757 3713 di.
1854 3667 1923 3706 ne
1951 3650 2166 3719 maligni
2197 3648 2418 3719 spiritus
2440 3655 2496 3701 et
2516 3660 2786 3715 perversa:
2813 3642 3169 3713 cogitationes
3192 3640 3430 3710 rapiant,

1855 3741 1996 3812 quod
2045 3755 2198 3794 mens
2249 3748 2432 3793 nostra
2482 3735 2677 3790 oﬂ'erre
2723 3748 2783 3789 se
2828 3733 2937 3786 Deo
2977 3731 3185 3784 utiliter
3225 3739 3428 3798 sperat.

1857 3831 2039 3907 (Isid)
2084 3830 2236 3896 Quod
2290 3845 2418 3883 vero
2464 3828 2667 3881 dictum
2692 3832 2777 3879 est
2818 3824 2884 3877 ad
2923 3823 3143 3885 Abram,
3202 3819 3429 3875 Sciendo

1854 3922 1983 3976 scies
2006 3922 2128 3993 quia
2162 3918 2488 3988 peregrinum
2539 3916 2635 3969 erit
2666 3929 2839 3968 semen
2877 3921 3021 3965 tuum
3069 3910 3291 3963 interra
3323 3926 3428 3962 non

200 3998 325 4085 rem:
352 4029 584 4102 Cumque
622 3998 943 4084 decub'uisset
966 4028 1068 4090 sol,
1101 4044 1262 4097 pavor
1285 3998 1441 4080 irruit
1469 4042 1624 4095 super
1647 4023 1754 4078 Ab-

1855 4032 1973 4079 sua,
2028 4022 2074 4065 et
2102 4011 2154 4064 in
2196 4009 2492 4063 servitutem
2541 4005 2773 4075 redigent
2822 4018 2927 4065 eos,
2968 4009 3018 4054 et
3075 3998 3311 4068 afﬂigent
3340 4014 3429 4051 eos

198 4140 316 4187 rum,
338 4131 384 4177 et
407 4090 597 4177 horror
622 4137 840 4189 magnus
863 4129 912 4172 et
934 4090 1232 4174 tenebrosus
1248 4118 1402 4170 irruit
1425 4090 1582 4185 super
1603 4132 1755 4179 eum;
1854 4103 2246 4177 quadringentis
2280 4100 2457 4163 annis,
2487 4099 2592 4152 hoc
2629 4097 2703 4189 de;
2719 4093 2915 4189 populo
2950 4090 3116 4189 137.391
3161 4090 3289 4159 fl“i3
3310 4096 3429 4144 θηῑ

196 4183 516 4283 apparuitque
542 4183 777 4264 clibanus
825 4209 1033 4279 fumans
1068 4218 1115 4262 et
1162 4206 1365 4275 lampas
1405 4183 1540 4275 ignis
1581 4214 1756 4261 trans-
1855 4200 1909 4253 in
1932 4197 2164 4269 {Egypto
2189 4193 2509 4255 serviturus,
2533 4187 2876 4283 apertissime
2896 4183 3279 4283 prophetatum
3302 4189 3422 4283 est:

1857 4309 1961 4347 non
1993 4289 2135 4360 quod
2169 4286 2267 4341 sub
2295 4282 2568 4354 Egyptlis
2592 4275 2997 4348 quadringentis
3043 4272 3197 4327 annis
3228 4273 3428 4326 servie-

1856 4384 1986 4446 rint,
2039 4379 2132 4434 sed
2177 4376 2319 4447 quod
2362 4374 2464 4429 iste
2504 4382 2761 4425 numerus
2802 4367 2857 4421 in
2904 4363 3091 4421 eadem
3137 4362 3427 4417 aﬂlictione

2215 4476 2287 4533 st,
2332 4466 2421 4536 qui
2451 4468 2792 4532 computatur
2827 4458 2896 4513 ab
2936 4455 3026 4511 illo
3051 4464 3292 4526 tempore
3319 4470 3427 4525 quo

198 3754 298 3805 risit
316 3770 375 3806 ea
397 3771 491 3824 per
516 3754 765 3817 medium,
792 3762 841 3808 et
866 3762 1115 3823 utrasque
1141 3762 1316 3823 partes
1362 3763 1542 3807 contra
1590 3770 1644 3807 se
1669 3751 1754 3805 al-

199 3845 430 3901 trinsecus
462 3848 662 3914 posuit,
714 3863 829 3902 aves
856 3854 1031 3900 autem
1076 3862 1179 3899 non
1229 3844 1424 3897 divisit.
1460 3843 1756 3897 Descende-

198 3949 399 4009 raraque
443 3939 674 3994 rolucres
716 3955 869 4007 super
892 3937 1168 3998 cadavera,
1208 3946 1255 3989 et
1280 3933 1517 4005 abigebat
1542 3951 1629 3987 eas
1653 3932 1757 3986 Ab—

195 4306 291 4361 iens
315 4309 447 4361 inter
493 4305 669 4360 media
694 4303 787 4358 illa
806 4322 922 4375 quae
959 4304 1127 4358 divisa
1149 4312 1319 4365 erant,
1368 4304 1661 4374 dictumque
1682 4314 1756 4357 est

195 4398 277 4454 ei:
309 4396 670 4467 Cognoscendo
720 4396 856 4449 scias
894 4395 1019 4465 quia
1065 4394 1394 4465 peregrinum
1437 4394 1533 4447 erit
1580 4410 1756 4447 semen

193 4497 324 4541 tuum
371 4491 591 4549 interra
638 4504 742 4541 non
770 4503 889 4549 sua,
924 4495 973 4540 et
1014 4485 1195 4540 serviet
1238 4495 1287 4538 et
1330 4484 1601 4554 affligetur,
1645 4492 1750 4539 etc.
1782 4490 1831 4549 ι)
1857 4471 2154 4540 completus
2181 4484 2211 4523 e

194 4576 426 4633 Statutus
448 4588 531 4634 est
554 4579 736 4647 itaque
760 4577 950 4631 modus
972 4575 1220 4645 promissi
1245 4573 1465 4630 seminis
1495 4572 1747 4637 Abrahae,

1858 4563 1959 4617 ista
1991 4560 2222 4614 Abrahae
2256 4556 2665 4628 promittuntur.

192 4676 238 4719 et
269 4669 364 4721 ista
389 4678 471 4722 est
502 4638 693 4735 figura.
720 4666 824 4722 Per
850 4665 1134 4731 iuvencam
1165 4664 1307 4718 enim
1337 4661 1634 4734 signiﬁcata
1666 4671 1751 4716 est

1928 4651 2005 4706 Tu
2031 4661 2202 4705 autem
2230 4650 2327 4704 ibis
2356 4648 2424 4701 ad
2448 4656 2621 4718 patres
2653 4652 2770 4698 tuos
2814 4643 2870 4696 in
2911 4656 3036 4711 pace
3058 4680 3073 4704 ,
3102 4638 3337 4709 sepultus
3373 4639 3426 4692 in

188 4757 328 4822 plebs
382 4759 553 4826 posita
585 4757 684 4811 sub
715 4754 841 4825 jugo
893 4754 1062 4824 legis;
1122 4768 1218 4822 per
1250 4765 1468 4821 capram
1492 4793 1507 4816 ,
1559 4752 1748 4806 eadem
1853 4751 2110 4797 senectute
2139 4742 2292 4794 bona.
2324 4737 2668 4793 Generatione
2692 4744 2868 4789 autem
2897 4741 3085 4826 quarta
3110 4740 3429 4826 reuertentur

190 4819 327 4912 plebs
367 4819 640 4916 percatrix
688 4819 885 4899 futura.
940 4819 1046 4900 i’er
1075 4819 1333 4908 arietem,
1367 4841 1553 4896 eadem
1596 4840 1747 4910 plebs
1854 4833 1974 4885 Ῑδυεο
2024 4826 2291 4899 (Hieron)
2326 4826 2436 4916 Cl"
2463 4826 2604 4916 Deus
2631 4823 2865 4916 loquitur
2893 4822 2961 4916 illi
2986 4819 3187 4874 Abram
3213 4819 3426 4916 ν-(Ιυοίξ

189 4942 311 4998 bene
335 4910 493 4997 etiam
526 4950 836 5011 regnatura.
884 4937 1153 4993 Animalia
1200 4952 1329 4991 vero
1363 4935 1482 4991 ideo
1514 4935 1615 4988 tria
1668 4933 1749 4988 di-

1855 4929 2043 4993 quarta
2087 4918 2341 4989 progenie
2367 4915 2461 4970 ﬁlii
2490 4914 2654 4969 Israel
2694 4921 2876 4968 essent
2907 4911 2975 4967 de
3018 4920 3162 4966 terra
3209 4910 3427 4980 Egypti

190 5041 393 5095 cuntur,
419 5034 541 5102 quia
565 5000 662 5099 per
686 5028 943 5083 articulos
969 5034 1268 5094 temporum
1297 5025 1363 5079 ab
1389 5025 1559 5077 Adam
1585 5038 1755 5091 usque
1849 5008 2121 5103 PeVBI‘Slll'i
2156 5048 2170 5073 9
2204 5015 2288 5103 ﬁt.
2325 5014 2507 5103 P95th
2537 5004 2744 5103 Moyse-5
2768 5003 2957 5103 scribi“
2985 5020 2999 5055 ε
3033 5000 3235 5103 illud“:
3253 5009 3424 5103 “mf”:

188 5118 312 5181 Noe.
340 5087 395 5174 et
424 5087 546 5176 inde
567 5087 749 5188 Iusque
770 5118 837 5171 ad
872 5087 1096 5177 Abram,-
1137 5124 1193 5169 et
1225 5115 1347 5168 inde
1370 5128 1540 5181 usque
1562 5113 1627 5166 ad
1658 5087 1755 5166 Da-

1855 5099 2092 5170 progenie
2127 5137 2141 5161 ,
2190 5094 2288 5163 ﬁlii
2338 5092 2507 5147 Israel
2534 5094 2875 5147 ascenderunt
2904 5092 2969 5145 de
2996 5100 3136 5145 terra
3163 5087 3426 5156 zEgypti!

190 5178 311 5274 rid,»
345 5220 598 5282 tanquam
656 5178 867 5265 tertiam
914 5214 1128 5262 aetatem
1181 5219 1373 5276 gerens
1403 5178 1491 5258 ille
1533 5202 1755 5271 pupulas

1855 5189 2049 5261 (Exod.
2080 5185 2186 5257 ιιι.)
2229 5184 2382 5251 Quod
2433 5185 2620 5252 utique
2673 5184 2777 5238 nisi
2824 5188 3162 5252 exponatur,
3214 5178 3426 5231 videtur

188 5301 428 5356 adolevit.
454 5274 564 5357 'Per
590 5310 856 5357 turturem
883 5306 938 5354 et
960 5274 1286 5357 columbam,
1327 5292 1633 5361 spirituales
1666 5307 1755 5360 po-

1855 5294 1973 5334 esse
2020 5277 2369 5332 contrarium.
2414 5274 2626 5344 Egressi
2663 5282 2790 5327 sunt
2815 5286 2946 5342 ergo
2980 5276 3173 5338 quarta
3201 5280 3427 5333 genera-

187 5353 288 5456 puli
317 5353 523 5461 sai-ai
538 5353 692 5451 gini;
711 5353 983 5444 individui
1013 5386 1103 5441 ﬁlii
1129 5353 1524 5455 promissionis,
1560 5389 1615 5434 et
1643 5353 1753 5434 ιὶω-
1857 5370 1999 5423 tione
2024 5366 2145 5461 ⁸ῆιῖίΔ
2174 5364 2345 5461 Israel
2365 5365 2431 5419 de
2457 5362 2887 5461 terra/Esto“;
2912 5357 3126 5461 Βέριίεε
3175 5353 3424 5461 83"“??-

546 5443 1021 5549 i'uturizquorum
1068 5443 1198 5530 aetas
1233 5471 1490 5541 temporis
1513 5443 1635 5523 ideo
1666 5475 1748 5520 ta-
1854 5461 1995 5530 giam
2023 5457 2151 5552 [.evi
2181 5475 2192 5509 :
2222 5456 2350 5511 Levi
2381 5455 2564 5552 genuit
2594 5453 2802 5552 Kaallt;
2849 5449 3018 5503 333th
3067 5444 3249 5552 εξηξξι
3295 5443 3427 5497 Απτ*

184 5580 354 5633 αιιιιιο.
384 5533 501 5643 qtiia
524 5586 727 5629 mterna
760 5533 1100 5630 meditantes,
1150 5562 1465 5635 transgressi
1500 5568 1625 5614 sum
1658 5558 1751 5611 de-
1855 5565 2004 5613 ram;
2032 5547 2254 5602 Amram
2294 5546 2478 5616 genuit
2503 5541 2925 5643 AarcnaAaron
2953 5538 3141 5609 genuit
3163 5533 3421 5643 Eleazar;

186 5662 379 5717 sideria
400 5633 727 5735 temporalia.
765 5661 870 5715 Sed
900 5658 1028 5728 quid
1053 5666 1155 5718 cst,
1207 5633 1347 5723 quod
1380 5648 1629 5704 animalia
1662 5646 1747 5699 illa
1856 5642 2080 5735 lﬂleazar
2108 5639 2290 5709 genuit
2310 5637 2556 5735 Phinees.
2590 5633 2764 5687 Kaatb
2795 5639 2973 5684 autem
3001 5641 3124 5735 cuin
3146 5633 3302 5695 patre
3330 5638 3429 5735 ευὲ

187 5753 282 5808 tria
309 5717 639 5813 dividuiitur,
668 5717 1005 5807 adteruisse
1032 5747 1257 5800 imicus:
1296 5741 1536 5811 partitus
1560 5736 1753 5789 emisti-
1858 5731 1979 5784 Levi
2019 5730 2291 5797 ingressus
2325 5735 2405 5781 cst
2437 5723 2726 5789 Emptum
2757 5762 2769 5782 ,
2803 5734 2990 5774 rursus
3041 5717 3266 5773 Eleazar
3305 5727 3425 5769 cum
