3958 6204
454 284 562 340 8ιὸ

1133 284 1191 338 Β.
1233 286 1480 340 ΒΑΒΛΝΙ
1526 287 1741 343 ΜΑωιι
1781 288 2030 343 ARCliIE

2143 288 2450 347 MOGUN'I'.
2492 291 2776 349 OPERUM
2812 291 2990 348 PARS
3023 291 3060 349 I.
3596 299 3711 354 754$

456 406 612 472 patre
640 410 739 452 suo
766 394 944 451 Aaron
973 412 1221 468 egressus
1246 407 1332 453 est
1377 398 1446 451 ab
1490 397 1741 469 Egypto.
1780 399 1825 453 Α
1852 397 2027 452 Kaath
2056 402 2103 461 Α
2131 399 2386 472 deinceps
2414 420 2427 456 :
2455 402 2591 457 Ecce
2642 404 2715 457 ait
2763 403 3041 473 concepisti
3075 411 3122 455 et
3165 404 3340 473 paries
3370 404 3541 473 [ilium
3573 423 3591 459 :
3623 430 3708 466 νο-

457 502 630 555 usque
679 487 746 541 ad
781 486 1008 542 Eleasar
1045 496 1426 556 computantur
1473 489 1848 558 generationes
1902 504 2034 558 qua-

461 587 604 641 tuor,
634 577 759 632 licet
787 576 1004 647 quidam
1032 576 1201 631 velint
1236 576 1305 630 ab
1332 577 1554 633 Amram
1581 578 1845 646 incipere,
1875 586 1931 632 et
1966 577 2034 632 ad

456 668 691 725 Phinees
711 708 726 731 ,
760 676 823 722 ut
851 682 951 722 nos
976 667 1031 722 in
1062 666 1286 722 Eleazar
1312 665 1537 722 fecimus
1566 707 1581 731 ,
1616 667 1923 737 pervenire.
1974 667 2034 723 Si

458 775 588 815 vero
621 759 856 815 volueris
909 758 1112 828 dispari
1162 773 1388 813 numero
1434 759 1719 813 ostendere
1768 759 2035 827 quomodo

455 850 753 907 secundum
783 850 1027 906 Exodum
1055 849 1242 919 quinta
1271 850 1617 920 generatione
1659 849 1863 920 egressi
1908 858 2037 907 sunt

458 940 556 995 lilii
589 938 755 994 Israel
794 938 862 993 de
913 946 1057 992 terra
1111 937 1361 1009 Egypti,
1400 937 1573 992 tribus
1608 937 1701 990 tibi
1729 935 1879 995 Juda:
1902 938 2036 993 ordo

458 1041 792 1086 numeretur.
851 1028 989 1085 Juda
1034 1030 1219 1099 genuit
1290 1028 1535 1094 Phares,
1596 1027 1803 1089 Phares
1853 1029 2036 1099 genuit

458 1122 661 1187 Esron;
690 1119 861 1175 Esron
884 1120 1067 1190 genuit
1089 1120 1286 1185 Aram;
1314 1117 1479 1172 Aram
1504 1117 2030 1189 genuitAminadal);

456 1212 757 1269 Aminadab
781 1212 964 1284 genuit
993 1211 1264 1278 Naasson;
1299 1211 1539 1266 Naasson
1570 1211 1753 1281 genuit
1788 1209 2032 1270 Salmon.

454 1307 662 1363 Phares
685 1321 807 1361 cum
835 1313 990 1374 patre
1009 1320 1105 1359 suo
1133 1302 1269 1359 Juda
1302 1303 1576 1373 ingressus
1602 1310 1686 1357 est
1719 1301 2032 1373 Egyptum.

456 1397 698 1453 Naasson
723 1397 970 1466 princeps
994 1396 1170 1451 tribus
1203 1393 1337 1451 Iuda
1367 1396 1421 1451 in
1451 1395 1666 1450 deserto
1689 1393 2033 1459 describitur,

455 1488 609 1558 cujus
638 1488 781 1543 filius
808 1488 1028 1544 Salmon
1070 1497 1269 1543 terram
1296 1486 1729 1557 repromissionis
1761 1484 2029 1539 introivit.

455 1585 717 1654 Computa
745 1599 775 1637 a
808 1583 1015 1639 Phares
1063 1598 1235 1652 usque
1281 1582 1349 1637 ad
1391 1581 1655 1645 Naasson,
1701 1587 1756 1635 et
1794 1579 2037 1634 invenies

455 1675 830 1745 generationes
858 1675 1095 1744 quinque
1123 1714 1139 1739 ,
1170 1666 1675 1737 tametsi‘nonnulli,
1705 1679 1766 1727 ut
1809 1671 1862 1726 in
1891 1670 2035 1727 tribu

2133 491 2375 562 cabisque
2419 509 2605 547 nomen
2642 493 2756 563 ejus
2788 490 2983 546 Ismael
3005 533 3018 555 ,
3055 509 3115 546 eo
3150 493 3293 563 quod
3333 498 3563 551 audierit
3596 499 3710 553 Do-

2132 582 2305 636 minus
2332 583 2659 654 aﬁlictionem
2680 594 2844 636 tuam.
2873 581 2974 635 Hic
2998 584 3098 636 erit
3126 582 3271 652 ferus
3300 584 3454 640 homo
3483 604 3503 642 :
3525 605 3711 646 manus

2130 673 2248 743 ejus
2284 683 2467 728 contra
2506 690 2703 739 omnes,
2739 682 2785 729 et
2820 691 3008 728 manus
3044 676 3279 728 omnium
3332 687 3517 733 contra
3546 698 3669 736 eum
3692 724 3708 749 ,

2129 773 2178 817 et
2206 779 2236 819 e
2258 764 2465 833 regione
2501 765 2859 819 universorum
2891 765 3118 834 fratrum
3147 782 3364 819 suorum
3392 769 3516 839 figet
3542 770 3712 825 taber-

2134 852 2343 907 nacula.
2370 852 2489 907 Alia
2516 855 2680 908 editio
2708 855 2782 910 ita
2804 855 2967 909 habet
2988 873 3001 908 :
3022 853 3124 909 llic
3143 857 3241 909 erit
3270 858 3495 913 rusticus
3516 860 3675 916 homo
3692 879 3711 916 :

2132 958 2319 996 manus
2349 942 2462 1012 ejus
2507 960 2662 1014 super
2699 960 2901 1010 omnes,
2949 955 2998 1000 et
3047 963 3234 1000 manus
3277 951 3509 1003 omnium
3557 968 3713 1023 super

2131 1047 2268 1096 eum,
2297 1042 2346 1086 et
2384 1044 2565 1087 contra
2595 1034 2783 1104 faciem
2812 1035 3042 1093 omnium
3079 1037 3306 1106 fratrum
3356 1056 3574 1094 suorum
3619 1044 3714 1097 ha-

2134 1122 2337 1178 bitabit.
2392 1123 2499 1180 Pro
2549 1127 2753 1181 rustico
2810 1127 2865 1181 in
2925 1126 3151 1183 Ilebrzeo
3206 1129 3469 1200 scriptum
3497 1132 3713 1199 habet,

2132 1214 2302 1283 phere
2333 1223 2485 1281 fras,
2539 1216 2681 1285 quod
2731 1217 3118 1286 interpretatur
3162 1235 3375 1289 onager.
3425 1219 3715 1291 Signiﬁcat

2136 1312 2315 1357 autem
2369 1319 2553 1361 semen
2581 1303 2699 1375 ejus
2727 1306 3093 1361 habitaturum
3122 1307 3176 1362 in
3202 1324 3384 1363 eremo
3412 1350 3427 1375 ,
3477 1311 3532 1365 id
3583 1320 3671 1367 est
3698 1354 3711 1375 ,

2136 1390 2436 1446 Saracenos
2465 1408 2629 1464 vagos
2653 1394 2986 1465 incertisque
3011 1395 3259 1463 sedibus,
3292 1398 3385 1469 qui
3432 1400 3715 1456 universas

2135 1491 2345 1554 gentes,
2371 1484 2569 1555 quibus
2593 1486 2864 1541 desertum
2889 1503 2951 1542 ex
2975 1486 3146 1543 latere
3161 1485 3405 1560 jungitur
3430 1490 3714 1546 incursan-

2135 1583 2254 1642 tes,
2293 1575 2678 1648 impugnantur
2726 1578 2794 1632 ab
2835 1579 3104 1634 omnibus.
3139 1578 3362 1650 Mystice
3409 1588 3592 1635 autem
3633 1582 3713 1637 lue

2135 1663 2254 1720 dua:
2274 1667 2526 1723 mulieres
2547 1667 2700 1723 Sarai
2728 1668 2976 1724 videlicet
3003 1677 3059 1725 et
3082 1670 3244 1741 Agar,
3263 1670 3367 1725 duo
3395 1679 3713 1727 testamenta

455 1765 586 1820 Levi
629 1765 967 1820 ostendimus
993 1804 1007 1828 ,
1058 1764 1112 1821 in
1139 1764 1311 1819 Esron
1353 1763 1565 1819 initium
1596 1762 1801 1854 faciant
1826 1805 1841 1830 ,
1886 1772 1940 1819 et
1968 1762 2035 1818 ad
2063 1755 2110 1814 Β
2133 1755 2289 1826 juxta
2317 1756 2561 1831 Apostoli
2593 1758 3096 1828 interpretationem
3149 1759 3477 1832 signiﬁcant,
3505 1763 3611 1818 hoc
3634 1773 3711 1817 est

455 1857 674 1913 Salmon
706 1870 875 1925 usque
899 1855 1238 1923 perveniant.

526 1946 596 2000 In
631 1946 718 1999 die
746 1944 839 1999 illo
864 1945 1053 2015 pepigit
1076 1945 1330 1999 Dominus
1361 1944 1529 2012 fmdus
1558 1961 1676 1998 cum
1708 1944 1904 1999 Abram
1947 1944 2035 1998 di-

455 2055 576 2093 cens
608 2052 625 2089 :
653 2038 858 2093 Semini
880 2048 970 2091 tuo
996 2036 1131 2091 dabo
1160 2046 1354 2092 terram
1382 2038 1518 2092 hanc
1559 2055 1593 2092 a
1627 2038 1788 2109 ﬂuvio
1819 2036 2036 2108 τερθριὶ

456 2147 621 2202 ηειμιε
669 2129 739 2183 ad
786 2130 981 2199 ﬂumen
1031 2146 1278 2200 magnum
1329 2130 1651 2201 Euphraten.
1682 2129 1799 2185 Non
1833 2145 1964 2202 ergo
2004 2146 2036 2185 a

455 2219 677 2276 nurnine
723 2235 922 2291 magno
949 2219 1189 2291 Egypti,
1219 2220 1322 2275 hoc
1346 2227 1429 2275 est
1453 2218 1574 2275 Nilo
1596 2261 1612 2284 ,
1651 2220 1745 2275 sed
1784 2219 1853 2275 ab
1904 2234 2036 2275 arvo

457 2311 646 2366 dividit
674 2310 812 2366 inter
835 2311 1126 2382 Egyptum
1154 2321 1211 2365 et
1232 2309 1597 2378 Pala‘stinam,
1624 2309 1712 2365 ubi
1736 2316 1819 2364 est
1845 2308 2037 2364 civitas

458 2400 847 2454 Rhinocorura.

1024 2488 1249 2547 CAPUT
1286 2491 1467 2547 XVIII.

458 2582 537 2637 De
557 2583 922 2654 conjunctione
946 2584 1089 2657 Agar
1114 2585 1321 2657 ancilla:
1344 2585 1505 2639 Sarai
1524 2585 1592 2639 ad
1614 2584 1810 2640 Abram
1837 2595 1885 2641 et
1909 2584 2035 2657 fuga

1063 2656 1225 2725 ipsius
1254 2654 1415 2726 Agar.

529 2763 680 2837 (Car.
727 2763 864 2837 xvi.)
892 2764 1066 2835 Igitur
1087 2763 1246 2820 Sarai
1272 2780 1408 2819 uxor
1432 2764 1631 2820 Abram
1655 2782 1759 2820 non
1786 2776 2034 2837 genuerat

456 2859 556 2913 sibi
598 2856 830 2912 liberos:
861 2857 952 2914 sed
981 2857 1173 2912 habens
1198 2855 1446 2911 ancillam
1487 2856 1795 2928 Egyptian
1830 2858 2036 2913 nomine

461 2948 637 3017 Agar,
668 2946 801 3002 dixit
828 2946 1021 3000 marito
1049 2962 1144 3000 suo
1175 2961 1193 3001 :
1222 2946 1359 3000 Ecce
1385 2946 1638 3002 conclusit
1668 2965 1749 3002 me
1776 2947 2033 3003 Dominus

457 3053 522 3090 ne
550 3052 809 3107 parerem,
864 3035 1133 3105 ingredere
1174 3036 1244 3089 ad
1289 3034 1539 3090 ancillam
1571 3052 1761 3102 meam,
1807 3039 1852 3091 si
1898 3037 2034 3105 forte

456 3126 642 3181 saltem
666 3142 731 3180 ex
757 3125 851 3179 illa
876 3126 1156 3195 suscipiam
1180 3124 1340 3194 ﬁlios.
1374 3125 1594 3199 (Albim)
1626 3126 1906 3193 Quomodo
1934 3127 2031 3183 de-
2057 3107 2103 3171 ο

458 3218 696 3273 fenditur
713 3217 917 3275 Abram
939 3216 1191 3272 adulterii
1216 3230 1345 3271 reus
1369 3232 1478 3273 non
1498 3232 1641 3283 esse,
1665 3219 1790 3273 dum
1820 3218 2033 3275 vivente

460 3306 698 3378 legitima
729 3322 918 3372 uxore,
935 3305 1254 3374 coniunctus
1274 3314 1358 3362 est
1391 3307 1601 3362 ancillae
1624 3322 1753 3374 suae,
1783 3308 1887 3364 nisi
1909 3309 2035 3379 quia

458 3401 685 3458 necdum
713 3399 1049 3471 promulgata
1076 3406 1163 3455 est
1187 3400 1349 3455 unius
1379 3401 1563 3457 uxoris
1588 3401 1892 3473 evangelica
1924 3402 2029 3459 lex.

459 3491 703 3549 Habebat
752 3505 967 3561 quoque
1016 3491 1429 3560 promissionem
1461 3507 1492 3546 a
1522 3492 1750 3547 Domino
1783 3493 2035 3565 multipli-

457 3580 561 3636 cati
584 3581 806 3635 seminis
827 3581 933 3647 sui,
963 3581 1059 3636 sed
1085 3582 1316 3651 necdum
1354 3581 1562 3637 sciebat
1593 3598 1660 3637 ex
1690 3598 1796 3652 qua
1824 3599 1991 3638 uxore
2012 3624 2028 3650 ,

457 3674 579 3740 q‘uia
607 3678 795 3740 postea
823 3669 1028 3725 dictum
1064 3678 1149 3726 est
1198 3672 1250 3725 ei
1303 3672 1371 3725 de
1417 3670 1575 3726 Sarai
1616 3673 1816 3728 habere
1841 3671 2029 3730 lilium.

458 3759 593 3815 Nam
622 3768 905 3830 propterea
931 3760 1011 3814 sic
1035 3760 1365 3832 propagandi
1412 3762 1636 3817 seminis
1662 3762 1911 3818 voluntas
1943 3763 2031 3832 pia

458 3849 581 3915 fuit,
606 3850 732 3920 quia
759 3848 1149 3905 concumbendi
1182 3850 1429 3904 voluntas
1457 3848 1741 3905 libidinosa
1773 3865 1877 3906 non
1910 3849 2028 3905 fuit.

458 3940 637 4010 Etiam
665 3948 723 3997 et
750 3937 906 3996 Sarai
934 3938 1139 4010 prolem
1170 3954 1329 4008 quam
1379 3939 1446 3993 de
1483 3954 1541 3995 se
1576 3941 1777 3996 habere
1805 3956 1909 3995 non
1934 3956 2031 4010 po-

460 4031 579 4096 tuit,
611 4031 676 4086 de
716 4029 912 4087 ancilla
944 4030 1145 4084 habere
1173 4028 1361 4083 voluit.
1397 4028 1779 4087 Consentiebat
1805 4039 2031 4099 uterque

459 4122 514 4189 in
541 4120 706 4189 facto,
730 4121 854 4191 quia
886 4128 1114 4191 uterque
1141 4119 1296 4176 Sarai
1330 4121 1567 4177 sterilem
1605 4135 1725 4177 esse
1753 4123 1977 4177 sciebat.

530 4212 634 4278 Qui
673 4213 935 4282 ingressus
963 4220 1039 4266 est
1075 4210 1144 4264 ad
1180 4228 1315 4266 eam.
1343 4210 1408 4265 At
1433 4210 1533 4265 illa
1558 4213 1849 4282 concepisse
1874 4230 1929 4266 se
1958 4213 2033 4268 vi-

458 4304 586 4369 dens
610 4342 626 4367 ,
671 4301 904 4371 despexit
942 4301 1210 4355 dominam
1272 4318 1443 4356 suam.
1488 4301 1733 4373 Dixitque
1770 4301 1930 4358 Sarai
1962 4302 2032 4355 ad

458 4391 907 4461 Abram:lnique
948 4392 1061 4461 agis
1102 4401 1284 4445 contra
1322 4408 1421 4445 me.
1463 4390 1574 4464 Ego
1616 4391 1736 4445 dedi
1782 4390 2029 4447 ancillam

2135 1846 2281 1918 Agar
2306 1848 2478 1919 legem
2499 1857 2756 1914 veterem,
2788 1865 2906 1920 quae
2936 1850 2990 1904 in
3021 1850 3300 1923 Synagoga
3344 1854 3603 1925 populum
3625 1853 3715 1909 Ju-

2136 1936 2349 1993 daicu’m
2376 1940 2622 1998 servituti
2653 1941 2943 2003 obnoxium
2972 1944 3265 1998 nutriebat.
3301 1945 3457 1999 Sarai
3500 1962 3712 2016 quoque

2136 2030 2504 2101 evangelicum
2538 2033 2810 2103 gratiam,
2858 2049 2976 2104 qua:
3034 2036 3288 2105 populum
3344 2036 3711 2094 Christianum

2138 2123 2193 2177 in
2224 2123 2531 2179 libertatem
2580 2123 2703 2179 fidei
2734 2126 3031 2196 generavit.
3069 2126 3405 2196 Multiplicati
3437 2138 3566 2184 sunt
3587 2145 3714 2202 ergo

2135 2207 2306 2266 Iudici
2341 2212 2549 2268 ancilla
2576 2212 2704 2280 lilii,
2733 2219 2787 2269 et
2817 2230 2923 2269 non
2954 2216 3377 2271 numerabantur
3421 2234 3535 2289 pne
3579 2220 3714 2274 mul-

2137 2305 2367 2360 titudine
2395 2324 2408 2360 :
2433 2306 2501 2361 de
2530 2307 2727 2377 quibus
2753 2321 2913 2383 supra
2943 2307 3201 2385 scriptum
3227 2318 3310 2365 est
3327 2349 3343 2376 ,
3370 2312 3511 2383 quod
3543 2312 3709 2367 instat

2138 2412 2315 2454 arena:
2343 2399 2510 2454 maris
2537 2398 2978 2469 multiplicentur.

2209 2488 2313 2543 Hic
2338 2499 2414 2543 est
2445 2489 2589 2561 ferus
2618 2490 2774 2544 homo
2800 2530 2815 2555 ,
2844 2499 2891 2543 et
2922 2505 3111 2545 manus
3139 2493 3254 2561 ejus
3275 2502 3460 2547 contra
3490 2510 3670 2546 omnes
3698 2535 3710 2558 ,

2135 2595 2425 2651 manusque
2454 2580 2686 2634 omnium
2721 2589 2903 2633 contra
2941 2597 3080 2647 eum,
3120 2591 3167 2634 et
3199 2597 3226 2635 e
3257 2583 3462 2652 regione
3507 2583 3714 2636 univer-

2135 2686 2314 2724 sorum
2340 2669 2566 2739 fratrum
2615 2687 2831 2724 suorum
2875 2669 2996 2742 ﬁget
3031 2672 3410 2737 tabernacula;
3441 2674 3564 2743 quia
3597 2674 3715 2743 ipse

2134 2761 2363 2833 populus
2390 2760 2671 2816 ferocitate
2696 2777 2793 2816 sua
2823 2761 3044 2817 aemulus
3075 2771 3157 2818 est
3184 2771 3237 2817 et
3265 2764 3567 2819 contrarius
3592 2780 3709 2819 οιιῖη

2134 2854 2294 2908 nibus
2318 2853 2496 2918 bonis,
2536 2852 2771 2907 maxime
2801 2867 2924 2907 cum
2972 2852 3332 2907 Christianam
3362 2853 3573 2923 plebem
3601 2864 3711 2908 toto

2134 2943 2264 2999 orbe
2303 2943 2503 2998 invidia
2551 2941 2861 2998 stimulante
2898 2943 3243 3012 persequitur
3265 2983 3281 3007 ,
3307 2951 3363 2997 et
3389 2942 3548 3014 longe
3575 2942 3704 2998 late.

2136 3049 2243 3105 que
2292 3034 2567 3106 dispersus
2619 3033 3067 3102 circumvagando
3135 3043 3297 3104 atque
3346 3034 3671 3105 negotiando
3695 3074 3711 3099 ,

2135 3126 2357 3182 incertis
2389 3125 2609 3181 sedibus
2632 3140 2846 3195 semper
2866 3126 3130 3190 existens,
3153 3126 3405 3181 omnibus
3429 3126 3582 3181 oneri
3604 3134 3710 3181 est.

2135 3218 2264 3290 Legi
2295 3227 2477 3274 tamen
2518 3218 2572 3272 in
2616 3219 2850 3288 quodam
2879 3226 3107 3272 tractatu
3135 3259 3150 3282 ,
3181 3232 3280 3287 per
3306 3216 3464 3272 Sarai
3489 3234 3711 3274 uxorem

2134 3307 2335 3364 Abram
2359 3348 2374 3373 ,
2410 3307 2708 3363 Ecclesiam
2755 3307 3086 3379 primitivam
3132 3308 3578 3377 interpretatam;
3617 3323 3713 3364 an-

2136 3396 2314 3452 cillam
2337 3404 2515 3453 autem
2559 3395 2869 3470 Egyptiam
2892 3395 3189 3452 Ecclesiam
3210 3409 3278 3450 ex
3297 3395 3567 3467 gentibus,
3593 3412 3712 3466 quae

2133 3495 2416 3560 postquam
2442 3487 2754 3557 conceperit
2780 3486 3004 3541 verbum
3033 3485 3155 3541 fidei
3175 3526 3190 3551 ,
3217 3485 3525 3555 despexerit
3555 3485 3714 3540 sterio

2134 3578 2339 3633 litatem
2368 3576 2663 3650 Synagogte
2686 3594 2701 3643 ;
2728 3577 2870 3646 quod
2909 3586 3087 3632 autem
3115 3577 3335 3648 angelus
3357 3576 3708 3632 admonuerat

2134 3671 2281 3742 Agar
2321 3670 2499 3724 redire
2539 3669 2605 3723 ad
2650 3668 2923 3724 dominam
2962 3682 3114 3723 suam
3147 3667 3319 3729 Sarai,
3352 3675 3407 3721 et
3436 3667 3710 3721 humiliari

2135 3761 2234 3816 sub
2260 3760 2509 3815 manibus
2534 3759 2702 3828 ipsius
2726 3799 2742 3824 ,
2769 3757 3075 3827 significare
3095 3799 3109 3820 ,
3136 3756 3487 3828 apostolicam
3511 3757 3702 3812 doctri

2134 3867 2261 3907 nam
2302 3851 2646 3905 admonuisse
2688 3859 2876 3922 gentes
2902 3865 2971 3903 ne
3001 3848 3344 3919 superbirent
3380 3854 3572 3902 contra
3617 3845 3710 3902 Ju—

2135 3941 2342 3995 daicam
2376 3940 2607 4009 plebem.
2640 3939 2795 3995 Unde
2825 3939 2957 3995 dicit
2983 3937 3309 4007 Apostolus:
3345 3935 3477 3989 Noli
3514 3935 3710 4006 gloria-

2135 4031 2184 4083 ri
2220 4030 2467 4084 adversus
2502 4045 2695 4083 ramos.
2721 4028 2874 4096 Quod
2897 4028 2941 4082 si
2966 4038 3023 4081 tu
3052 4026 3319 4098 gloriaris,
3348 4042 3452 4079 non
3481 4026 3707 4080 radicem

2133 4130 2313 4191 portas
2339 4162 2354 4189 ,
2402 4121 2494 4177 sed
2531 4122 2685 4176 radix
2712 4131 2761 4176 te
2803 4120 2980 4191 (Rom.
3011 4121 3122 4192 xu);
3153 4130 3208 4175 et
3234 4121 3365 4175 item
3394 4137 3411 4175 :
3442 4120 3502 4177 Si
3528 4121 3669 4175 Deus
3690 4160 3703 4181 .

2134 4214 2307 4283 inquit
2332 4255 2347 4279 ,
2379 4214 2706 4268 naturalibus
2733 4215 2892 4269 ramis
2918 4231 3023 4269 non
3049 4215 3296 4284 pepercit,
3338 4232 3401 4269 ne
3449 4214 3587 4284 forte
3615 4231 3707 4267 nec

2134 4304 2226 4357 tibi
2250 4312 2428 4375 parcet
2476 4304 2687 4375 (lbid.).
2716 4303 2819 4370 Qui
2868 4304 3012 4359 ferus
3069 4306 3232 4359 homo
3290 4304 3562 4360 indirecte
3601 4305 3709 4360 dici

2134 4396 2326 4465 possit,
2358 4395 2499 4464 quod
2535 4402 2721 4449 contra
2744 4395 3016 4450 dmmones
3038 4402 3094 4448 et
3112 4394 3395 4449 haereticos
3424 4404 3626 4466 pugnet
3652 4401 3712 4447 et

459 4498 626 4547 meam
665 4483 721 4535 in
756 4483 929 4535 sinum
970 4489 1116 4533 tuum
1148 4494 1166 4531 :
1204 4497 1320 4552 qum
1342 4481 1518 4535 videns
1555 4482 1693 4552 quod
1721 4483 2026 4552 conceperit,
2056 4472 2279 4547 Dxitiis
2299 4486 2533 4541 resistat.
2563 4483 2670 4539 Sed
2690 4485 2804 4539 haec
2829 4483 3269 4554 Iectorisjudtcio
3290 4482 3673 4553 relinquimus.

458 4572 721 4641 despectui
761 4586 843 4624 me
867 4569 1017 4623 habet
1044 4585 1061 4623 :
1078 4569 1278 4641 judicet
1308 4571 1563 4627 Dominus
1610 4571 1745 4623 inter
1773 4588 1852 4631 me
1880 4581 1926 4629 et
1955 4581 2022 4625 te.

459 4660 557 4724 Cui
589 4659 901 4730 respondens
929 4658 1123 4712 Abram
1150 4672 1168 4709 :
1198 4658 1333 4717 Ecce
1357 4660 1429 4712 ait
1458 4658 1651 4715 ancilla
1673 4668 1764 4713 tua
1788 4661 1841 4714 in
1867 4678 2024 4717 manu

457 4763 547 4816 tua
580 4761 655 4805 est
679 4790 695 4815 ,
722 4758 866 4804 utere
887 4765 949 4803 ea
973 4758 1027 4803 ut
1055 4747 1196 4805 libet.
1246 4748 1510 4820 Aﬂligente
1536 4748 1694 4819 igitur
1719 4765 1832 4802 eam
1866 4748 2026 4806 Sarai

459 4847 638 4922 fugam
680 4843 816 4905 iniit.
865 4840 1096 4915 Cumque
1129 4842 1400 4897 invenisset
1428 4859 1546 4897 eam
1572 4841 1785 4913 angelus
1816 4842 2025 4898 Domini

452 4946 604 5016 juxta
630 4943 825 5014 fontem
846 4957 997 5012 aqua:
1028 4942 1082 4995 in
1110 4940 1421 5007 solitudine,
1461 4942 1550 5011 qui
1574 4950 1649 4995 est
1672 4941 1726 4995 in
1749 4942 1831 4995 uia
1861 4941 2026 4995 Assur

454 5016 511 5101 in
536 5034 763 5099 deserto,
800 5033 935 5087 dixit
974 5032 1044 5087 ad
1091 5048 1206 5089 eam
1241 5045 1258 5089 :
1288 5033 1432 5103 Agar
1450 5031 1643 5085 ancilla
1671 5031 1855 5097 Sarai,
1886 5032 2025 5087 unde

453 5125 597 5189 venis
640 5132 689 5177 et
727 5138 830 5194 quo
881 5120 1075 5176 vadis?
1106 5119 1508 5190 Consequenter
1553 5119 1805 5190 Egyptia
1846 5120 1898 5175 in
1940 5121 2023 5174 via

454 5218 626 5281 Assur
653 5256 673 5281 ,
700 5229 821 5284 qua:
853 5225 954 5282 per
1005 5226 1247 5266 eremum
1292 5211 1439 5265 ducit
1485 5211 1552 5265 ad
1592 5209 1905 5280 Egyptum,
1945 5210 2024 5265 ire

455 5307 749 5379 Egyptum
779 5303 1095 5369 festinabat,
1138 5303 1226 5357 ubi
1280 5317 1399 5357 eam
1435 5302 1659 5372 angelus
1686 5302 1897 5361 Domini
1943 5301 2023 5356 in-

455 5399 619 5454 venit.
656 5396 908 5465 Dixitque
948 5394 996 5449 ci
1043 5393 1266 5463 angelus
1294 5392 1544 5448 Domini:

2213 4575 2419 4630 Vocavit
2445 4586 2617 4630 autem
2645 4575 2788 4645 Agar
2813 4591 2998 4629 nomen
3019 4575 3251 4637 Domini,
3281 4575 3372 4644 qui
3396 4573 3713 4645 loquebatur

2129 4669 2199 4722 ad
2219 4684 2354 4732 eam,
2390 4666 2468 4721 Tu
2496 4666 2659 4732 Deus,
2695 4668 2784 4737 qui
2816 4666 2991 4720 vidisti
3026 4681 3124 4719 me.
3172 4664 3320 4717 Dixit
3357 4664 3499 4717 enim
3527 4677 3547 4715 :
3574 4660 3711 4714 1⁸η)-

2131 4758 2264 4827 fecto
2302 4758 2385 4811 hic
2431 4757 2534 4810 vidi
2562 4757 2850 4826 posteriora
2887 4754 3109 4808 videntis
3144 4770 3244 4808 me.
3275 4753 3443 4810 Recte
3464 4770 3596 4826 ergo
3617 4754 3709 4809 di-

2128 4859 2272 4905 ctum
2301 4856 2384 4903 est
2429 4846 2570 4917 quod
2602 4861 2797 4900 nomen
2842 4845 3055 4899 Domini
3085 4844 3380 4909 vocaverit,
3410 4843 3490 4898 Tu
3518 4844 3658 4898 Deus
3687 4884 3703 4908 ,

2126 4939 2215 5008 qui
2243 4938 2416 4993 vidisti
2446 4952 2547 5000 me,
2576 4936 2701 5005 quia
2738 4934 2974 5008 gratuito
3013 4948 3235 5008 munere
3257 4932 3505 5008 consulit
3545 4933 3708 5008 mise-

2113 5002 2212 5076 ris,
2237 5019 2294 5065 et
2330 5002 2650 5064 consolatur
2682 5002 2917 5060 humiles
2945 5005 2999 5058 in
3029 5004 3380 5057 tribulatione
3408 5018 3535 5058 sua.
3562 5002 3715 5057 Hinc.

2108 5102 2395 5159 Psalmista
2413 5101 2521 5155 ait:
2548 5098 2650 5165 Tu,
2674 5099 2917 5163 Domine,
2937 5097 3171 5151 laborem
3193 5096 3359 5164 vides,
3382 5105 3439 5150 et
3461 5096 3708 5151 dolorem

2109 5196 2432 5255 consideras.
2472 5192 2589 5248 Tibi
2612 5194 2754 5247 enim
2782 5191 3062 5246 derelictus
3093 5196 3171 5244 est
3216 5205 3447 5261 pauper,
3497 5186 3707 5257 pupilla

2109 5299 2165 5343 tu
2193 5291 2295 5344 eris
2312 5290 2529 5358 adjutor
2547 5286 2715 5359 (Psal.
2743 5285 2845 5345 lxi.
2876 5284 2946 5340 Et
2975 5284 3133 5351 illud,
3152 5284 3297 5355 quod
3319 5282 3701 5352 subsequitur.

2110 5380 2358 5452 Profecto
2387 5382 2469 5435 hic
2497 5381 2599 5435 vidi
2635 5380 2933 5451 posteriora
2966 5378 3189 5433 videntis
3222 5393 3325 5442 me,
3372 5380 3517 5431 bene
3562 5389 3704 5429 con-

530 5481 883 5539 Reverteread
904 5482 1170 5535 dominam
1184 5490 1349 5543 tuam,
1374 5488 1422 5533 et
1448 5479 1721 5531 humiliore
1747 5479 1840 5533 sub
1861 5495 2019 5533 manu
2105 5477 2251 5547 gruit
2284 5476 2358 5528 illi
2402 5474 2624 5528 dictioni
2666 5489 2787 5543 (ιιιω
2812 5472 3072 5526 Dominus
3108 5473 3175 5526 ad
3209 5471 3438 5541 Moysen
3469 5471 3695 5525 IOI'IIlﬂS

453 5574 635 5639 ipsius.
668 5572 737 5627 Et
762 5587 973 5628 rursum
1001 5588 1016 5625 :
1042 5570 1421 5641 Multiplicans,
1445 5568 1635 5637 inquit,
1667 5567 2019 5637 multiplicabo
2106 5577 2210 5634 est,
2237 5583 2358 5623 cum
2387 5569 2722 5637 inajestatem
2768 5582 2925 5622 suam
2978 5566 3079 5621 sibi
3109 5564 3320 5621 ostendi
3354 5570 3650 5636 rogaverat
3681 5577 3704 5615 ε

459 5678 624 5716 semen
654 5674 822 5730 tuum,
851 5672 898 5721 ct
927 5677 1027 5718 non
1054 5658 1407 5723 numerabitur
1426 5675 1535 5729 pur
1566 5658 1907 5712 multitudine.
1939 5659 2015 5715 Ac

2108 5663 2229 5717 Non
2245 5665 2468 5733 poteris,
2484 5664 2678 5735 inquit,
2702 5664 2872 5717 ridere
2888 5662 3077 5731 faciem
3099 5677 3267 5717 meam
3285 5670 3333 5715 et
3355 5663 3543 5717 risere.
3569 5655 3701 5712 Non
