3958 6204
1262 352 1611 408 (ΖΟΜΜΕΝΤ.
1653 354 1720 409 IN
1753 356 2073 415 CENESIM.
2106 391 2177 401 —-
2215 359 2341 415 LIB.
2382 361 2443 414 il.

3337 372 3446 431 516

214 470 332 526 enim
366 463 552 519 videbit
592 464 748 516 homo
793 463 978 531 faciem
1008 479 1173 516 meam
1200 473 1248 516 et
1280 466 1425 519 vivet.
1465 464 1530 518 Et
1555 466 1632 519 ait
1658 466 1762 520 Do-
1791 472 1835 529 Α
1865 482 1960 536 per
1986 470 2048 521 Ite
2072 480 2112 527 τι
2138 470 2353 537 quidem
2379 469 2646 533 scribere,
2678 468 2771 525 sed
2800 484 2895 540 per
2923 490 2954 525 a
2988 472 3187 543 legere.
3221 475 3374 531 Sicut
3411 495 3442 534 θ

215 560 372 613 minus
398 572 410 607 :
447 551 581 606 Ecce
606 552 752 606 locus
774 569 926 623 penes
947 570 1028 606 me
1050 568 1145 616 est,
1174 555 1337 607 stabis
1363 571 1523 623 supra
1542 567 1764 624 petram;

210 648 367 705 statim
404 656 459 700 nt
489 645 710 698 transiet
733 645 986 713 majestas
1015 662 1151 709 mea,
1187 662 1383 716 ponam
1407 657 1456 700 te
1478 647 1533 701 in
1555 647 1765 717 specula

211 750 350 811 petra:
367 777 382 802 ,
409 745 456 789 ϐε
483 747 655 805 tegam
688 751 849 788 manu
874 752 991 789 mea
1018 751 1176 805 super
1212 745 1262 789 te
1290 736 1453 790 donec
1479 747 1762 804 transeam,

212 841 252 884 et
277 828 505 897 auferam
529 842 747 879 manum
786 841 976 885 meam.
1016 835 1065 879 et
1094 836 1217 880 tunc
1254 827 1450 881 videbis
1476 829 1765 897 posteriora

211 935 328 972 mea.
376 914 516 969 Nam
565 915 729 984 facies
769 931 884 968 mea
924 931 1029 968 non
1057 917 1325 986 apparebit
1353 918 1463 972 tibi.
1498 917 1612 971 Non
1637 933 1765 989 ergo

212 1008 456 1065 immerito
494 1021 655 1061 nemo
684 1014 864 1076 potest
890 1006 1100 1070 faciem,
1136 1009 1191 1062 id
1218 1017 1321 1072 est,
1372 1009 1541 1079 ipsam
1593 1010 1766 1063 mani—

213 1098 530 1153 iestationem
563 1097 843 1165 sapientia:
881 1095 976 1150 Dei
1013 1096 1196 1151 videre
1220 1104 1275 1151 et
1296 1098 1498 1152 vivere.
1541 1098 1658 1167 ipsa
1682 1107 1766 1153 est

214 1188 340 1243 enim
375 1186 590 1256 species
635 1185 722 1240 cui
759 1184 1186 1255 contemplandas
1224 1186 1460 1255 suspirat
1479 1187 1654 1240 omnis
1672 1187 1762 1255 qui

211 1277 403 1330 affectat
428 1274 658 1344 diligere
682 1273 852 1329 Deum
876 1289 942 1329 ex
973 1283 1086 1329 toto
1107 1274 1293 1341 corde,
1323 1284 1381 1330 et
1401 1291 1469 1330 ex
1497 1283 1611 1330 tota
1641 1276 1760 1330 ani-

210 1382 301 1431 ma,
330 1374 379 1420 et
404 1352 473 1420 ex
517 1373 633 1419 tota
668 1373 849 1419 mente
874 1405 890 1431 ,
941 1363 1009 1418 ad
1047 1380 1209 1433 quam
1252 1367 1717 1436 contemplandam
1742 1409 1758 1434 ,

209 1461 348 1513 etiam
387 1456 694 1526 proximum
719 1498 736 1522 ,
763 1466 1025 1525 quantum
1062 1464 1243 1526 potest
1262 1497 1278 1523 ,
1310 1473 1407 1528 per
1435 1459 1607 1529 ipsam
1632 1461 1763 1516 dile-

208 1551 418 1605 ctionem
457 1565 566 1615 qua
617 1562 742 1604 eum
799 1550 975 1621 diligit
1027 1550 1168 1605 sicut
1218 1552 1452 1622 seipsum
1508 1555 1759 1611 aediﬁcat.

210 1639 488 1693 Posteriora
541 1653 672 1693 vero
708 1638 919 1693 Domini
961 1640 1393 1697 incarnationem
1422 1641 1559 1713 eius,
1597 1660 1760 1714 quam

213 1728 255 1781 in
286 1729 384 1782 ﬁne
429 1736 735 1797 temporum
775 1730 1004 1799 sumpsit
1045 1745 1113 1785 ex
1164 1730 1415 1803 Virgine,
1476 1748 1762 1804 possumus

1865 559 2139 612 contrario
2165 577 2196 611 a
2222 558 2456 614 litteram
2490 574 2632 628 saepe
2666 575 2764 630 per
2788 573 2828 620 τι
2853 564 3219 630 pronuntiant.

1937 647 2184 719 Daboque
2224 650 2318 702 tibi
2352 660 2402 703 et
2437 651 2621 704 semini
2651 661 2741 704 tuo
2778 661 2969 705 terram
3011 654 3447 724 peregrinationis

1863 746 1988 802 tute,
2020 753 2223 791 omnem
2270 747 2467 792 terram
2496 737 2755 793 Chanaan
2787 740 2843 793 in
2890 743 3266 811 possessionem
3289 753 3443 800 teter-

1866 845 1987 882 nam
2013 869 2027 894 ,
2053 838 2108 884 et
2133 830 2357 899 reliqua.
2388 830 2572 903 (Aug.)
2601 832 2836 899 Quzestio
2868 842 2952 888 est
2991 835 3258 904 quomodo
3286 835 3439 892 dixe—

1864 916 1936 971 rit
1973 926 2231 972 aaternam
2257 958 2273 984 ,
2305 935 2427 974 cum
2465 920 2723 975 lsraeiitis
2770 922 3137 991 temporaliter
3165 923 3289 977 data
3320 925 3392 979 sit
3421 962 3443 989 ς

1862 1015 2042 1061 utrum
2067 1009 2361 1063 secundum
2385 1010 2487 1065 hoc
2507 1011 2756 1065 steculum
2781 1011 2921 1065 dicta
2947 1012 3019 1066 sit
3038 1022 3258 1078 artema,
3286 1022 3347 1068 ut
3371 1014 3445 1069 alr

1861 1110 1927 1151 eo
1953 1098 2092 1165 quod
2123 1106 2208 1153 est
2235 1100 2361 1155 ἀιων
2399 1097 2585 1155 Graece
2613 1140 2627 1165 ,
2657 1101 2798 1170 quod
2826 1101 3077 1155 sweulum
3124 1101 3393 1172 signiﬁcat
3418 1134 3441 1168 ,~

1863 1185 2065 1240 dictum
2089 1186 2161 1241 sit
2180 1190 2389 1251 ἀιωνιαν,
2420 1197 2671 1258 tanquam
2705 1191 2751 1245 si
2780 1190 2974 1247 Latine
3004 1193 3107 1248 dici
3142 1195 3313 1265 possit
3331 1211 3436 1249 sa:-

1861 1275 2040 1329 cnlare
2053 1295 2074 1342 ;
2102 1292 2170 1331 an
2197 1293 2262 1332 ex
2284 1278 2391 1334 hoc
2415 1278 2616 1349 aliquid
2640 1281 2935 1334 secundum
2958 1283 3289 1352 spiritualem
3312 1299 3431 1354 pro-

1860 1367 2171 1423 missionem
2202 1370 2293 1424 hic
2315 1369 2612 1441 intelligere
2633 1386 2906 1442 cogamur,
2942 1381 3000 1427 ut
3039 1382 3295 1429 teternam
3317 1376 3442 1431 ideo

1861 1456 2062 1512 dictum
2101 1458 2193 1525 sit,
2220 1460 2344 1527 quia
2385 1459 2513 1514 hinc
2535 1468 2799 1515 aeterxxum
2839 1460 3041 1530 aliquid
3077 1463 3431 1533 signiﬁcatur.

1932 1546 1976 1601 Τ
1977 1565 2013 1602 ιι
2040 1565 2160 1619 ergo
2175 1550 2433 1604 custodies
2459 1560 2666 1620 pactum
2692 1566 2862 1604 meum
2893 1562 2939 1605 et
2961 1567 3133 1605 semen
3160 1563 3307 1607 tuum
3319 1565 3435 1623 post

1861 1646 1910 1692 te
1937 1639 1992 1692 in
2019 1639 2436 1708 generationibus
2462 1641 2591 1693 suis.
2622 1638 2738 1693 Hoc
2757 1650 2832 1694 est
2850 1651 3060 1711 pactum
3081 1659 3273 1707 meum,
3297 1644 3435 1713 quod

1862 1728 2192 1783 observabitis
2230 1730 2368 1783 inter
2391 1747 2477 1784 vos
2503 1740 2550 1783 et
2574 1746 2749 1784 semen
2788 1740 2935 1785 tuum
2954 1741 3071 1801 post
3098 1742 3167 1787 te.
3198 1732 3436 1787 Circum-

214 1819 513 1889 intelligere,
545 1834 708 1888 quam
736 1834 878 1875 nunc
898 1832 997 1889 per
1021 1820 1180 1876 ﬁdem
1224 1830 1283 1876 et
1324 1822 1661 1880 dilectionem
1702 1828 1756 1881 in
1785 1813 1832 1873 B
1859 1823 2061 1877 cidetur
2100 1839 2166 1876 ea:
2201 1824 2343 1877 vobis
2385 1838 2536 1876 omne
2581 1822 2953 1887 masculinum,
2976 1832 3024 1876 et
3056 1822 3441 1878 circumcidetis

210 1913 433 1981 presenti
473 1913 830 1968 desiderando
851 1913 1303 1982 contemplamur,
1354 1914 1407 1968 in
1446 1914 1627 1970 futura
1662 1932 1758 1971 au-

210 2011 298 2055 tem
326 2001 430 2055 vita
462 2001 916 2071 contemplatione
942 2002 1287 2071 periruemur
1309 2011 1532 2058 aeterna.

266 2088 540 2160 Propterea
574 2090 847 2161 appellavit
885 2102 1099 2161 puteum
1123 2093 1272 2147 illum
1309 2105 1520 2165 puteum
1546 2099 1757 2154 viventis

208 2192 248 2235 et
277 2183 481 2237 ridentis
508 2200 613 2237 me.
645 2181 826 2253 Usque
849 2185 1009 2239 hodie
1031 2193 1225 2255 puteus
1253 2186 1399 2257 Agar
1420 2188 1757 2245 demonstra-

208 2281 282 2326 tur
312 2274 359 2326 in
398 2274 619 2328 deserto
664 2272 898 2340 Arabiae,
937 2276 1077 2330 inter
1115 2276 1288 2331 Cades
1329 2285 1386 2334 et
1420 2278 1618 2335 Barad.
1654 2280 1759 2353 Ty—

207 2363 304 2434 pice
346 2373 524 2419 autem
567 2371 762 2433 puteus
806 2365 908 2418 iste
963 2365 1134 2435 legem
1170 2375 1405 2421 veterem
1451 2383 1516 2423 ac
1560 2385 1756 2427 novam

209 2454 469 2523 signiﬁcat,
503 2469 667 2523 quam
696 2452 959 2509 Conditor
977 2465 1186 2521 noster,
1212 2458 1304 2525 qui
1332 2466 1415 2512 est
1439 2458 1548 2512 vita
1573 2460 1757 2514 viven-

208 2546 319 2598 tium
342 2554 394 2599 et
421 2559 551 2615 spes
583 2544 954 2611 morientium,
1003 2547 1199 2602 intuitu
1234 2548 1337 2617 pia:
1382 2550 1750 2606 miserationis

207 2637 498 2692 mortalibus
524 2637 692 2701 dedit,
716 2644 778 2691 ut
814 2652 914 2707 per
961 2637 1106 2693 illam
1132 2639 1307 2695 edocti
1335 2649 1497 2710 atque
1543 2657 1573 2696 a
1609 2642 1755 2698 vitiis

205 2729 404 2783 correcti
432 2769 449 2795 ,
495 2729 612 2799 ejus
636 2728 843 2784 visione
868 2730 921 2784 in
951 2728 1103 2786 cmlis
1144 2739 1406 2801 perpetua
1456 2732 1604 2805 digni
1635 2748 1756 2789 esse

207 2826 513 2871 mereantur.
1317 2873 1333 2887 ,

264 2907 560 2981 Peperitque
586 2911 731 2981 Agar
759 2911 914 2966 Alme
938 2913 1129 2982 filium,
1185 2913 1275 2984 qui
1324 2915 1521 2970 vocavit
1568 2933 1753 2972 nomen

203 3001 297 3067 ejus
318 2998 531 3055 Ismael.
565 3000 647 3054 Ad
688 3017 886 3056 nomen
923 3001 1137 3068 allusit;
1179 3003 1367 3059 lsmael
1398 3006 1543 3060 enim
1587 3007 1753 3061 inter-

204 3099 417 3155 pretatur
442 3091 650 3145 auditio
679 3091 797 3158 Dei,
845 3092 987 3147 sicut
1027 3094 1249 3165 angelus
1288 3110 1450 3165 supra
1498 3097 1565 3152 ad
1608 3098 1754 3169 Agar

1859 1928 2069 1967 carnem
2104 1914 2347 1983 prteputii
2388 1914 2570 1978 vestri,
2600 1922 2658 1967 ut
2704 1916 2773 1969 sit
2810 1915 3014 1985 signum
3062 1914 3271 1985 fmderis
3299 1916 3438 1972 inter

1858 2021 1939 2059 me
1970 2013 2017 2058 et
2041 2021 2151 2058 vos.
2174 2002 2365 2074 Infans
2394 2014 2508 2060 octo
2533 2006 2737 2060 dierum
2759 2004 3160 2059 circumcidetur
3181 2006 3238 2060 in
3268 2007 3430 2061 uobis.

1862 2094 2027 2148 Omne
2055 2093 2400 2149 masculinum
2438 2097 2494 2149 in
2520 2096 2940 2166 generationibus
2965 2098 3167 2162 vestris,
3195 2106 3301 2151 tam
3327 2115 3437 2153 ocra

1858 2183 2079 2237 naculus
2103 2200 2260 2254 quam
2283 2184 2570 2254 emptitius,
2603 2183 3005 2238 circumsidetur
3026 2224 3040 2250 ,
3071 2194 3119 2240 et
3142 2187 3435 2258 quicunque

1857 2290 1961 2328 non
1994 2273 2190 2342 fuerint
2237 2274 2302 2328 de
2336 2274 2496 2343 stirpe
2524 2283 2691 2328 testra
2713 2314 2729 2339 ,
2780 2275 2979 2344 eritque
3005 2285 3216 2345 pactum
3259 2293 3432 2332 meum

1855 2364 1911 2416 in
1933 2379 2090 2416 carne
2109 2372 2279 2416 uestra
2301 2362 2354 2416 in
2377 2362 2545 2433 fwdus
2570 2364 2957 2433 sempiternum.
2990 2362 3260 2419 Masculus
3280 2366 3439 2436 cujus

1854 2455 2098 2524 pra'putii
2137 2470 2261 2508 caro
2305 2456 2615 2509 circumcisa
2643 2471 2746 2509 non
2771 2455 2949 2525 fuerit,
2970 2456 3227 2512 delebitur
3252 2461 3430 2516 anima

1854 2542 1948 2597 illa
1979 2544 2044 2597 de
2076 2544 2268 2615 popqu
2305 2562 2422 2611 suo,
2455 2547 2578 2616 quia
2608 2555 2818 2615 pactum
2842 2561 3015 2600 meum
3044 2546 3253 2605 irritum
3285 2548 3429 2618 fecit.

1853 2630 1971 2686 Jam
2000 2643 2125 2689 tunc
2146 2644 2365 2704 propter
2392 2635 2877 2706 peregrinationem
2904 2635 3163 2701 futuram,
3188 2651 3256 2690 ne
3280 2652 3430 2691 eom-

1854 2725 2176 2780 misceretur
2204 2742 2388 2781 semen
2433 2725 2550 2796 ejus
2591 2727 2733 2780 inter
2766 2735 2992 2798 gentes,
3042 2728 3243 2798 pepigit
3288 2730 3431 2783 Deus

1854 2827 2070 2889 pactum
2103 2835 2226 2875 cum
2267 2819 2541 2874 Abraham
2569 2859 2584 2885 ,
2616 2827 2673 2873 et
2704 2817 2866 2872 datur
2904 2817 2955 2871 ei
3003 2817 3344 2872 circumcisio
3372 2818 3429 2873 in

1854 2909 2065 2979 signum
2119 2909 2204 2965 his
2248 2909 2428 2965 verbis
2463 2926 2479 2962 :7
2523 2907 2935 2963 Circumeidetur
2984 2923 3049 2962 ea:
3095 2908 3236 2962 uobis
3280 2922 3439 2964 omne

1853 3000 2220 3054 masculinum.
2265 3000 2459 3071 Infans
2502 3010 2616 3054 octo
2670 3000 2874 3055 dierum
2927 2999 3331 3063 circumcidetur
3373 3001 3430 3055 in

1853 3092 2014 3158 vobis,
2063 3101 2171 3145 tam
2199 3091 2508 3146 vernaculus
2532 3106 2689 3161 quam
2714 3089 2978 3161 emptitius
3003 3090 3426 3144 circumcidetur.

203 3179 350 3234 dixit:
385 3180 603 3236 Vocabis
629 3199 814 3236 nomen
843 3183 957 3252 ejus
980 3160 1179 3240 Ismael
1196 3227 1211 3253 ,
1256 3203 1317 3241 ea
1348 3160 1487 3259 quod
1522 3160 1750 3245 αηάὶξνξι
1779 3160 1824 3222 C
1860 3182 2129 3236 Masculus
2162 3193 2336 3237 autem
2364 3182 2518 3252 cujus
2546 3160 2801 3252 pra’putii
2840 3198 2963 3235 caro
2987 3182 3297 3237 circumcisa
3324 3199 3433 3237 non

204 3267 426 3325 Dominus
453 3272 785 3341 aﬂlictionem
814 3289 1002 3327 meam.

758 3410 987 3470 CAPUT
1023 3415 1164 3471 XIX.

207 3535 569 3597 Testamentum
594 3542 695 3597 Dei
729 3545 934 3622 factum
957 3548 1025 3601 ad
1052 3549 1282 3622 Abram;
1308 3560 1357 3605 et
1379 3551 1518 3622 quod
1568 3550 1752 3607 Domi-

258 3627 514 3699 ιιιίςινιιτιι⁸
539 3624 743 3699 patrem
797 3619 1027 3697 gentium
1067 3618 1306 3699 futurum
1344 3618 1648 3690 pollicetur,
1701 3633 1750 3677 et

258 3695 427 3736 nomen
463 3684 514 3736 ei
556 3684 823 3739 Abraham
854 3684 1119 3758 imposuit.

256 3816 392 3887 (Car.
426 3819 595 3887 xm.)
618 3882 627 3889 ι
648 3818 936 3893 Postquam
976 3840 1094 3879 vero
1142 3826 1427 3897 nonaginta
1475 3836 1525 3881 et
1571 3844 1749 3882 novem

198 3924 426 3965 sanorum
459 3927 571 3967 esse
595 3923 836 3984 eruperat,
866 3915 1108 3985 apparuit
1140 3915 1187 3968 ei
1213 3914 1491 3982 Dominus,
1519 3916 1752 3986 dixitque

196 4000 252 4049 ml
277 4016 385 4054 eum
407 4015 426 4053 :
450 4002 568 4074 Ego
587 4003 731 4058 Deus
758 4004 1084 4074 omnipotens
1112 4022 1135 4062 :
1175 4003 1386 4059 ambula
1417 4021 1595 4058 coram
1625 4022 1705 4060 me
1732 4046 1748 4073 ,

194 4096 234 4137 et
265 4100 362 4144 esto
394 4093 703 4163 perfectus;
745 4112 1038 4167 ponamque
1076 4095 1243 4164 foedus
1291 4110 1463 4148 meum
1509 4096 1646 4149 inter
1671 4113 1752 4151 me

192 4185 231 4226 et
270 4188 334 4244 te,
383 4191 432 4234 et
475 4180 835 4251 multiplicabo
892 4192 942 4237 te
987 4184 1306 4238 uehementer
1347 4183 1521 4238 nimis.
1554 4182 1750 4238 Cecidit

195 4267 362 4323 Abram
383 4288 584 4341 pronus
602 4274 658 4326 in
684 4274 896 4344 faciem.
919 4274 1165 4345 Dixitque
1185 4275 1234 4329 ei
1254 4273 1394 4329 Deus
1426 4290 1445 4326 :
1473 4272 1587 4346 Ego
1610 4290 1750 4341 sum,

190 4370 228 4409 et
252 4376 434 4427 ponam
458 4374 674 4434 pactum
702 4382 873 4420 meum
905 4376 1074 4422 tecum
1093 4409 1108 4434 ,
1153 4368 1356 4438 erisque
1381 4377 1531 4438 pater
1556 4366 1752 4422 multa-

190 4463 289 4502 rum
304 4456 534 4521 gentium
549 4471 570 4521 ;
586 4472 676 4509 nec
696 4455 835 4510 ultra
859 4458 1131 4512 vocabitur
1151 4474 1336 4512 nomen
1361 4468 1505 4511 tuum
1528 4459 1744 4525 Abram,

185 4542 263 4593 sed
300 4545 645 4615 appellnberis
689 4545 956 4601 Abraham
983 4587 1001 4614 ,
1058 4550 1182 4619 quia
1227 4559 1424 4618 patrem
1461 4546 1741 4602 multarum

185 4633 397 4698 gentium
439 4636 689 4689 constitui
717 4646 786 4690 te.
820 4636 1127 4693 Notandum
1168 4637 1307 4708 quod
1354 4637 1661 4708 ubicunque
1687 4638 1741 4692 in

182 4719 354 4779 Gnaeo
399 4740 656 4780 sermone
706 4737 1070 4783 testamentum
1113 4730 1382 4800 legimus,
1423 4731 1497 4786 ibi
1536 4730 1590 4784 in
1638 4729 1743 4785 He-

185 4811 352 4869 braioo
370 4828 629 4871 sermone
657 4817 728 4871 sit
765 4818 932 4887 fwdus
963 4819 1079 4873 sive
1100 4830 1338 4890 pactum,
1374 4821 1426 4876 id
1448 4828 1551 4887 est,
1579 4820 1742 4874 berith

180 4908 326 4962 W12.
370 4904 571 4961 Dicunt
612 4917 797 4962 autem
848 4907 1060 4964 Hebraei
1106 4912 1248 4979 quod
1283 4926 1350 4966 ex
1397 4911 1612 4966 nomine
1652 4925 1749 4966 suo

182 4990 327 5057 Deus,
349 4996 499 5064 quod
525 4997 669 5066 apud
695 4996 816 5052 illos
840 5003 1293 5075 τετραγράμματον
1323 5011 1433 5067 est,
1450 5002 1519 5055 he
1545 5012 1585 5059 Π
1609 4999 1750 5055 litte-

179 5095 281 5135 ram
304 5084 474 5139 Abrze
514 5095 571 5141 et
614 5086 764 5142 Sara:
798 5088 1080 5146 addiderit.
1112 5090 1402 5146 Dicebatur
1440 5092 1585 5147 enim
1633 5092 1748 5162 pri-

176 5187 308 5228 mum
333 5176 541 5230 Abram
571 5189 757 5243 cm,
778 5181 930 5249 quod
955 5181 1347 5250 interpretatur
1385 5191 1533 5251 pater
1577 5179 1747 5235 excel-

173 5277 293 5328 sas;
318 5274 377 5320 et
402 5275 597 5337 postea
620 5279 848 5325 vocatus
888 5280 975 5326 est
1019 5271 1294 5327 Abraham
1332 5282 1535 5331 emas
1558 5312 1574 5337 ν
1601 5272 1744 5341 (ιιιοά

174 5357 496 5411 transfertur
540 5370 691 5429 pater
732 5362 1039 5415 multarum.
1088 5360 1223 5416 Nam
1258 5361 1403 5431 quod
1450 5361 1694 5430 sequitur
1726 5401 1747 5427 ,

170 5453 421 5518 gentium,
465 5469 571 5508 non
610 5451 843 5510 habetur
876 5457 929 5511 in
967 5457 1183 5512 nomine
1208 5498 1223 5521 ,
1263 5457 1359 5512 sed
1402 5456 1740 5511 subauditur.

170 5539 268 5597 Nec
310 5546 625 5601 mirandum
668 5562 834 5616 quare
881 5563 1004 5603 cum
1049 5549 1190 5619 apud
1229 5547 1469 5614 Grmcos,
1495 5556 1551 5602 et
1582 5562 1682 5601 nos
1709 5563 1741 5601 a

171 5631 336 5686 Lucra
368 5635 625 5690 videatur
648 5637 824 5690 addita
852 5679 864 5702 ,
898 5655 996 5694 nos
1024 5640 1087 5692 he
1111 5651 1149 5698 Π
1181 5639 1414 5694 litteram
1461 5637 1738 5693 Hebrteam

170 5722 400 5777 additam
448 5725 766 5780 dixerimus.
811 5727 1010 5783 ldioma
1038 5729 1182 5783 enim
1223 5730 1416 5799 linguae
1448 5727 1588 5782 illius
1631 5737 1743 5794 est,

1852 3274 2052 3343 fuerit,
2089 3272 2351 3327 delebitur
2371 3272 2549 3326 anima
2594 3270 2737 3325 illius
2780 3270 2844 3325 de
2883 3270 3074 3341 populo
3125 3288 3259 3337 suo,
3304 3273 3429 3338 quia

1849 3377 2061 3437 pactum
2104 3382 2276 3420 meum
2303 3366 2512 3420 irritum
2546 3363 2684 3435 fecit.
2719 3362 2825 3419 Sed
2853 3363 2983 3434 quid
3021 3363 3165 3418 aliud
3198 3364 3429 3419 circum-

1824 3455 1985 3510 .cisio
2010 3455 2318 3527 signiﬁcat,
2348 3455 2453 3511 nisi
2491 3463 2804 3510 renovatam
2849 3461 3100 3508 naturam
3136 3469 3233 3523 per
3254 3454 3429 3525 bapti-

1849 3561 2026 3601 smum
2063 3554 2185 3616 post
2232 3545 2610 3616 spoliationem
2651 3542 2849 3599 veteris
2892 3542 3173 3598 hominis?
3199 3552 3253 3598 et
3306 3542 3433 3612 quis

1848 3645 1933 3694 est
1954 3646 2178 3693 octavus
2203 3637 2319 3692 dies
2348 3637 2455 3691 nisi
2495 3634 2765 3701 Christus,
2794 3633 2887 3704 qui
2912 3632 3251 3689 hebdomada
3279 3648 3428 3688 com-

1850 3729 2025 3798 pleta,
2065 3730 2168 3785 hoc
2209 3738 2292 3783 est
2336 3736 2459 3799 post
2522 3727 2803 3783 sabbatum
2832 3767 2848 3791 ,
2894 3726 3235 3782 resurrexit?
3271 3726 3426 3793 Quod

1846 3838 1975 3877 vero
2001 3838 2109 3877 non
2138 3821 2310 3876 solum
2348 3821 2506 3885 ﬁlios,
2537 3819 2629 3876 sed
2656 3828 2711 3873 et
2736 3834 2944 3884 servos,
2973 3827 3028 3874 et
3055 3816 3376 3874 vernaculos
3401 3858 3422 3885 ,

1848 3921 1904 3968 et
1936 3912 2231 3983 emptitios,
2259 3910 2570 3967 circumcidi
2599 3908 2860 3979 praecipit,
2892 3910 2959 3964 ad
2982 3924 3170 3964 omnes
3189 3908 3425 3981 gratiam

1849 4004 2236 4073 redemptionis
2282 4002 2551 4073 pertinere
2581 4010 2829 4058 testatur.
2869 3999 2946 4057 lbi
2993 4010 3276 4070 parentum
3306 4016 3424 4055 mu-

1849 4104 2033 4151 tantur
2074 4103 2129 4149 et
2179 4094 2398 4149 nomina
2433 4133 2449 4159 ,
2481 4101 2540 4148 ut
2586 4095 2769 4151 omnia
2817 4103 3073 4151 resonent
3105 4095 3421 4150 novitatem.

1847 4186 1982 4242 Nam
2021 4186 2223 4242 Abram
2250 4227 2267 4252 ,
2311 4185 2454 4257 quod
2484 4196 2643 4242 antea
2669 4188 2988 4252 vocabatur,
3039 4188 3429 4257 interpretatur

1846 4287 1999 4348 pater
2040 4275 2296 4341 excelsus,
2346 4276 2799 4347 Abrahampater
2826 4276 3132 4333 multarum.
3165 4277 3281 4344 Quo
3326 4294 3429 4333 no«

1849 4367 1993 4423 mine
2027 4365 2493 4437 praenuntiabatur
2525 4366 2667 4436 quod
2701 4366 2881 4421 multae
2909 4377 3100 4438 gentes
3136 4365 3259 4422 ﬁdei
3307 4366 3430 4436 ejus

1849 4458 2076 4528 vestigia
2121 4465 2500 4528 sequerentur.
2554 4456 2687 4512 illud
2732 4466 2911 4512 autem
2960 4458 3089 4528 quid
3126 4459 3227 4525 sit,
3278 4462 3421 4530 quod

1849 4548 2051 4603 dictum
2090 4554 2175 4602 est
2203 4565 2217 4600 :
2249 4544 2661 4617 Masculus,,qui
2694 4563 2797 4600 non
2822 4547 3214 4605 circumciditur
3239 4560 3426 4604 octava

1848 4641 1955 4704 die,
1979 4638 2165 4710 peribit
2192 4638 2372 4693 anima
2402 4636 2497 4693 illa
2521 4638 2585 4692 de
2603 4637 2815 4710 populo,
2841 4641 2967 4711 quia
2995 4649 3205 4710 pactum
3248 4656 3426 4695 meum

1846 4734 2057 4786 irritum
2102 4730 2221 4802 fecit
2245 4733 2271 4786 7
2293 4731 2402 4788 Cur
2451 4742 2631 4787 autem
2660 4741 2846 4801 pereat
2880 4734 3060 4788 anima
3107 4733 3315 4802 parvuli
3343 4733 3429 4787 ina

1848 4822 2152 4878 circumcisi
2174 4863 2190 4888 ,
2217 4823 2347 4879 dum
2370 4823 2481 4893 ipsa
2510 4831 2727 4892 pactum
2757 4824 2855 4879 Dei
2880 4824 3094 4883 irritum
3130 4840 3238 4879 non
3271 4823 3429 4891 fecit,

1850 4913 1947 4969 sed
1994 4914 2086 4984 qui
2125 4928 2246 4968 eum
2294 4913 2681 4969 circumcidere
2735 4913 3130 4984 neglexerunt,
3191 4916 3296 4969 nisi
3363 4921 3427 4970 ut

1849 5004 2179 5075 signiﬁcaret
2205 5004 2348 5074 quod
2386 5004 2597 5073 parvuli
2614 5019 2733 5063 non
2776 5007 3069 5063 secundum
3115 5019 3269 5076 opus,
3324 5006 3427 5061 sed

1850 5093 2146 5148 secundum
2186 5093 2451 5163 originem
2479 5093 2532 5147 in
2569 5094 2744 5165 primo
2786 5094 3011 5151 homine
3058 5103 3279 5165 pactum
3321 5090 3426 5148 Dei

1850 5185 2248 5255 dissipaverint,
2264 5185 2319 5239 in
2340 5200 2447 5255 quo
2473 5199 2662 5240 omnes
2686 5194 3045 5255 peccaverunt
3065 5184 3423 5240 tNaseuntur

1848 5276 1995 5331 enim
2041 5290 2231 5331 omnes
2278 5290 2385 5330 non
2436 5276 2671 5345 proprie,
2702 5274 2797 5333 sed
2824 5275 3180 5347 originaiiter.
3233 5288 3419 5342 peccac

1849 5373 1996 5420 tores
2026 5378 2041 5417 :
2069 5379 2227 5434 quem
2255 5365 2357 5419 nisi
2390 5365 2729 5433 regeneratio
2754 5362 3201 5441 liberet,_peribit
3235 5363 3421 5417 animo

1846 5456 1966 5526 ejus
1988 5456 2054 5511 de
2079 5455 2273 5525 populo
2305 5470 2434 5521 suo,
2468 5456 2594 5524 quia
2625 5463 2841 5524 pactum
2871 5453 2968 5509 Dei
3002 5453 3213 5507 irritum
3244 5450 3374 5506 fecit
3396 5485 3423 5516 ν

1847 5547 2065 5616 quando
2092 5546 2147 5602 in
2186 5545 2354 5601 Adam
2408 5545 2743 5616 originaliter
2786 5545 2949 5601 etiam
2990 5545 3105 5614 ipse
3150 5545 3422 5614 peccavi»

1846 5639 2051 5694 Idcirco
2080 5637 2310 5693 Abrahte
2353 5637 2696 5692 circumcisio
2733 5636 3107 5693 commendata
3145 5644 3229 5690 est
3268 5652 3423 5706 prin--

1846 5745 1971 5797 ρους
1996 5768 2010 5793 ,
2041 5734 2098 5781 ιιι
2124 5727 2222 5783 sub
2252 5726 2366 5797 lege
2393 5733 2535 5782 esset
2573 5725 2713 5780 sicut
2739 5734 2793 5780 et
2820 5724 2987 5779 Adam
3015 5767 3032 5783 .
3074 5741 3139 5781 ne
3174 5726 3241 5782 de
3271 5727 3417 5789 ligno
