3958 6204
332 362 434 421 559

1357 356 1706 419 COMMENT.
1747 363 1811 417 IN
1851 356 2170 417 CENESIM.
2213 394 2281 405 —
2320 356 2444 417 LIB.
2486 356 2547 418 ll.

3482 364 3585 424 55o

328 490 425 543 que
448 487 565 544 qua
603 470 873 538 manifeste
914 473 966 524 in
1008 488 1162 525 carne
1200 480 1274 525 est
1314 473 1664 535 circumcisio,
1706 474 1793 526 sed
1819 475 1909 543 qui
1938 480 1985 535 Α
2012 485 2102 525 sos
2142 481 2197 526 et
2241 471 2453 526 illicitos
2493 474 2693 541 passim
2742 474 2936 541 pendet
2975 475 3290 543 (impletus,
3328 484 3489 549 atque
3532 482 3585 532 in

327 562 382 615 in
411 558 617 613 occulto
641 556 864 611 Judwus
893 565 970 610 est
989 597 1004 621 ,
1027 558 1421 611 circumcisione
1445 558 1617 611 cordis
1646 557 1699 611 in
1724 559 1909 627 spiritu

327 670 430 709 non
456 653 635 706 littera
663 650 684 722 (
708 649 863 706 Rom.
895 650 997 724 ιι).
1027 650 1144 706 Non
1175 652 1274 707 tibi
1303 653 1519 724 dignius
1541 654 1755 709 videtur
1784 654 1908 709 talis

327 741 681 802 circumcisio
713 743 943 798 dicenda
974 743 1027 796 in
1057 743 1259 798 sanctis
1285 752 1341 799 et
1370 744 1559 800 amicis
1584 745 1714 810 Dei,
1743 760 1906 815 quam

327 834 509 889 carnis
546 830 937 885 obtruncatio?
976 829 1081 886 Sed
1120 833 1387 888 sermonis
1428 833 1640 887 novitas
1678 833 1908 888 fortasse

328 939 437 980 non
479 921 655 977 solum
694 920 936 983 Judaeos,
969 920 1063 975 sed
1092 921 1258 975 etiam
1291 922 1502 991 aliquos
1543 922 1771 977 fratrum
1811 932 1909 979 uo-

328 1026 566 1071 strorum
594 1013 884 1068 deterreat.
914 1011 1273 1081 lmpossibilia
1301 1012 1443 1066 enim
1471 1013 1683 1067 videtur
1706 1013 1908 1069 Paulus

327 1118 681 1175 praesumere,
704 1102 796 1172 qui
820 1102 1288 1158 circumcisionem
1311 1103 1490 1157 cordis
1514 1098 1749 1158 inducit.
1769 1105 1911 1171 Quo-

329 1196 490 1251 modo
510 1195 655 1249 enim
679 1193 795 1249 fleri
817 1193 1055 1262 potuerit
1079 1204 1141 1247 ut
1163 1194 1580 1248 circnmcidatur
1605 1196 1906 1250 membrum

328 1286 473 1356 quod
505 1285 736 1339 internis
760 1282 1063 1338 visceribus
1089 1281 1362 1337 obtectum
1380 1324 1394 1347 ,
1425 1284 1589 1338 etiam
1618 1300 1648 1338 a
1678 1299 1906 1355 conspe-

328 1379 509 1433 ctibus
548 1376 681 1447 ipsis
717 1373 996 1429 hominum
1036 1373 1208 1426 latet?
1240 1371 1346 1428 Vos
1376 1382 1555 1428 autem
1579 1415 1594 1439 ,
1622 1390 1656 1430 ο
1681 1376 1908 1445 populus

332 1471 454 1535 Dei,
488 1479 543 1523 et
572 1467 802 1538 papulas
832 1466 887 1520 in
916 1466 1325 1534 acquisitionem
1367 1468 1604 1532 electus,
1636 1468 1701 1521 ad
1744 1484 1906 1522 enar-

332 1560 530 1615 randas
557 1560 789 1613 virtutes
815 1557 1063 1625 Domini,
1095 1559 1351 1635 suscipite
1377 1559 1592 1631 dignam
1621 1560 1908 1614 circumci-

330 1652 537 1706 sionem
578 1648 728 1703 verbi
769 1647 865 1703 Dei
897 1649 950 1701 in
980 1648 1201 1703 auribus
1232 1649 1458 1712 vestris,
1492 1656 1546 1702 et
1576 1648 1631 1702 in
1674 1649 1829 1703 labiis
1855 1656 1910 1703 et

333 1749 383 1801 in
408 1742 603 1806 corde,
634 1748 690 1795 et
716 1740 770 1793 in
800 1740 1063 1811 prmputio
1090 1740 1272 1794 carnis
1301 1746 1524 1804 restrte,
1557 1748 1612 1794 et
1642 1740 1696 1793 in
1727 1739 1905 1793 omni-

2012 577 2226 618 omnem
2258 563 2495 617 libidinis
2522 562 2788 632 gurgitem
2816 562 2986 618 fertur
3013 564 3258 630 infrenis,
3288 567 3389 621 iste
3423 568 3587 622 incir-

2010 653 2280 706 cumcisus
2309 659 2391 706 est
2421 652 2683 721 praeputio
2711 653 2893 707 carnis
2929 668 3062 709 sua).
3105 655 3305 709 Verum
3344 656 3585 712 Ecclesia

2007 738 2210 794 Christi
2257 741 2429 810 gratia
2467 739 2585 808 ejus
2625 742 2717 809 qui
2756 756 2856 810 pro
2884 757 2941 797 se
2970 744 3262 799 crucifixus
3299 755 3383 799 est
3424 750 3585 801 robo-

2008 838 2161 896 rata,
2192 846 2296 885 non
2337 831 2509 886 solum
2551 831 2618 886 ab
2660 831 2863 888 illicitis
2905 833 3257 904 nefandisque
3283 837 3583 903 cubilibus,

2006 932 2199 973 verum
2229 921 2393 974 etiam
2421 937 2450 974 a
2478 922 2749 977 concessis
2777 932 2830 977 et
2860 923 3025 979 licitis
3054 932 3349 994 temperat,
3379 936 3433 981 et
3465 936 3580 982 tan-

2008 1023 2169 1077 quam
2212 1010 2364 1080 virgo
2405 1025 2601 1080 sponsa
2640 1010 2874 1076 Christi,
2922 1013 3087 1067 castis
3126 1023 3177 1068 et
3228 1014 3436 1083 pudicis
3474 1017 3559 1069 vir

2010 1103 2227 1172 ginibus
2277 1104 2467 1170 ﬂoret,
2514 1106 2568 1159 in
2616 1106 2813 1174 quibus
2856 1121 2983 1162 vera
3024 1109 3364 1163 circumcisio
3403 1111 3585 1164 carnis

2009 1195 2256 1263 prreputii
2283 1195 2422 1249 facta
2447 1206 2528 1251 est
2545 1237 2559 1262 ,
2582 1206 2635 1251 et
2660 1212 2787 1252 vere
2810 1207 3189 1252 testamentum
3218 1200 3311 1254 Dei
3338 1210 3393 1254 et
3418 1209 3584 1256 testa—

2009 1294 2249 1340 mentum
2273 1294 2532 1341 aeternum
2558 1289 2610 1341 in
2635 1304 2820 1343 eorum
2848 1304 3011 1344 carne
3036 1303 3297 1345 servatur.
3323 1291 3585 1360 Superest

2011 1376 2295 1445 designare
2321 1377 2484 1431 etiam
2516 1379 2982 1433 circumcisionem
3012 1382 3208 1435 cordis.
3256 1381 3311 1436 Si
3355 1383 3474 1452 quis
3502 1390 3586 1437 est

2011 1467 2102 1534 qui
2126 1467 2373 1521 obscenis
2396 1469 2681 1523 desideriis
2702 1477 2754 1523 et
2779 1469 2938 1524 foedis
2965 1471 3343 1539 cupiditatibus
3367 1482 3581 1536 testuat,

2010 1565 2067 1612 ct
2085 1599 2098 1623 ,
2128 1564 2180 1612 ut
2210 1558 2448 1613 breviter
2475 1559 2649 1614 dicam
2670 1600 2684 1622 ,
2712 1559 2804 1631 qui
2834 1561 3139 1615 mcechatur
3162 1561 3324 1614 corde
3345 1602 3360 1625 ,
3386 1562 3473 1615 hic
3501 1560 3583 1613 in-

2012 1648 2365 1723 circumcisus
2394 1659 2477 1704 est
2503 1653 2683 1705 corde.
2731 1651 2837 1705 Sed
2864 1659 2920 1705 et
2948 1649 3039 1718 qui
3080 1648 3363 1704 haereticos
3394 1665 3583 1705 sensus

2011 1748 2195 1803 mente
2246 1740 2475 1805 retinet,
2529 1748 2584 1794 et
2632 1741 2972 1810 blasphemas
3020 1740 3345 1794 asscrtioues
3397 1747 3585 1793 contra

334 1837 430 1892 bus
469 1833 693 1889 omnino
733 1832 992 1886 membris
1030 1832 1249 1887 vestris.
1290 1830 1637 1886 Circumcisae
1672 1845 1906 1899 namque
1934 1823 1981 1882 Β
2009 1827 2291 1880 scientiam
2322 1825 2522 1882 Christi
2565 1828 2801 1899 disponit
2841 1830 2895 1882 in
2940 1830 3134 1896 corde,
3168 1829 3253 1884 hic
3295 1829 3586 1884 incircum-

335 1926 441 1980 sint
484 1938 645 1978 aures
672 1930 867 1977 vestrae
898 1922 1192 1977 secundum
1224 1921 1447 1976 verbum
1478 1920 1605 1986 Dei,
1633 1929 1695 1975 ut
1722 1934 1908 1975 vocem

335 2030 434 2070 non
466 2015 729 2083 recipiant
751 2012 1139 2075 obtrectantis,
1165 2020 1225 2065 ut
1252 2010 1497 2066 maledici
1528 2019 1585 2065 et
1610 2010 1907 2080 blasphemi

337 2107 491 2161 verba
530 2120 639 2161 non
667 2104 922 2168 audiant,
955 2103 1039 2158 vel
1081 2101 1232 2158 falsis
1260 2101 1729 2157 criminationibus
1758 2116 1910 2155 men-

336 2209 440 2254 tem
472 2213 579 2253 non
609 2186 954 2267 patefaciant.
998 2194 1320 2265 Oppilentur
1345 2202 1401 2249 et
1430 2194 1629 2249 clausae
1668 2195 1806 2258 sint,
1840 2208 1910 2247 ne

333 2288 592 2356 judicium
630 2286 908 2357 sanguinis
951 2285 1209 2351 audiant,
1239 2293 1333 2338 aut
1372 2283 1657 2354 impudicis
1683 2283 1909 2338 canticis

334 2390 387 2434 et
424 2377 780 2433 theatralibus
824 2378 975 2431 sonis
1003 2383 1240 2446 pateant.
1275 2375 1418 2430 Nihil
1447 2375 1739 2430 obscenum
1768 2373 1907 2427 reci-

333 2470 516 2539 piant;
551 2465 748 2522 sed-ab
772 2467 921 2521 omni
963 2480 1125 2521 scena
1155 2465 1517 2535 corruptionis
1546 2478 1750 2524 aversa;
1778 2463 1903 2518 sint.

337 2556 455 2612 Hec
484 2564 568 2611 est
597 2556 939 2610 circumcisio
969 2570 1073 2624 qua
1095 2555 1334 2611 Ecclesia
1359 2553 1562 2609 Christi
1594 2567 1753 2607 aures
1775 2567 1905 2607 suo-

336 2661 449 2700 rum
489 2645 832 2701 circumcidit
856 2643 1139 2700 infantum.
1170 2645 1322 2709 lstre,
1355 2644 1550 2707 credo,
1580 2650 1706 2698 sunt
1747 2656 1907 2696 aures

336 2753 467 2807 quas
492 2738 548 2790 in
572 2735 911 2791 auditoribus
935 2735 1048 2790 suis
1069 2735 1329 2790 Dominus
1353 2734 1663 2804 requirebat
1689 2733 1902 2788 dicens:

338 2829 437 2895 Qui
476 2828 631 2882 habet
675 2844 829 2882 aures
865 2827 1152 2892 audiendi,
1195 2827 1381 2881 audiat
1411 2826 1583 2898 (Luc.
1615 2841 1707 2880 vm
1730 2823 1772 2897 ).
1803 2824 1907 2880 Ne-

337 2934 421 2974 mo
457 2919 604 2975 enim
647 2927 827 2987 potest
854 2917 1250 2973 incircumcisis
1276 2916 1499 2970 auribus
1536 2924 1593 2969 et
1619 2914 1907 2970 immundis

335 3009 530 3063 munda
574 3007 739 3062 verba
777 3007 1057 3078 sapientiae
1095 3016 1150 3061 et
1188 3007 1435 3062 veritatis
1475 3006 1680 3060 audire.
1715 3004 1906 3061 Venia-

337 3115 452 3154 mus
470 3140 486 3164 ,
512 3100 560 3154 si
588 3098 861 3164 vultis,.et
886 3098 967 3173 ad
983 3098 1249 3153 labiorum
1277 3096 1761 3151 circnmcisionem.
1791 3096 1904 3166 Ego

2013 1915 2159 1968 cisus
2186 1925 2270 1969 est
2300 1916 2480 1969 corde.
2523 1915 2623 1982 Qui
2656 1932 2786 1971 vero
2811 1932 3001 1987 puram
3032 1918 3191 1972 fidem
3219 1919 3275 1972 in
3306 1919 3587 1973 conscien-

2014 2006 2103 2060 tiae
2129 2006 2439 2060 sinceritate
2464 2009 2731 2073 custodit,
2778 2010 2880 2063 iste
2908 2010 3261 2065 circumcisus
3287 2019 3370 2066 est
3396 2012 3580 2076 corde,

2012 2096 2079 2150 de
2104 2111 2214 2164 quo
2240 2096 2344 2150 dici
2375 2103 2581 2165 potest:
2608 2098 2756 2151 Beati
2782 2098 2974 2151 mundo
3003 2100 3178 2162 corde,
3205 2102 3451 2169 quoniam
3480 2103 3581 2170 ipsi

2009 2183 2178 2239 Deum
2206 2185 2447 2239 videbunt
2478 2185 2714 2257 (Matth.
2742 2186 2837 2258 v).
2871 2187 2984 2257 Ego
3027 2202 3154 2242 vero
3194 2190 3365 2242 audeo
3405 2205 3471 2272 εει
3512 2192 3586 2245 si-

2011 2276 2156 2342 mili,
2201 2276 2363 2331 etiam
2403 2276 2520 2332 haec
2561 2279 2892 2347 propheticis
2928 2278 3152 2333 vocibus
3190 2280 3417 2346 addere,
3458 2282 3582 2350 quia

2008 2367 2151 2421 sicut
2175 2374 2387 2436 oportet
2416 2367 2638 2421 auribus
2664 2376 2719 2422 et
2748 2367 2906 2423 labiis
2931 2375 2986 2423 et
3014 2369 3206 2433 corde,
3239 2371 3420 2425 carnis
3448 2386 3583 2441 pue-

2009 2456 2159 2527 putio
2188 2459 2483 2511 secundum
2509 2473 2572 2512 ea
2602 2473 2721 2526 quae
2760 2474 2922 2529 supra
2961 2460 3195 2515 diximus
3235 2461 3582 2529 circumcidi,

2010 2548 2085 2635 it'
2128 2546 2377 2603 fortassis
2423 2556 2480 2602 et
2527 2562 2718 2603 manus
2766 2557 2965 2604 nostra:
3011 2551 3254 2621 indigent
3300 2554 3583 2609 circumci-

2009 2640 2186 2704 sione,
2227 2648 2281 2694 et
2318 2641 2512 2710 pedes,
2557 2647 2612 2694 et
2648 2640 2832 2705 visus,
2863 2648 2919 2694 et
2955 2642 3247 2708 odoratus,
3290 2652 3346 2698 et
3383 2653 3579 2701 tactus.

2011 2731 2082 2789 lJt
2141 2732 2311 2787 enim.
2342 2731 2616 2801 perfectus
2675 2731 2747 2787 sit
2816 2733 2977 2786 homo
3023 2733 3119 2787 Dei
3178 2735 3232 2789 in
3300 2737 3578 2801 omnibus,

2009 2836 2201 2883 cuneta
2229 2827 2661 2883 circumcidenda
2686 2834 2812 2881 sunt
2835 2826 3075 2880 membra
3102 2845 3114 2879 :
3148 2842 3339 2881 manus
3364 2829 3581 2897 quidem

2008 2931 2040 2970 a
2071 2916 2296 2985 rapinis,
2325 2931 2356 2970 a
2388 2915 2569 2980 furtis,
2597 2930 2662 2970 ac
2684 2915 2939 2979 caulibus,
2970 2925 3025 2969 et
3052 2916 3120 2971 ad
3150 2916 3262 2971 sola
3290 2932 3450 2986 opera
3480 2918 3575 2972 Dei

2007 3007 2323 3078 pandenda.
2347 3007 2776 3062 Circumcidendi
2800 3015 2925 3060 sunt
2945 3008 3130 3076 pedes,
3155 3023 3223 3062 ne
3242 3008 3454 3064 veloces
3475 3011 3583 3064 sint

2012 3101 2080 3154 ad
2110 3099 2491 3155 etfundendum
2521 3099 2840 3170 sanguinem
2859 3139 2874 3163 ,
2903 3107 2959 3153 et
2987 3114 3054 3154 ne
3086 3099 3287 3154 intrent
3316 3101 3367 3155 in
3397 3102 3579 3155 conci-

334 3196 460 3257 pulo
487 3187 632 3257 quod
660 3187 1072 3245 incircumcisus
1101 3187 1173 3242 sit
1197 3186 1372 3255 labiis,
1404 3185 1494 3253 qui
1526 3185 1760 3239 nondum
1788 3199 1907 3239 ces-
1934 3173 1978 3235 C
2010 3191 2141 3245 lium
2167 3190 2572 3260 malignantium
2589 3230 2606 3256 ,
2633 3191 2729 3245 sed
2756 3198 2814 3244 ut
2842 3198 3045 3245 tantum
3073 3206 3172 3259 pro
3200 3193 3465 3249 mandatis
3489 3191 3581 3249 Dei

334 3281 469 3335 savit
491 3297 523 3335 a
546 3279 901 3350 stultiloquio,
925 3296 956 3335 a
980 3281 1330 3345 scurrilitate,
1352 3281 1442 3350 qui
1470 3275 1628 3336 bouis
1652 3276 1873 3352 denegat
1889 3316 1904 3346 ,

334 3370 421 3438 qui
449 3369 777 3425 criminatur
801 3370 1110 3440 proximos,
1140 3371 1231 3439 qui
1261 3370 1386 3426 lites
1415 3371 1671 3441 instigat,
1698 3373 1789 3441 qui
1818 3387 1907 3426 ca-

332 3460 565 3516 lumnias
602 3468 817 3525 movet,
859 3461 951 3530 qui
993 3454 1191 3516 fratres
1219 3462 1363 3516 inter
1388 3476 1448 3517 se
1472 3460 1608 3517 falsa
1640 3461 1907 3532 loquendo

337 3551 661 3616 committit,
691 3551 786 3621 qui
825 3566 967 3625 vana
1002 3559 1055 3605 et
1096 3551 1314 3621 inepta,
1343 3552 1620 3608 saecularia
1647 3562 1703 3607 et
1730 3553 1906 3622 impu-

334 3642 484 3707 dica,
532 3642 710 3712 turpia
749 3649 805 3697 et
833 3640 1124 3712 injuriosa,
1166 3648 1448 3710 proterva,
1478 3641 1822 3713 blasphema,
1853 3651 1909 3698 et

332 3741 526 3787 cetera
553 3747 674 3801 qua:
696 3732 913 3803 indigna
938 3740 1066 3788 sunt
1086 3731 1397 3789 Christiano
1417 3774 1432 3799 ,
1459 3734 1814 3804 proloquitur.
1848 3733 1907 3789 Si

330 3825 450 3893 quis
478 3840 613 3880 vero
637 3824 707 3880 ab
736 3824 822 3879 his
851 3825 1109 3881 omnibus
1134 3825 1378 3880 continet
1413 3841 1477 3881 os
1514 3841 1704 3891 suum,
1734 3834 1791 3881 et
1828 3825 1909 3880 di-

327 3917 511 3984 sponit
553 3928 832 3971 sermones
870 3930 998 3971 suos
1035 3916 1090 3970 in
1123 3914 1358 3983 judicio,
1388 3916 1777 3972 verbositatem
1815 3932 1906 3971 re-

326 4006 513 4074 primit
536 4046 552 4071 ,
605 4005 843 4075 linguam
886 4013 1183 4075 temperat,
1224 4006 1386 4062 verba
1431 4006 1768 4073 moderatur,
1807 4006 1908 4061 iste

325 4098 529 4152 merito
558 4097 914 4153 circumcisus
935 4097 1095 4153 labiis
1126 4097 1342 4152 dicitur.
1376 4095 1482 4151 Sed
1510 4104 1567 4152 et
1591 4098 1686 4166 qui
1713 4096 1908 4166 iniqui-

325 4199 495 4245 tatem
522 4190 580 4245 in
606 4188 876 4246 excelsum
903 4189 1213 4259 loquuntur,
1233 4196 1291 4243 et
1316 4189 1612 4244 extendunt
1633 4189 1687 4243 in
1712 4187 1907 4242 calum

320 4280 569 4352 linguam
611 4296 765 4335 suam
810 4280 953 4336 sicut
996 4280 1239 4335 hzeretici
1270 4278 1508 4345 faciunt,
1541 4280 1907 4335 incircumcisi

318 4380 377 4423 et
407 4370 675 4424 immundi
703 4369 861 4425 labiis
887 4371 1098 4425 dicendi
1131 4378 1275 4426 sunt.
1307 4369 1671 4426 Circumcisus
1698 4385 1827 4425 vero
1852 4379 1907 4426 et

2010 3282 2363 3338 circumeant.
2404 3280 2836 3341 Circumcidatur
2873 3290 2927 3336 et
2959 3281 3180 3348 oculus,
3213 3299 3281 3339 ne
3320 3286 3578 3355 concupi-

2009 3387 2126 3433 scat
2162 3378 2396 3433 alienum
2422 3420 2436 3444 ,
2468 3394 2537 3434 ne
2564 3379 2747 3433 videat
2775 3376 2841 3432 ad
2871 3366 3355 3447 co‘ncupisccndam
3388 3377 3580 3431 mulie-

2010 3487 2143 3525 rem.
2177 3469 2343 3539 Cujus
2370 3472 2515 3526 enim
2555 3471 2699 3526 circa
2741 3469 3063 3525 feminarum
3109 3468 3308 3524 formas
3352 3469 3584 3524 lascivus

2009 3568 2063 3616 et
2087 3562 2335 3616 curiosus
2362 3563 2584 3616 oberrat
2612 3569 2896 3632 aspectus,
2928 3559 3030 3614 iste
3059 3559 3470 3614 incircumcisus
3499 3566 3583 3611 est

2006 3652 2192 3705 oculis.
2225 3650 2331 3706 Sed
2361 3659 2414 3706 et
2442 3653 2487 3707 si
2516 3652 2636 3721 quis
2675 3660 2793 3717 est,
2834 3649 2928 3720 qui
2970 3649 3083 3704 sive
3112 3649 3432 3721 manducet,
3464 3649 3581 3705 sive

2006 3741 2187 3805 bibat,
2235 3741 2374 3795 sicut
2416 3719 2707 3810 Apostolus
2751 3719 3038 3810 prmcepit,
3090 3740 3158 3793 ad
3206 3719 3433 3808 glo‘t'iam
3482 3740 3579 3794 Dei

2005 3831 2295 3886 manducet
2324 3839 2379 3885 et
2403 3832 2554 3886 bibat
2586 3830 2657 3902 (I
2689 3829 2811 3885 Cor.
2842 3847 2874 3884 ι
2895 3830 2917 3898 )
2936 3870 2951 3894 ,
2987 3831 3087 3885 iste
3116 3831 3469 3886 circumcisus
3499 3842 3583 3887 est

2008 3929 2184 3991 gustu.
2215 3920 2381 3989 Cujus
2409 3922 2550 3976 Deus
2580 3929 2769 3976 venter
2807 3929 2919 3985 est,
2963 3928 3020 3975 et
3055 3922 3410 3976 suavitatibus
3446 3924 3582 3992 gula:

2010 4010 2274 4075 deservit,
2318 4011 2477 4081 hujus
2517 4010 2951 4065 incircumcisum
2979 4011 3209 4065 dixerim
3246 4021 3479 4083 gustum.
3523 4013 3580 4069 Si

2007 4101 2129 4171 quis
2174 4100 2372 4156 Christi
2424 4101 2642 4155 odorem
2686 4101 2887 4156 bonum
2930 4101 3104 4169 capit,
3143 4112 3197 4155 et
3235 4102 3287 4156 in
3330 4104 3583 4171 operibus

2010 4190 2395 4246 misericordia:
2421 4191 2639 4246 odorem
2669 4190 2952 4246 suavitatis
2994 4191 3252 4259 requirit,
3288 4191 3447 4260 hujus
3477 4195 3583 4249 cir-

2007 4280 2244 4335 cumcisa
2270 4287 2355 4334 est
2381 4279 2644 4334 odoratio.
2675 4278 2776 4345 Qui
2805 4293 2935 4332 vero
2962 4279 3152 4348 primis
3182 4281 3470 4350 unguentis
3494 4281 3578 4336 de-

2008 4368 2207 4423 libutus
2253 4368 2482 4433 incedit,
2527 4368 2628 4422 iste
2672 4368 3086 4422 incircumcisus
3130 4368 3356 4422 odoratu
3398 4369 3581 4424 dicen-

319 4459 585 4523 mundus,
614 4458 709 4528 qui
738 4474 950 4528 semper
978 4461 1200 4515 verbum
1230 4459 1326 4514 Dei
1358 4459 1615 4529 loquitur,
1637 4467 1691 4513 et
1718 4474 1904 4514 sanam
1931 4510 1980 4531 ἢ
2008 4459 2109 4515 dus
2148 4466 2249 4513 est.
2297 4460 2406 4514 Sed
2443 4466 2500 4515 et
2537 4458 2747 4531 singula
2783 4474 3008 4529 quaeque
3050 4460 3414 4515 membrorum
3449 4462 3492 4515 si
3524 4463 3580 4516 in

317 4548 638 4603 doctrinam
666 4549 993 4619 evangelicis
1023 4557 1079 4605 et
1110 4549 1425 4619 apostolicis
1451 4549 1713 4603 munitam
1740 4563 1900 4618 regu-

315 4639 386 4692 lis
416 4638 651 4707 profert.
696 4639 810 4694 Hoc
848 4654 975 4710 ergo
1006 4641 1165 4695 modo
1191 4648 1249 4694 et
1274 4641 1614 4695 circumcisio
1638 4639 1906 4695 labiorunt

311 4730 491 4783 datur
521 4730 577 4783 in
608 4729 849 4784 Ecclesia
882 4730 998 4785 Dei.
1029 4730 1183 4786 Nunc
1210 4746 1339 4786 vero
1378 4731 1670 4785 secundum
1699 4729 1906 4798 pollici-

314 4823 597 4877 tationem
635 4831 877 4876 nostram
900 4862 915 4887 ,
948 4823 1182 4892 qualiter
1210 4823 1375 4878 etiam
1408 4822 1588 4878 carnis
1616 4821 1904 4876 circumci~

307 4916 401 4971 sio
436 4914 645 4983 suscipi
674 4913 901 4980 debeat,
932 4915 1222 4970 ideamus.
1256 4914 1552 4970 Membrum
1582 4913 1685 4967 hoc
1714 4912 1768 4966 in
1798 4927 1905 4981 quo

307 5003 656 5076 preputium
697 5004 910 5058 videtur
947 5019 1101 5069 esse,
1127 5003 1318 5059 oﬁiciis
1357 5002 1697 5057 naturalibus
1734 5003 1907 5058 coitus

307 5106 367 5151 et
394 5095 783 5167 generationis
813 5093 1089 5148 deservire
1111 5133 1127 5158 ,
1158 5108 1319 5148 nemo
1345 5101 1430 5148 cst
1456 5092 1547 5161 qui
1585 5092 1813 5147 dubitet.
1848 5091 1905 5146 Si

303 5185 443 5253 quis
491 5184 663 5254 igitur
701 5198 829 5253 erga
868 5181 1239 5251 hujuscemodi
1280 5190 1462 5236 motus
1496 5196 1603 5236 non
1642 5181 1906 5250 importu-

304 5291 421 5331 nus
454 5275 700 5339 existat,
735 5290 838 5329 nec
868 5283 1101 5329 statutos
1132 5274 1341 5343 legibus
1369 5273 1628 5327 terminos
1653 5280 1905 5341 superet,

302 5382 419 5422 nec
452 5365 628 5418 aliam
670 5363 927 5419 feminam
966 5381 1128 5435 quam
1170 5365 1449 5435 conjugcm
1494 5362 1785 5432 legitimam
1816 5377 1910 5417 no-

299 5459 461 5511 verit
483 5495 527 5519 ,ν
552 5461 611 5508 et
652 5469 752 5509 nec
786 5470 999 5524 quoque
1038 5456 1155 5524 ipsa
1180 5456 1283 5510 nisi
1314 5454 1649 5524 posteritatis,
1673 5461 1909 5506 tantum-

298 5548 488 5602 modo
543 5560 709 5600 causa
762 5547 927 5600 certis
973 5541 1028 5600 et
1079 5545 1333 5615 legitimis
1376 5544 1706 5614 temporibus
1749 5552 1909 5613 agat,

299 5637 416 5691 istc
462 5633 837 5690 circumcisus
870 5634 1131 5704 prtcputio
1156 5635 1339 5689 carnis
1360 5649 1470 5688 suae
1512 5633 1770 5687 dicendus
1807 5641 1909 5686 est.

296 5728 413 5795 Qui
453 5740 600 5781 vero
632 5726 685 5780 in
712 5741 926 5782 omnem
959 5725 1236 5783 lasciviam
1266 5726 1509 5795 proruit,
1536 5732 1588 5780 et
1612 5741 1710 5798 per
1737 5724 1913 5781 diver-

1928 4510 1982 4569 D

2009 4551 2200 4607 ciliciis
2240 4552 2615 4606 mandatorum
2646 4552 2741 4606 Dei
2772 4552 3111 4617 deserviant,
3156 4553 3474 4608 circumcisa
3506 4554 3586 4608 di-

2008 4645 2180 4699 cenda
2215 4651 2358 4699 sunt.
2392 4641 2452 4698 Si
2480 4658 2611 4699 vero
2641 4644 2777 4697 ultra
2812 4644 3158 4714 praescriptas
3188 4645 3288 4699 sibi
3320 4645 3585 4702 divinitus

2008 4733 2348 4788 luxuriantur
2375 4732 2550 4804 leges,
2584 4732 2959 4786 incircumcisa
2991 4734 3285 4802 reputanda
3318 4744 3463 4788 sunt.

2588 4839 2811 4896 CAPUT
2850 4839 2992 4894 XXI.
3004 4840 3015 4849 “

2011 4934 2110 4989 Ubi
2137 4944 2237 4989 tres
2262 4935 2357 4987 viri
2381 4932 2975 5003 apparueruntAbralia:
2998 4934 3051 4986 in
3075 4931 3303 5003 convalle
3325 4930 3582 4997 Humbre,

2322 5001 2521 5056 sedenti
2566 5005 2617 5056 in
2646 5002 2776 5055 ostio
2807 5001 3129 5055 tabernaculi
3160 5004 3261 5055 sui.

2080 5091 2250 5164 (CAP.
2280 5105 2432 5145 xvm.
2515 5090 2771 5160 Apparuit
2812 5098 2983 5142 autem
3014 5090 3060 5142 ei
3090 5087 3340 5140 Dominus
3370 5086 3424 5138 in
3453 5102 3585 5138 con-

2008 5180 2141 5241 valle
2172 5179 2439 5243 Mambre,
2468 5178 2666 5232 sedenti
2692 5178 2746 5230 in
2773 5179 2902 5230 ostio
2931 5172 3248 5229 tabernaculi
3277 5172 3359 5226 sui
3390 5173 3442 5224 in
3470 5173 3586 5241 ipso

2009 5271 2210 5341 {crvore
2249 5270 2373 5322 diei.
2419 5267 2651 5340 Cumque
2691 5268 2937 5323 elevasset
2975 5265 3182 5330 oculos,
3225 5274 3582 5334 apparuerunt

2007 5365 2056 5415 ei
2085 5370 2187 5415 tres
2221 5361 2316 5414 viri
2342 5369 2534 5413 stantes
2568 5376 2724 5430 prope
2751 5375 2886 5412 eum.
2920 5357 3062 5421 Quos
3088 5372 3203 5410 cum
3229 5354 3466 5419 vidisset,
3496 5371 3585 5407 cu~

2009 5452 2172 5505 currit
2202 5452 2255 5504 in
2286 5465 2556 5503 occursum
2586 5463 2763 5501 eorum
2793 5447 2856 5499 de
2882 5444 3012 5498 ostio
3041 5444 3364 5497 tabernaculi
3388 5444 3472 5497 sui
3489 5484 3503 5506 ,
3529 5454 3577 5496 et

2009 5541 2242 5594 adorauit
2268 5540 2324 5593 in
2343 5548 2481 5592 terra
2509 5546 2556 5592 et
2576 5538 2739 5591 dixit:
2760 5532 3058 5599 Domine,si
3079 5532 3248 5586 inveni
3274 5532 3498 5601 gratiam
3526 5535 3584 5585 in

2010 5630 2175 5684 oculis
2201 5630 2323 5694 tuis,
2370 5646 2431 5683 ne
2466 5638 2701 5681 transeas
2743 5638 2947 5678 seruum
2993 5633 3181 5685 tuum;
3224 5622 3314 5675 sed
3355 5622 3576 5691 afferam

2006 5720 2299 5795 pauxillum
2330 5734 2504 5787 acute,
2533 5726 2581 5771 ct
2608 5714 2846 5769 laventur
2876 5712 3028 5781 rcdcs
3064 5711 3247 5778 vestri;
3287 5719 3335 5766 ct
3380 5727 3581 5779 rel/me-
