3962 6198
329 362 427 426 issi

1013 348 1070 408 Β.
1114 348 1365 407 RABANI
1405 337 1620 400 MAURl
1659 332 1954 394 ARCIIIEP

2072 332 2326 390 OGUNT.
2367 324 2647 385 ΟΡΕΩΙἸΜ
2689 324 2865 381 PARS
2905 325 2941 377 l.

3485 319 3585 372 5;!

330 486 454 539 εοειε
484 477 578 534 ωδ
608 475 828 537 arbore,
872 481 978 524 etc.
1024 465 1199 534 (Isid.
1231 462 1332 532 v.)
1375 458 1677 514 Notandum
1719 455 1913 524 quippe
1945 457 1990 514 Α
2019 462 2186 520 guore
2238 445 2522 514 nequitiae,
2577 442 2694 498 sine
2747 439 2958 493 fervore
3008 449 3281 539 perversae
3333 433 3588 535 doctrinae

337 572 482 643 quod
525 567 799 622 Abraham
845 559 1108 629 triplicem
1153 554 1351 609 habeat
1380 549 1604 643 ﬁguram
1637 547 1690 599 in
1724 551 1920 598 semet-

339 637 478 733 ipso.
527 657 766 712 Primum
812 647 1146 711 Salvatoris,
1194 641 1443 713 quando,
1490 637 1676 692 relicta
1724 647 1918 733 cogna-

341 724 487 809 tione
516 764 644 812 sua,
676 744 823 800 venit
856 742 908 796 in
940 742 1085 801 hunc
1124 735 1405 792 mundum.
1445 731 1689 786 Alteram
1715 724 1920 796 patris,

339 838 556 910 quando
609 831 908 889 immolavit
960 827 1130 881 filium
1176 825 1418 886 unicum.
1470 817 1712 873 Tertiam
1757 826 1922 876 vero,

343 902 487 997 quod
516 927 617 980 hoc
647 924 764 978 loco
793 927 907 983 est,
938 917 1168 984 ﬁguram
1199 911 1432 984 gestavit
1459 917 1798 966 sanctorum,
1831 902 1926 972 qui

347 996 639 1078 adventum
678 1014 881 1070 Christi
925 1026 1051 1066 cum
1095 1007 1292 1079 gaudio
1321 1008 1697 1072 susceperunt.
1727 996 1930 1050 Taber-

351 1109 604 1164 naculum
660 1112 841 1158 autem
896 1101 1025 1155 illud
1078 1096 1311 1152 Abraba:
1340 1134 1354 1158 ,
1409 1093 1580 1161 ipsam
1630 1084 1931 1142 Jerusalem

350 1198 570 1258 habuit,
605 1194 694 1248 ubi
725 1208 822 1262 pro
851 1199 1092 1259 tempore
1121 1186 1399 1257 prophetae
1427 1190 1481 1237 et
1509 1178 1735 1249 apostoli
1777 1175 1935 1230 habi-

355 1295 626 1344 taverunt.
674 1284 827 1339 Unde
864 1289 919 1337 et
959 1279 1222 1334 Dominus
1259 1275 1498 1345 primum
1541 1270 1832 1324 adveniens
1855 1304 1870 1329 ,
1902 1279 1934 1318 a

352 1380 698 1438 credentibus
727 1385 1004 1444 acceptus,
1033 1373 1101 1428 ab
1130 1368 1424 1426 incredulis
1455 1366 1508 1420 in
1539 1364 1683 1435 ligno
1711 1375 1937 1430 suspen-

354 1486 446 1525 sus
479 1477 578 1524 est.
613 1468 669 1522 In
705 1466 878 1520 tribus
919 1474 1100 1518 autem
1142 1459 1277 1514 viris
1319 1456 1412 1526 qui
1452 1460 1718 1509 venerunt
1757 1450 1824 1503 ad
1869 1447 1935 1503 il-

354 1563 464 1617 lum
490 1602 505 1624 ,
548 1557 762 1616 Domini
802 1555 930 1612 Jesu
970 1552 1173 1608 Christi
1212 1547 1595 1620 pronuntiatur
1635 1542 1936 1605 adventus,

2023 547 2268 609 oporteat
2296 549 2416 590 esse
2444 531 2780 590 credentium
2809 529 3088 588 unitatem.
3119 524 3470 579 Subcincritii
3501 539 3592 578 au-

2021 638 2126 684 tem
2171 627 2320 685 ideo.
2369 632 2429 677 ut
2472 637 2569 692 per
2606 618 2981 691 paenitentiam
3027 615 3425 684 praeteritorum
3471 613 3596 672 deli.

2023 729 2232 774 ctorum
2253 758 2268 781 ,
2301 714 2536 786 Spiritus
2562 710 2732 766 sancti
2763 722 2961 778 vapore
3002 705 3246 770 decocti,
3288 703 3436 759 velut
3474 718 3598 758 esca

2025 811 2162 865 bene
2189 807 2388 878 placita
2415 804 2558 869 Deo,
2600 799 2962 870 acecptabiles
3004 796 3326 852 efﬁciantur.
3371 794 3487 849 Sub
3511 792 3606 849 ιιι·-¹

2024 902 2158 957 bore
2198 908 2379 954 autem
2423 913 2516 952 eos
2561 896 2798 958 sedisse,
2843 891 3110 961 passionis
3153 889 3450 944 Dominica‘
3487 898 3606 942 erat

2029 993 2278 1061 signum,
2317 988 2473 1058 cujus
2517 986 2617 1056 ipsi
2657 980 3211 1052 suntpnndicatores.
3244 977 3397 1044 Quod
3425 984 3605 1031 autem

2020 1082 2300 1151 promittit
2329 1079 2472 1134 Deus
2503 1077 2653 1131 Sarae
2677 1073 2846 1129 sterili
2877 1072 3048 1126 ﬁlium
3079 1070 3294 1132 dicens,
3329 1063 3485 1120 Circa
3513 1067 3607 1119 hoc

2036 1183 2237 1241 tempus
2279 1171 2516 1234 veniam,
2561 1182 2667 1220 non
2707 1166 2773 1220 de
2802 1163 3133 1233 temporibus
3173 1160 3476 1230 signiﬁcat,
3519 1161 3610 1214 sed

2035 1265 2100 1319 de
2130 1261 2390 1332 qualitate
2423 1260 2684 1314 adventus
2715 1256 2836 1320 sui,
2867 1254 3083 1324 quando
3110 1268 3208 1321 per
3235 1251 3404 1311 ﬁlium
3435 1267 3614 1321 repro-

2038 1355 2266 1409 missum
2311 1351 2486 1406 fidelis
2523 1358 2642 1404 erat
2680 1347 2910 1419 populus
2954 1347 3278 1423 nasciturus.
3321 1346 3428 1400 lsta
3471 1359 3614 1399 enim

2040 1446 2175 1500 Sara
2220 1443 2453 1508 sterilis,
2502 1443 2590 1498 cui
2643 1457 2739 1511 per
2786 1441 3105 1510 prophetam
3148 1438 3407 1493 Dominus
3447 1438 3612 1492 dicit:

2040 1537 2278 1599 La’tare,
2321 1534 2543 1599 sterilis,
2579 1550 2698 1605 quas
2733 1549 2836 1588 non
2875 1533 3055 1602 paris,
3083 1546 3292 1599 erumpe
3324 1540 3372 1584 et
3415 1527 3615 1590 clama,

355 1621 628 1720 eum-quo
667 1651 773 1703 duo
816 1646 990 1718 angeli
1035 1643 1465 1708 comitabantur,
1515 1652 1650 1706 quos
1695 1635 1942 1705 plerique
2040 1645 2159 1699 quae
2187 1645 2289 1682 non
2315 1627 2564 1698 parturis,
2599 1627 2848 1696 quoniam
2873 1622 3048 1694 plures
3088 1621 3188 1691 ﬁlii
3229 1621 3482 1685 deserta,
3512 1637 3619 1674 nta—

361 1714 577 1812 Moyseh
607 1747 662 1793 et
693 1739 864 1792 Eliam
893 1714 1185 1804 accipiunt.
1230 1731 1409 1786 Unum
1449 1728 1643 1799 priscas
1671 1723 1943 1794 legislato—
2043 1721 2122 1790 gis
2147 1736 2303 1790 quam
2329 1719 2444 1788 ejus
2469 1735 2587 1789 qua!
2614 1718 2762 1772 habet
2793 1717 2958 1774 virum
2983 1714 3128 1787 (Isa.
3157 1716 3312 1784 ην).
3344 1714 3506 1769 Risus
3533 1729 3621 1768 au-

361 1804 474 1888 rem
495 1872 510 1895 ,
552 1829 644 1899 qui
677 1842 774 1898 per
815 1825 1059 1884 eamdem
1099 1822 1270 1892 legem
1311 1820 1602 1874 adventum
1647 1814 1941 1869 indicavit:
1977 1815 2021 1874 Β
2051 1819 2157 1864 tem
2187 1809 2336 1864 Sarae
2359 1807 2644 1878 prophetia
2670 1816 2753 1862 est
2779 1821 2795 1860 :
2826 1804 2981 1874 cujus
3005 1805 3146 1860 risus
3170 1805 3439 1875 duplicem
3465 1805 3623 1858 habet

362 1925 526 1977 alium
552 1923 642 1990 qui
671 1920 726 1974 in
757 1917 859 1971 ﬁne
887 1915 1073 1970 mundi
1098 1922 1358 1967 venturus
1384 1920 1497 1973 est,
1529 1907 1944 1964 denuntiaturus

366 2025 421 2069 et
449 2013 743 2069 secundum
776 2009 1065 2064 adventum
1096 2004 1332 2070 Christi,
1362 2011 1526 2072 atque
1552 1999 1669 2068 ejus
1699 1999 1943 2068 Evange-

365 2111 493 2163 Iium
538 2106 738 2162 Judreis
782 2101 1195 2172 praedicaturus.
1241 2097 1395 2152 Unde
1432 2103 1486 2150 et
1515 2095 1568 2148 in
1600 2101 1786 2147 monte
1817 2091 1945 2146 dum

367 2197 628 2251 Dominus
659 2193 851 2247 fuisset
883 2187 1340 2258 transﬁguratus,
1379 2183 1435 2239 hi
1475 2184 1614 2246 duo,
1657 2180 1870 2250 Moyses
1895 2184 1952 2233 et

369 2287 515 2341 Elias
556 2298 677 2338 cum
710 2296 774 2336 eo
805 2278 872 2333 ab
902 2275 1160 2347 apostolis
1189 2275 1292 2329 visi
1323 2280 1469 2330 sunt.
1511 2271 1790 2326 Abraham
1821 2283 1951 2324 vero

370 2387 482 2430 tres
513 2375 732 2437 videns,
765 2385 929 2424 unum
960 2366 1242 2431 adoravit,
1271 2365 1560 2420 Dominum
1603 2361 1808 2417 scilicet
1837 2358 1953 2417 Sal-

373 2474 619 2520 vatorem
649 2461 968 2523 ostendens,
1003 2458 1156 2528 cujus
1178 2457 1290 2525 jam
1323 2454 1586 2509 adventus
1612 2460 1696 2508 est
1721 2457 1952 2520 praesto-

375 2559 533 2612 latus.
576 2554 734 2619 Juxta
773 2553 916 2623 quod
945 2551 1109 2610 etiam
1139 2548 1401 2609 Dominus
1434 2547 1487 2600 in
1517 2543 1808 2614 Evangelio
1837 2541 1914 2598 ait
1939 2559 1951 2592 :

375 2647 640 2700 Abraham
664 2642 901 2714 qumsivit
929 2641 1099 2695 videre
1129 2639 1264 2693 diem
1292 2654 1463 2692 meum
1485 2677 1498 2701 ,
1529 2636 1652 2690 vidit
1679 2643 1725 2687 et
1750 2633 1957 2703 gavisus

375 2748 448 2792 est
477 2735 657 2809 (Joan.
684 2732 824 2800 vm).
861 2730 1012 2786 Tunc
1037 2730 1181 2786 enim
1212 2729 1377 2788 futuri
1405 2726 1615 2796 aspexit
1642 2723 1959 2795 mysterium

377 2825 720 2882 sacramenti.
752 2821 906 2878 Unde
931 2830 986 2876 et
1007 2821 1175 2891 pedes
1199 2834 1389 2874 eorum
1420 2817 1578 2882 lavit,
1608 2824 1670 2870 ut
1699 2816 1751 2869 in
1783 2821 1962 2868 extre-

380 2933 468 2972 mo
520 2914 721 2970 lavacri
769 2910 1202 2982 puriﬁcationem
1252 2909 1648 2978 demonstraret
1689 2904 1960 2966 futuram,

379 3005 542 3076 pedes
579 3016 810 3071 namque
850 2999 1145 3055 novissima
1187 2996 1516 3068 signiﬁcant.
1562 2993 1620 3048 Si
1665 2993 1882 3062 quidem
1911 3002 1966 3045 et

379 3094 687 3149 convivium
736 3099 1039 3161 praeparat,
1092 3087 1320 3143 vitulum
1373 3085 1581 3140 scilicet
1635 3083 1960 3154 saginatum.

2039 1900 2537 1971 signiﬁcationem:
2572 1898 2688 1958 sive
2728 1896 2872 1967 quod
2917 1895 3060 1950 risus
3101 1902 3244 1950 esset
3288 1893 3506 1948 futurus
3547 1893 3626 1946 in-

2043 1990 2281 2048 credulis
2320 1988 2600 2052 Christus,
2646 1987 2760 2047 sive
2799 1985 2941 2055 quod
2981 1999 3171 2042 omnes
3214 1983 3463 2042 inimicos
3503 1999 3628 2040 suos

2048 2084 2103 2138 in
2128 2081 2338 2152 judicio
2366 2095 2465 2142 suo
2489 2087 2635 2136 esset
2663 2079 2890 2132 risurus.
2926 2075 3078 2132 Unde
3103 2084 3160 2130 et
3188 2076 3300 2144 ipse
3338 2075 3432 2144 qui
3471 2083 3631 2130 natus

2049 2183 2134 2231 est
2169 2175 2235 2232 de
2279 2172 2415 2228 Sara
2455 2171 2599 2232 risus
2640 2183 2836 2228 nomen
2879 2168 3106 2236 accepit.
3144 2166 3309 2224 .lsaac
3366 2167 3513 2224 enim
3564 2183 3632 2223 ex

2053 2268 2279 2322 llebraca
2320 2265 2498 2334 lingua
2541 2264 2595 2323 in
2637 2263 2886 2322 Latinum
2933 2273 3240 2315 sermonem
3287 2259 3424 2314 risus
3467 2259 3636 2313 inter-

2059 2367 2324 2427 pretatur.
2358 2353 2560 2427 (Ct-eg.)
2590 2353 2830 2421 Denique
2867 2349 3164 2406 secundum
3201 2347 3459 2404 moralem
3487 2346 3640 2401 intel-

2057 2450 2256 2504 lectum
2282 2488 2297 2512 ,
2331 2444 2664 2516 pensandum
2706 2449 2811 2507 est,
2855 2448 3056 2512 quanta
3095 2438 3418 2497 discretione
3455 2436 3638 2508 magni

2051 2538 2452 2594 moderaminis
2497 2535 2677 2593 carnis
2721 2548 2851 2588 cura
2903 2531 3222 2600 refrenanda
3274 2537 3388 2593 est,
3430 2537 3492 2583 ut
3521 2544 3640 2583 seb-

2057 2632 2168 2686 viat
2228 2638 2283 2685 et
2342 2628 2563 2684 minime
2616 2625 3016 2697 prtecipitetur,
3076 2637 3145 2678 ne
3201 2622 3356 2692 quasi
3423 2620 3640 2677 domina

2061 2722 2275 2784 vincat,
2321 2720 2416 2776 sed
2456 2719 2678 2773 subacta
2722 2716 2980 2781 dominio,
3029 2714 3186 2785 quasi
3232 2713 3440 2786 ancilla
3471 2713 3648 2768 fama.

2062 2813 2221 2878 lctur,
2251 2822 2310 2866 ut
2332 2810 2484 2880 jussa
2516 2810 2658 2864 adsit
2684 2850 2698 2875 ,
2731 2818 2894 2878 atque
2939 2823 2969 2861 a
3011 2817 3146 2861 nutu
3185 2807 3366 2862 cordis
3393 2805 3606 2876 repulsa
3628 2846 3644 2868 ,

2068 2903 2302 2967 desiliat,
2332 2910 2393 2956 ut
2423 2902 2513 2955 vix
2543 2917 2572 2954 a
2604 2909 2758 2971 tergo
2782 2907 2984 2954 sanctae
3011 2898 3338 2969 cognitionis
3369 2906 3647 2967 appareat,

2063 3003 2122 3050 et
2168 3009 2443 3063 nunquam
2493 3001 2683 3048 contra
2731 2992 2923 3047 faciem
2975 2998 3140 3046 rectm
3186 2991 3526 3060 cogitationis
3552 2989 3652 3044 ob-

2067 3089 2244 3143 sistat.
2297 3085 2450 3152 Quod
2479 3086 2617 3140 bene
2647 3083 2802 3139 nobis
2841 3083 3070 3138 historia
3100 3097 3270 3137 sacra:
3298 3081 3545 3136 lectionis
3573 3081 3651 3136 in-

383 3185 488 3238 iste
537 3190 718 3236 autem
768 3179 971 3234 Vitulus
1017 3187 1171 3235 tener
1217 3177 1497 3247 saginatus
1546 3173 1758 3228 Domini
1801 3173 1969 3227 “OSll‘i
2000 3177 2044 3238 C
2075 3179 2282 3243 nuitur,
2310 3193 2433 3232 cum
2464 3177 2736 3232 Abraham
2768 3176 2942 3230 tribus
2973 3175 3182 3246 angelis
3211 3176 3513 3230 occurrisse
3540 3190 3656 3230 me-

389 3270 516 3326 Jesu
549 3270 753 3326 Christi
784 3277 869 3324 est
896 3283 1112 3338 corpus.
1149 3267 1249 3322 llic
1279 3276 1332 3321 et
1362 3266 1561 3320 vitulus
1592 3264 1805 3318 Domini
1832 3305 1846 3329 ,
1877 3263 1968 3332 qui

389 3370 611 3435 propter
653 3360 881 3415 salutem
928 3358 1261 3418 credentium
1294 3343 1360 3410 ad
1391 3356 1641 3411 arborem
1673 3353 1850 3408 erucis
1890 3361 1975 3408 est

393 3452 719 3509 immolatus.
764 3450 864 3504 llic
904 3457 987 3504 est
1025 3446 1228 3502 vitulus
1266 3445 1531 3502 Dominici
1574 3444 1849 3512 corporis,
1882 3443 1971 3511 qui

393 3547 448 3600 in
494 3541 787 3613 Evangelio
822 3556 922 3610 pro
964 3547 1252 3610 peccatore
1297 3538 1562 3594 occiditur
1601 3535 1730 3591 ﬁlio.
1777 3535 1882 3591 Sed
1921 3545 1978 3591 et

395 3638 649 3706 butyrum
707 3641 762 3687 et
811 3631 897 3686 lac
949 3647 1073 3700 cum
1128 3646 1291 3685 came
1340 3629 1493 3684 vituli
1549 3629 1812 3700 apposuit.
1868 3628 1976 3683 Lac

391 3728 592 3796 quippe
634 3727 828 3796 priscae
868 3723 1004 3794 legis
1032 3724 1286 3778 habuisse
1316 3722 1542 3792 ﬁguram
1569 3721 1855 3790 Apostolus
1883 3735 1978 3774 no-

393 3829 510 3872 ster
552 3817 840 3870 annuntiat
886 3815 1113 3870 dicens:
1161 3813 1268 3867 Lac
1307 3813 1447 3868 vobis
1492 3822 1669 3881 potum
1713 3811 1832 3864 dedi
1874 3827 1978 3864 non

396 3923 568 3961 escam
594 3924 611 3972 ;
637 3907 865 3967 nondum
886 3906 1024 3959 enim
1050 3905 1318 3974 poteratis,
1343 3920 1434 3957 nec
1457 3902 1631 3956 adhuc
1657 3901 1863 3972 quidem
1887 3918 1980 3971 po-

398 3997 540 4050 testis
567 3994 618 4064 (I
668 3993 792 4049 Cor.
841 3991 944 4064 tu).
997 3991 1316 4046 Tradiderat
1361 3991 1504 4058 enim
1535 3990 1641 4044 illis
1671 3990 1806 4068 legis
1833 4005 1980 4043 man-

398 4088 584 4141 datum
612 4086 767 4155 quasi
796 4085 877 4138 lac
907 4084 973 4138 de
1003 4081 1260 4138 uberibus
1289 4083 1516 4138 duarum
1547 4080 1850 4138 tabularum
1881 4095 1975 4134 ex-

401 4190 650 4245 pressum
672 4215 686 4239 ,
723 4173 827 4227 hoc
855 4181 939 4227 est
966 4179 1349 4226 testamentum
1381 4169 1526 4225 ﬁdei.
1559 4169 1806 4224 Nondum
1836 4169 1979 4223 enim

402 4273 694 4336 poterant,
725 4272 947 4334 propter
978 4263 1260 4317 infantiam
1289 4277 1485 4326 sensus
1513 4261 1626 4327 sui,
1659 4259 1983 4329 evangelica:

402 4357 664 4410 doctrina:
695 4354 923 4409 solidam
968 4369 1030 4408 ac
1063 4353 1340 4408 robustam
1373 4368 1554 4407 escam
1584 4353 1849 4421 accipere.
1881 4349 1984 4403 Bu-

408 4458 585 4517 tyrum
632 4455 812 4500 autem
854 4446 1188 4500 uberrimum
1215 4453 1272 4498 et
1297 4444 1710 4515 pinguissimum
1738 4443 1982 4510 Evange-

404 4537 600 4590 liorum
627 4544 712 4589 est
737 4535 1134 4599 testimonium,
1165 4535 1309 4604 quod
1340 4534 1502 4589 veluti
1533 4534 1710 4589 oleum
1742 4533 1984 4589 ﬁdelibus
2013 4518 2062 4576 D

407 4626 459 4677 in
502 4622 714 4693 signum
744 4623 922 4676 datur.
973 4620 1080 4675 Sed
1104 4622 1329 4690 proinde
1356 4621 1588 4675 vitulum
1616 4636 1739 4676 cum
1769 4621 1905 4676 lacte
1934 4631 1989 4676 et

405 4715 661 4785 butyrum
690 4713 966 4768 Abraham
1003 4713 1271 4768 edendum
1302 4714 1584 4784 apposuit,
1615 4714 1741 4784 quia
1773 4728 1840 4768 ne
1866 4730 1986 4770 cor-

407 4819 508 4873 pus
538 4803 786 4868 Domini,
817 4804 960 4872 quod
987 4811 1074 4858 est
1101 4803 1300 4858 vitulus
1322 4843 1336 4869 ,
1371 4805 1488 4874 sine
1520 4804 1658 4859 laete
1688 4805 1855 4876 legis,
1887 4821 1988 4860 nec

407 4889 494 4948 lac
535 4893 669 4962 legis
709 4891 826 4946 sine
867 4893 1099 4961 butyro,
1131 4892 1235 4946 hoc
1263 4901 1346 4947 est
1376 4893 1490 4947 sine
1519 4892 1794 4963 Evangelii
1834 4894 1986 4948 testi-

411 4982 594 5036 ttionio
617 4995 739 5036 esse
768 4989 968 5050 potest.
1007 4979 1135 5034 Tria
1167 4989 1345 5036 autem
1375 4989 1488 5036 sata
1507 5022 1522 5045 ,
1556 4981 1697 5037 unde
1726 4981 1861 5036 Sara
1892 4999 1987 5052 pa-

413 5087 511 5128 nes
547 5071 926 5127 subcineritios
968 5069 1127 5136 fecit,
1173 5072 1336 5126 trium
1379 5071 1612 5127 ﬁliorum
1652 5071 1765 5127 Noe
1804 5073 1994 5143 imagi-

416 5179 537 5217 nem
567 5162 976 5227 indicaverunt,
1001 5176 1065 5216 ex
1094 5161 1289 5230 quibus
1317 5177 1671 5235 omnegenus
1696 5163 1989 5216 humanum

419 5261 600 5305 natum
625 5259 708 5304 est
727 5290 741 5317 ,
765 5251 858 5319 qui
888 5250 1083 5304 divina:
1103 5249 1354 5303 Trinit-ati
1377 5251 1659 5306 credentes
1680 5265 1779 5320 per
1797 5265 1990 5320 aquam

419 5341 791 5410 baptismatis,
821 5356 917 5410 per
948 5341 1233 5397 ecclesiam
1253 5381 1268 5405 ,
1296 5339 1449 5409 cujus
1479 5343 1654 5412 imago
1682 5340 1814 5412 sara
1845 5351 1992 5408 erat,

418 5431 807 5501 conspergendi
837 5441 1021 5487 essent
1042 5440 1098 5486 et
1129 5432 1182 5485 in
1214 5448 1322 5486 uno
1349 5447 1488 5502 pane
1519 5432 1721 5488 Christi
1751 5433 1996 5503 corporis

422 5522 716 5591 redigendi.
761 5520 886 5576 Haec
925 5531 1051 5577 sunt
1095 5523 1180 5576 illa
1226 5524 1327 5576 tria
1370 5532 1487 5588 sata
1527 5538 1650 5593 qua:
1701 5524 1893 5591 mulier
1938 5525 1993 5578 in

423 5609 711 5678 Evangelia
757 5612 1103 5679 cognoscitur
1157 5612 1530 5668 fermentasse.
1575 5612 1766 5682 Azymi
1818 5622 1995 5670 autem

428 5712 624 5766 panes,
657 5715 722 5755 eo
749 5700 892 5768 quod
923 5701 1039 5753 sine
1069 5698 1332 5754 fermento
1362 5700 1610 5764 malitiae,
1644 5710 1698 5756 et
1739 5702 1856 5756 sine
1889 5702 1999 5756 lan-

2074 3282 2337 3328 moratur.
2393 3271 2513 3341 ipse
2571 3271 2770 3340 quippe
2835 3269 3178 3324 venientibus
3242 3277 3395 3324 extra
3453 3271 3654 3324 ostium

2073 3364 2331 3429 occurrit,
2358 3362 2496 3417 Sara
2524 3378 2654 3417 vero
2677 3371 2800 3431 post
2821 3362 3019 3416 ostium
3062 3361 3326 3416 subsistit.
3355 3361 3493 3428 Quid
3523 3379 3659 3433 ergo

2075 3456 2232 3510 nobis
2264 3471 2362 3526 per
2409 3457 2554 3510 hunc
2601 3470 2887 3512 occursum
2934 3454 3167 3509 Abrahae
3217 3455 3462 3509 innuitur
3491 3495 3507 3519 ,
3549 3456 3656 3509 nisi

2074 3549 2203 3618 quia
2248 3547 2499 3602 videlicet
2536 3554 2599 3602 ut
2632 3546 2716 3599 vir
2744 3561 2808 3600 ac
2831 3546 3082 3601 dominus
3121 3546 3312 3600 domus
3340 3545 3659 3616 spiritualis,

2077 3647 2263 3692 noster
2291 3637 2499 3693 scilicet
2530 3636 2866 3700 intellectus,
2895 3635 3057 3691 debet
3105 3635 3160 3689 in
3191 3636 3496 3706 cognitione
3541 3633 3663 3689 Tri-

2075 3727 2516 3783 nitatisclaustra
2545 3728 2727 3783 carnis
2756 3728 3022 3782 excedere
3049 3735 3105 3781 et
3131 3727 3286 3796 quasi
3310 3726 3663 3781 habitationis

2080 3817 2276 3872 inﬁmae
2315 3816 2538 3884 januam
2589 3816 2776 3882 exire;
2832 3832 2962 3871 cura
3011 3825 3189 3870 autem
3238 3815 3421 3870 carnis
3474 3824 3536 3870 ut
3588 3815 3661 3868 fe

2081 3909 2228 3963 mina
2281 3907 2430 3963 foras
2483 3923 2592 3962 non
2647 3916 2947 3978 appareat,
3006 3915 3062 3962 et
3116 3907 3300 3961 videre
3341 3907 3663 3977 jactantiam

2079 4001 2383 4065 erubescat,
2423 4007 2482 4053 ut
2505 3999 2659 4068 quasi
2686 4007 2810 4068 post
2843 4006 3051 4069 tergum
3079 3998 3176 4051 viri
3215 3996 3314 4051 sub
3338 3997 3668 4052 discretione

2081 4094 2300 4163 spiritus
2343 4091 2472 4148 solis
2506 4093 2832 4147 necessariis
2875 4092 3080 4145 intenta
3112 4131 3126 4155 ,
3156 4105 3499 4160 nequaquam
3532 4091 3668 4143 sciat

2081 4185 2382 4255 procaciter
2411 4185 2626 4256 detegi,
2680 4183 2774 4239 sed
2813 4185 3116 4239 verecunde
3159 4169 3515 4238 moderetur?
3563 4181 3670 4235 No~

2085 4275 2306 4329 tandum
2341 4283 2522 4329 autem
2553 4275 2694 4344 quod
2737 4274 3023 4344 aliquando
3064 4275 3387 4345 imaginibus
3436 4283 3491 4328 et
3545 4283 3671 4329 ante

2085 4380 2377 4434 corporeos
2405 4365 2589 4421 oculos
2623 4365 2691 4421 ad
2718 4374 2927 4436 tempus
2955 4381 3019 4420 ex
3049 4381 3174 4421 aere
3213 4367 3505 4435 assumptis
3532 4407 3547 4428 ,
3575 4381 3674 4436 per

2083 4457 2304 4527 angelos
2355 4456 2594 4526 loquitur
2648 4457 2791 4513 Deus
2822 4499 2837 4522 ,
2895 4458 3032 4512 sicut
3074 4473 3218 4512 nunc
3258 4457 3533 4511 Abraham
3567 4473 3672 4510 non

2087 4546 2261 4600 solum
2295 4556 2408 4601 tres
2439 4547 2586 4602 viros
2612 4547 2798 4602 videre
2830 4548 3021 4618 putuit,
3045 4548 3136 4601 sed
3170 4547 3333 4602 etiam
3363 4546 3676 4600 habitacula

2087 4647 2304 4693 terreno
2331 4638 2604 4708 suscipere
2627 4678 2642 4704 ,
2675 4639 2770 4694 sed
2798 4648 2852 4693 et
2877 4655 3063 4694 eorum
3093 4637 3279 4693 usibus
3308 4639 3470 4693 etiam
3523 4640 3677 4693 cibos

2086 4730 2364 4786 adhibere.
2395 4730 2508 4784 Nisi
2537 4732 2681 4786 enim
2710 4731 2882 4802 angeli
2912 4772 2927 4797 ,
2956 4746 3078 4786 cum
3110 4731 3356 4801 quaedam
3398 4729 3558 4785 nobis
3597 4731 3676 4784 in-

2089 4830 2240 4877 terna
2283 4821 2630 4886 nuntiantur,
2674 4823 2740 4876 ad
2783 4833 2994 4891 tempus
3023 4839 3087 4876 ex
3118 4837 3245 4877 aere
3283 4835 3482 4891 comas
3525 4836 3678 4875 assu-

2094 4920 2342 4978 merent,
2369 4911 2728 4968 exterioribus
2765 4911 3010 4981 profecto
3040 4913 3238 4967 nostris
3263 4911 3544 4967 obtutibus
3572 4925 3678 4964 non

2096 5011 2434 5071 apparerent,
2463 5016 2563 5057 nec
2587 5003 2738 5057 cibos
2773 5014 2898 5057 enm
2923 5003 3195 5058 Abraham
3225 5011 3504 5057 sumerent
3527 5042 3542 5066 ,
3575 5000 3678 5056 nisi

2097 5099 2316 5160 propter
2367 5107 2468 5146 nos
2507 5091 2738 5147 solidum
2791 5093 2992 5162 aliquid
3037 5110 3104 5147 ex
3148 5093 3356 5148 caelesti
3411 5092 3679 5147 elemento

2100 5189 2393 5250 gestarent.
2439 5181 2549 5237 Nec
2590 5183 2784 5237 mirum
2823 5185 2967 5253 quod
3009 5184 3117 5238 illic
3167 5185 3266 5252 ipsi
3313 5184 3406 5254 qui
3443 5183 3677 5252 suscepti

2100 5281 2247 5335 sunt,
2297 5272 2456 5326 modo
2488 5273 2696 5343 angeli,
2745 5273 2906 5329 modo
2949 5273 3206 5330 Dominus
3255 5282 3674 5344 nuncupantur,

2101 5364 2228 5432 quia
2259 5364 2569 5435 angelorum
2594 5365 2856 5420 vocabulo
2884 5367 3260 5435 exprimuntur
3281 5406 3296 5430 ,
3323 5363 3417 5436 qui
3441 5363 3678 5418 exterius

2103 5456 2512 5521 ministrabant,
2543 5465 2600 5512 et
2622 5458 2976 5527 appellatione
3004 5458 3215 5513 Domini
3243 5457 3565 5520 ostenditur,
3589 5453 3678 5525 qui

2097 5546 2184 5599 eis
2211 5545 2438 5600 interius
2480 5556 2742 5617 praeerat,
2773 5555 2833 5601 ut
2863 5555 2919 5602 et
2951 5561 3048 5616 per
3086 5547 3189 5601 hoc
3216 5544 3554 5616 praesidentis
3581 5543 3678 5596 im-

2103 5638 2331 5706 perium,
2365 5647 2417 5689 et
2447 5654 2543 5707 per
2577 5638 2707 5693 illud
2751 5639 3075 5694 claresceret
3117 5637 3348 5694 ofﬁcium
3376 5639 3682 5692 ministran-

2107 5729 2193 5782 tis.
2229 5729 2408 5800 (.dttg.)
2439 5731 2614 5792 Otta'ri
2645 5741 2823 5785 autem
2854 5740 3032 5801 potest
3058 5731 3349 5787 secundum
3378 5732 3679 5786 historiam.
