3958 6204
276 317 381 374 555

1186 343 1193 348 ο
1283 306 1636 368 (ΞΟΜΜΕΝΤ.
1675 303 1740 358 ΙΝ
1777 296 2102 359 ΟΕΝΕὸιΜ.
2143 335 2211 344 -—-
2250 303 2376 360 LIB.
2420 301 2479 360 Il.

3446 306 3553 366 $5";

277 440 443 498 quare
468 425 660 481 Soram
691 424 980 494 redarguat
1007 421 1266 479 Dominus
1300 435 1423 475 cum
1462 414 1738 472 Abraham
1785 415 1862 469 ri-
1890 419 1940 479 Α
1967 429 2137 470 mante
2179 414 2480 470 inﬁrmitati
2511 413 2782 485 congruit,
2832 413 2918 468 cui
2974 412 3115 471 Deus
3150 424 3364 486 coaptat
3405 419 3556 476 foeno

281 520 427 585 serit,
471 514 576 572 nisi
602 515 731 585 quia
760 514 904 569 illius
930 513 1110 576 risus,
1144 508 1520 567 admirationis
1564 515 1620 562 et
1663 504 1866 561 laetitia:

277 610 394 675 fuit,
424 606 579 664 Sarte
599 603 781 661 autem
802 603 1154 660 dubitationis
1178 642 1194 668 ,
1231 610 1287 656 et
1314 602 1383 655 ab
1411 599 1504 654 illo
1538 598 1643 653 hoc
1667 590 1866 665 dijudi-

278 702 391 758 cari
426 699 622 771 potuit,
653 695 746 768 qui
778 696 940 751 corda
968 693 1244 749 hominum
1274 690 1443 775 novit.
1477 688 1700 757 Negavit
1729 683 1867 742 Sora

278 794 455 846 dit-eus
485 806 504 844 :
534 786 591 842 Ν
592 805 659 842 an
681 787 795 847 risi.
820 786 994 839 timuit
1013 784 1172 838 enim.
1196 781 1478 850 Quomodo
1501 775 1872 849 intelligebant

279 896 396 937 esse
433 879 606 935 Deum
650 877 744 948 qui
787 875 1134 947 loquebatur,
1166 884 1288 928 cum
1317 873 1482 926 etiam
1509 885 1710 940 negare
1738 883 1870 923 ausa

280 974 350 1029 sit
386 970 525 1026 Sara
555 969 698 1039 quod
728 966 930 1032 riserit,
961 973 1218 1035 tanquam
1254 961 1344 1019 ille
1376 962 1479 1018 hoc
1509 967 1695 1032 posset
1720 957 1873 1029 igno-

283 1076 423 1127 rare,
446 1061 551 1117 nisi
582 1059 722 1115 forte
748 1056 883 1113 Sara
915 1056 1161 1112 homines
1187 1051 1718 1125 putabat,Abraham
1742 1064 1873 1105 vero

282 1156 451 1213 Deum
499 1150 875 1224 intelligebat?
922 1149 1032 1205 Sed
1059 1148 1224 1203 etiam
1256 1147 1370 1217 ipse
1395 1146 1486 1201 illa
1520 1143 1874 1201 humanitatis

281 1244 453 1302 ofﬁcia
480 1242 772 1315 praebendo
793 1281 808 1308 ,
838 1255 960 1310 qua:
986 1237 1293 1294 necessaria
1320 1235 1427 1291 nisi
1465 1235 1693 1289 inﬁrma:
1721 1231 1874 1289 carni

284 1351 403 1393 esse
441 1350 549 1390 non
578 1341 820 1403 possent,
876 1331 1076 1385 mirum
1120 1328 1228 1383 nisi
1281 1327 1531 1382 homines
1562 1325 1714 1397 prius
1756 1338 1877 1378 esse

285 1427 579 1481 arbitratus
603 1431 707 1488 est,
752 1422 844 1476 sed
885 1418 1155 1483 fortassis,
1198 1417 1252 1472 in
1292 1416 1490 1487 quibus
1527 1415 1699 1469 Deum
1728 1412 1876 1482 loqui

286 1515 584 1581 intellexit,
616 1512 937 1583 quibusdam
967 1509 1161 1565 divinae
1201 1507 1498 1579 majestatis
1523 1505 1878 1561 existentibus

180 1674 183 1677 ν
285 1617 340 1664 ct
384 1602 771 1677 apparentibus
816 1600 985 1673 signis
1028 1600 1169 1655 sicut
1193 1599 1248 1653 in
1279 1595 1591 1655 hominibus
1609 1595 1709 1650 Dei
1738 1609 1880 1664 saepe

286 1700 600 1772 apparuisse
622 1698 903 1767 Scriptura
934 1702 1185 1751 testatur.
1217 1692 1325 1749 Sed
1357 1708 1547 1748 rursus
1569 1692 1829 1762 quaeritur
1861 1708 1874 1744 :

1969 504 2168 564 tionem
2205 520 2380 559 suam.
2437 503 2727 559 Peccatum
2779 517 2903 557 cum
2955 516 3085 559 voce
3143 514 3228 559 est
3289 505 3449 579 culpa
3499 507 3554 562 iu

1969 594 2219 662 actione;
2267 602 2550 666 peccatum
2592 608 2725 650 vero
2786 596 2954 651 etiam
2990 611 3112 652 cum
3185 596 3424 672 clamore
3471 614 3557 657 est

1970 687 2123 757 culpa
2167 701 2290 742 eum
2331 686 2605 743 libertate.
2651 685 2758 743 Sed
2804 687 2935 758 quid
2988 687 3094 743 hoc
3137 690 3404 760 exciitplo,
3453 691 3562 749 nisi

1971 792 2073 832 nos
2124 778 2482 833 admonemur
2506 818 2523 844 ,
2576 792 2647 834 ne
2687 778 2757 833 ad
2808 777 3192 850 proferendam
3231 762 3561 839 sententiain

1972 884 2212 939 unquam
2239 868 2548 940 praecipites
2572 884 2695 926 esse
2730 869 3029 928 debeamus
3050 911 3066 940 ,
3114 889 3183 935 ne
3231 881 3437 931 temere
3481 877 3565 931 iu-

1973 963 2215 1019 discussa
2254 962 2562 1032 iudicemus
2589 1008 2605 1033 ,
2635 980 2704 1020 ne
2733 967 2990 1037 quaelibet
3035 969 3177 1023 mala
3232 968 3415 1025 audita
3461 986 3566 1027 nos

1975 1062 2228 1107 moveant
2251 1094 2266 1120 ,
2308 1070 2377 1110 ne
2403 1056 2607 1125 passim
2656 1057 2803 1113 dicta
2848 1057 2969 1114 sine
3011 1059 3334 1128 probatione
3370 1060 3565 1116 creda-

1975 1145 2132 1199 mus?
2161 1148 2304 1215 quod
2351 1147 2596 1219 profecto
2643 1158 2959 1221 perpetrare
3000 1153 3434 1223 pertimescimus
3464 1196 3477 1217 ,
3518 1155 3566 1209 si

1977 1237 2215 1291 auctoris
2235 1241 2405 1294 nostri
2428 1240 2680 1295 subtilius
2708 1240 2851 1296 facta
2877 1257 3190 1312 pensamus.
3217 1243 3339 1313 Ipse
3366 1246 3566 1315 quippe

1978 1333 2040 1380 ut
2066 1342 2166 1382 nos
2195 1343 2225 1383 a
2252 1332 2586 1402 praecipitata
2613 1335 2900 1389 sentcntiae
2924 1334 3228 1404 prolatione
3252 1352 3575 1408 compesce--

1979 1425 2080 1483 ret,
2113 1433 2234 1474 cum
2261 1421 2440 1475 omnia
2463 1423 2607 1477 nuda
2636 1431 2694 1478 et
2713 1433 2901 1493 aperta
2931 1424 3039 1479 sint
3060 1425 3230 1481 oculis
3250 1425 3388 1495 ejus,
3422 1428 3564 1482 mala

1982 1515 2161 1563 tamen
2226 1508 2476 1570 Sodomae
2525 1514 2698 1569 noluit
2753 1515 2936 1571 audita
2977 1517 3237 1587 judicare,
3299 1520 3392 1589 qui
3443 1522 3566 1576 ait:

1982 1597 2306 1656 Descendunt
2350 1613 2397 1658 et
2426 1606 2605 1661 videbo
2640 1617 2819 1661 utrum
2861 1607 3143 1662 clamorem
3179 1612 3272 1681 qui
3320 1614 3451 1666 venit
3498 1613 3570 1666 ad

1981 1704 2087 1754 me,
2117 1705 2270 1760 apere
2318 1694 2722 1763 compleret-int,
2766 1712 2838 1750 an
2876 1712 2983 1751 non
3027 1707 3103 1752 est
3148 1699 3224 1752 ita
3250 1740 3265 1762 ,
3292 1710 3351 1757 ut
3380 1702 3566 1757 sciam.

289 1793 344 1847 Si
374 1790 451 1846 ita
481 1799 586 1854 est,
631 1788 773 1843 unde
800 1785 1020 1857 angelos
1047 1794 1237 1856 postea
1279 1783 1448 1839 fuisse
1482 1782 1836 1855 cognoverint
1860 1822 1876 1848 ,
1906 1791 1954 1853 Β
1980 1778 2339 1852 Omnipotens
2368 1785 2553 1855 itaque
2582 1786 2841 1843 Dominus
2870 1794 2927 1842 et
2968 1788 3152 1844 omnia
3201 1791 3380 1847 sciens
3405 1832 3420 1856 ,
3472 1808 3572 1848 cur

290 1882 392 1936 nisi
418 1880 558 1935 forte
582 1894 730 1943 cum,
758 1876 840 1933 eis
862 1876 1193 1943 videntibus,
1226 1875 1281 1930 in
1309 1873 1505 1930 ctelum
1530 1873 1741 1931 issent?

860 1984 1089 2046 CAPUT
1141 1987 1305 2043 XXII.

572 2062 647 2117 De
678 2060 967 2118 Sodomitis
1001 2068 1049 2113 et
1087 2057 1187 2112 Lot
1214 2057 1591 2147 hospitalitatp.

358 2154 491 2210 Cum
527 2170 649 2224 ergo
679 2154 1027 2207 surrexissent
1066 2151 1188 2205 inde
1217 2150 1335 2215 viri,
1370 2150 1677 2205 direxerant
1700 2150 1882 2205 oculos

292 2255 473 2301 contra
502 2241 809 2307 Sodomam,
850 2250 899 2296 et
931 2241 1199 2295 Abraham
1234 2240 1393 2295 simul
1419 2240 1759 2311 gradiebatur
1787 2240 1881 2296 de-

293 2343 484 2394 ducens
536 2354 645 2392 eos.
692 2336 940 2409 Dixitque
979 2336 1236 2391 Dominus
1262 2350 1281 2388 :
1319 2336 1465 2391 Num
1491 2335 1663 2393 celare
1704 2346 1885 2408 potero

294 2434 557 2488 Abraham
583 2426 701 2503 qua:
723 2439 965 2501 gesturus
1001 2444 1140 2493 sum,
1169 2445 1286 2483 cum
1322 2427 1535 2497 futurus
1563 2428 1630 2483 sit
1669 2428 1725 2483 in
1760 2445 1888 2500 gen-

294 2538 394 2581 tem
438 2540 688 2596 magnam
734 2540 795 2577 ac
832 2520 1276 2586 robustissimam,
1307 2530 1355 2575 et
1391 2519 1755 2575 benedicendo:
1780 2521 1887 2576 sint

294 2618 347 2671 in
370 2634 431 2671 eo
455 2632 635 2671 omnes
659 2612 899 2669 nationes
923 2622 1078 2667 terra:
1103 2612 1128 2667 2
1160 2610 1281 2667 Scio
1310 2629 1534 2684 namque
1569 2612 1712 2685 quod
1751 2630 1887 2683 pra:-

294 2719 535 2777 eepturus
558 2709 625 2762 sit
645 2707 773 2777 ﬁliis
801 2708 933 2772 suis,
957 2716 1008 2762 et
1031 2707 1212 2761 domui
1240 2723 1351 2761 sum
1377 2716 1492 2778 post
1516 2724 1592 2772 se,
1625 2717 1683 2761 ut
1708 2718 1889 2762 custo-

296 2798 441 2851 diant
471 2797 609 2852 viam
636 2796 851 2851 Domini
874 2837 889 2863 ,
918 2806 967 2851 et
992 2795 1194 2866 faciant
1216 2795 1484 2867 justitiam
1506 2806 1554 2851 et
1574 2796 1841 2866 judicium
1870 2836 1888 2863 ,

297 2899 350 2942 ut
378 2888 611 2942 adducat
659 2887 918 2942 Dominus
952 2896 1167 2958 propter
1220 2886 1491 2941 Abraham
1551 2887 1728 2941 omnia
1770 2903 1889 2958 qua:

295 2980 501 3034 locutus
540 2987 630 3043 est
677 2979 748 3033 ad
782 2995 924 3034 eum.
951 2978 1097 3033 Bene
1122 2992 1341 3048 quoque
1369 2975 1603 3033 Abrahae
1628 2975 1891 3034 Dominus

296 3080 628 3126 secretorum
679 3085 902 3126 suorum
944 3070 1137 3140 pandit
1186 3084 1386 3125 arcana
1415 3110 1430 3136 ,
1477 3069 1546 3124 de
1605 3083 1715 3139 quo
1761 3084 1886 3125 cer-

1982 1877 2113 1924 ante
2154 1872 2525 1942 probationem
2573 1879 2731 1946 quasi
2779 1880 3030 1946 dubitat,
3068 1882 3174 1937 nisi
3202 1892 3271 1937 ut'
3289 1886 3573 1955 gravitatis

1981 1959 2141 2016 nobis
2164 1964 2471 2034 exemplum
2513 1977 2810 2038 proponat,
2849 1986 2920 2025 ne
2947 1970 3091 2027 mala
3118 1969 3407 2029 hominum
3446 1983 3575 2032 ante

1983 2067 2375 2122 praesumamus
2410 2057 2634 2113 credere
2676 2074 2837 2128 quam
2883 2063 3258 2131 probareiEt
3304 2080 3433 2121 ecce
3473 2082 3575 2138 per

1984 2143 2207 2213 angelos
2256 2146 2323 2201 ad
2357 2150 2732 2218 cognoscenda
2772 2152 2915 2207 mala
2955 2154 3285 2221 descendit,
3338 2171 3576 2225 moxque

1985 2241 2320 2298 facinorosos
2372 2243 2637 2310 percutit,
2666 2252 2833 2314 atque
2846 2245 2941 2300 ille
2966 2248 3182 2316 patiens
3206 2288 3222 2313 ,
3259 2247 3351 2303 ille
3391 2249 3573 2317 mitis,

1984 2334 2075 2390 ille
2120 2335 2187 2390 de
2226 2348 2335 2404 quo
2362 2334 2622 2403 scriptum
2646 2342 2730 2389 est
2761 2353 2774 2388 :
2808 2333 2886 2390 Tu
2931 2346 3131 2405 autem,
3156 2336 3378 2393 Domine
3400 2379 3417 2406 ,
3455 2355 3575 2393 cum

1986 2423 2371 2497 tranquillitate
2420 2424 2628 2490 iudicas
2652 2422 2806 2498 (ευρ.
2834 2425 2956 2500 xu),
2989 2427 3078 2482 ille
3110 2429 3176 2483 de
3203 2443 3310 2499 quo
3355 2443 3576 2483 rursum

1986 2516 2247 2586 scriptum
2270 2523 2355 2571 est
2380 2533 2392 2570 :
2416 2514 2675 2570 Dominus
2694 2517 2899 2588 patiens
2920 2528 2996 2573 est
3024 2519 3259 2574 redditor
3280 2519 3472 2593 (Eccli.
3497 2520 3575 2588 v),

1988 2609 2044 2664 in
2073 2615 2226 2663 tanto
2251 2607 2479 2664 crimine
2530 2607 2804 2664 involutos
2850 2608 3154 2682 inveniens,
3183 2611 3335 2680 quasi
3364 2611 3580 2680 patien-

1990 2699 2119 2754 tiam
2144 2698 2511 2768 praetermisit,
2542 2706 2598 2754 ct
2623 2698 2766 2754 diem
2788 2701 3016 2756 extremi
3037 2700 3229 2771 judicii
3257 2710 3580 2770 exspectare

1988 2790 2162 2847 noluit
2196 2789 2269 2844 ad
2307 2789 2624 2856 vindictam,
2667 2790 2762 2846 sed
2796 2804 2891 2846 eos
2918 2791 3038 2862 igne
3058 2789 3247 2860 judicii
3270 2800 3396 2845 ante
3433 2790 3579 2845 diem

1982 2881 2174 2954 iudicii
2212 2881 2496 2952 prtevenit.
2531 2881 2674 2938 Ecce
2697 2880 2896 2936 malum
2924 2891 2978 2935 et
3021 2881 3166 2951 quod
3196 2896 3318 2937 cum
3346 2881 3579 2937 ditiicul-

1992 2981 2104 3030 tate
2128 2971 2357 3027 credidit
2384 2985 2513 3026 cum
2560 2971 2805 3036 audivit,
2855 2978 2911 3025 et
2958 2979 3139 3026 tamen
3180 2971 3298 3026 sine
3327 2972 3583 3026 tarditate

1989 3062 2263 3136 percussit
2299 3077 2423 3119 cum
2463 3076 2651 3117 verum
2680 3064 3057 3134 cognoscendo
3088 3062 3312 3133 reperit,
3342 3072 3402 3119 ut
3424 3063 3582 3120 nobis

299 3172 384 3218 tus
436 3172 557 3219 erat
602 3162 749 3232 quod
813 3161 1113 3218 voluntatis
1183 3176 1296 3218 sua:
1378 3168 1433 3216 et
1495 3170 1891 3232 praceptorum
1918 3147 1964 3210 C
1995 3153 2249 3211 videlicet
2287 3152 2443 3209 daret
2468 3153 2801 3223 exemplum,
2832 3153 2976 3224 quod
3015 3152 3220 3222 majora
3265 3155 3493 3211 crimina
3514 3168 3570 3211 ct

297 3268 514 3309 suorum
551 3252 726 3308 ﬁdelis
748 3261 1041 3309 exsecutor
1066 3253 1347 3311 existeret.
1376 3253 1454 3309 De
1481 3269 1590 3327 quo
1619 3253 1788 3310 etiam
1835 3261 1893 3309 et

298 3342 385 3398 ille
432 3342 649 3399 futurus
687 3352 807 3399 erat
843 3344 899 3399 in
936 3359 1103 3400 carne
1146 3343 1477 3410 nasciturus,
1511 3345 1564 3400 in
1595 3360 1725 3415 quo,
1752 3352 1892 3401 atte-

298 3439 475 3487 stante
490 3430 771 3502 Apostolo,
786 3432 1037 3498 habitant
1056 3431 1291 3488 thesauri
1303 3433 1576 3504 sapientia:
1595 3444 1643 3488 et
1662 3435 1893 3491 scientia

297 3516 591 3577 absconditi
641 3522 869 3593 (Coloss.
920 3522 1002 3596 ll).
1041 3522 1262 3579 Necnon
1314 3524 1585 3595 promittit
1631 3523 1895 3580 Dominus
1940 3542 1946 3549 ο

296 3615 550 3682 Abrahae,
578 3631 687 3675 non
716 3615 890 3672 solum
934 3617 1180 3686 praemia,
1220 3617 1316 3673 sed
1365 3618 1528 3673 etiam
1573 3617 1895 3675 obedientite

300 3705 533 3761 ﬁliorum
568 3706 685 3776 ejus
716 3706 1010 3777 justitiam,
1042 3715 1104 3764 ut
1131 3709 1278 3765 circa
1331 3723 1427 3765 eos
1472 3708 1637 3764 etiam
1669 3708 1894 3779 prmmia

298 3799 566 3867 promissa
620 3799 1015 3871 compleantur.
1066 3801 1413 3872 Rursumque
1473 3803 1808 3873 promittitur
1832 3803 1896 3857 tl-

300 3889 403 3947 lius
441 3891 594 3948 lsaac
631 3894 686 3948 in
739 3904 955 3966 gentem
994 3911 1248 3968 magnam
1297 3895 1549 3960 futurus,
1583 3903 1639 3951 et
1663 3896 1808 3965 quod
1837 3896 1892 3950 in

300 3996 364 4037 eo
395 3983 790 4040 benedicentur
817 4000 1008 4041 omnes
1048 3993 1240 4057 gentes
1274 3995 1455 4041 terrae.
1487 3986 1692 4053 Quibus
1712 3986 1894 4042 verbis

300 4074 405 4131 duo
434 4076 513 4130 illi
546 4078 812 4147 promissa
861 4086 1028 4144 sunt,
1079 4079 1184 4134 hoc
1222 4086 1329 4143 est,
1376 4092 1549 4150 genus
1583 4076 1893 4132 Judteorutn

300 4166 597 4222 secundum
654 4184 916 4236 carnem,
972 4177 1030 4225 et
1100 4184 1292 4226 omnes
1340 4179 1529 4241 gentes
1596 4169 1892 4225 secundum

302 4255 483 4313 ﬁdem.
517 4260 666 4314 Dixit
696 4261 883 4332 itaque
907 4260 1170 4316 Dominus
1200 4279 1213 4314 :

370 4348 588 4406 Clamor
616 4352 969 4407 Sodomorum
995 4363 1045 4408 et
1083 4350 1545 4408 Gomorrhworum
1573 4352 1893 4425 multiplica-

301 4449 384 4495 tus
413 4449 531 4505 est,
587 4450 635 4496 et
676 4450 950 4512 peccatum
978 4454 1160 4498 eorum
1206 4451 1548 4513 aggravatum
1592 4452 1668 4497 est
1716 4444 1891 4497 nimis.

1995 3245 2149 3301 tarde
2169 3244 2441 3307 credenda
2463 3251 2734 3299 suntcum
2763 3244 3077 3313 audiuntur,
3095 3253 3151 3301 et
3172 3246 3333 3301 citius
3353 3246 3583 3319 puniens

1994 3335 2063 3390 da
2083 3350 2208 3390 cum
2236 3336 2513 3391 veraciter
2544 3343 2933 3406 agnoscuntur.

2065 3443 2542 3517 Converteruntque
2590 3461 2646 3500 se
2691 3444 2844 3511 inde,
2889 3454 2938 3499 et
2977 3444 3216 3499 abierunt
3262 3442 3582 3513 Sodomam,

1994 3532 2261 3588 Abraham
2284 3551 2402 3590 vero
2429 3535 2605 3589 adhuc
2624 3535 2798 3589 stabat
2825 3551 3003 3605 coram
3037 3534 3284 3601 Domino,
3318 3545 3369 3591 et
3397 3553 3589 3608 appro-

1994 3625 2145 3693 pians
2184 3625 2313 3678 ait:
2354 3621 2610 3695 Nunquid
2652 3624 2835 3695 perdes
2870 3625 3076 3694 justum
3121 3641 3240 3678 cum
3280 3626 3479 3696 impio?
3524 3625 3588 3682 Si

1997 3713 2194 3782 fuerint
2223 3714 2603 3785 quinquaginta
2638 3713 2773 3783 justi
2798 3715 2854 3768 in
2879 3714 3111 3780 civitate,
3139 3708 3379 3784 peribunt
3406 3715 3588 3775 simul.

1994 3815 2043 3857 et
2080 3820 2184 3858 non
2212 3820 2395 3875 parces
2424 3802 2540 3858 loco
2573 3802 2653 3856 illi
2680 3812 2893 3874 propter
2914 3804 3292 3874 quinquaginta
3312 3803 3511 3873 justas,
3539 3821 3587 3859 ss

1994 3896 2193 3965 fuerint
2217 3896 2273 3949 in
2295 3895 2396 3949 eo?
2414 3904 2471 3950 et
2492 3902 2710 3951 caetera.
2733 3894 2873 3962 Quid
2897 3895 3186 3966 signiﬁcat,
3212 3895 3354 3964 quod
3379 3910 3410 3949 a
3431 3896 3586 3966 quin-

1994 3985 2250 4058 quaginta
2284 3985 2445 4057 justis
2488 4000 2659 4056 usque
2703 3987 2757 4041 in
2801 3986 2986 4042 decem
3018 3987 3065 4041 si
3111 3985 3485 4041 invenirentur
3533 3986 3589 4042 in

1996 4076 2264 4144 Sodomis,
2309 4078 2507 4158 dixerit
2548 4064 2812 4133 Dominus
2854 4080 3041 4133 urbem
3070 4091 3192 4133 esse
3237 4076 3589 4133 salvandam?

1993 4168 2259 4223 Nimirum
2304 4167 2505 4238 quippe
2552 4166 3080 4238 quinquagenarium
3125 4182 3412 4223 numerum
3460 4182 3588 4237 pro-

1991 4267 2114 4330 pter
2138 4257 2471 4329 poenitentite
2495 4258 2705 4331 signum
2734 4257 2934 4327 posuit,
2966 4257 3011 4312 si
3038 4256 3176 4313 forte
3202 4266 3589 4314 converteren-

1995 4358 2089 4405 tur
2110 4358 2169 4405 et
2192 4349 2558 4415 salvarentur;
2585 4348 3082 4420 quinquagenarius
3107 4349 3253 4429 enim
3282 4342 3499 4421 semper
3524 4351 3595 4405 ad

1997 4438 2373 4511 paenitentiam
2407 4438 2660 4494 refertur.
2696 4437 2851 4494 Unde
2884 4447 2940 4493 et
2975 4438 3149 4494 David
3186 4440 3240 4494 in
3270 4439 3460 4495 eodem
3492 4456 3595 4494 ntt-
3660 4490 3664 4495 λ

299 4531 629 4588 Descendam
767 4533 971 4599 videbo,
1018 4544 1199 4595 utrum
1233 4508 1518 4591 clamorem
1541 4536 1632 4607 qui
1660 4536 1796 4590 venit
1823 4537 1894 4589 ad
1926 4508 1973 4568 θ
1999 4508 2150 4587 inero
2190 4530 2455 4603 psalmum
2504 4531 2694 4587 scribit
2736 4531 3083 4602 ptenitentim.
3114 4530 3349 4587 Proinde
3376 4532 3595 4602 quando

297 4640 381 4677 me
405 4640 561 4694 opere
585 4622 973 4695 compleuerint,
997 4641 1204 4680 annon
1226 4636 1302 4680 est
1329 4626 1405 4681 ita
1429 4635 1487 4680 ut
1505 4626 1691 4680 sciam.
1717 4624 1890 4681 Verba

300 4714 417 4768 haec
463 4711 511 4768 si
557 4728 663 4768 non
711 4713 1011 4771 dubitantis
1050 4716 1183 4785 quid
1207 4716 1437 4772 duorum
1455 4717 1887 4787 potiuseventu-

298 4823 419 4860 rum
444 4806 537 4873 sit,
564 4806 664 4863 sed
692 4806 980 4863 irascentis
1000 4816 1055 4863 et
1079 4808 1340 4864 minantis
1364 4809 1719 4879 accipiamus,
1742 4809 1886 4864 nulla

294 4901 530 4970 quaestio
555 4909 659 4955 est.
682 4898 832 4957 More
852 4901 1055 4972 quippe
1073 4902 1312 4957 humano
1344 4902 1490 4958 Deus
1515 4902 1571 4955 in
1598 4900 1896 4971 Scripturis

293 4990 366 5044 ad
414 4989 665 5045 homines
692 4988 954 5062 loquitur,
984 4999 1041 5047 et
1066 4989 1185 5060 ejus
1227 4991 1363 5046 iram
1394 4996 1596 5046 norunt
1631 4990 1749 5046 sine
1774 5005 1898 5060 pcr-

292 5080 612 5151 turbatione
633 5080 751 5150 ejus
776 5081 1097 5153 intelligere,
1119 5082 1214 5153 qui
1241 5084 1471 5139 cndunt
1490 5082 1659 5137 Deum
1690 5082 1895 5136 incum:

288 5171 619 5227 mutabilem
666 5187 807 5229 esse.
848 5173 1101 5232 Solemus
1144 5184 1205 5231 et
1249 5176 1333 5231 sic
1371 5175 1639 5230 minanter
1704 5174 1885 5244 loqui:

288 5263 600 5320 Videamus
646 5266 693 5322 si
738 5282 846 5321 non
885 5267 983 5331 tibi
1011 5268 1171 5333 facio,
1202 5276 1327 5333 aut,
1359 5267 1651 5323 Videamus
1683 5267 1728 5321 si
1782 5283 1889 5323 non

283 5354 374 5413 illi
408 5353 578 5420 facio,
606 5364 686 5423 et,
710 5355 769 5412 Si
801 5372 908 5417 non
934 5366 1162 5429 potuero
1182 5359 1281 5414 tibi
1308 5356 1490 5412 facere
1513 5373 1528 5422 ;
1552 5357 1662 5423 vel,
1686 5356 1911 5435 Sciam.\

276 5449 347 5505 id
408 5456 500 5503 est
535 5448 639 5505 hoc
676 5450 855 5521 ipsum
889 5450 1200 5520 esperibor,
1258 5456 1441 5504 utrum
1483 5463 1590 5503 non
1641 5447 1841 5516 possim
1871 5488 1886 5513 ,

274 5538 448 5611 quod
475 5540 864 5596 comminando
907 5556 1017 5596 non
1051 5539 1352 5612 ignorando
1397 5537 1614 5594 dicitur.
1644 5536 1774 5591 lrati
1800 5552 1894 5607 ap-

274 5641 459 5707 paret
504 5630 757 5700 affectus,
803 5634 898 5689 sed
928 5633 1267 5704 perturbatio
1299 5647 1409 5689 non
1439 5630 1591 5687 cadit
1614 5631 1669 5686 in
1695 5631 1890 5686 Deum.

270 5726 414 5786 llos
440 5734 631 5781 autem
653 5726 903 5782 humana:
926 5726 1234 5794 locutionis,
1257 5736 1315 5784 et
1332 5726 1695 5797 usitatnsest,
1718 5733 1775 5783 et
1796 5727 1894 5783 hu-

627 5820 904 5883 Parnon.
949 5818 1142 5883 CVII.

1847 5902 1879 5910 να.

1999 4625 2193 4695 aspicit
2230 4625 2374 4680 Deus
2400 4624 2827 4695 delinquentium
2852 4624 3020 4679 vitam
3038 4664 3053 4690 ,
3086 4636 3428 4695 nequaquam
3456 4624 3596 4679 velle

1997 4715 2197 4768 reverti
2224 4715 2289 4769 ad
2336 4715 2734 4784 paenitentiam,
2779 4729 2943 4784 quam
2972 4713 3467 4786 quinquagenarius
3496 4729 3599 4768 nu-

1994 4824 2182 4865 merus
2225 4812 2553 4880 praetigurat,
2604 4808 2893 4864 confestim
2936 4809 3187 4864 ardorem
3217 4810 3598 4866 immoderata:

2001 4899 2228 4956 luxuria:
2256 4902 2554 4972 compescit
2596 4903 2720 4971 igne
2749 4904 3030 4975 gehennae.
3086 4902 3264 4974 Usque
3291 4902 3359 4958 ad
3405 4903 3596 4958 decem

2000 5002 2180 5047 autem
2205 4993 2380 5061 justos
2420 5010 2525 5049 non
2566 4995 2745 5066 perire
2788 4995 3082 5051 Sodomam
3109 4995 3265 5061 dixit,
3295 4996 3419 5066 quia
3465 4996 3511 5050 si
3539 4996 3598 5050 in

1998 5085 2241 5156 quolibet
2267 5099 2366 5155 per
2404 5086 2589 5142 decem
2627 5097 3021 5160 praeceptorum
3049 5087 3349 5144 custodiam
3390 5086 3597 5143 Christi

2000 5189 2197 5229 nomen
2233 5174 2487 5238 inveniat,
2525 5176 2628 5232 iste
2651 5190 2759 5233 non
2790 5177 2966 5249 perit,
2997 5177 3203 5233 denarii
3234 5192 3469 5247 namque
3497 5193 3598 5232 nu-

1997 5268 2131 5322 meri
2186 5267 2357 5338 ﬁgura
2412 5267 2614 5324 Christi
2665 5286 2880 5328 crucem
2932 5269 3286 5326 demonstrat.
3346 5266 3483 5323 Nam
3535 5280 3595 5325 et

1997 5359 2138 5428 quod
2190 5359 2430 5429 quinque
2484 5360 2596 5415 sint
2636 5359 2885 5415 civitates
2936 5374 3058 5429 quas
3108 5357 3374 5413 imbribus
3420 5357 3600 5430 igneis

1999 5451 2344 5516 conflagrans
2386 5460 2544 5517 sunt,
2595 5449 2752 5516 illud,
2800 5450 2857 5505 ni
2907 5449 3084 5515 fallor,
3136 5448 3406 5519 signiﬁcat
3453 5450 3596 5520 quod

2000 5555 2192 5597 omnes
2238 5542 2331 5611 qui
2375 5541 2616 5612 quinque
2656 5553 2847 5596 sensus
2891 5538 3138 5608 corporis
3181 5538 3265 5593 sui
3308 5538 3599 5597 libidinose

2003 5640 2393 5699 tractaverunt,
2447 5633 2501 5688 in
2538 5633 2629 5688 illo
2673 5631 2852 5688 futuro
2894 5631 3098 5702 judicio
3128 5631 3423 5707 [incendio]
3468 5648 3601 5688 conn

1999 5724 2279 5781 cremandi
2319 5724 2447 5779 sint.
2493 5724 2678 5796 (Au9.)
2722 5721 2901 5790 Quzcri
2939 5722 3077 5779 solet
3119 5733 3304 5779 utrum
3344 5723 3489 5799 quod
3530 5723 3598 5780 de

3155 5814 3233 5883 18
