3962 6198
338 390 443 450 555

976 387 1038 441 Β.
1080 387 1330 441 RABANI
1371 382 1589 439 MAURI
1630 380 1941 435 AllCilliiP.
1980 377 2286 434 MOCUNT.
2330 378 2610 435 OI‘ERL’M
2650 380 2828 434 PARS
2866 381 2903 433 l.

3476 383 3578 442 556

334 502 581 566 Sodomis
603 502 736 561 dixit
767 501 929 564 Deus,
958 513 1061 553 uon
1091 514 1148 553 se
1175 497 1401 567 perdere
1415 494 1596 550 locum
1624 496 1667 548 si
1700 493 1902 554 invcni-
1932 497 1977 552 Α
2008 509 2037 544 a
2063 492 2276 544 minimo
2308 493 2465 563 usque
2493 494 2559 545 ad
2589 493 2905 557 iunximum,
2942 476 3016 548 ita
3056 509 3106 549 ut
3138 495 3324 563 ostium
3358 495 3581 556 invenire

335 607 525 653 rentur
546 594 653 649 illic
678 588 763 648 vel
792 592 976 647 decem
1005 590 1158 660 justi,
1182 588 1402 658 speciali
1431 586 1661 658 quadam
1691 596 1904 641 sentcn-

333 689 404 742 tia
435 688 499 741 de
524 684 614 739 illa
644 683 880 746 civitate,
919 694 989 734 an
1021 678 1090 734 de
1124 678 1374 735 omnibus
1406 676 1808 749 intelligendum
1836 677 1906 731 sit

330 776 671 850 generaliter,
712 778 935 843 parcere
972 772 1150 826 Deum
1193 768 1311 824 loco
1355 770 1410 824 in
1461 782 1779 839 quocunque
1822 767 1905 821 vel

332 870 516 923 decem
554 865 685 935 justi
728 863 945 919 fuerint.
989 861 1049 917 In
1082 876 1189 932 qua
1227 860 1520 930 quaestione
1546 870 1651 913 non
1677 867 1761 913 est
1788 858 1905 929 qui-

332 960 455 1012 dem
478 968 703 1012 necesse
733 962 797 1009 ut
826 955 931 1009 hoc
964 953 1031 1007 de
1070 951 1214 1007 omni
1254 950 1374 1005 loco
1402 949 1645 1019 accipere
1674 949 1905 1017 compel-

333 1049 537 1110 lsmur:
583 1052 953 1102 verumtamen
990 1042 1057 1097 de
1093 1041 1343 1098 Sodomis
1379 1039 1551 1111 potuit
1575 1048 1630 1093 et
1666 1038 1745 1093 sic
1777 1037 1900 1100 diri,

332 1141 455 1209 quia
486 1138 690 1193 sciebat
716 1137 861 1191 Beus
885 1135 960 1190 ibi
984 1148 1091 1187 non
1115 1147 1236 1187 esse
1254 1130 1341 1185 vel
1364 1130 1571 1195 decem,
1602 1138 1657 1183 et
1680 1127 1799 1183 ideo
1828 1129 1905 1181 sic

332 1229 755 1298 respondebatur
795 1225 1026 1279 Abrahae
1064 1229 1124 1276 ut
1159 1220 1556 1291 signiﬁcaretur
1590 1232 1689 1273 nec
1726 1226 1805 1272 tot
1832 1217 1903 1270 ibi

332 1334 489 1388 posse
515 1316 736 1372 inveniri
763 1315 831 1369 ad
856 1312 1320 1383 exaggerationem
1346 1306 1900 1377 iniquitatis‘iilormn.

332 1410 448 1464 Non
472 1408 615 1463 enim
644 1420 866 1460 necesse
893 1412 1008 1457 erat
1030 1405 1139 1457 Deo
1167 1410 1271 1455 tam
1298 1397 1575 1455 sceleratis
1601 1396 1906 1451 hominibus

330 1512 573 1569 parcere,
616 1509 847 1549 necum
894 1493 1001 1547 illis
1044 1491 1292 1561 perderet
1332 1487 1525 1559 justos,
1565 1502 1687 1542 cum
1726 1494 1906 1555 posset

324 1589 484 1659 justis
520 1587 643 1657 inde
668 1584 927 1654 liberatis,
973 1582 1196 1637 reddere
1229 1581 1409 1651 impiis
1434 1579 1593 1650 digna
1624 1576 1900 1647 supplicia.

331 1677 460 1731 Tale
494 1674 694 1744 aliquid
722 1672 865 1744 apud
902 1670 1191 1727 Jeremiam
1233 1679 1345 1733 est,
1390 1669 1481 1723 ubi
1512 1669 1588 1722 ait
1623 1680 1639 1720 :
1681 1666 1905 1719 Circuize

328 1767 440 1821 vias
467 1760 782 1826 Jerusalem,
809 1771 857 1815 et
886 1761 1067 1824 videte,
1090 1769 1137 1813 et
1165 1760 1381 1830 qucerite
1405 1759 1458 1811 in
1484 1756 1668 1826 plateis
1694 1756 1827 1824 ejus,
1857 1763 1904 1808 et

2008 598 2109 634 non
2150 592 2374 650 possent.
2412 581 2659 657 Denique
2688 581 2829 637 viros
2854 582 2970 637 illos
2995 584 3086 652 qui
3111 593 3265 638 erant
3291 585 3358 641 ad
3382 588 3580 651 ostium

2007 671 2217 738 domus,
2240 680 2622 742 percusserunt
2643 672 2899 728 caecitate.
2925 671 3096 729 Graeci
3118 675 3318 730 habent
3336 678 3581 753 ἁορασίᾳ,

2005 766 2147 841 quod
2189 767 2361 836 magis
2400 766 2685 836 signiﬁcat,
2728 766 2775 821 si
2801 765 2906 845 dici
2947 774 3150 838 posset,
3176 767 3438 823 evidentia
3464 784 3597 840 quasi

2007 857 2169 913 faciat
2194 875 2299 914 non
2331 858 2502 913 videri
2531 874 2634 913 non
2661 858 2858 922 omnia,
2898 859 2989 913 sed
3015 858 3158 929 quod
3186 874 3292 914 non
3319 874 3456 930 opus
3476 868 3581 915 est.

2006 948 2140 1003 Nam
2166 949 2361 1004 merito
2389 958 2567 1003 movet
2590 948 2859 1020 quomodo
2883 956 3177 1018 potuerunt
3195 948 3426 1005 deﬁcere
3443 966 3586 1020 quas-

2006 1040 2171 1095 rendo
2197 1040 2423 1105 ostium,
2452 1040 2497 1095 si
2527 1041 2615 1095 tali
2646 1043 3068 1119 erantcmcitale
3094 1041 3357 1110 percussi,
3383 1050 3447 1097 ut
3467 1058 3585 1099 ome

2006 1132 2133 1186 nino
2160 1131 2292 1185 nihil
2333 1130 2591 1186 viderent.
2630 1130 2753 1187 Hoc.
2774 1131 2916 1186 enim
2954 1132 3111 1186 modo
3147 1147 3243 1186 sua
3274 1131 3588 1191 calamitate

2006 1206 2204 1276 turbati
2229 1222 2455 1278 ulterius
2475 1222 2670 1277 ostium
2702 1237 2807 1277 non
2835 1222 3193 1292 requirerent.
3221 1219 3334 1280 [lac
3354 1227 3588 1304 ἂορασίᾳ

2005 1323 2058 1369 et
2086 1313 2159 1367 illi
2187 1314 2427 1384 percussi
2458 1321 2610 1379 sunt,
2641 1314 2732 1382 qui
2766 1314 3078 1384 quaarebant
3114 1310 3386 1372 Elis'eum.
3432 1317 3584 1375 Hanc

2005 1410 2059 1456 et
2081 1401 2155 1455 illi
2181 1403 2509 1467 habuerunt,
2542 1401 2633 1472 qui
2655 1402 2939 1457 Dominum
2959 1410 3085 1472 post
3110 1406 3581 1473 resurrectionem,

2005 1508 2138 1549 cum
2158 1492 2248 1549 illo
2271 1493 2607 1548 ambulantes
2635 1494 2688 1548 in
2716 1494 2824 1559 via,
2849 1509 2955 1549 non
2984 1504 3368 1564 cognoverunt,
3393 1513 3584 1567 quam-

2006 1583 2088 1638 vis
2113 1599 2216 1638 non
2246 1583 2316 1639 sit
2346 1584 2417 1638 ibi
2442 1584 2544 1638 hoc
2574 1583 2792 1639 verbum
2826 1584 3080 1654 positum,
3106 1584 3202 1640 sed
3240 1601 3328 1642 res
3360 1586 3476 1656 ipsa
3505 1588 3586 1643 in-

2009 1674 2291 1748 telligatur.
2336 1675 2557 1748 Mystiee
2594 1670 2789 1740 autem,
2836 1676 2965 1746 quid
3009 1656 3261 1746 estquod
3291 1679 3449 1735 malis
3491 1682 3582 1734 ad-

2005 1767 2344 1823 versantibus
2374 1767 2511 1822 intra
2537 1766 2755 1822 domum
2778 1766 2881 1822 Lot
2923 1767 3196 1823 reducitur
3222 1777 3276 1824 ct
3319 1771 3580 1837 munitur,

330 1856 618 1928 cognoscite
639 1855 685 1909 si
717 1852 983 1907 invenietis
1008 1850 1274 1904 ‘Itomin‘ern
1307 1848 1581 1916 facientem
1615 1847 1900 1917 justitiam,
1936 1840 1981 1900 B
2006 1856 2111 1911 nisi
2131 1856 2272 1926 quod
2301 1857 2478 1928 justus
2507 1856 2735 1927 quisque
2761 1857 2885 1912 dum
2908 1872 3192 1928 pravorum
3219 1858 3441 1915 insidias
3468 1876 3583 1917 sus-

330 1957 378 2000 et
406 1952 717 2017 quwrentem
757 1941 943 2010 ﬁderit,
983 1948 1033 1993 et
1068 1938 1322 2008 propitius
1351 1953 1439 1990 cro
1476 1936 1702 2006 peccatis
1728 1931 1906 1988 eorum

332 2035 572 2108 (Jer..v),
602 2033 657 2091 id
675 2039 781 2095 est,
808 2029 1046 2085 invenite
1069 2026 1153 2083 vel
1178 2041 1363 2091 unum,
1395 2034 1450 2081 et
1482 2038 1645 2096 parco
1674 2024 1904 2089 caneris,

331 2133 399 2187 ad
455 2127 909 2199 exaggerandum,
965 2134 1021 2179 et
1070 2122 1544 2180 demonstrandum
1615 2122 1758 2193 quod
1811 2136 1908 2177 nec

330 2236 470 2276 unus
492 2220 570 2273 ibi
594 2225 775 2289 posset
798 2215 1046 2271 inveniri.

332 2322 339 2329 °
401 2311 537 2366 Abiit
571 2310 826 2363 Dominus
860 2315 1133 2378 postquam
1184 2304 1399 2360 cessavit
1441 2304 1584 2376 loqui
1624 2304 1694 2357 ad
1737 2304 1905 2357 Abra-

331 2402 485 2464 ham;
515 2406 562 2452 et
602 2397 690 2452 ille
714 2412 949 2469 reversus
979 2404 1054 2448 est
1082 2395 1136 2449 in
1179 2394 1350 2448 locum
1382 2409 1553 2448 suum.
1586 2393 1732 2464 (CAP.
1766 2390 1929 2463 xxx.)

342 2487 844 2558 Veneruntqueduo
898 2484 1068 2563 angeli
1115 2484 1399 2538 Sedomam
1438 2498 1658 2552 vespere,
1705 2482 1909 2537 sedente

331 2582 429 2635 Lot
464 2581 519 2634 in
556 2578 756 2647 [oribus
784 2576 1027 2629 civitatis.
1075 2573 1178 2640 Qui
1216 2590 1335 2627 cum
1373 2573 1580 2627 vidisset
1626 2588 1734 2638 eos,
1786 2588 1908 2626 sur-

329 2672 462 2729 rexit
488 2680 538 2726 et
564 2670 654 2723 ivit
678 2668 881 2722 obviam
903 2666 1009 2731 eis;
1040 2666 1375 2736 adorauitque
1402 2681 1596 2735 pronus
1629 2665 1685 2718 in
1713 2674 1907 2718 terram

329 2766 504 2827 dicens
532 2777 563 2813 :.
585 2761 829 2824 Obsecro,
865 2758 1107 2821 Domine,
1140 2757 1394 2811 declinata
1427 2758 1480 2811 in
1509 2756 1723 2809 domum
1758 2756 1906 2825 pueri

330 2856 501 2918 vestri,
526 2866 571 2907 et
597 2862 799 2910 manete
836 2852 940 2913 ibi,
974 2860 1079 2906 etc.
1107 2849 1259 2916 Quod
1280 2849 1523 2905 occurrit
1551 2848 1651 2902 Lot
1680 2846 1903 2918 angelis,

329 2956 386 3000 ct
409 2945 653 3001 adoravit
698 2944 752 2998 in
794 2942 1003 3006 faciem,
1034 2942 1245 2996 videtur
1286 2938 1613 2996 intellexisse
1642 2939 1782 3008 quod
1811 2953 1906 2993 an-

330 3037 432 3105 geli
463 3046 662 3097 essent.
699 3033 804 3089 Sed
832 3048 1019 3088 rursus
1046 3047 1168 3087 cum
1198 3047 1293 3088 eos
1326 3033 1394 3086 ad
1440 3031 1784 3087 refectionem
1825 3032 1905 3084 in—

329 3128 464 3181 vitat
499 3125 769 3195 wrporis,
793 3139 914 3194 quae
946 3123 1261 3195 mortalibus
1292 3124 1594 3178 necessaria
1621 3131 1734 3187 est,
1757 3122 1906 3175 vide-

332 3227 419 3281 tur
443 3186 662 3287 putasse
684 3186 829 3285 quod
853 3190 1101 3270 homines
1118 3221 1316 3270 essent.
1349 3213 1489 3285 Ergo
1514 3213 1737 3283 quaestio
1758 3211 1906 3266 simi-
1931 3186 1975 3246 (ἶ

330 3308 450 3362 liter
483 3307 727 3371 solvitur,
754 3312 816 3360 ut
837 3304 1012 3363 soluta
1040 3311 1124 3359 est
1152 3304 1205 3358 in
1237 3304 1411 3358 tribus
1436 3303 1528 3374 qui
1551 3309 1817 3357 venerunt
1839 3296 1906 3354 ad

330 3399 625 3461 Abraham,
656 3406 712 3450 ut
740 3396 1007 3466 aliquibus
1031 3395 1196 3466 signis
1226 3402 1509 3465 appareret
1531 3409 1625 3450 eos
1649 3393 1905 3448 divinitus

331 3491 548 3555 missos,
581 3490 668 3559 qni
690 3497 870 3543 tamen
900 3489 1144 3545 homines
1169 3488 1537 3543 crederentur.
1567 3485 1703 3540 Nam
1725 3487 1828 3540 hoe
1848 3493 1907 3540 et

334 3570 653 3655 ianpistola
681 3594 800 3649 quae
822 3586 906 3633 est
939 3579 1007 3634 ad
1027 3577 1303 3642 Hebrzeos,
1327 3592 1451 3632 cum
1478 3575 1547 3631 de
1570 3574 1906 3648 hospitalita-
1948 3602 1953 3608 ι

334 3672 402 3724 tis
424 3672 561 3733 bono
583 3668 859 3738 Scriptura
879 3668 1210 3737 loqueretur,
1233 3666 1338 3721 ait:
1358 3665 1461 3720 Per
1478 3665 1613 3719 lianc
1635 3665 1771 3719 enim
1791 3666 1906 3734 qui-

332 3763 450 3815 dam
480 3761 780 3824 nescientes,
801 3758 1027 3830 hospitio
1045 3748 1341 3828 receperunt
1363 3755 1572 3827 angelos
1595 3754 1779 3829 (Hebr.
1803 3756 1900 3826 ιι).

403 3850 563 3904 Prius
592 3861 766 3904 autem
791 3866 948 3921 quam
976 3849 1109 3905 irent
1139 3848 1390 3917 cubitum,
1422 3846 1518 3902 viri
1540 3846 1775 3903 civitatis
1794 3845 1901 3900 val-

329 3942 561 4015 laverunt
597 3941 806 3993 domum
843 3956 876 3991 a
910 3954 1069 4009 puero
1095 3953 1257 4008 usque
1280 3937 1349 3991 ad
1377 3953 1571 4002 senem,
1614 3937 1781 3991 omnis
1808 3953 1902 4005 po-

326 4031 480 4101 pulus
512 4029 700 4094 simul;
740 4036 1146 4097 vocaveruntque
1186 4025 1281 4083 Lot
1317 4035 1365 4080 et
1401 4027 1645 4081 dixerunt
1674 4028 1720 4080 ei
1756 4041 1774 4079 :
1806 4020 1902 4078 Ubi

327 4130 446 4175 sunt
482 4120 579 4175 viri
610 4120 699 4189 qui
736 4117 954 4189 ingressi
1001 4126 1120 4171 sunt
1161 4115 1229 4170 ad
1274 4123 1324 4170 te
1367 4117 1553 4170 nocte?
1595 4114 1742 4171 Edric
1779 4115 1902 4170 illos

328 4208 447 4276 huc,
472 4220 527 4264 ut
549 4224 917 4281 cognoscamus
938 4224 1044 4262 eos.
1071 4206 1326 4277 Egressus
1348 4204 1417 4259 ad
1435 4221 1521 4259 eos
1547 4203 1641 4258 Lot
1662 4214 1774 4275 post
1797 4215 1902 4258 ter-

329 4318 450 4372 gum
480 4292 753 4354 occludens
777 4299 963 4352 ostium
984 4298 1055 4350 ait
1078 4312 1103 4352 :
1125 4295 1320 4363 Nolite,
1341 4311 1538 4366 quteso,
1557 4293 1755 4365 fratres
1779 4294 1911 4359 mei,

329 4389 486 4444 nolite
516 4388 712 4442 malum
741 4388 838 4442 hoc
866 4387 1040 4457 facere
1064 4402 1083 4440 :
1112 4386 1273 4440 habeo
1309 4385 1443 4440 duas
1462 4384 1625 4455 ﬁlias,
1646 4402 1766 4459 qua:
1794 4399 1907 4439 nec-

329 4482 454 4533 dum
479 4489 817 4550 cognoverunt
843 4479 1028 4543 virum,
1053 4486 1157 4533 etc.
1182 4477 1444 4544 Quoniam
1467 4477 1793 4548 prostituere
1818 4491 1905 4533 voc

240 4630 249 4643 ν
327 4571 473 4625 lebat
494 4568 598 4633 Lot
632 4567 767 4623 tilias
792 4583 916 4637 suas
943 4568 1043 4622 hac
1066 4569 1523 4638 compensatione,
1568 4578 1628 4622 ut
1664 4568 1766 4622 viri
1798 4568 1905 4622 lio-

328 4661 495 4730 spites
530 4656 644 4725 ejus
679 4657 811 4711 nihil
845 4673 876 4712 a
910 4656 1199 4713 Sodomitis
1229 4658 1333 4715 tale
1364 4668 1693 4729 paterentur,
1725 4670 1903 4715 utrum

332 4747 656 4823 admittenda
684 4747 753 4801 sit
780 4748 1146 4819 compensatio
1173 4746 1517 4820 ﬂagitiorum,
1544 4749 1628 4824 vel
1654 4765 1906 4820 quorum-

330 4854 434 4911 que
474 4848 840 4909 peccatorum,
882 4846 941 4892 ut
977 4852 1077 4893 nos
1114 4836 1376 4893 faciamus
1417 4838 1617 4911 aliquid
1654 4839 1801 4905 mali,
1835 4856 1902 4897 ne

331 4929 712 5013 alius\gravius
749 4926 909 4983 faciat
937 4927 1164 4994 malum,
1203 4944 1269 4983 an
1306 4929 1484 4999 potius
1510 4931 1898 5000 perturbationi

334 5021 460 5085 Lol,
505 5034 610 5074 non
640 5018 863 5074 consilio
907 5018 1247 5073 tribuendum
1284 5020 1380 5081 sit,
1410 5021 1533 5088 quia
1561 5020 1662 5075 hoc
1685 5021 1899 5085 dixerit,

332 5112 523 5167 merito
549 5110 827 5181 quaeritur.
854 5109 922 5164 Et
958 5109 1211 5164 nimirum
1238 5110 1688 5179 periculosissime
1711 5111 1902 5175 admit-

331 5205 463 5259 titur
500 5205 616 5257 brcc
654 5201 1041 5272 compensatio.
1075 5200 1129 5258 Si
1168 5210 1345 5257 autem
1374 5203 1767 5271 perturbationi
1806 5204 1902 5257 bu-

331 5306 502 5349 manzc
533 5293 803 5359 tribuitur,
831 5301 885 5363 et
912 5292 1081 5347 menti
1112 5300 1259 5353 tanto
1285 5292 1424 5347 malo
1449 5303 1728 5363 permotus,
1759 5294 1902 5350 milio

333 5385 488 5440 modo
516 5382 771 5440 imitanda
799 5360 900 5437 esi.

414 5472 523 5527 l’im
558 5489 759 5544 quoque
783 5474 1039 5543 feriebant
1071 5472 1163 5526 Lot
1198 5472 1650 5529 vehementissime.
1680 5472 1903 5546 Jamque

329 5581 482 5635 prope
512 5554 656 5629 crat',
683 5572 740 5617 ut
766 5563 1063 5634 [tangerent
1101 5564 1258 5633 fores,
1285 5573 1332 5618 et
1361 5579 1477 5617 ecce
1508 5564 1763 5641 miserunt
1787 5581 1902 5618 ma—

334 5668 455 5707 num
490 5652 609 5718 viri,
645 5661 695 5706 et
730 5644 1127 5706 introduxerunt
1164 5654 1233 5706 ad
1266 5669 1320 5707 se
1354 5651 1470 5718 Lot,
1509 5653 1904 5725 clauseruntque

335 5743 522 5798 ostium
544 5781 557 5807 ,
588 5750 636 5795 et
664 5730 872 5812 eosqui
898 5752 1043 5795 erant
1085 5741 1212 5808 foris
1244 5726 1619 5813 percusserunt
1651 5744 1902 5810 ca’ritate,

2007 1949 2160 2013 tinet,
2197 1949 2264 2004 ad
2306 1956 2539 2025 mentem
2567 1951 2854 2005 revertitur
2875 1957 2929 2006 et
2954 1950 3350 2022 imperterritus
3369 1958 3581 2012 manet?

2009 2039 2299 2096 Sodomita:
2342 2050 2518 2095 autem
2547 2042 2647 2096 viri
2689 2042 2740 2096 in
2782 2043 2938 2101 domo
2967 2041 3067 2098 Lot
3104 2044 3302 2101 ostium
3344 2045 3585 2099 invenire

2006 2138 2296 2202 nequeunt,
2343 2132 2466 2200 quia
2505 2140 2848 2202 corruptores
2894 2135 3150 2188 mentium
3197 2145 3381 2191 contra
3421 2136 3584 2190 vitant

2000 2221 2130 2291 justi
2162 2223 2361 2277 nullum
2390 2223 2746 2300 accusatipnis
2778 2224 2981 2280 aditum
3004 2226 3426 2297 deprehendunt.
3454 2228 3583 2283 Per-

2006 2313 2149 2366 cussi
2182 2312 2421 2368 cwcitate
2449 2313 2602 2381 quasi
2648 2313 2863 2368 domum
2906 2314 3263 2381 circumeunt,
3310 2315 3400 2386 qui
3443 2316 3581 2372 invi~

2008 2402 2194 2456 dentes
2231 2401 2370 2456 facta
2411 2403 2660 2473 dictaque
2691 2412 3118 2474 perscrutantur.
3164 2404 3269 2459 Sed
3307 2406 3431 2476 quia
3469 2405 3587 2474 ejus

2008 2493 2072 2548 de
2092 2493 2202 2545 vita
2220 2492 2351 2563 justi
2381 2493 2532 2548 fortis
2555 2494 2791 2565 undique
2813 2510 2875 2548 ac
2907 2484 3186 2549 laudabilis
3217 2496 3358 2551 actio
3379 2497 3579 2559 obviat,

2007 2591 2249 2638 errantes
2279 2582 2411 2636 nihil
2441 2583 2584 2638 aliud
2615 2599 2773 2654 quam
2800 2584 3057 2654 parietem
3085 2585 3325 2656 palpant.

2574 2712 2801 2769 CAPUT
2839 2712 3021 2768 XXlll.

2007 2851 2084 2905 De
2110 2851 2429 2905 abscessione
2458 2846 2553 2903 Lat
2593 2867 2623 2902 ιι
2656 2840 2929 2914 Sodomis,
2969 2859 3014 2902 et
3044 2846 3316 2903 concubitu
3357 2850 3580 2904 duarum

2472 2920 2714 2988 ﬁliarum
2743 2920 2858 2990 ejus
2882 2934 2999 2973 cum
3027 2932 3105 2973 eo.

3418 2638 3481 2673 {~V

2077 3027 2330 3099 Egressus
2352 3029 2527 3099 itaque
2552 3027 2649 3081 Lot
2675 3027 2877 3082 locutus
2892 3034 2980 3082 'est
3004 3026 3072 3081 ad
3098 3044 3311 3099 generos
3332 3044 3473 3094 suos,
3493 3031 3584 3100 qui

2007 3121 2264 3188 accepturi
2294 3130 2440 3173 erant
2469 3119 2611 3189 ﬁlias
2650 3119 2764 3188 ejus
2801 3130 2848 3173 et
2882 3120 3014 3173 dixit
3042 3135 3069 3172 :
3112 3119 3338 3192 Surgite,
3377 3123 3582 3193 egredi-

2006 3210 2137 3262 mini
2179 3208 2243 3262 de
2290 3208 2403 3263 loco
2445 3210 2567 3276 isto,
2617 3212 2739 3280 quia
2788 3208 2973 3265 delebit
3022 3210 3275 3265 Dominus
3324 3213 3582 3267 civitatem

2007 3298 2161 3351 hanc.
2195 3297 2263 3352 Et
2295 3301 2432 3353 visus
2454 3309 2535 3354 est
2567 3302 2641 3354 eis
2678 3302 2828 3371 quasi
2853 3300 3036 3355 ludens
3078 3301 3238 3372 loqui.
3270 3301 3339 3356 Et
3380 3302 3584 3359 locutus

2006 3400 2101 3456 est,
2140 3389 2336 3459 inquit,
2372 3392 2442 3445 ad
2468 3406 2681 3462 generos
2707 3408 2828 3447 suos
2859 3396 2947 3466 qui
2973 3396 3235 3465 accepturi
3267 3405 3416 3450 erant
3441 3395 3585 3465 ﬁlias

2005 3482 2138 3553 ejus.
2171 3481 2307 3549 Quia
2335 3492 2515 3554 postea
2538 3485 2655 3539 dua:
2676 3478 2796 3540 ﬁlia:
2823 3484 2925 3540 Lot
2949 3485 3184 3555 virgines
3208 3485 3373 3543 fuisse
3398 3488 3585 3544 dicun-

2009 3580 2115 3637 tur,
2155 3574 2223 3628 de
2263 3575 2457 3643 quibus
2501 3573 2612 3644 ipse
2652 3574 2849 3629 dudum
2880 3574 2943 3628 ad
2978 3573 3286 3630 Sodomteos
3317 3577 3528 3632 dixerat
3564 3596 3581 3630 :

2005 3663 2141 3718 Ecce
2164 3664 2284 3717 dure
2316 3664 2443 3733 ﬁlia:
2479 3678 2607 3719 mete
2633 3682 2750 3737 qua:
2785 3681 2886 3720 non
2927 3656 3269 3736 cognovlrun't
3312 3669 3501 3734 virum,
3530 3679 3588 3724 ct

2006 3770 2149 3808 nunc
2175 3754 2451 3824 Scriptura
2481 3764 2868 3810 commemorat
2901 3770 3022 3810 eum
3053 3753 3306 3813 habuisse
3334 3774 3582 3833 generos,

2005 3845 2246 3899 nonnulli
2286 3845 2618 3900 arbitrantur
2655 3842 2775 3900 illas
2815 3861 2933 3916 qum
2983 3847 3129 3901 viros
3169 3845 3475 3913 habuerint,
3528 3849 3585 3902 in

2007 3931 2255 3987 Sodomis
2292 3933 2638 3998 remansisse,
2670 3942 2727 3987 et
2764 3948 2859 3987 eas
2896 3934 3073 3990 exisse
3104 3932 3235 3989 cum
3271 3945 3425 4006 patre
3464 3952 3587 4006 qua:

2005 4023 2238 4092 virgines
2266 4021 2483 4078 fuerint.
2509 4021 2659 4089 Ωιιὸὰ
2689 4037 2809 4076 cum
2832 4021 3119 4094 Scriptura
3145 4039 3254 4078 non
3283 4025 3443 4088 dicat,
3480 4025 3587 4081 lle-

2005 4112 2146 4165 braza
2173 4112 2712 4182 veritas-exponenda
2737 4121 2821 4167 est
2846 4114 2898 4167 in
2928 4129 3033 4184 qua
3064 4114 3322 4170 scribitur
3347 4134 3360 4171 :
3391 4114 3586 4188 Egres-

2003 4218 2091 4256 sus
2114 4211 2188 4256 est
2223 4200 2319 4257 Lot
2358 4212 2409 4256 et
2447 4202 2652 4257 locutus
2693 4212 2769 4257 est
2816 4204 2885 4257 ad
2929 4220 3143 4274 sponsos
3183 4208 3278 4276 qui
3319 4208 3586 4278 accepturi

2003 4302 2150 4347 erant
2186 4293 2325 4362 ﬁlias
2353 4294 2485 4364 ejus.
2527 4293 2761 4348 Necdum
2805 4309 2932 4367 ergo
2978 4297 3217 4367 virgines
3245 4295 3368 4352 ﬁlia:
3396 4300 3581 4353 matri-

2003 4385 2185 4440 monio
2212 4384 2427 4439 fuerant
2449 4385 2726 4454 copulatae.

2075 4475 2305 4547 Cumque
2328 4485 2458 4530 esset
2480 4480 2662 4539 'm'ane,
2690 4476 2934 4546 cogebant
2963 4478 3081 4530 eum
3110 4476 3280 4547 angeli
3303 4477 3530 4532 dicentes
3557 4496 3577 4532 :

1933 4533 1982 4611 Β
2011 4565 2179 4637 Surge
2205 4533 2253 4621 et
2272 4566 2403 4620 tolle
2427 4533 2823 4621 uxorem'tuoum
2842 4576 2888 4620 et
2914 4567 3048 4620 duas
3068 4533 3219 4636 ﬁlias
3240 4578 3370 4638 quas
3397 4567 3575 4633 habes,

2009 4675 2071 4711 ne
2106 4666 2154 4712 et
2192 4667 2250 4712 tu
2289 4657 2488 4728 pariter
2515 4672 2695 4728 pereas
2730 4660 2784 4712 in
2817 4658 3006 4713 scelere
3030 4658 3274 4714 civitatis.
3313 4658 3577 4714 Dissimu-

2008 4750 2153 4805 lante
2192 4749 2284 4804 illo
2330 4750 2777 4820 npprelunderunt
2820 4760 3031 4804 mairum
3077 4750 3222 4819 eius,
3272 4759 3322 4804 et
3361 4766 3577 4804 manum

1998 4839 2185 4893 uxoris
2227 4855 2290 4893 ac
2327 4839 2555 4892 duarum
2592 4837 2826 4907 ﬁliarum
2858 4839 3009 4909 ejus,
3043 4854 3104 4892 eo
3141 4838 3279 4910 quod
3317 4838 3585 4893 Dominus.

2005 4936 2235 4998 parceret
2276 4927 2377 4994 illi,
2421 4937 2470 4982 et
2516 4927 2805 4984 editurum
2841 4944 2987 4995 eum,
3017 4939 3399 5001 possiet-antqua
3426 4940 3575 4984 cura

2002 5021 2081 5072 civ
2093 5023 2292 5083 tatem;
2318 5020 2392 5074 ibi
2420 5019 2580 5074 locuti
2600 5031 2719 5075 sunt
2746 5022 2815 5076 ad
2838 5037 2956 5076 eam
2974 5022 3202 5077 dicentes
3226 5035 3246 5074 :
3272 5021 3433 5078 Salva
3451 5024 3572 5077 ani-

2002 5127 2140 5164 mam
2170 5120 2367 5177 tuam;
2414 5110 2522 5166 noli
2552 5113 2806 5183 respicere
2844 5123 2957 5184 post
2986 5123 3205 5184 tergum,
3249 5130 3341 5168 nec
3378 5122 3480 5168 stes
3517 5115 3572 5168 in

2002 5202 2145 5257 omni
2170 5202 2310 5255 circa
2338 5202 2564 5272 regiuns,
2594 5204 2683 5256 sed
2708 5204 2765 5258 in
2789 5212 2963 5258 monte
2985 5204 3187 5258 solum
3213 5210 3263 5259 te
3288 5204 3394 5273 fac,
3438 5220 3503 5258 ne
3523 5214 3574 5259 et

2003 5300 2060 5344 tu
2096 5291 2251 5346 simul
2283 5301 2483 5356 pereas.
2519 5291 2700 5363 (Isid.)
2742 5293 2910 5364 Igitur
2936 5292 3048 5349 Lot
3086 5282 3570 5363 haterAbt'aham,

2001 5383 2180 5453 justus
2212 5390 2268 5439 et
2300 5383 2582 5454 hospitalis
2611 5384 2664 5436 in
2698 5384 2965 5448 Sodomis,
2992 5384 3088 5453 qui
3114 5398 3187 5440 ex
3208 5384 3305 5439 illo
3328 5384 3577 5439 incendio

2007 5473 2149 5544 quod
2190 5482 2310 5528 erat
2352 5471 2648 5530 similitudo
2686 5472 2856 5527 laturi
2894 5474 3114 5544 iudicii,
3163 5474 3359 5528 meruit
3398 5471 3577 5529 salvus

2007 5564 2255 5635 evadere,
2292 5572 2479 5633 typum
2501 5562 2770 5633 ﬁgurabat
2796 5564 3038 5632 corporis
3066 5563 3274 5618 libristi
3293 5603 3308 5626 ,
3336 5563 3483 5633 quod
3522 5562 3575 5615 in

2009 5654 2259 5708 omnibus
2286 5652 2493 5709 sanctis
2519 5660 2575 5707 et
2602 5668 2743 5707 nunc
2773 5654 2917 5707 inter
2943 5654 3155 5723 iniquos
3179 5664 3343 5724 atque
3385 5652 3595 5723 impios

2011 5745 2203 5815 ειτωὶι,
2250 5760 2479 5815 quorum
2506 5744 2666 5801 funis
2704 5760 2821 5799 non
2850 5746 3148 5810 consentit,
3184 5755 3238 5801 et
3266 5760 3307 5800 a
3344 5758 3575 5815 quorum
