3962 6198
370 227 481 286 551

1409 223 1764 281 CONMENT.
1804 221 1873 277 lN
1914 217 2235 280 GENESIM.
2276 247 2347 258 -—
2380 217 2513 274 LIB.
2550 215 2615 272 Π.

3534 217 3641 275 558

370 340 746 416 permistiono,
770 338 955 396 mali
988 339 1041 395 in
1066 336 1171 394 fune
1197 337 1533 406 liberabitur,
1564 338 1670 394 illis
1682 337 1965 408 damnatis
1983 342 2034 403 Α
2059 332 2219 389 nibus
2247 330 2605 387 internectat.
2636 328 2794 387 Unde
2817 336 2963 398 recte
3000 343 3099 400 per
3116 326 3369 403 angelum
3390 332 3462 389 ad
3482 349 3646 395 exm—

370 432 636 505 supplicio
656 429 803 502 ignis
829 430 1034 485 merui.

444 522 694 593 Dixitque
723 520 821 576 Lot
848 520 922 575 ad
943 536 1030 578 eos
1056 536 1075 573 :
1098 517 1309 586 ρυωω,
1332 519 1564 576 Domine
1588 521 1691 584 ani,
1712 522 1843 592 quia
1870 524 1958 575 in-

372 615 503 671 uenit
544 630 726 669 seruus
762 624 891 668 tuus
923 611 1150 683 gratiam
1190 628 1369 666 curant
1404 624 1475 679 te,
1517 619 1566 667 et
1611 613 1961 684 magniﬁcam

373 705 784 762 misericordiam
823 714 972 761 utam
996 716 1153 774 quam
1185 704 1354 774 fecisti
1372 720 1611 770 mecum,
1652 714 1711 759 ut
1731 705 1961 759 saluares

373 797 601 851 animum
631 811 820 857 meant,
850 808 942 847 nec
970 810 1178 863 possunt
1203 794 1257 847 in
1284 804 1459 849 monte
1485 794 1698 858 salvari,
1736 813 1803 850 ne
1826 795 1963 866 forte

373 885 725 956 apprehendat
768 901 850 939 me
892 883 1092 940 malum
1137 895 1187 939 et
1229 888 1447 940 moriar.
1495 884 1588 940 Est
1630 886 1811 941 civitas
1850 888 1961 942 hate

369 975 523 1047 juxta
558 974 628 1031 ad
648 992 813 1045 quam
854 990 1064 1045 possum
1108 974 1288 1047 fugere
1319 992 1502 1046 parua,
1542 987 1593 1031 et
1626 977 1872 1032 salvabor
1906 980 1962 1033 in

372 1082 433 1120 ea
458 1081 477 1119 :
515 1063 769 1131 Nunquid
810 1080 915 1117 non
949 1063 1157 1118 modica
1198 1074 1295 1130 est,
1338 1076 1389 1120 et
1408 1067 1539 1121 uiuet
1581 1069 1762 1143 animo
1805 1069 1964 1122 mea?

373 1156 620 1225 Dixitque
651 1155 720 1207 ad
754 1172 874 1209 eum
899 1168 918 1206 :
957 1154 1095 1208 Ecce
1128 1155 1287 1211 etiam
1326 1157 1383 1211 in
1419 1157 1517 1211 hoc
1546 1159 1748 1229 suscepi
1787 1174 1962 1229 preces

375 1260 512 1312 tuas,
561 1258 614 1301 ut
655 1265 759 1302 non
793 1248 1089 1302 subvertant
1133 1250 1312 1304 urbem
1357 1265 1453 1321 pro
1494 1266 1598 1321 qua
1634 1249 1840 1305 locutus
1882 1268 1958 1305 es.

375 1337 592 1394 Festina
615 1349 662 1392 et
691 1338 897 1395 sulcare
920 1340 980 1394 in
1006 1356 1090 1405 ea,
1116 1342 1241 1411 quia
1268 1357 1371 1395 non
1398 1349 1577 1410 potero
1600 1339 1779 1407 facere
1803 1341 1959 1412 quid-

300 1476 305 1480 .
372 1445 553 1506 quam,
593 1428 759 1486 donec
804 1427 1120 1499 ingrediaris
1162 1428 1309 1482 illuc.
1354 1428 1564 1483 Idcirco
1607 1440 1847 1484 cacatum
1886 1438 1977 1486 est

374 1538 557 1579 nomen
585 1521 728 1574 illius
753 1515 899 1576 urbis
923 1514 1276 1587 Segor.,Quid
1304 1532 1439 1588 ergo
1468 1516 1741 1590 signiﬁcat
1758 1560 1773 1584 ,
1817 1519 1958 1588 quod

373 1614 484 1684 ipse
510 1613 615 1667 Lot
634 1612 915 1668 ardentem
938 1609 1231 1668 Sodomam
1262 1610 1494 1681 fugiens,
1520 1610 1665 1664 venit
1692 1608 1882 1682 Segor,
1905 1620 1964 1665 et

2058 422 2179 477 dem
2224 420 2326 476 Lot
2356 420 2557 477 dicitur
2588 418 2771 475 :Eoce
2806 419 2967 474 etiam
3005 420 3062 474 in
3102 419 3201 475 hoc
3228 420 3649 495 suscqiim

2059 523 2200 575 tatas,
2219 523 2278 566 ut
2308 528 2410 567 non
2426 511 2727 567 suborth
2746 510 2928 566 urbem
2943 527 3042 582 pro
3066 527 3174 583 qua
3191 512 3397 569 iactatus
3418 526 3492 583 es,
3508 518 3648 586 quia

2060 605 2461 660 videlicetcnm
2486 606 2613 660 dlce
2652 604 2968 674 devocatio
3005 603 3267 671 funditur,
3298 604 3645 677 nequaquam

2061 698 2184 752 talis
2227 697 2511 768 conjugum
2554 698 2661 751 vita
2708 697 3013 751 damnatur.
3064 699 3140 753 De
3185 714 3290 768 qua
3336 701 3650 770 precatione

2059 790 2496 860 quoque-Paulus
2523 790 2805 845 admonuit
2828 791 3012 846 dicens
3038 810 3051 845 :
3088 790 3266 847 Nolite
3284 792 3541 863 fraudare
3560 808 3647 848 sn-

2060 881 2238 947 uicem,
2285 883 2386 937 nisi
2424 884 2562 953 forte
2597 901 2663 938 ea:
2702 902 2956 941 consensu
2994 887 3065 941 ad
3092 892 3323 958 tempus,
3365 897 3420 941 ut
3454 890 3647 946 vacetis

2060 977 2286 1029 orationi
2316 975 2367 1047 (I
2392 976 2511 1030 Cor.
2543 977 2641 1048 vn)
3590 982 3596 987 ’

2133 1062 2225 1118 Sol
2256 1081 2493 1135 egressus
2530 1077 2608 1121 est
2645 1085 2802 1138 super
2833 1079 3026 1123 terram
3054 1081 3101 1123 et
3134 1070 3229 1125 Lat
3268 1074 3528 1143 ingressus
3569 1084 3647 1129 est

2064 1154 2247 1225 Segor.
2285 1155 2462 1226 Igitur
2492 1158 2750 1213 Dominus
2786 1160 2918 1231 pluit
2954 1177 3113 1231 super
3140 1161 3425 1217 Sodomam
3461 1172 3510 1217 et
3537 1160 3644 1217 Go-

2062 1245 2328 1298 morrham
2355 1244 2576 1316 sulphur
2598 1255 2647 1300 et
2672 1247 2842 1317 ignem
2867 1266 2899 1302 a
2928 1249 3151 1303 Boruino
3177 1250 3242 1303 de
3267 1251 3424 1316 caelo;
3440 1262 3496 1306 et
3520 1250 3647 1306 sub-

2062 1337 2211 1390 vertit
2236 1337 2467 1391 ciuitates
2486 1338 2613 1401 'has,
2637 1347 2688 1391 et
2716 1353 2919 1393 onmem
2952 1340 3093 1394 circa
3123 1342 3403 1411 regionem,
3438 1343 3650 1397 uniuer-

2061 1441 2149 1484 sos
2164 1427 2728 1493 habitatoresurbium,
2747 1439 2793 1482 et
2811 1440 3001 1485 cuncta
3017 1438 3170 1484 terra:
3188 1431 3425 1485 virentia.
3445 1428 3645 1503 (Greq.,

2063 1518 2203 1586 Quid
2230 1520 2285 1575 in
2314 1520 2571 1591 sulphure
2594 1520 2698 1577 nisi
2727 1522 2867 1576 fetor
2890 1522 3094 1588 carnis,
3120 1530 3176 1577 et
3195 1524 3325 1592 quid
3350 1536 3449 1594 per
3469 1525 3649 1595 ignem

2066 1610 2169 1665 nisi
2204 1612 2366 1666 ardor
2404 1612 2659 1667 desiderii
2697 1614 2932 1669 carnalis
2968 1614 3323 1685 exprimitur?
3357 1614 3491 1670 Cum
3519 1630 3651 1687 ergo

372 1720 716 1775 nequaquam
747 1704 816 1759 ad
861 1712 1117 1760 montana
1148 1702 1496 1766 conscendit,
1533 1703 1635 1757 nisi
1678 1704 1821 1772 quod
1864 1702 1966 1758 So-
1991 1694 2040 1753 B
2069 1701 2427 1757 habitantium
2466 1703 2717 1759 Sodomis
2746 1705 2838 1761 vel
2878 1704 3197 1762 Gomorrhm
3229 1706 3411 1763 c'arnis
3444 1707 3651 1763 scelera

374 1797 554 1860 doma,
578 1812 699 1864 qua:
726 1797 1114 1865 interpretatur
1141 1797 1370 1860 caecitas,
1408 1793 1678 1847 mundana
1708 1792 1961 1864 exprimit

372 1886 659 1952 desideria,
697 1885 919 1942 altitudo
941 1901 1072 1941 vero
1106 1887 1388 1952 montium,
1416 1884 1711 1957 speculatio
1734 1895 1816 1940 est
1841 1898 1964 1955 per-

371 1972 674 2030 lecturum?
703 1974 809 2031 Sed
835 1976 959 2045 quia
988 1976 1141 2031 multi
1167 1984 1295 2031 sunt
1323 1974 1478 2044 justi,
1508 1975 1601 2046 qui
1635 1975 1814 2029 mundi
1842 1975 1964 2045 qui-

369 2076 493 2123 dem
524 2068 806 2124 illecebras
828 2067 1057 2139 fugiunt,
1086 2070 1182 2125 sed
1211 2080 1411 2135 tamen,
1460 2071 1514 2124 in
1541 2072 1754 2127 actione
1777 2070 1959 2140 positi,

371 2159 847 2231 contemplationis
880 2160 1089 2231 apicem
1118 2161 1304 2217 subire
1336 2177 1441 2217 non
1467 2172 1701 2232 queunt,
1741 2162 1847 2218 hoc
1878 2168 1963 2217 est

369 2249 513 2319 quod
541 2250 707 2304 exivit
735 2249 950 2319 quidem
971 2251 1040 2305 de
1070 2249 1338 2317 Sodomis,
1367 2254 1461 2307 sed
1488 2262 1669 2308 tamen
1694 2255 1763 2309 ad
1801 2267 1959 2307 mon-

368 2348 497 2393 tana
526 2353 633 2394 non
668 2340 934 2410 pervenit.
966 2340 1097 2410 quia
1132 2339 1454 2397 damnabilis
1475 2341 1587 2396 vita
1616 2342 1955 2413 relinquitur,

369 2422 466 2486 scd
494 2430 672 2485 adhuc
714 2430 975 2487 celsitudo
1004 2430 1394 2501 speculationis
1434 2433 1705 2489 subtiliter
1737 2449 1845 2489 non
1876 2442 1958 2489 te-

370 2529 549 2575 netur.
589 2521 714 2576 lude
745 2521 885 2576 idem
922 2521 1026 2578 Lot
1061 2521 1131 2577 ad
1173 2522 1424 2594 angelum
1452 2522 1624 2580 dicit:
1657 2525 1753 2579 Est
1779 2526 1959 2581 civitas

373 2616 484 2668 [nec
508 2613 692 2683 juxta,
721 2614 790 2667 ad
816 2630 974 2684 quam
1001 2631 1211 2685 possum
1238 2616 1419 2686 fugere
1443 2632 1628 2687 parva,
1649 2628 1700 2672 et
1721 2617 1962 2673 salvabor

370 2706 427 2763 in
450 2724 512 2761 ea
528 2723 548 2771 ;
578 2706 813 2777 nunquid
839 2702 1174 2762 non'modica
1197 2700 1293 2771 est,
1321 2718 1373 2762 et
1397 2709 1527 2763 vivet
1546 2711 1736 2764 animo
1764 2726 1879 2764 mea
1904 2711 1959 2764 in

371 2797 471 2851 ea?
510 2795 681 2852 Juxta
722 2797 889 2868 igitur
917 2797 1135 2864 dicitur,
1175 2807 1231 2853 et
1270 2808 1451 2854 tamen
1478 2799 1815 2879 ad‘salutem
1846 2810 1958 2855 tuta

371 2887 707 2958 perhibetur,
736 2887 864 2957 quia
907 2887 1135 2944 actualis
1164 2890 1279 2943 vita
1307 2904 1409 2945 nec
1448 2905 1480 2943 a
1508 2888 1692 2944 mundi
1718 2890 1866 2945 curis
1894 2905 1958 2945 ex

2063 1794 2257 1865 punire
2280 1795 2540 1851 Dominus
2568 1796 2912 1861 decrevisset,
2958 1798 3013 1852 in
3063 1799 3179 1867 ipsa
3202 1798 3461 1869 qualitate
3492 1799 3652 1855 ultio-

2063 1885 2150 1940 nis
2173 1884 2406 1941 ihnotnit
2429 1885 2699 1941 maculam
2725 1888 2988 1943 criminis.
3024 1888 3265 1958 Sulphur
3290 1890 3489 1961 quippe
3517 1891 3652 1947 feto-

2063 1989 2178 2030 rem
2209 1976 2403 2040 habet,
2440 1976 2581 2047 ignis
2613 1976 2885 2032 ardorem.
2928 1976 3033 2044 Qui
3075 1978 3260 2049 itaque
3300 1980 3368 2034 ad
3391 1993 3652 2051 perversa

2062 2063 2329 2121 desideria
2357 2081 2425 2122 ex
2463 2066 2646 2121 carnis
2680 2065 2854 2122 fetore
2882 2076 3158 2134 arserant,
3202 2068 3421 2141 dignum
3463 2069 3566 2125 fuit
3591 2077 3653 2126 ut

2062 2156 2220 2213 simul
2262 2156 2522 2227 sulphure
2562 2158 2805 2227 perirent
2835 2166 2895 2213 et
2924 2159 3072 2227 igne,
3101 2168 3367 2228 quatenus
3403 2176 3468 2215 ex
3502 2158 3653 2229 justa

2060 2261 2221 2318 pinna
2255 2247 2529 2303 discerent
2567 2260 2634 2302 ex
2668 2247 2870 2319 iniusto
2903 2248 3174 2304 desiderio
3206 2250 3334 2319 quid
3371 2250 3651 2307 fecissent.

2134 2338 2533 2410 Respiciensque
2558 2355 2696 2393 uxor
2731 2339 2877 2395 illius
2912 2350 3028 2412 post
3053 2357 3128 2406 se,
3168 2358 3313 2396 versa
3348 2353 3424 2396 est
3454 2344 3510 2398 in
3536 2354 3652 2399 sta-

2062 2439 2208 2484 tuam
2241 2428 2388 2484 salis.
2436 2430 2585 2485 Uxor
2619 2439 2801 2486 autem
2844 2430 2979 2499 ejus,
3010 2446 3198 2487 eorum
3238 2433 3447 2488 scilicet
3482 2449 3653 2505 genus

2064 2521 2313 2592 ﬁguravit
2341 2522 2454 2590 qui,
2502 2536 2601 2592 per
2643 2523 2875 2594 gratiam
2904 2525 3081 2578 vocati
3130 2524 3249 2589 Dei,
3296 2532 3444 2579 retro
3483 2528 3653 2595 respi-

2061 2612 2241 2677 ciunt,
2269 2621 2328 2666 et
2354 2614 2419 2667 ad
2456 2628 2518 2668 ea
2555 2630 2675 2684 qua:
2718 2613 3055 2684 reliquerant
3093 2616 3270 2670 redire
3296 2618 3650 2683 contendunt,

2062 2707 2129 2760 de
2155 2706 2349 2774 quibus
2380 2706 2496 2775 ipse
2525 2705 2809 2772 Dominus,
2841 2706 3030 2772 Nemo,
3061 2708 3286 2776 inquit,.
3297 2722 3493 2778 ponens
3535 2726 3650 2765 ma-

2063 2815 2185 2853 num
2224 2810 2380 2853 suam
2417 2815 2575 2870 super
2615 2810 2874 2867 aratrum,
2904 2802 3183 2871 respiciens
3206 2812 3369 2867 retro,
3396 2813 3551 2873 aptus
3578 2813 3654 2858 est

2062 2906 2217 2961 regno
2254 2890 2352 2944 Dei
2398 2888 2552 2961 (Luc.
2581 2889 2676 2961 vr).
2726 2890 2879 2946 Unde
2907 2900 2959 2946 et
3003 2891 3092 2947 ille
3135 2892 3457 2962 prohibetur
3502 2902 3648 2948 retro

375 2989 484 3034 tota
511 2980 744 3035 discreta
769 2988 871 3045 est,
908 2994 1010 3035 nec
1043 2989 1221 3035 tamen
1247 2995 1279 3034 a
1303 2980 1501 3050 gaudio
1524 2980 1715 3036 salutis
1740 2993 1960 3037 aeternae
1992 2982 2030 3054 '_
2065 2983 2353 3054 respicere,
2384 2998 2484 3052 per
2506 2983 2649 3053 quod
2689 2982 2999 3039 ostenderet
3034 2999 3140 3039 non
3166 3000 3286 3040 esse
3317 2985 3649 3040 redeundum

374 3072 570 3127 aliena.
601 3071 733 3126 ltem
762 3071 921 3127 aliter
949 3089 962 3123 :
994 3068 1284 3127 Ardentem
1310 3047 1608 3126 Sodomam
1640 3070 1846 3143 fugere,
1875 3080 1962 3126 est
1989 3047 2033 3107 Ο
2066 3075 2132 3128 ad
2155 3047 2401 3130 vetarem
2429 3047 2619 3141 vitam,
2647 3075 2760 3144 qui,
2796 3090 2895 3145 per
2922 3075 3147 3147 gratiam
3173 3056 3497 3149 regenerati,
3526 3077 3655 3132 ulti-

378 3161 555 3217 illicita
583 3160 767 3216 carnis
814 3160 1059 3217 incendia
1104 3160 1409 3227 declinare;
1458 3160 1686 3217 altitudo
1726 3174 1856 3217 vero
1881 3173 1964 3216 cst
2066 3180 2211 3217 unum
2249 3164 2474 3235 cupiunt
2509 3163 2738 3219 evadere
2775 3164 3058 3235 judicium.
3102 3166 3257 3233 Quod
3293 3182 3423 3221 vero
3462 3166 3651 3223 eadem

377 3253 958 3319 montium,'munditia
980 3254 1404 3321 continentium;
1439 3256 1525 3309 vel
1548 3268 1698 3311 certe
1725 3259 1876 3326 quasi
1908 3258 1960 3312 in

376 3352 558 3399 monte
582 3352 732 3411 sunt,
756 3344 849 3415 qui
886 3346 1052 3403 etiam
1077 3346 1284 3403 carnali
1314 3347 1517 3418 copulae
1544 3349 1829 3415 inluerent,
1868 3351 1964 3405 sed

377 3444 557 3491 tamen
595 3442 749 3490 extra
788 3436 1142 3506 suscipiendae
1178 3437 1346 3507 prolis
1391 3438 1768 3494 admistionem
1810 3440 1963 3494 debi-

379 3535 527 3593 tam,
580 3527 729 3582 nulla
776 3529 961 3584 carnis
1003 3529 1279 3600 voluptate
1323 3528 1623 3585 solvuntur.
1674 3530 1731 3585 In
1782 3541 1965 3586 monte

377 3619 575 3689 quippe
615 3626 783 3684 stam,
823 3628 907 3675 est
948 3614 1181 3675 fructum
1208 3620 1521 3691 propaginis
1565 3622 1621 3675 in
1662 3635 1829 3677 carne
1856 3634 1961 3677 non

376 3726 641 3781 qureret-e.
686 3711 746 3766 ln
793 3719 976 3766 monte
1018 3720 1196 3776 stare,
1246 3720 1330 3766 est
1377 3712 1669 3767 carnaliter
1716 3728 1822 3767 non
1864 3714 1964 3767 ad-

376 3801 600 3856 haerere.
652 3800 759 3856 Sed
806 3804 931 3870 quia
978 3801 1133 3856 inulti
1182 3811 1309 3856 sunt
1356 3803 1447 3871 qui
1498 3802 1705 3859 scelera
1747 3804 1962 3873 quidem

378 3893 560 3946 carnis
585 3891 861 3955 deserunt,
894 3906 995 3947 nec
1022 3900 1225 3959 tamen,
1256 3893 1310 3946 in
1336 3893 1595 3964 oonjugio
1617 3894 1801 3963 positi,
1833 3909 1965 3949 usus

378 3985 717 4045 solummodo
741 3984 905 4040 debiti
927 3984 1051 4055 jura
1085 3992 1433 4048 conservant,
1469 3984 1602 4037 exiit
1624 3984 1839 4053 quidem
1860 3982 1967 4038 Lot

378 4075 441 4130 de
472 4074 746 4141 Sodomis,
782 4078 881 4131 sed
911 4084 1089 4130 tamen
1126 4090 1253 4128 mox
1281 4074 1352 4129 ad
1391 4082 1646 4128 montana
1690 4088 1796 4128 non
1839 4088 1963 4144 per-

377 4169 554 4231 venit,
586 4167 713 4237 quia
741 4166 857 4236 jam
888 4166 1209 4223 damnabilis
1235 4166 1348 4220 vita
1377 4165 1719 4235 relinquitur,
1748 4166 1841 4220 sed
1870 4167 1965 4221 ad-

378 4258 481 4315 huc
525 4259 787 4315 celsitudo
828 4257 1125 4329 coniugalis
1162 4243 1509 4315 continentiae
1543 4259 1815 4315 subtiliter
1855 4276 1960 4315 non

379 4358 610 4406 tenetur.
646 4351 741 4406 Est
770 4350 825 4408 in
866 4349 1043 4405 medio
1083 4346 1253 4420 Segor
1291 4349 1487 4405 civitas
1508 4363 1628 4420 qua;
1667 4348 1961 4420 fugientem

376 4442 547 4498 salvet
578 4450 636 4498 et
660 4441 968 4505 inﬁrmum,
1001 4441 1130 4511 quia
1157 4440 1405 4496 videlicet
1430 4456 1559 4495 cum
1597 4441 1699 4496 sibi
1739 4454 1835 4510 per
1872 4441 1959 4495 in-

364 4520 766 4587 continentiam
793 4531 1087 4587 miscentur
1109 4529 1385 4600 conjuges,
1408 4536 1464 4583 et
1487 4528 1669 4599 lapsus
1696 4528 1958 4585 scelerum

1988 4391 2040 4450 D

2066 3255 2359 3325 respiciens
2386 3255 2664 3320 remansit,
2693 3265 2749 3309 et
2780 3255 2832 3309 in
2856 3255 3027 3311 salem
3053 3270 3312 3311 conversa
3339 3266 3443 3323 est,
3471 3271 3656 3313 exem-

2063 3345 2210 3414 plum
2257 3352 2476 3415 praestat
2518 3345 2584 3401 ad
2625 3345 3026 3400 condimentum
3068 3345 3334 3411 ﬁdelium,
3382 3347 3526 3403 unde
3560 3347 3649 3402 alii

2064 3435 2361 3490 salvantur.
2394 3435 2526 3489 Nam
2561 3450 2662 3490 nec
2693 3436 2867 3505 ipsum
2914 3437 3080 3491 tacuit
3120 3435 3373 3493 Christus
3413 3438 3600 3494 dicens
3631 3458 3649 3497 :

2067 3514 2375 3579 Mementote
2416 3526 2600 3579 uxoris
2646 3524 2743 3580 Lat
2788 3524 2938 3597 (Luc.
2982 3526 3160 3597 xvm),
3204 3527 3412 3583 scilicet
3453 3537 3512 3583 ut
3541 3543 3652 3582 'ﬂO'a

2066 3625 2320 3686 tanquam
2355 3616 2467 3671 sale
2495 3618 2768 3681 condiret,
2800 3627 2859 3670 ut
2893 3633 2999 3672 non
3032 3626 3285 3697 tanquam
3317 3619 3450 3675 fatui
3485 3620 3654 3691 negli-

2063 3722 2332 3778 geremus,
2361 3708 2455 3762 sed
2483 3707 2774 3777 prudentes
2796 3722 3142 3774 caveremus;
3174 3710 3275 3764 hoc
3304 3711 3448 3764 enim
3480 3720 3536 3765 et
3563 3710 3654 3764 illa

2064 3796 2361 3861 admonuit,
2392 3812 2513 3851 cum
2534 3798 2590 3852 in
2616 3806 2849 3853 statuam
2878 3797 3006 3852 salis
3028 3813 3284 3853 conversa
3313 3807 3414 3854 est.

2134 3884 2267 3940 Cum
2291 3885 2426 3940 enim
2448 3886 2757 3940 subverteret
2787 3885 3045 3941 Dominus
3075 3890 3306 3942 civitates
3338 3889 3562 3959 regionis
3588 3890 3655 3943 il-

2063 3975 2187 4039 lius,
2222 3975 2526 4029 recordatus
2566 3984 2640 4030 est
2677 3974 2922 4041 Abralrw,
2954 3987 3002 4029 et
3031 3977 3265 4031 liberavit
3293 3977 3390 4031 Lot
3426 3978 3491 4031 de
3530 3979 3653 4032 sub—

2063 4067 2296 4121 uersione
2337 4065 2547 4119 urbium
2587 4066 2644 4119 in
2685 4066 2873 4137 quibus
2913 4066 3254 4120 habitaverat.
3297 4064 3654 4123 Commendat

2065 4154 2344 4226 Scriptura
2369 4155 2580 4210 meritis
2604 4155 2776 4226 magis
2800 4154 3033 4210 Abrahre
3066 4154 3353 4210 liberatum
3383 4157 3648 4223 esse-Lot,

2063 4256 2124 4303 ut
2148 4246 2513 4317 intelligamus
2542 4245 2645 4301 Lot
2670 4246 2875 4315 justum
2898 4244 3103 4299 dictum
3136 4243 3430 4299 secundum
3463 4260 3653 4316 quem—

2064 4340 2188 4399 dam
2221 4339 2462 4403 modum,
2495 4336 2733 4392 maxime
2753 4335 2896 4406 quod
2917 4348 3086 4389 unum
3108 4349 3296 4390 verum
3316 4336 3486 4391 Deum
3502 4336 3653 4393 cole-

2064 4432 2183 4492 bat,
2221 4438 2279 4486 et
2312 4437 2536 4499 propter
2574 4426 3034 4496 comparationem
3073 4426 3341 4482 scelerum
3390 4425 3652 4489 Sodomo-

2063 4536 2204 4585 rum,
2229 4519 2371 4574 inter
2399 4532 2538 4588 quos
2564 4516 2754 4575 vivens
2783 4517 2850 4571 ad
2879 4516 3043 4569 vitam
3073 4515 3306 4571 similem
3336 4531 3447 4570 non
3473 4516 3653 4586 potuit

378 4626 611 4697 fugiunt,
656 4634 713 4681 et
752 4633 931 4680 tamen
978 4623 1135 4679 venia
1187 4622 1478 4677 salvantur.
1530 4621 1695 4689 Quasi
1728 4635 1959 4690 parvam
2062 4611 2328 4667 inclinari.

379 4726 574 4796 quippe
601 4726 875 4781 civitatem
902 4721 1282 4787 inveniunt,-in
1309 4735 1415 4791 qua
1438 4719 1507 4774 ab
1536 4719 1748 4788 ignibus
1776 4716 1962 4772 delen-

380 4819 600 4883 tlantur,
630 4815 756 4886 quia
777 4813 1074 4885 coniugalis
1098 4814 1214 4868 hate
1241 4812 1372 4877 vita,
1402 4825 1509 4865 non
1537 4810 1751 4880 quidem
1774 4808 1829 4864 in
1854 4809 1964 4863 vir-

383 4905 744 4963 tutibus-mira
767 4913 871 4970 est,
900 4904 996 4959 sed
1025 4912 1204 4958 tamen
1222 4916 1257 4956 a
1278 4899 1554 4971 suppliciis
1573 4912 1797 4954 securas
1808 4897 1963 4953 Unde

382 4998 521 5054 idem
547 4996 655 5051 Lot
684 4996 755 5051 ad
792 4994 1046 5066 angelum
1080 4993 1212 5050 dicit
1241 5010 1254 5045 :
1291 4990 1391 5046 Est
1429 4980 1763 5047 civitatium
1781 4988 1959 5059 juxta,

384 5087 450 5140 ad
474 5102 636 5157 quam
676 5100 886 5156 possum
926 5084 1104 5155 fugere
1148 5099 1331 5154 parva,
1396 5090 1444 5136 et
1492 5078 1735 5135 minabor
1775 5078 1833 5132 in
1876 5094 1958 5131 ea.

387 5177 639 5250 Nunquid
680 5193 786 5232 non
829 5176 1159 5241 modicaest,
1198 5183 1246 5229 et
1274 5174 1402 5228 vivet
1433 5173 1491 5226 in
1514 5188 1579 5226 ea
1606 5171 1783 5224 animo
1812 5167 1966 5222 mea?

385 5268 547 5327 Juxta
574 5270 967 5342 igitur-dicitur
990 5277 1047 5323 et
1072 5278 1250 5328 tamen
1276 5267 1346 5323 ad
1372 5266 1599 5321 salutem
1629 5272 1742 5317 tuta
1780 5260 1961 5331 pcth

389 5364 558 5429 betur,
583 5363 714 5432 quia
724 5360 1039 5432 aconjugalis
1061 5362 1173 5417 vita
1196 5374 1298 5415 nec
1324 5374 1357 5413 a
1379 5358 1581 5413 mundo
1610 5355 1764 5425 longe
1788 5353 1958 5408 divisa

385 5463 484 5516 est,
522 5467 628 5508 nec
656 5460 839 5507 tam
880 5466 912 5505 a
949 5451 1143 5522 gaudio
1170 5448 1361 5505 salutis
1378 5447 1579 5503 aliena.
1610 5443 1715 5500 Sed
1750 5452 1876 5497 tunc
1906 5443 1959 5496 in

2132 4698 2476 4770 Accenditque
2507 4697 2603 4752 Lot
2631 4698 2697 4752 de
2724 4696 2908 4768 Seqor,
2926 4707 2987 4751 et
3014 4698 3208 4752 ntonsit
3236 4699 3291 4751 in
3310 4705 3506 4762 monte,
3528 4696 3645 4751 dum

2062 4808 2264 4864 quoque
2289 4790 2418 4861 ﬁlias
2451 4789 2566 4859 ejus
2593 4805 2714 4843 cum
2749 4803 2830 4842 eo.
2868 4786 3135 4843 Timuerat
3173 4789 3314 4843 enim
3355 4803 3566 4842 manere
3591 4787 3652 4842 in

2067 4883 2250 4954 Seqor,
2280 4892 2329 4938 et
2352 4883 2552 4936 mansit
2589 4882 2646 4935 in
2680 4880 2944 4951 spelunca,
2983 4881 3099 4952 ipse
3124 4891 3171 4936 et
3209 4880 3335 4936 dua:
3356 4880 3486 4950 ﬁliae
3509 4880 3645 4950 ejus.

2067 4975 2335 5042 Quaeritur
2355 4987 2525 5043 quare
2544 4988 2665 5027 cum
2690 4973 2925 5042 primum
2959 4972 3100 5044 fuga:
3133 4972 3331 5027 montis
3352 4970 3649 5041 prmtulerit

2068 5070 2261 5141 Segor,
2280 5077 2334 5124 et
2353 5083 2475 5123 eam
2501 5069 2553 5122 in
2586 5066 3131 5123 habitaculum'suum
3152 5064 3383 5119 voluerit
3402 5063 3645 5129 liberari,

2068 5177 2212 5217 nunc
2231 5162 2299 5215 de
2329 5158 2499 5230 Segor
2520 5172 2735 5213 rursum
2759 5158 2827 5212 ad
2846 5164 3082 5212 montem
3106 5156 3319 5237 migret.
3344 5153 3649 5235 Responde-

2068 5254 2246 5308 bimus
2274 5265 2457 5306 veram
2487 5264 2608 5304 esse
2634 5248 2787 5303 illam
2818 5247 3165 5302 Hebraeorum
3189 5243 3557 5313 conjecturam
3579 5242 3647 5299 de

2070 5344 2262 5417 chor,
2286 5342 2429 5411 quod
2453 5340 2766 5410 lbequenter
2803 5345 3114 5413 terruimotu
3148 5336 3340 5392 obruta
3365 5333 3504 5389 Bale
3522 5334 3649 5404 spri-

2069 5451 2238 5501 mum,
2259 5443 2315 5489 et
2348 5443 2533 5505 postea
2556 5432 2728 5487 Salisa
2752 5430 3013 5501 appellata
3049 5430 3151 5495 sit;
3177 5428 3526 5498 timueritque
3549 5427 3647 5482 Lot

387 5542 595 5598 actione
622 5543 731 5597 hac
757 5542 921 5598 vim
945 5518 1098 5598 ᾆιιεηιι
1127 5538 1382 5610 conjugos
1416 5538 1570 5610 quasi
1602 5538 1655 5592 in
1684 5550 1846 5606 parva
1879 5533 1927 5587 ci
1945 5562 1959 5573 -
1980 5567 2011 5597 χ
2072 5529 2253 5581 dicens
2272 5542 2284 5578 :
2302 5523 2360 5580 Si
2383 5538 2505 5579 cum
2531 5530 2742 5577 caetera:
2760 5520 2937 5576 adhuc
2955 5518 3119 5575 urbes
3140 5525 3366 5587 starent,
3379 5518 3483 5610 ista
3505 5530 3650 5610 saepe

386 5633 549 5691 vitate
568 5635 901 5704 custodiunt,
926 5633 1143 5710 quando
1162 5647 1265 5701 pro
1293 5646 1352 5689 se
1373 5625 1961 5699 assiduis-deprecatio-

2069 5619 2325 5673 szzbversa
2348 5625 2459 5682 est,
2484 5620 2687 5687 quanto
2717 5612 2889 5681 magis
2919 5625 3063 5668 nunc
3098 5612 3155 5669 in
3184 5609 3457 5672 comnuuti
3476 5608 3645 5672 ruina
