3958 6204
308 224 413 293 559
980 229 1040 282 Β.
1083 226 1332 281 RABANI
1374 223 1591 278 MAURI
1634 218 1949 275 ARClllEP.
1997 216 2301 272 MOCUNT.
2342 213 2625 271 OPERUM
2663 211 2841 268 PARS
2879 214 2920 267 l.
3463 220 3564 276 5m

307 370 413 410 non
432 345 630 421 poterit
661 338 903 407 liberari,
926 347 982 393 et
1001 338 1143 394 hanc
1159 336 1499 391 occasionem
1524 331 1878 394 inﬁdelitatis,
1910 336 1956 395 Α
1985 328 2211 383 nolueris
2236 328 2469 391 reddere,
2491 328 2621 381 scito
2638 325 2785 396 equod
2822 335 2987 380 morte
3016 328 3272 395 morieris,
3301 337 3355 385 tu
3379 342 3428 387 et
3456 336 3569 389 om-

306 418 473 501 etiam
508 440 562 495 in
595 436 732 494 ﬁlias
766 432 980 491 dedisse
1017 430 1193 485 coitus
1223 426 1571 498 principium.
1615 423 1715 490 Qui
1745 423 1888 477 enim
1992 423 2079 475 nia
2115 435 2233 491 qua?
2262 428 2352 473 tua
2381 428 2520 473 sunt.
2557 418 2711 485 Quod
2739 419 2814 471 ait
2841 418 2985 473 Deus
3009 421 3076 475 ad
3103 420 3418 481 Abimelech
3457 442 3573 496 pm.

309 504 538 593 casteras
565 530 776 586 viderat
802 522 989 582 subrui
1013 521 1334 577 civitateset
1356 518 1498 572 hanc
1527 525 1696 579 stare,
1729 527 1895 582 seque
1990 518 2111 578 pter
2141 508 2337 563 Saram
2367 524 2379 561 :
2416 506 2640 577 Peperci
2674 506 2803 571 tibi,
2835 518 2895 561 ut
2933 522 3040 561 non
3077 523 3329 578 peccares
3367 514 3421 569 in
3465 531 3570 585 me,

307 628 404 685 Dei
427 623 630 682 auxilio
650 626 886 681 erutum,
907 616 1094 684 utique
1113 611 1179 667 de
1200 625 1271 665 eo.
1285 608 1430 680 quod
1451 606 1552 663 sibi
1574 618 1891 660 conoessum
1928 600 2207 685 ﬁquando
2231 614 2354 656 eum
2388 597 2667 654 admonuit
2691 613 2916 652 uxorem
2940 599 3214 655 Abraham
3245 615 3387 669 esse,
3414 621 3573 675 quam

306 670 1216 779 Emerganibigere'nondebuit.
1303 670 1321 680 -
1928 670 2216 779 “putabat
2256 701 2530 753 sororem,
2570 687 2962 741 advertendum
2991 696 3077 742 est
3112 698 3169 743 et
3197 670 3491 748 notandum
3523 695 3576 750 ὶσι

376 776 625 876 Dixitque
649 776 821 869 major
838 795 906 849 ad
926 796 1216 848 minorem:
1241 789 1403 843 Pater
1422 794 1598 841 noster
1618 797 1774 838 senem
1794 790 1888 844 est,
1994 777 2162 834 Deum
2186 777 2403 848 peccari
2419 817 2436 841 ,
2466 776 2680 845 quando
2710 777 2837 831 talia
2864 777 3302 846 committuntur,
3330 797 3451 851 qua:
3478 800 3547 854 pu

306 910 357 956 ct
388 868 564 952 nullus
593 868 818 949 virorum
848 886 1095 942 remansit
1119 885 1173 937 in
1198 892 1362 946 terra,
1388 879 1476 951 qui
1503 877 1663 947 possit
1694 874 1893 945 ingredi
1996 878 2112 923 tant
2163 869 2408 924 homines
2455 869 2647 923 leviter
2688 868 2958 935 habenda,
3007 877 3265 940 tanquam
3314 872 3369 926 in
3416 887 3577 929 carne

309 994 377 1047 ad
405 1008 497 1045 nos
516 990 676 1059 juxta
700 998 895 1039 morem
924 980 1175 1033 universa:
1204 985 1374 1027 teme.
1411 970 1560 1036 Veni,
1583 968 1894 1022 inebriemus
1994 960 2221 1059 peccali.
2270 958 2422 1025 Quod
2471 968 2652 1059 autem
2693 959 2831 1014 dixit
2869 961 2919 1013 ei
2960 978 2973 1013 :
3014 960 3158 1059 Ecce
3204 962 3566 1059 tu‘morieris,

312 1102 427 1139 cum
458 1084 596 1147 vino,
623 1078 1044 1143 dormiamusque
1066 1085 1185 1122 cum
1214 1082 1296 1131 eo,
1324 1073 1380 1118 ut
1406 1077 1611 1117 seruare
1638 1059 1893 1130 possimus

311 1192 374 1230 ex
400 1182 547 1243 patre
578 1178 752 1223 nostro
782 1180 974 1219 semen.
1010 1158 1144 1214 Illud
1179 1156 1341 1226 igitur
1372 1152 1897 1243 quodpro‘escusa-

312 1237 457 1319 tione
491 1261 687 1316 dicitur
717 1256 979 1316 ﬁliarum,
1019 1264 1084 1304 eo
1124 1246 1266 1317 quod
1296 1241 1607 1314 putaverint
1635 1237 1897 1295 defecisse

314 1357 609 1409 humanum
646 1361 834 1421 genus,
876 1351 933 1399 et
972 1342 1093 1396 ideo
1131 1354 1253 1394 cum
1293 1343 1446 1407 patre
1485 1330 1895 1394 concubuerint,

318 1464 422 1503 non
444 1451 668 1502 excusat
688 1450 916 1512 patrem.
942 1434 1186 1507 Denique
1216 1427 1427 1485 Hebraei
1458 1424 1603 1495 quod
1631 1422 1919 1512 aequitum

317 1537 383 1590 Et
417 1534 628 1589 nescivit
653 1511 701 1584 et
732 1544 849 1582 cum
878 1523 1147 1579 dormisset
1172 1535 1290 1574 cum
1313 1534 1395 1583 eo,
1420 1525 1468 1570 et
1502 1530 1621 1568 cum
1645 1511 1899 1567 surrexis-

1997 1049 2158 1103 etiam
2189 1049 2292 1104 hoc
2316 1048 2611 1103 notandum
2649 1055 2765 1113 est,
2796 1050 3064 1118 quomodo
3091 1050 3236 1106 dicat
3272 1051 3433 1118 Deus,
3467 1060 3573 1106 tan-

1996 1160 2158 1215 quam
2207 1145 2508 1213 prtedicens
2551 1144 2669 1198 sine
2705 1143 2870 1198 dubio
2910 1143 3167 1211 futurum,
3212 1146 3354 1215 quod
3398 1145 3570 1201 admo-

1998 1237 2175 1292 nendo
2199 1237 2348 1302 dicit,
2378 1245 2438 1289 ut
2461 1235 2777 1290 abstinendo
2805 1250 2835 1289 a
2863 1245 3084 1305 peccato
3109 1245 3382 1292 caveatur.

2081 1324 2285 1380 Voctwit
2332 1334 2505 1378 autem
2532 1324 2825 1379 Abimeleclt
2851 1327 3007 1381 etiam
3037 1325 3323 1392 Abraham,
3363 1337 3413 1382 et
3452 1328 3583 1383 dixit

1998 1417 2045 1471 ei
2067 1435 2086 1470 :
2118 1415 2257 1482 Quid
2282 1417 2477 1486 fecistis
2493 1416 2683 1470 nobis?
2705 1416 2829 1487 quid
2848 1417 3172 1487 peccavimus
3194 1418 3249 1471 in
3276 1419 3481 1489 te,quia
3504 1419 3581 1473 in-

1998 1507 2197 1562 duxisti
2237 1522 2394 1576 super
2420 1522 2502 1560 me
2543 1514 2591 1560 et
2644 1522 2800 1571 super
2841 1522 3055 1576 regnum
3093 1522 3266 1560 meum
3315 1517 3583 1578 peccatum

313 1637 386 1680 set
431 1626 493 1679 ab
538 1640 620 1686 eo,
662 1624 975 1689 appungunt
1011 1613 1244 1681 desuper
1275 1608 1432 1679 quasi
1472 1602 1805 1667 incredibile,
1843 1609 1900 1656 et
1926 1681 1966 1689 ῃ
2001 1597 2236 1667 grande?
2264 1596 2395 1663 Qute
2418 1613 2522 1650 non
2550 1595 2774 1649 debuisti
2813 1594 2984 1663 facere
3010 1596 3179 1666 fecisti
3232 1598 3400 1653 nobis.
3450 1597 3584 1653 Rur-

316 1712 459 1784 quod
490 1681 670 1764 rerum
697 1681 898 1759 natura
934 1716 1039 1755 non
1070 1699 1247 1767 capiat
1282 1696 1427 1752 coire
1462 1692 1767 1763 quempiam
1806 1704 1898 1744 ne-
1926 1681 1971 1740 Β
1998 1704 2188 1759 susque
2227 1687 2563 1759 expostulem
2610 1687 2686 1741 ait
2716 1703 2736 1741 :
2761 1686 2901 1753 Quid
2927 1687 3101 1741 vidisti
3132 1697 3188 1741 ut
3213 1688 3312 1742 hoc
3347 1689 3584 1759 faceres!

314 1813 739 1963 suggrzpbrunt
766 1903 887 1957 ergo
920 1886 1039 1939 dum
1062 1883 1188 1953 ﬁlia:
1220 1880 1313 1935 Lot
1343 1880 1406 1935 de
1431 1887 1576 1950 patre
1596 1892 1725 1940 suo;
1746 1891 1898 1946 pepe-

314 1987 479 2057 ritque
506 1982 678 2051 major
704 1978 895 2049 ﬁlium,
921 1986 969 2029 et
995 1973 1189 2028 vocavit
1215 1986 1401 2025 nomen
1429 1969 1542 2038 ejus
1572 1965 1750 2020 Moab.
1777 1964 1898 2057 Ipse

313 2055 564 2144 estpater
590 2069 944 2124 Moabitarum
982 2080 1142 2133 usque
1176 2063 1232 2115 in
1259 2069 1564 2131 prmsentem
1599 2057 1756 2111 diem.
1789 2055 1895 2110 Mi-

315 2183 412 2220 nor
438 2179 639 2236 quoque
666 2159 859 2231 peperit
883 2155 1077 2227 ﬁlium,
1105 2164 1150 2210 et
1189 2153 1384 2208 vocavit
1416 2167 1604 2205 nomen
1628 2150 1741 2220 ejus
1768 2150 1896 2204 Am-

315 2275 458 2321 mon,
492 2256 542 2309 id
566 2262 649 2318 est
679 2252 821 2305 ﬁlius
855 2248 1038 2319 populi
1069 2245 1196 2309 mei,
1220 2245 1327 2314 ipse
1353 2253 1427 2297 est
1460 2253 1608 2312 pater
1632 2241 1900 2294 Ammoni-

314 2361 486 2403 tarum
529 2360 691 2415 usque
726 2342 900 2395 hodie.
937 2338 1095 2394 Moab
1129 2337 1516 2405 interpretatur
1548 2348 1613 2386 ea;
1645 2340 1813 2402 patre,
1846 2338 1903 2384 et

318 2448 488 2491 totum
512 2450 705 2490 nomen
740 2430 1116 2503 etymologiam
1140 2426 1325 2482 habet.
1355 2424 1589 2478 Ammon
1622 2436 1770 2488 vero,
1799 2437 1899 2476 cu-

310 2531 399 2598 jus
422 2530 638 2599 quidem
661 2542 822 2581 causa
846 2524 1079 2580 nominis
1100 2521 1361 2586 redditur,
1384 2518 1525 2589 filius
1553 2518 1755 2588 generis
1777 2514 1899 2581 mei,

316 2625 451 2687 sive,
483 2631 542 2676 ut
578 2620 770 2675 melius
798 2626 883 2673 est
914 2617 968 2671 in
998 2614 1243 2678 Hebraeo,
1276 2612 1419 2682 ﬁlius
1457 2610 1634 2682 p0puli
1665 2610 1789 2674 mei,
1822 2608 1901 2663 sic

320 2711 613 2775 derivatur,
650 2716 709 2762 ut
738 2723 803 2762 ex
836 2712 989 2776 parte
1032 2718 1228 2759 sensus
1261 2700 1515 2765 nominis,
1554 2706 1611 2753 et
1643 2714 1712 2754 ex
1750 2705 1902 2767 parte

318 2807 431 2874 ipse
454 2805 524 2858 sit
543 2817 741 2859 sermo.
773 2799 945 2855 Ammi
967 2806 1075 2862 ’ω
1096 2797 1264 2862 enim,
1287 2811 1318 2849 a
1339 2811 1448 2865 quo
1467 2794 1599 2850 dicti
1621 2801 1749 2849 sunt
1774 2792 1904 2847 Am-

317 2892 557 2958 monitm,
598 2901 821 2947 vocatur
858 2887 1081 2962 populus
1120 2903 1285 2941 meus.
1327 2885 1382 2939 In
1425 2884 1542 2954 ipso
1582 2890 1763 2937 autem
1802 2881 1904 2936 Lot

316 2983 532 3055 quando
563 2984 684 3038 ﬁlia:
709 2982 1118 3037 concubuerunt
1144 2993 1266 3033 cum
1293 2992 1378 3041 eo,
1410 2991 1516 3031 non
1549 2973 1675 3030 illud
1700 2973 1844 3043 quod
1871 2987 1902 3025 a

321 3073 571 3130 Sodomis
590 3072 850 3127 liberatus
877 3078 979 3134 est,
1013 3069 1106 3127 sed
1130 3068 1275 3124 aliud
1302 3066 1587 3137 ﬁguratum
1616 3072 1721 3120 est.
1752 3063 1905 3118 Tunc

319 3166 464 3221 enim
497 3166 611 3234 ipse
630 3158 739 3216 Lot
763 3160 955 3219 lutum
984 3160 1118 3231 legis
1141 3158 1424 3213 videbatur
1454 3164 1695 3226 gestasse
1720 3169 1906 3224 perso-

322 3271 471 3320 nam,
502 3268 664 3324 quam
692 3252 909 3323 quidam
938 3265 1003 3305 ex
1034 3248 1126 3303 illa
1152 3247 1423 3318 procreati
1443 3255 1498 3301 et
1526 3246 1625 3300 sub
1660 3244 1775 3316 lege
1805 3259 1904 3313 po-

318 3346 431 3413 siti,
474 3344 613 3399 male
657 3342 1026 3413 intelligendo,
1068 3337 1463 3410 quodammodo
1510 3352 1569 3391 se
1612 3334 1904 3396 inebriant,

318 3454 545 3508 eamque
584 3452 690 3491 non
726 3435 963 3507 legitime
998 3432 1216 3497 utendo,
1256 3429 1589 3485 inﬁdelitatis
1615 3443 1779 3498 opera
1815 3442 1906 3496 pa-

320 3529 484 3581 riunt.
520 3527 672 3581 Bona
700 3535 773 3579 est
801 3526 938 3578 enim
969 3523 1072 3589 lex,
1103 3522 1271 3593 inquit
1302 3519 1608 3592 Apostolus,
1633 3519 1679 3574 si
1706 3519 1821 3589 quis
1844 3534 1906 3571 ea

318 3618 542 3689 legitime
573 3617 739 3671 utitur
768 3616 816 3687 (ι
852 3614 984 3669 Tim.
1017 3617 1077 3686 ι).

886 3727 1114 3784 CAPUT
1153 3725 1341 3782 XXIV.

322 3825 397 3878 De
422 3823 834 3895 peregrinatione
856 3821 1080 3895 Abraﬁha;
1099 3822 1154 3873 in
1177 3818 1392 3895 Geraris
1412 3829 1429 3868 :
1447 3825 1495 3869 et
1522 3814 1588 3868 de
1611 3811 1905 3867 Abimelech

828 3908 943 3962 rege
975 3888 1400 3944 Pala'stinorum.

397 3980 546 4058 (Car.
578 3984 697 4053 xx.)
744 3982 1014 4052 Profectus
1050 3980 1173 4035 inde
1200 3978 1463 4033 Abraham
1498 3975 1559 4031 in
1591 3985 1785 4030 terram
1812 3988 1909 4026 au-

323 4076 556 4140 stralem,
584 4074 836 4131 habitavit
866 4073 1002 4125 inter
1030 4069 1196 4125 Cades
1230 4076 1278 4123 et
1307 4066 1435 4129 Sur,
1471 4075 1519 4119 et
1546 4066 1907 4136 peregrinatus

318 4180 392 4223 est
415 4171 469 4222 in
500 4166 733 4223 Geraris.
756 4164 1001 4235 Dixitque
1020 4162 1087 4217 de
1108 4160 1249 4217 Sara
1268 4176 1435 4215 uxore
1458 4175 1576 4224 sua,
1607 4157 1775 4214 Soror
1794 4172 1908 4210 mea

318 4267 413 4312 est.
450 4256 597 4311 Misit
630 4272 752 4326 ergo
788 4253 1082 4308 Abimeleclt
1123 4268 1214 4308 rex
1258 4249 1493 4315 Gerara’,
1539 4257 1586 4303 et
1624 4246 1741 4301 tulit
1770 4261 1905 4300 eam.

2001 1777 2285 1849 Respondit
2322 1778 2620 1832 Abraham:
2668 1778 2905 1848 Cogitavi
2933 1795 3132 1832 mecum
3156 1779 3332 1835 dicens
3350 1797 3371 1835 .'
3399 1779 3584 1836 Forsi-

1997 1877 2089 1920 tan
2118 1884 2220 1921 non
2259 1877 2335 1922 est
2386 1869 2546 1922 timor
2585 1867 2679 1922 Dei
2700 1869 2755 1922 in
2801 1867 2914 1922 loco
2938 1869 3061 1933 ista,
3092 1879 3140 1923 et
3166 1871 3477 1940 interﬁcient
3504 1889 3585 1928 me

1995 1967 2203 2026 propter
2236 1975 2452 2013 uxorem
2481 1975 2669 2013 meum.
2704 1958 2851 2013 Alias
2889 1968 3061 2014 autem
3085 1969 3133 2013 et
3163 1952 3277 2015 vere
3298 1979 3449 2017 soror
3469 1980 3583 2018 mea

1996 2059 2091 2115 est,
2112 2050 2225 2118 ﬁlia
2253 2051 2419 2120 patris
2447 2051 2567 2115 mei,
2585 2060 2630 2104 et
2656 2067 2759 2104 nou
2781 2050 2896 2119 ﬁlia
2932 2053 3119 2106 matris
3170 2069 3320 2119 mete,
3357 2065 3408 2108 et
3453 2054 3581 2110 duxi

1997 2159 2111 2195 eam
2139 2159 2373 2197 uxorem.
2399 2143 2608 2197 Etenim
2631 2160 2745 2198 vere
2765 2160 2916 2199 soror
2937 2162 3052 2200 mea
3074 2156 3148 2201 est
3162 2146 3226 2201 de
3239 2157 3387 2218 patre
3406 2158 3454 2205 et
3477 2168 3584 2205 non

1997 2231 2061 2285 de
2087 2241 2270 2296 matre,
2301 2232 2354 2287 id
2381 2241 2485 2299 est,
2517 2232 2703 2289 fratris
2738 2234 2918 2289 Aaran
2944 2234 3073 2301 ﬁlia,
3099 2252 3205 2291 non
3235 2240 3459 2294 sororis.
3480 2239 3584 2297 Sed

1998 2322 2121 2391 quia
2158 2322 2212 2376 in
2246 2321 2470 2379 Hebraeo
2500 2322 2689 2378 habet:
2727 2322 2858 2378 Vere
2896 2340 3047 2379 soror
3068 2342 3183 2381 mea
3222 2336 3322 2394 est,
3347 2328 3462 2398 ﬁlia
3493 2347 3587 2401 pa:

2000 2414 2096 2467 tris
2118 2414 2241 2479 mei,
2293 2413 2384 2468 sed
2430 2430 2534 2469 non
2575 2414 2689 2478 ﬁlia
2731 2416 2916 2470 matris
2968 2433 3119 2482 metr,
3150 2427 3204 2473 et
3232 2421 3404 2491 magis
3427 2432 3585 2477 sonat

2000 2506 2140 2575 quod
2161 2521 2316 2562 soror
2342 2505 2574 2561 Abrahae
2612 2505 2795 2571 fuerit,
2830 2507 2882 2561 in
2917 2510 3268 2565 excusatione
3296 2512 3416 2582 ejus
3450 2513 3582 2568 dici-

2001 2612 2137 2661 mus,
2171 2598 2399 2652 necdum
2429 2597 2519 2654 illo
2550 2605 2792 2667 tempore
2815 2598 2952 2654 tales
2994 2601 3210 2670 nuptias
3252 2600 3371 2673 lege
3396 2603 3586 2672 prohi-

2000 2688 2161 2744 bitas.
2193 2687 2373 2759 (Isid.)
2402 2687 2609 2745 Dehinc
2635 2690 2864 2745 historia
2882 2691 2952 2746 de
2979 2690 3313 2760 Abimelech,
3374 2697 3588 2764 quando

2002 2781 2275 2837 Abraham
2303 2781 2422 2836 tulit
2443 2797 2669 2837 uxorem
2697 2799 2849 2839 suam
2879 2780 3068 2839 Sat-am
3082 2794 3137 2840 et
3154 2785 3294 2842 dixit
3319 2803 3587 2852 sororem,

2007 2886 2097 2937 ne,
2126 2886 2185 2926 se
2212 2872 2419 2936 occiso,
2449 2870 2518 2927 ab
2546 2871 2737 2927 alienis
2761 2874 2972 2944 captiva
3020 2877 3411 2944 possideretur,
3474 2894 3592 2934 cer—

2006 2962 2328 3028 tusdeDeo,
2355 2963 2497 3034 quod
2525 2978 2645 3018 eam
2676 2963 2865 3020 violari
2898 2981 3006 3021 non
3048 2968 3407 3037 permitteret,
3450 2970 3593 3024 sicut

1931 3030 1975 3092 Ο
2007 3068 2107 3108 nec
2131 3030 2436 3123 primuma
2461 3052 2763 3109 Pharaone.
2794 3055 2947 3112 Unde
2985 3030 3415 3121 et-Abimelech,
3448 3073 3595 3113 som-

2004 3145 2095 3199 nio
2119 3146 2504 3211 commonitus,
2528 3160 2636 3201 non
2664 3146 2954 3201 maculavit
3002 3161 3122 3201 eam
3154 3147 3465 3213 concubitu,
3499 3148 3594 3204 sed

2006 3237 2265 3293 intactam
2300 3239 2628 3295 restauravit
2658 3239 2877 3294 marito.
2905 3238 3296 3295 Verumtamen
3318 3241 3444 3311 quis
3467 3250 3596 3296 tunc

2008 3327 2061 3381 in
2083 3327 2174 3383 illo
2204 3326 2537 3399 ﬁgurabatur
2564 3328 2706 3395 viro,
2736 3330 2877 3385 scire
2902 3330 3044 3397 volo,
3072 3340 3127 3386 et
3148 3332 3302 3402 cujus
3327 3333 3401 3387 sit
3457 3347 3597 3387 uxor

2006 3433 2125 3488 quae
2145 3419 2198 3473 in
2213 3419 2316 3475 bac
2336 3420 2771 3491 peregrinatio..e
2793 3428 2958 3490 atque
2971 3422 3112 3477 inter
3124 3421 3455 3493 alienigenas
3469 3423 3594 3492 pol-

2006 3509 2080 3563 lui
2110 3509 2477 3579 macularique
2533 3526 2643 3565 non
2684 3510 2902 3577 sinitur,
2940 3519 3001 3566 ut
3051 3512 3123 3566 sit
3168 3512 3286 3567 viro
3336 3527 3437 3566 suo
3477 3513 3597 3567 sine

2009 3600 2218 3656 macula
2246 3609 2302 3654 et
2327 3615 2480 3670 ruga.
2503 3599 2562 3655 In
2586 3600 2814 3671 gloriam
2836 3602 3032 3672 quippe
3054 3602 3254 3657 Christi
3285 3611 3437 3658 recte
3461 3603 3598 3657 vivit

2008 3690 2268 3757 Ecclesia,
2295 3702 2355 3747 ut
2381 3692 2725 3761 pulchritudo
2752 3693 2868 3763 ejus
2892 3693 3064 3748 honor
3085 3695 3156 3748 sit
3179 3694 3297 3749 viro
3320 3692 3461 3761 ejus,
3488 3695 3598 3749 sic-

2008 3793 2067 3837 ut
2115 3783 2388 3838 Abraham
2441 3792 2662 3853 propter
2706 3784 2854 3839 Sara:
2913 3785 3396 3854 pulchritudinem,
3454 3786 3597 3839 inter

2009 3876 2343 3946 alienigenas
2370 3877 2773 3942 honorabatur;
2810 3878 2969 3946 eique
2992 3892 3115 3932 cum
3149 3877 3349 3933 dicitur
3376 3876 3432 3931 in
3455 3875 3596 3931 Can-

2009 3966 2131 4021 ticis
2159 3967 2528 4023 canticorum:
2557 3966 2600 4020 0
2636 3965 2988 4036 pulcherrima
3030 3967 3166 4021 inter
3214 3965 3485 4031 mulieres,
3518 3966 3599 4036 ip-

2010 4059 2123 4114 sius
2171 4058 2560 4129 pulchritudini
2604 4058 2798 4112 merito
2855 4072 3010 4127 reges
3064 4055 3298 4112 oﬁ‘erunt
3341 4071 3594 4122 munera,

2011 4149 2149 4203 sicut
2168 4147 2318 4203 Sara:
2343 4148 2539 4203 obtulit
2560 4162 2651 4202 rex
2679 4147 3014 4213 Abimelech,
3041 4146 3161 4217 plus
3203 4147 3258 4200 in
3290 4161 3352 4201 ea
3390 4146 3597 4201 mirans

2012 4240 2198 4298 forma:
2222 4243 2389 4297 decus
2401 4241 2545 4309 quod
2568 4255 2753 4295 amare
2782 4241 2974 4309 potuit.
3008 4239 3103 4293 Est
3130 4239 3276 4293 enim
3325 4246 3384 4292 et
3410 4248 3598 4292 sancta

331 4346 481 4401 Venit
508 4357 683 4403 autem
719 4345 859 4399 Deus
897 4344 965 4398 ad
993 4342 1287 4398 Abimeleclt
1328 4356 1421 4412 per
1447 4339 1710 4394 somnium
1738 4345 1905 4399 nocte,
1934 4377 1985 4437 Β
2016 4332 2261 4437 Ecclesia.
2276 4333 2504 4387 Domino
2534 4330 2908 4437 Jesu‘Christo
2944 4331 3018 4437 in.
3034 4330 3251 4385 occulto
3292 4345 3451 4384 uxor.
3504 4328 3601 4384 Oc-

316 4451 367 4493 et
393 4440 525 4493 dixit
553 4437 632 4491 illi
658 4451 675 4488 :
705 4436 792 4490 En
828 4437 1069 4489 morieris
1098 4444 1306 4504 propter
1336 4430 1617 4499 mulierem
1638 4443 1795 4498 quam
1824 4436 1907 4478 tu-

319 4529 425 4582 listi
442 4528 468 4581 Ρ
496 4526 665 4580 Habet
686 4526 826 4581 enim
851 4526 1039 4577 virum.
1072 4520 1365 4576 Abimeleclt
1395 4535 1515 4574 vero
1543 4534 1645 4571 non
1673 4516 1907 4586 tetigerat

321 4635 461 4685 eam,
500 4626 546 4670 et
581 4615 652 4668 ait
686 4630 707 4668 :
743 4614 982 4677 Domine,
1015 4628 1140 4665 num
1168 4620 1367 4681 gentem
1396 4609 1718 4678 ignorantem
1749 4616 1797 4658 et
1817 4605 1911 4674 ju—
1938 4604 1949 4609 ’

320 4720 457 4764 stant
493 4705 815 4774 interﬁcies?
856 4703 1046 4757 Nonne
1081 4703 1188 4772 ipse
1224 4700 1359 4755 dixit
1392 4698 1553 4763 milii,
1592 4697 1758 4753 Soror
1794 4712 1909 4750 mea

319 4810 418 4864 tati,
449 4809 495 4852 et
520 4799 635 4868 ipsa
674 4796 771 4859 ait,
813 4792 1008 4847 Frater
1032 4808 1177 4847 meus
1206 4790 1322 4845 est?
1346 4788 1415 4843 In
1438 4786 1769 4859 simplicitate
1797 4802 1912 4841 cor-

320 4896 400 4946 dis
428 4890 532 4947 mei
558 4898 606 4943 et
628 4886 891 4942 munditia
914 4901 1167 4939 manuum
1189 4898 1433 4941 mearum.
1459 4881 1556 4953 feci
1581 4882 1697 4935 hoc.
1725 4879 1906 4947 Quaeri

324 4983 463 5036 solet
485 4979 754 5049 quomodo
780 4977 957 5032 adhuc
991 4975 1045 5029 in
1078 4974 1168 5033 illa
1196 4982 1354 5030 aetate
1384 4988 1483 5043 pro
1515 4971 1648 5026 Sara
1671 4970 1910 5041 pulchri-

324 5073 508 5128 tudine
559 5068 854 5140 periclitari
910 5066 1185 5122 Abraham
1236 5064 1527 5120 metuebat.
1581 5061 1687 5117 Sed
1737 5063 1910 5130 magis

324 5166 510 5219 forma:
545 5162 688 5221 illius
718 5158 1087 5216 visﬁniranda
1114 5164 1196 5213 est
1233 5171 1353 5225 qua:
1392 5152 1567 5207 adhuc
1603 5150 1778 5204 amari
1815 5164 1911 5216 po-

325 5264 493 5321 terat,
518 5268 683 5323 quam
709 5251 936 5321 quaestio
975 5246 1205 5304 diﬁicilis
1250 5243 1503 5313 putanda.
1549 5240 1796 5312 Dixitque
1838 5238 1907 5292 ad

322 5362 440 5400 eum
466 5346 606 5401 Deus
630 5360 646 5401 .‘
673 5345 741 5398 Et
768 5361 862 5416 ego
887 5343 995 5397 scio
1020 5340 1159 5412 quod
1188 5336 1407 5407 simplici
1440 5338 1594 5389 corde
1626 5333 1834 5402 feceris,
1861 5340 1908 5384 et

326 5434 440 5489 ideo
467 5433 820 5498 custodivisse,
848 5448 910 5485 ne
935 5444 1175 5501 peccares
1205 5428 1256 5479 in
1287 5442 1387 5488 me,
1415 5432 1459 5476 et
1494 5438 1594 5474 non
1626 5420 1821 5485 dimisi,
1855 5427 1914 5473 ut

326 5533 564 5594 (augeres
604 5540 737 5577 eam.
783 5521 942 5589 Nunc
988 5523 1151 5592 igitur
1198 5517 1353 5572 redde
1395 5528 1608 5567 uxorem
1647 5512 1754 5564 viro
1796 5528 1910 5575 suo,

327 5612 450 5683 quin
479 5610 728 5685 propheta
749 5622 843 5675 est,
874 5620 923 5665 et
949 5610 1118 5669 orabit
1145 5625 1239 5677 pro
1261 5619 1331 5674 te,
1360 5614 1404 5659 et
1432 5603 1586 5660 vives.
1618 5600 1712 5657 Sin
1741 5612 1914 5657 autem

2011 4422 2151 4477 culte
2173 4422 2371 4492 quippe
2392 4422 2620 4491 atquein
2642 4421 2980 4486 abscondito,
3004 4421 3205 4476 hocest
3217 4428 3431 4475 secreto
3443 4421 3602 4489 spiri-

2012 4513 2162 4577 tuali,
2188 4514 2369 4568 anima
2396 4513 2633 4569 humana
2656 4512 2889 4567 inhaeret
2909 4512 3075 4567 verbo
3102 4511 3219 4576 Dei,
3238 4519 3303 4565 ut
3335 4511 3447 4566 sint
3495 4511 3601 4566 duo

2013 4602 2066 4657 in
2098 4618 2409 4659 carneuna.
2457 4601 2609 4670 Quod
2662 4602 2845 4671 magni
2900 4600 3136 4672 coniugii
3198 4610 3601 4657 sacramentum

2013 4694 2066 4747 in
2115 4693 2332 4749 Christo
2398 4700 2453 4747 et
2518 4692 2572 4747 in
2624 4692 2865 4749 Ecclesia
2914 4691 3257 4749 conuuendat
3312 4691 3605 4762 Apostolus

2014 4786 2031 4846 (
2041 4783 2229 4853 Epltes.
2255 4782 2330 4856 v).

2082 4876 2315 4939 Proinde
2349 4891 2573 4946 regnum
2619 4883 2895 4931 terrenum
2929 4874 3108 4929 saeculi
3152 4873 3327 4942 huius,
3348 4874 3514 4944 cujus
3538 4874 3602 4929 ti-

2009 4982 2199 5037 guram
2222 4965 2483 5036 gerebant
2513 4981 2691 5037 reges,
2722 4967 2817 5035 qui
2847 4965 3041 5023 Saram
3081 4964 3318 5035 polluere
3342 4964 3599 5034 permissi
3676 5028 3682 5036 ι

2012 5076 2119 5114 ιιοη
2150 5066 2299 5123 sunt,
2324 5075 2431 5115 non
2461 5069 2547 5113 est
2565 5067 2879 5127 expertum;
2910 5072 3009 5112 nec
3044 5055 3249 5111 invenit
3298 5054 3599 5121 Ecclesiam

2012 5151 2296 5219 conjugem
2317 5149 2540 5215 Christi,
2568 5150 2675 5204 nisi
2712 5166 2836 5207 cum
2864 5150 3070 5204 violare
3096 5148 3347 5203 tentavit.
3404 5145 3598 5202 Divina

2015 5249 2194 5294 autem
2222 5241 2531 5296 testimonio
2550 5256 2645 5310 per
2666 5240 2825 5296 ﬁdem
2865 5249 3167 5311 martyrum
3198 5239 3383 5303 cessit,
3420 5253 3600 5294 corre-

2015 5346 2269 5403 ctumque
2293 5336 2345 5389 in
2370 5334 2761 5405 posterioribus
2787 5334 3004 5404 regibus
3040 5332 3333 5399 honoravit
3354 5344 3598 5393 munere,

2018 5441 2180 5495 quam
2211 5425 2545 5501 corruptioni
2582 5440 2695 5481 sua:
2715 5426 2945 5481 subdere
2975 5425 3030 5480 in
3054 5425 3328 5494 prioribus
3347 5438 3456 5478 non
3504 5436 3599 5475 va-

2019 5513 2137 5568 luit.
2175 5514 2309 5568 Nam
2340 5512 2482 5585 quod
2509 5524 2635 5571 tunc
2663 5515 2719 5568 in
2743 5515 2933 5570 eodem
2958 5530 3085 5583 rege
3126 5514 3278 5583 prius
3323 5521 3383 5567 et
3419 5520 3596 5583 postec

2023 5605 2136 5661 rius
2178 5606 2467 5678 ﬁguratum
2487 5614 2592 5674 est,
2625 5606 2730 5664 hoc
2773 5606 2829 5669 in
2881 5605 2986 5662 isto
3027 5603 3507 5678 regnotprioribus
3542 5607 3597 5656 et

3330 5710 3345 5739 λ
