3958 6204
322 389 423 446 'Sril

1346 382 1695 439 COMMENT.
1732 383 1800 438 ΙΝ
1837 384 2155 439 GENESlM.
2203 416 2261 423 --κ
2306 385 2429 439 ΜΒ.
2472 386 2553 439 lli.

3480 388 3583 441 562

326 502 716 580 posterioribus
761 504 972 572 regibus
1028 500 1379 570 adimpletum
1408 509 1508 554 est.
1544 499 1689 553 Cum-
1723 508 1905 553 autem
1935 503 1981 559 Α
2008 501 2113 553 dici
2138 506 2332 568 potest,
2361 514 2482 554 cum
2516 501 2585 555 sit
2623 501 2711 554 ille
2736 500 2896 565 Deus,
2940 503 3041 558 ista
3078 512 3345 557 creatura.
3378 506 3585 561 Secun-

327 601 526 656 dicitur
561 598 629 652 de
649 604 799 667 patre
828 609 948 649 esse
973 608 1127 647 soror
1145 591 1347 647 Christi
1388 591 1630 646 Ecclesia
1685 605 1794 645 non
1841 590 1907 645 de

326 701 522 755 matre,
559 705 666 743 non
692 696 925 743 terrenae
967 684 1348 755 generationis,
1390 697 1509 751 qua:
1534 681 1905 746 evacuabitur,

326 783 417 839 sed
447 782 637 854 gratim
659 780 915 838 cmlestis,
942 792 1060 845 qua:
1082 777 1134 829 in
1158 784 1419 829 aeternum
1445 773 1700 837 manebit,
1716 786 1908 841 cogna-

327 875 401 927 tio
435 869 863 927 commendatur.
922 866 1228 921 Secundum
1256 880 1417 935 quam
1465 864 1695 934 gratiam
1736 876 1907 931 genus

325 961 554 1018 mortale
575 975 680 1014 non
696 960 921 1022 erimus,
946 965 1167 1028 accepta
1190 963 1459 1027 potestate
1482 965 1543 1009 ut
1562 954 1656 1010 ﬁlii
1681 955 1778 1010 Dei
1808 970 1906 1011 νο»

324 1067 513 1107 rentur
538 1059 597 1106 et
626 1049 814 1105 simus.
843 1047 1029 1117 Neque
1067 1047 1211 1101 enim
1237 1045 1469 1116 gratiam
1500 1046 1643 1121 hanc
1683 1046 1749 1100 de
1780 1058 1908 1116 syn-

323 1158 495 1214 agoga
523 1148 697 1196 matre
729 1138 930 1194 Christi
957 1137 1256 1192 secundum
1282 1150 1523 1200 carnem,
1568 1136 1660 1191 sed
1690 1136 1759 1192 de
1797 1135 1906 1191 Deo

322 1234 485 1288 Patre
513 1231 878 1302 percepimus.
933 1220 1086 1283 Hanc
1131 1243 1258 1283 vero
1309 1227 1682 1299 cognationem
1734 1234 1905 1283 terre-

326 1338 472 1386 nam;
504 1337 569 1375 vo
596 1325 702 1375 ‘ans
750 1320 802 1373 in
852 1318 1008 1372 aliam
1039 1318 1242 1381 vitam,
1285 1318 1376 1371 ubi
1423 1316 1610 1371 .nullus
1654 1316 1903 1382 moritur,

325 1428 522 1483 negare
552 1427 653 1466 nos
700 1410 947 1467 Christus
978 1409 1177 1473 docuit,
1204 1424 1309 1463 non
1349 1408 1530 1475 fateri,
1566 1424 1689 1464 cum
1746 1409 1907 1464 disci-

324 1502 464 1570 pulis
488 1501 598 1555 ait:
635 1497 716 1553 Ne
750 1498 887 1554 vobis
910 1499 1098 1552 dicatis
1135 1496 1352 1552 Patrem
1381 1498 1433 1552 in
1457 1507 1618 1563 terra,
1655 1515 1791 1553 unus
1832 1509 1906 1552 est

321 1595 458 1647 enim
482 1592 645 1646 Pater
664 1599 829 1645 vester
854 1590 943 1661 qui
968 1590 1022 1643 in
1053 1588 1191 1645 caelis
1215 1600 1289 1643 est
1316 1589 1530 1662 (Matth.
1549 1589 1726 1661 xxru).

393 1685 546 1752 Quod
566 1701 701 1740 vero
734 1683 973 1739 Ecclesia
995 1682 1148 1752 cujus
1172 1700 1310 1739 uxor
1337 1685 1427 1748 sit,
1450 1684 1754 1740 occultatur
1773 1685 1908 1741 alie-

325 1775 555 1845 nigenis,
579 1773 737 1842 cujus
751 1781 930 1828 autem
954 1787 1111 1827 soror
1130 1788 1236 1827 non
1260 1781 1489 1839 tacetur,
1546 1765 1660 1829 haec
1690 1775 1907 1830 interim

2012 590 2138 644 dum
2185 591 2288 645 hoc
2319 592 2462 645 enim
2503 607 2733 661 sponsus
2770 600 2828 646 et
2862 607 3061 660 sponsa
3087 593 3171 647 vel
3211 595 3294 647 vir
3337 607 3393 649 et
3428 611 3584 658 uxor,

2008 680 2256 737 Christus
2274 689 2330 735 et
2352 680 2592 735 Ecclesia
2617 682 2888 748 dicuntur,
2914 683 3041 751 quia
3086 684 3214 738 vere
3271 686 3587 754 cognatione

2008 774 2119 827 sint
2138 772 2352 837 fratres,
2381 771 2633 827 Christus
2657 773 2815 827 Iesus
2850 781 2907 828 et
2950 790 3143 830 omnes
3185 780 3380 841 sancti,
3412 778 3586 846 gratia

2007 871 2186 925 divina
2209 886 2314 926 non
2338 870 2799 940 consanguinitate
2822 878 3057 935 terrena,
3088 871 3193 926 hoc
3218 880 3305 929 est
3319 872 3399 927 de
3434 882 3590 941 patre

2007 977 2115 1017 non
2143 962 2213 1017 de
2256 971 2455 1028 matre,
2495 971 2555 1017 et
2574 960 2839 1019 aﬁabilius
2862 963 3081 1028 dicitur,
3112 969 3167 1018 et
3192 963 3450 1033 capacius
3496 979 3592 1017 ιιιι-

2008 1057 2170 1112 ditur.
2200 1054 2339 1110 Nam
2365 1057 2506 1111 inter
2526 1071 2584 1111 se
2612 1072 2803 1111 omnes
2846 1056 3029 1111 sancti»
3073 1064 3172 1125 per
3192 1057 3440 1112 eamdem
3469 1071 3589 1127 gra-

2008 1149 2139 1203 tiam
2162 1147 2361 1203 fratres
2391 1156 2536 1212 sunt,
2558 1160 2791 1217 sponsus
2818 1155 2995 1201 autem
3040 1153 3358 1200 eceterorum
3413 1145 3586 1200 socie-

2005 1247 2116 1294 tate
2134 1238 2315 1294 nullus
2340 1236 2555 1293 illorum
2574 1246 2676 1293 est.
2713 1237 2866 1302 Quod
2893 1246 3075 1292 autem
3104 1226 3415 1293 Abimelech
3439 1237 3589 1292 Sara:

2006 1331 2167 1385 dixit:

2078 1424 2214 1477 Ecce
2247 1422 2389 1477 mille
2414 1430 2683 1493 argenteos
2702 1421 2825 1475 dedi
2848 1422 3007 1491 fratri
3027 1430 3142 1488 tuo,
3169 1422 3267 1475 hoc
3293 1422 3389 1476 erit
3416 1421 3508 1475 tibi
3535 1422 3588 1475 in

2006 1514 2351 1567 velamentum
2372 1512 2668 1577 oculorum,
2697 1512 2767 1565 ad
2797 1528 2974 1567 omnes
3006 1514 3097 1584 qui
3148 1523 3319 1567 tecum
3367 1522 3510 1577 sunt,
3543 1523 3589 1566 et

2006 1619 2310 1674 quocunque
2327 1603 2636 1673 ρεπεατεδ,
2659 1610 2915 1655 memento
2934 1611 2983 1656 te
3002 1601 3394 1671 deprehensam,
3436 1603 3591 1669 quasi

2002 1695 2234 1767 jocando
2263 1695 2519 1764 loquitur,
2546 1709 2612 1750 eo
2640 1695 2779 1764 quod
2803 1696 2917 1764 ipsa
2946 1690 3146 1749 dixerit
3181 1693 3413 1748 fratrem
3432 1708 3587 1747 suum

2010 1802 2130 1841 esse
2158 1786 2484 1851 simulando,
2519 1786 2611 1855 qui
2634 1785 2735 1839 luit
2755 1784 3004 1851 maritus,
3030 1785 3389 1854 hortaturque
3406 1794 3468 1837 ut
3487 1784 3590 1837 hoc

325 1881 484 1919 causa
506 1864 665 1920 facile
683 1866 943 1930 occurrit,
975 1863 1101 1934 quia
1129 1864 1398 1919 occultum
1420 1873 1503 1921 est
1527 1873 1582 1922 et
1604 1864 1817 1922 diﬁicile
1837 1867 1904 1922 ad
1934 1876 1979 1935 Β
2009 1877 2060 1930 in
2083 1882 2359 1946 posterum
2381 1876 2707 1941 meminerit,
2739 1889 2807 1929 ne
2851 1875 3108 1945 deinceps
3133 1874 3501 1939 simulatione,
3539 1874 3590 1927 id

324 1953 748 2025 intelligendum,
804 1955 1075 2024 quomodo
1129 1954 1309 2008 anima
1350 1956 1583 2011 humana
1613 1958 1780 2013 verbo
1807 1956 1902 2012 Dei

324 2042 605 2113 copuletur
628 2044 743 2099 sive
768 2044 1078 2109 misceatur,
1108 2044 1246 2111 sive,
1272 2046 1415 2115 quod
1445 2047 1636 2104 melius
1654 2056 1710 2104 et
1726 2049 1906 2118 aptius

2006 1976 2111 2033 est,
2137 1968 2485 2037 opprobrium
2507 1967 2843 2038 deprehensa
2869 1964 3193 2022 incurreret.

1548 2300 1848 2378 LIBER
1923 2302 2401 2381 TERTIUS.
2460 2320 2467 2325 “

833 2568 1061 2627 CAPUT
1101 2568 1390 2625 PRIMUM.

391 2663 467 2718 De
496 2663 785 2718 Nativitate
844 2661 1001 2717 Isaac
1045 2673 1092 2717 et
1136 2664 1200 2715 de
1246 2662 1494 2732 ejectione
1545 2660 1689 2730 Agar
1715 2676 1834 2714 cum

1005 2732 1244 2786 Ismaele.

389 2843 533 2899 Sane
558 2843 684 2914 quia
707 2844 973 2899 secundus
1007 2842 1143 2899 liber
1169 2841 1522 2913 expositionis
1547 2841 1601 2895 in
1638 2838 1910 2897 Geneseos

320 2936 387 2989 ab
412 2949 479 2989 eo
502 2934 624 2989 loco
648 2933 956 3004 incipiebat,
983 2950 1092 3005 quo
1120 2941 1242 3005 post
1276 2932 1649 3003 expulsiouem
1680 2931 1812 2987 Adae
1838 2931 1907 2987 de

321 3023 590 3092 paradiso,
618 3024 671 3077 in
697 3022 800 3078 hac
826 3038 1063 3078 atrumna
1095 3022 1342 3078 mortalis
1358 3023 1482 3077 vita;
1507 3037 1731 3079 uxorem
1752 3038 1903 3078 suam

2013 2568 2124 2622 vita
2146 2569 2373 2638 geritur,
2397 2570 2551 2640 quasi
2579 2579 2772 2625 octavo
2803 2578 3045 2640 tempore
3100 2583 3410 2639 surgemus:
3468 2579 3597 2626 tunc

2013 2658 2310 2728 purissimi,
2342 2659 2443 2715 hoc
2467 2667 2552 2715 est
2586 2660 2835 2715 omnibus
2863 2660 3097 2716 carnalis
3143 2660 3597 2731 concupiscentia:

2022 2750 2163 2804 vitiis
2184 2759 2237 2805 et
2252 2750 2710 2821 corruptiouibus,
2727 2751 2780 2807 in
2800 2751 2998 2822 quibus
3015 2751 3247 2805 maxime
3266 2748 3478 2817 luxuria
3507 2766 3595 2805 re—

2011 2850 2160 2912 gnat,
2190 2841 2494 2909 exspoliati.

2102 2929 2272 2986 Crevit
2324 2934 2484 3002 igitur
2530 2948 2660 3003 puer
2713 2941 2762 2986 et
2823 2930 3119 2985 obluctatus
3190 2938 3265 2984 est
3306 2943 3327 2982 :
3375 2929 3599 3000 fecitque

2009 3022 2275 3076 Abraham
2314 3021 2512 3093 grande
2547 3022 2838 3077 convivium
2876 3022 2928 3075 in
2957 3020 3043 3075 die
3065 3019 3429 3075 ablactationis
3459 3020 3596 3089 ejus.

322 3115 460 3170 idem
488 3114 857 3185 protOplastus
884 3114 1205 3185 cognovisse
1246 3113 1594 3175 describitur,
1653 3120 1814 3183 atque
1851 3114 1904 3168 in
1934 3136 1979 3199 ο
2012 3112 2195 3187 Mog.)
2220 3112 2411 3171 Merito
2433 3113 2695 3183 quaeritur
2709 3128 2807 3168 cur
2830 3111 3106 3167 Abraham
3136 3124 3239 3165 nec
3257 3109 3345 3164 die
3371 3125 3481 3180 quo
3503 3125 3601 3165 na-

322 3204 548 3260 bistoria
573 3203 888 3263 Abimelech
918 3204 972 3258 in
1009 3218 1118 3273 qua
1149 3203 1285 3259 Sara
1309 3203 1583 3268 laudatur,
1606 3203 1675 3259 ad
1703 3204 1907 3259 calcem

319 3311 488 3365 usque
510 3297 804 3366 perductus
824 3303 927 3360 est,
957 3312 1257 3367 congruum
1283 3311 1402 3352 esse
1447 3297 1705 3361 arbitror,
1766 3297 1912 3367 quod

319 3387 513 3443 tertius
539 3387 677 3442 liber
706 3387 761 3442 in
782 3401 849 3442 eo
875 3387 996 3442 loco
1024 3386 1349 3457 principium
1399 3393 1580 3442 sumat
1624 3386 1719 3440 ubi
1769 3384 1912 3441 ﬁlius

319 3477 696 3548 promissionis
719 3477 951 3532 Abraha:
979 3478 1303 3547 patriarcha:
1329 3491 1622 3532 concessus
1654 3483 1760 3541 est,
1812 3490 1912 3530 cu-

320 3573 399 3635 ius
422 3585 658 3640 persona
683 3570 851 3639 ipsius
873 3578 1058 3640 typum
1097 3577 1324 3635 teneret,
1352 3569 1444 3639 qui
1487 3567 1764 3639 originalis
1789 3581 1913 3637 pec-

320 3665 424 3718 cati
447 3662 665 3717 vincula
694 3662 1034 3727 dissolveret,
1073 3670 1130 3717 et
1180 3662 1474 3716 humanum
1516 3676 1686 3733 genus
1731 3660 1909 3716 decori

320 3755 575 3826 pristino,
607 3769 715 3824 quo
755 3752 958 3808 dudum
990 3753 1275 3823 spoliatum
1315 3752 1511 3819 fuerat,
1559 3768 1657 3823 per
1681 3752 1912 3824 gratiam

321 3861 475 3901 suam
510 3844 888 3911 constitueret,
915 3860 979 3900 ac
1016 3844 1268 3914 paradiso
1299 3843 1547 3905 colonum
1574 3858 1733 3898 suum
1760 3856 1913 3897 revo-

322 3946 513 4003 careL.
532 3942 539 3947 '

391 4030 546 4101 (Car.
576 4028 715 4100 χιι.)
752 4027 993 4083 Visitavit
1031 4036 1207 4082 autem
1237 4025 1493 4081 Dominus
1528 4022 1720 4079 Suram
1775 4023 1913 4077 sicut

321 4120 653 4189 promiserat,
680 4128 729 4172 et
758 4118 987 4189 implevit
1008 4134 1127 4190 qua:
1146 4117 1352 4172 locutus
1382 4126 1493 4179 est;
1517 4113 1846 4185 cancepitque
1865 4122 1913 4167 et

320 4214 515 4283 peperit
561 4212 734 4280 ﬁlium
781 4212 835 4265 in
874 4220 1133 4266 senectute
1172 4226 1293 4274 sua,
1329 4217 1557 4279 tempore
1591 4223 1693 4279 quo
1721 4207 1915 4277 praedi-

320 4312 474 4358 xerat
494 4303 545 4356 ei
565 4300 725 4356 Deus.
778 4300 1088 4372 Vocavitque
1131 4299 1399 4353 Abraham
1451 4313 1639 4351 nomen
1689 4295 1787 4363 ﬁlii
1832 4296 1915 4349 sui

321 4409 474 4463 quem
495 4392 672 4463 genuit
699 4393 747 4446 ei
772 4389 909 4445 Sara
935 4390 1112 4456 Isaac,
1143 4399 1192 4444 et
1217 4386 1546 4443 circumcidit
1588 4403 1707 4441 eum
1736 4380 1913 4440 octavo

2013 3220 2099 3263 tus
2115 3217 2198 3264 est
2232 3210 2283 3265 ei
2311 3209 2474 3276 ﬁlius,
2499 3225 2603 3265 nec
2629 3209 2715 3265 die
2752 3225 2863 3279 quo
2881 3208 3236 3265 circumcisus
3268 3204 3485 3275 est,sed
3511 3209 3600 3265 die

2012 3314 2120 3369 quo
2143 3298 2446 3356 ablactatus
2475 3309 2579 3366 est,
2617 3299 2835 3369 epulum
2864 3299 3072 3355 fecerit.
3098 3298 3252 3367 Quod
3282 3298 3384 3354 nisi
3411 3298 3481 3354 ad
3500 3298 3602 3354 ali—

2012 3406 2171 3461 quam
2207 3393 2542 3465 spiritualem
2568 3394 3018 3462 signiﬁcationem
3045 3392 3331 3457 referatur,
3346 3392 3492 3447 nulla
3518 3407 3602 3448 so-

2012 3482 2145 3538 lutio
2188 3484 2502 3553 quaestionis
2547 3493 2650 3549 est,
2682 3491 2812 3539 tunc
2858 3484 3070 3539 scilicet
3111 3497 3232 3539 esse
3262 3484 3461 3539 debere
3483 3498 3599 3536 ma-

2013 3589 2176 3644 gnum
2203 3574 2455 3645 gaudium
2481 3574 2779 3644 spiritualis
2819 3576 3020 3640 anatis,
3049 3575 3266 3644 quando
3294 3572 3459 3629 fuerit
3515 3573 3596 3626 fa—

2013 3672 2133 3718 ctus
2159 3663 2322 3719 homo
2350 3680 2522 3719 novus
2541 3663 2859 3734 spiritualis,
2882 3664 2934 3718 id
2957 3671 3061 3727 est,
3078 3679 3186 3717 non
3215 3662 3338 3717 talis
3351 3662 3602 3732 qualibus

2013 3753 2145 3808 dicit
2174 3752 2465 3823 Apostolus
2492 3769 2511 3808 :
2534 3751 2643 3808 Lac
2672 3753 2812 3807 vobis
2843 3760 3026 3823 potum
3071 3751 3215 3815 dedi,
3244 3767 3346 3804 non
3390 3768 3600 3815 escam;

2014 3842 2243 3897 nondum
2265 3844 2404 3898 enim
2420 3845 2692 3914 poteratis,
2723 3844 2816 3898 sed
2837 3860 2931 3898 nec
2956 3841 3128 3898 adhuc
3176 3842 3390 3912 potestis
3413 3859 3433 3907 ;
3478 3845 3602 3896 estis

2012 3936 2150 3989 enim
2175 3935 2348 3991 adhuc
2370 3935 2608 3991 carnales
2635 3936 2686 4008 (I
2713 3935 2837 3992 Cor.
2872 3937 2978 4008 nt).
3500 3986 3503 3989 .

2084 4027 2315 4098 Cumque
2343 4028 2550 4082 vidisset
2586 4028 2727 4083 Sara
2754 4028 2927 4097 filium
2953 4028 3101 4098 Agar
3123 4026 3395 4097 Egyptia:
3417 4025 3603 4081 luden-

2009 4128 2113 4174 tem
2138 4136 2258 4174 cum
2295 4119 2474 4188 Isaac,
2514 4122 2648 4177 dixit
2699 4121 2769 4175 ad
2816 4121 3121 4176 Abraham:
3154 4120 3307 4191 Ejice
3349 4118 3599 4174 ancillam

2013 4209 2148 4263 hanc
2178 4219 2226 4263 et
2250 4209 2422 4278 [ilium
2442 4210 2578 4280 ejus.
2605 4206 2729 4263 Non
2749 4209 2888 4263 enim
2907 4210 3072 4264 haeres
3093 4210 3193 4264 erit
3218 4208 3363 4278 ﬁlius
3392 4206 3601 4262 ancilla:

2013 4316 2131 4353 cum
2156 4299 2270 4369 ﬁlio
2304 4317 2418 4354 meo
2448 4300 2626 4355 Isaac.
2656 4299 2953 4369 Dupliciter
2991 4301 3173 4369 itaque
3224 4300 3329 4356 hoc
3377 4300 3447 4373 ab
3499 4299 3600 4353 lle-

2014 4390 2176 4447 braais
2209 4391 2516 4463 exponitur,
2539 4391 2652 4446 sive
2673 4392 2816 4462 quod
2839 4390 2982 4446 idola
3018 4390 3143 4446 ludo
3193 4389 3405 4456 fecerit,
3448 4388 3602 4457 juxta

322 4484 407 4537 die
437 4484 578 4537 sicut
601 4489 919 4552 praeeperat
941 4480 989 4534 ei
1014 4479 1174 4534 Deus.
1202 4477 1646 4535 Circumcisionis
1673 4486 1827 4547 typus
1852 4490 1917 4530 ac
1943 4478 1993 4537 D
2020 4484 2151 4539 illud
2178 4484 2319 4553 quod
2342 4483 2465 4539 alibi
2494 4485 2751 4554 scriptum
2778 4491 2889 4539 est;
2922 4480 3068 4537 Sedit
3091 4480 3319 4552 populus
3371 4483 3600 4539 mandu—
3636 4546 3643 4553 κ

321 4572 493 4644 ﬁgura
523 4570 871 4626 multiformis
899 4578 1001 4626 est.
1025 4569 1158 4624 Nam
1187 4578 1240 4624 et
1267 4569 1601 4640 signaculum
1616 4577 1699 4623 est
1721 4583 1913 4626 secun-

321 4664 451 4719 dum
478 4661 798 4734 Apostolum
827 4661 1006 4735 (Rom.
1035 4658 1377 4733 1v),ju’stitim
1421 4661 1544 4716 ﬁdei
1584 4661 1816 4717 Abrahze
1860 4668 1914 4715 et

321 4754 518 4808 semini
549 4751 688 4821 ejus,
718 4763 775 4809 et
800 4755 1058 4811 indicium
1088 4754 1385 4822 castigandi
1410 4769 1505 4809 eos
1550 4753 1643 4823 qui
1690 4752 1757 4806 ad
1812 4752 1915 4806 hoc

317 4856 510 4897 semen
549 4841 797 4914 hancque
818 4844 977 4899 ﬁdem
1005 4842 1210 4915 [semen
1240 4858 1338 4912 per
1364 4840 1546 4914 ﬁdem]
1584 4841 1915 4911 pertinerent

316 4932 394 4987 ab
413 4932 563 4986 omni
594 4933 1004 5003 inquinamento
1031 4933 1211 4989 carnis
1233 4941 1289 4988 et
1324 4932 1570 5001 spiritus,
1599 4940 1655 4986 et
1680 4931 1914 5001 prophe-

319 5021 401 5076 tia
425 5023 689 5079 nascituri
718 5024 786 5079 de
800 5016 918 5080 hoc
942 5024 1147 5079 semine
1169 5023 1487 5088 Salvatoris,
1514 5023 1607 5091 qui
1631 5036 1730 5075 nos
1772 5028 1827 5075 et
1858 5021 1913 5074 in

313 5114 578 5184 praesenti
606 5128 706 5183 per
730 5114 1057 5183 baptismum
1090 5114 1160 5169 ab
1177 5114 1325 5169 omni
1350 5113 1641 5169 mortifera:
1685 5111 1917 5165 actionis

311 5204 622 5278 pollutione
648 5207 957 5271 mandaret,
991 5214 1046 5261 et
1084 5205 1140 5259 in
1201 5204 1384 5259 tutum
1438 5217 1537 5274 per
1566 5200 1915 5257 resurrectio-

310 5314 457 5355 nem
480 5300 550 5354 ab
572 5299 828 5355 universa
854 5300 1046 5355 mortis
1068 5300 1234 5370 ipsius
1258 5299 1607 5369 corruptione
1644 5298 1698 5352 in
1728 5312 1918 5368 perpe-

309 5402 480 5448 tuum
510 5392 784 5447 liberaret.
828 5391 1092 5448 Octavum
1120 5399 1301 5445 autem
1331 5403 1636 5453 numerum,
1678 5402 1920 5442 resurre-

304 5482 524 5539 ctionis
548 5482 733 5552 gloria:
755 5483 1068 5549 convenire,
1099 5495 1239 5552 pene
1278 5480 1534 5536 omnibus
1558 5477 1747 5533 claret.
1780 5477 1915 5533 Nam

298 5585 370 5632 et
399 5573 664 5629 Dominus
682 5581 896 5640 octavo,
918 5574 1021 5629 hoc
1041 5583 1124 5629 est
1146 5581 1270 5642 post
1293 5572 1578 5641 septimam
1597 5570 1807 5625 sabbati
1829 5585 1915 5625 re-

298 5665 585 5730 surrexit,
600 5673 665 5719 .et
688 5665 795 5735 ipsi
828 5673 951 5734 post
977 5680 1070 5721 sex
1099 5665 1259 5735 hujus
1296 5662 1475 5720 saeculi
1498 5670 1686 5718 aetates
1712 5671 1768 5718 et
1795 5676 1915 5730 scp-

301 5763 515 5816 timant
543 5758 758 5814 sabbati
792 5759 1119 5827 animarum,
1143 5774 1263 5831 quae
1294 5773 1439 5815 nunc
1476 5755 1695 5814 interim
1723 5755 1782 5813 in
1806 5754 1910 5810 alia

2014 4594 2136 4631 care
2162 4588 2211 4632 et
2238 4578 2426 4643 bibere,
2444 4587 2492 4632 et
2516 4587 2850 4631 surrexerunt
2873 4575 3051 4629 ludere
3067 4574 3468 4645 (Exodmxxu),
3493 4574 3607 4629 sive

2016 4669 2161 4738 quod
2191 4670 2476 4725 adversum
2504 4669 2655 4725 Isaac
2685 4668 2841 4738 quasi
2866 4666 3091 4736 majoris
3119 4666 3314 4731 aetatis,
3343 4667 3468 4736 joco
3502 4666 3603 4721 sibi

2017 4766 2072 4814 et
2098 4758 2223 4815 ludo
2249 4760 2606 4829 primogenita
2630 4758 2952 4814 vindicaret.
2993 4756 3146 4825 Quod
3191 4757 3412 4827 quidem
3469 4755 3602 4809 Sara

2017 4847 2241 4901 audiens
2264 4862 2371 4901 non
2412 4847 2564 4904 tulit.
2596 4854 2651 4902 et
2689 4846 2794 4902 hoc
2814 4861 2879 4901 ex
2916 4846 3085 4916 ipsius
3107 4847 3438 4917 approbatur
3484 4859 3601 4899 ser-

2020 4951 2180 4991 mone
2200 4936 2429 4992 dicentis
2450 4955 2462 4990 :

2087 5026 2235 5081 Dure
2260 5028 2562 5098 hocaccepit
2589 5026 2856 5082 Abraham
2879 5044 2973 5098 pro
2998 5027 3112 5097 ﬁlio
3158 5044 3275 5083 suo.
3318 5025 3418 5080 Cui
3470 5026 3602 5079 dixit

2016 5118 2158 5173 Deus
2180 5137 2215 5189 ;⁵
2232 5119 2356 5174 Non
2379 5120 2474 5173 tibi
2492 5120 2733 5175 videatur
2753 5138 2998 5191 asperum
3022 5137 3179 5190 super
3195 5136 3381 5189 puero,
3416 5128 3466 5173 et
3511 5136 3603 5172 su-

2016 5228 2109 5282 per
2168 5210 2367 5267 ancilla
2414 5221 2527 5269 tua.
2583 5211 2776 5268 Omnia
2810 5229 2927 5284 qua
2954 5213 3144 5267 dixerit
3173 5211 3268 5265 tibi
3289 5209 3447 5273 Sara,
3470 5211 3599 5264 audi

2018 5320 2189 5357 vocem
2210 5303 2346 5373 ejus,
2368 5304 2494 5374 quia
2514 5304 2569 5358 in
2598 5302 2755 5359 Isaac
2778 5303 3047 5357 vocabitur
3073 5300 3167 5354 tibi
3187 5316 3382 5355 semen.
3410 5299 3518 5354 Sed
3549 5311 3597 5352 et

2016 5395 2185 5463 ﬁlium
2214 5394 2423 5451 ancilla:
2444 5397 2640 5466 faciam
2664 5397 2716 5449 in
2742 5403 2941 5465 gentem
2966 5407 3233 5461 umquam,
3256 5389 3382 5460 quia
3426 5406 3602 5445 semen

2017 5496 2163 5539 tuum
2187 5496 2281 5540 est.
2314 5486 2586 5554 Quaeritur
2606 5485 2740 5541 Sara
2784 5484 3029 5537 dicente:
3064 5480 3221 5550 ‘Ejice
3269 5476 3521 5537 ancillam
3552 5485 3604 5539 et

2018 5578 2185 5635 lilucm
2207 5578 2346 5646 ejus,
2368 5595 2471 5633 non
2496 5577 2634 5632 enim
2654 5573 2950 5630 hwreaer-it
2979 5572 3123 5642 ﬁlius
3147 5570 3356 5625 ancilla
3382 5585 3504 5625 cum
3529 5568 3599 5637 ﬁ-

2016 5670 2086 5721 lio
2119 5686 2231 5721 meo
2262 5668 2438 5731 Isaac,
2466 5683 2634 5738 quare
2660 5666 3013 5722 contristatus
3045 5664 3119 5721 sit
3150 5663 3425 5719 Abraham
3475 5677 3600 5717 cum

2017 5760 2121 5816 ista
2170 5760 2331 5815 fuerit
2394 5757 2713 5829 prophetia,.
2748 5772 2909 5827 quam
2958 5756 3146 5826 utique
3192 5754 3366 5826 magis
3418 5752 3601 5817 debuit
