3958 6204
363 376 474 438 8σό

361 585 693 642 revelatione
707 583 817 640 hoe
840 581 1044 638 dixisse
1072 580 1286 647 Suram,
1307 582 1433 652 quia
1466 582 1618 652 prius
1640 581 1717 637 illi
1757 580 1935 639 fuerat

358 677 678 739 revelatum.
695 665 698 669 ’
717 675 871 731 Illum
899 690 1027 731 vero
1051 690 1210 745 quem
1244 675 1313 732 de
1343 677 1446 731 hac
1465 683 1650 745 postea
1677 676 1936 733 Dominus

356 752 844 845 instruit,paterno
875 769 1069 825 affectu
1090 785 1190 840 pro
1211 769 1321 826 filio
1366 769 1535 825 fuisse
1582 776 1931 833 commotum,

355 865 435 921 vel
464 864 653 921 ambos
680 864 832 935 prius
865 864 1124 929 nescisse,
1151 864 1408 934 quidnam
1438 864 1568 921 illud
1615 871 1717 930 est,
1744 872 1804 920 et
1836 879 1934 934 per

348 957 555 1010 sat-aus”
573 955 903 1011 nescientem:
929 954 1033 1010 hoc
1065 954 1376 1024 prophetiae
1398 954 1601 1010 dictum
1628 968 1771 1019 esse,
1805 969 1929 1010 eum

346 1047 439 1100 'lla
471 1053 621 1102 mota
652 1055 797 1103 esset
823 1046 1071 1102 muliebri
1094 1046 1273 1100 animo
1300 1053 1522 1115 propter
1582 1045 1792 1105 ancilla
1833 1061 1927 1103 su-

350 1137 611 1203 perbiam.
634 1137 936 1193 Notandum
955 1138 1099 1206 quod
1123 1146 1179 1192 et
1202 1136 1393 1192 lsmael
1418 1138 1594 1194 dictus
1619 1138 1692 1192 sit
1738 1152 1768 1192 a
1817 1139 1928 1195 Deo

349 1241 535 1281 semen
556 1228 807 1289 Abrahae.
834 1235 1059 1297 propter
1080 1227 1207 1282 illud
1249 1228 1396 1296 quod
1426 1228 1506 1282 sic
1553 1227 1925 1298 accipiendum

352 1319 507 1372 docet
538 1316 847 1384 Apostolus,
877 1318 1017 1385 quod
1060 1317 1259 1373 dictum
1300 1326 1417 1371 est:
1451 1316 1513 1371 In
1537 1316 1693 1371 Isaac
1724 1318 1926 1373 vocabi-

353 1413 438 1460 tur
465 1406 561 1461 tibi
585 1422 783 1471 semen,
804 1424 908 1463 non
930 1407 1021 1462 lilii
1048 1408 1253 1472 carnis,
1285 1407 1381 1463 sed
1424 1406 1519 1463 filii
1547 1408 1923 1478 promissionis

344 1500 669 1568 deputantur
696 1498 749 1553 in
773 1498 999 1565 semine,
1025 1506 1086 1553 ut
1124 1500 1228 1554 hoc
1273 1492 1491 1569 proprie
1543 1498 1817 1568 pertineat
1853 1499 1922 1556 ad

345 1588 516 1656 lsaac,
544 1591 635 1660 qui
658 1605 765 1646 non
790 1590 930 1646 titius
952 1592 1155 1657 carnis,
1213 1592 1313 1648 sed
1355 1591 1496 1647 filius
1541 1592 1919 1660 promissionis

349 1681 475 1747 fuit,
502 1682 595 1737 ubi
615 1681 906 1751 promissio
933 1681 994 1736 fit
1010 1682 1078 1737 de
1102 1680 1354 1739 omnibus
1379 1684 1650 1753 gentibus.
1710 1694 1727 1703 '

395 1769 636 1827 Surrexit
648 1772 1091 1842 itaqueAbrattam
1106 1789 1277 1837 mane,
1289 1772 1474 1829 tollens
1488 1788 1679 1844 panem
1686 1782 1736 1833 et
1746 1782 1913 1828 utrem

1000 381 1062 435 Β.
1104 380 1355 436 mnam
1395 338 1615 437 muni
1655 381 1974 436 AllClllEP.
2018 381 2324 439 uocum.
2369 383 2653 441 eranum
2692 383 2873 442 rans
2910 388 2950 444 ι.

252 458 261 465 ’
306 476 309 477 ν
364 508 522 552 nosse
560 495 673 565 ipse
700 508 865 565 quam
894 492 1047 548 Sara.
1077 491 1184 547 Sed
1207 491 1603 563 intelligendum
1628 500 1732 555 est,
1759 492 1844 549 vel
1872 508 1938 549 ex
1968 497 2015 554 A
2043 494 2316 551 carnalem
2339 495 2622 567 populum;
2652 496 2785 554 Sara
2811 514 2942 556 vero
2965 500 3131 558 libera
3158 505 3346 574 genuit
3366 511 3617 580 populum

3508 401 3614 459 568

2035 583 2126 652 qui
2156 584 2454 640 secundum
2480 599 2701 642 carnem
2725 602 2832 641 non
2857 597 2962 654 est,
2993 590 3087 645 sed
3112 591 3166 646 in
3208 592 3457 653 libertate
3508 615 3608 656 vo-

2033 682 2188 729 catus
2215 682 2320 737 est,
2344 689 2451 744 qua
2486 675 2736 732 libertate
2760 678 3010 734 liberavit
3029 697 3152 737 cum
3178 681 3444 742 Christus.
3490 688 3607 746 Hoc

2032 764 2196 834 igitur
2218 765 2473 837 mysterio
2498 765 3104 839 ﬁgurabatur,priorem
3137 775 3393 845 pupulum
3417 778 3474 833 in
3497 795 3612 835 ser-

2030 855 2200 911 vitute
2222 865 2500 927 pectorum
2527 869 2860 929 generatum,
2904 863 2959 916 in
2992 864 3153 920 domo
3198 865 3368 930 Sarus.
3398 870 3473 953 id
3522 881 3608 929 est

2030 945 2304 1014 Ecclesiae,
2321 962 2427 1002 non
2454 964 2673 1005 manere
2700 950 2752 1005 in
2782 961 3060 1017 aeternum,
3086 970 3261 1027 neque
3286 945 3419 1014 esse
3436 960 3608 1018 hatre-

2028 1034 2150 1090 dem
2177 1036 2264 1093 vel
2288 1047 2593 1093 consortem
2622 1040 2920 1100 cultoribus
2945 1044 3169 1111 Christi,
3199 1063 3298 1103 nec
3324 1065 3447 1105 cum
3495 1052 3604 1110 ﬁlio

2026 1127 2214 1193 nobili,
2242 1128 2295 1183 id
2325 1137 2431 1196 est,
2460 1131 2601 1186 fideli
2641 1133 2860 1202 populo,
2890 1150 3115 1204 regnum
3149 1138 3390 1195 cmlestis
3418 1142 3605 1212 gloria

2024 1218 2561 1284 possessurum.Cum
2575 1221 2794 1290 ejiceret
2809 1223 2974 1294 igitur
2985 1225 3256 1282 Abraham
3268 1230 3413 1300 Agar
3426 1233 3602 1288 dedo-

2025 1319 2242 1367 mosua,
2258 1307 2466 1374 accepit
2488 1318 2905 1375 panesetutrem
2919 1327 3073 1381 aquae
3095 1323 3150 1370 et
3169 1316 3318 1371 dedit
3347 1319 3510 1386 Agar,
3549 1330 3605 1376 et

2024 1392 2453 1465 imposuitsuper
2467 1397 2723 1454 humeros
2734 1399 2851 1469 ejus
2868 1401 3150 1469 infantem,
3164 1413 3219 1461 et
3231 1407 3592 1466 dimisiteam.

2018 1480 2221 1539 Exiens
2241 1494 2422 1541 autem
2460 1486 2625 1558 Agar,
2679 1491 2901 1546 errabat
2927 1491 2981 1546 in
3016 1493 3329 1563 solitudine,
3381 1508 3437 1554 et
3480 1517 3602 1557 cum

2019 1575 2336 1632 morientem
2368 1579 2457 1634 siti
2488 1579 2654 1634 filium
2674 1581 2986 1651 projecisset
3038 1587 3138 1642 sub
3191 1589 3406 1657 arbore,
3443 1608 3602 1663 appa-

2018 1664 2128 1718 ruit
2150 1665 2199 1720 ei
2222 1667 2443 1738 angelus
2455 1668 2687 1737 Domini,
2712 1680 2764 1727 et
2780 1674 3167 1731 demonstravit
3188 1677 3390 1735 fontem
3420 1697 3596 1752 aqum,

2016 1763 2073 1807 et
2098 1758 2497 1825 potavitﬁlium
2527 1776 2706 1817 suum.
2753 1763 2892 1832 Quid
2938 1781 3068 1839 ergo
3118 1770 3405 1841 significat,
3456 1776 3599 1845 quod

346 1834 1170 1934 numimwéumpulweju”
1184 1834 1502 1935 "adt-dm“;
1514 1865 1914 1935 “mmmam;
1941 1834 1989 1894 B
2017 1845 2203 1907 exiens
2228 1847 2391 1919 Agar,
2421 1850 2677 1907 infantem
2702 1853 2755 1908 in
2777 1834 3030 1911 humeros
3049 1834 3596 1929 suosvimposuitfnisi

342 1952 481 2006 misit
490 1968 624 2006 eam.
643 1952 773 2019 Qua:
783 1970 903 2009 cum
916 1954 1129 2032 abisset,
1145 1954 1355 2019 errabat
1366 1956 1420 2008 in
1433 1954 1719 2011 solitudine
1728 1954 1916 2009 Bersa-

340 2043 467 2099 bere.
482 2043 715 2116 Cumque
727 2056 1031 2117 consumpta
1051 2056 1181 2102 esset
1203 2064 1341 2117 aqua
1361 2048 1416 2102 in
1434 2056 1564 2111 utre,
1581 2046 1772 2117 abjecit
1782 2063 1912 2118 pue-

337 2148 455 2187 rum
468 2134 644 2188 subter
655 2151 813 2189 unam
826 2136 1061 2192 arborem
1083 2138 1281 2208 quazibi
1293 2150 1425 2205 eral,
1441 2147 1490 2192 et
1513 2139 1659 2203 abiit,
1683 2139 1914 2211 seditque

336 2237 367 2275 θ
417 2225 624 2294 regione
669 2225 852 2295 procul
899 2236 1154 2296 quantum
1204 2237 1367 2297 potest
1426 2246 1580 2284 arcus
1612 2231 1814 2299 jacere.
1842 2262 1914 2271 —

335 2313 483 2369 Dixit
512 2317 650 2371 enim
684 2330 707 2368 .'
738 2316 861 2373 Non
886 2318 1064 2373 ridebo
1085 2321 1389 2375 morientem
1409 2335 1707 2392 puerum,et
1730 2323 1910 2379 sedens
1944 2384 1955 2387 Α

336 2415 538 2470 eontra,
570 2405 752 2461 leuauit
779 2424 950 2462 uocem
974 2426 1124 2463 suam
1148 2420 1197 2463 et
1219 2411 1379 2480 ﬂevit.
1403 2410 1691 2468 Exaudivit
1734 2425 1908 2468 autem

334 2494 590 2550 Dominus
610 2512 780 2551 uocem
790 2498 962 2568 pueri,
983 2507 1039 2554 et
1062 2500 1287 2569 reliqua.
1313 2498 1581 2574 (Hieron.)
1599 2503 1659 2557 in
1684 2502 1909 2559 Hebrtco

339 2585 505 2653 enim,
531 2595 651 2656 post
673 2587 777 2644 hoc
796 2587 943 2660 quod
968 2590 1224 2661 scriptum
1243 2599 1326 2645 est
1350 2611 1363 2645 :
1395 2591 1513 2647 Non
1556 2588 1734 2651 ridebo
1770 2610 1910 2649 mor-

334 2685 436 2732 tem
458 2680 608 2748 pueri
630 2681 750 2746 mei,
781 2680 857 2736 ita
885 2681 1102 2752 legitur,
1139 2682 1289 2753 quod
1341 2684 1456 2754 ipsa
1505 2683 1654 2753 Agar
1706 2686 1908 2741 sederit

258 2810 264 2817 .
331 2774 517 2820 contra
540 2782 766 2836 puerum
792 2777 847 2825 et
857 2769 1114 2827 levaverit
1141 2787 1330 2829 vocem
1353 2789 1504 2829 suam
1527 2783 1582 2829 et
1606 2774 1831 2841 fleverit,
1853 2785 1907 2831 et

332 2855 634 2910 exaudierit
657 2856 799 2913 Deus
844 2874 1032 2915 vocem
1078 2861 1311 2930 parvuli.
1338 2863 1529 2919 Flente
1557 2866 1700 2919 enim
1733 2872 1906 2922 matre

334 2951 633 2999 etmortem
664 2946 757 3000 filii
780 2948 1163 3006 miserabiliter
1186 2954 1549 3020 praestolante,
1565 2956 1706 3011 Deus
1740 2973 1905 3012 exau-

331 3031 468 3087 divit
490 3049 738 3103 puerum,
765 3038 830 3093 de
867 3053 972 3107 quo
994 3040 1268 3109 pollicitus
1320 3042 1499 3101 fuerat
1540 3042 1773 3101 Abrahtc
1823 3047 1904 3103 di-

333 3137 492 3179 cens:
526 3123 629 3181 Sed
654 3143 701 3180 ct
723 3126 890 3196 ﬁlium
913 3129 1123 3186 ancilla:
1141 3141 1246 3187 tua:
1268 3133 1461 3201 {ariam
1480 3136 1536 3193 in
1560 3146 1762 3207 gentem
1793 3155 1904 3193 ma-

335 3228 509 3282 gnam.
539 3212 721 3287 (Aug.)
750 3216 959 3286 Alioqui
1001 3229 1056 3274 et
1084 3221 1199 3289 ipsa
1228 3230 1420 3288 mater,
1438 3240 1549 3280 non
1578 3235 1730 3280 suam
1759 3244 1893 3283 mor-

332 3313 462 3371 tem,
479 3306 570 3360 sed
594 3305 685 3360 filii
705 3307 968 3377 deplorat.
994 3309 1239 3380 Pepercit
1268 3310 1429 3386 igitur
1448 3314 1588 3371 Deus
1609 3317 1658 3371 ei
1680 3333 1776 3387 pro
1796 3335 1904 3389 quo

332 3394 509 3449 ﬁte-rat
558 3403 615 3449 et
657 3394 833 3453 ﬂetus.
875 3398 1023 3454 Solet
1060 3403 1228 3469 quaeri
1269 3406 1538 3475 quomodo
1583 3421 1704 3462 cum
1753 3418 1906 3479 pater

329 3494 476 3542 esset
499 3501 759 3544 annorum
787 3490 1016 3561 amplius
1061 3495 1390 3563 quindecim,
1444 3498 1736 3569 proiecerit
1780 3518 1902 3557 cum

337 3579 437 3632 sub
467 3578 661 3634 arbore
685 3587 741 3635 et
775 3580 900 3636 ierit
930 3582 1087 3653 longe
1112 3594 1372 3654 quantum
1420 3605 1581 3645 arcus
1607 3592 1795 3658 mittit,
1837 3608 1906 3649 ne

329 3665 538 3721 videret
568 3681 690 3721 eum
721 3669 1061 3725 morientem.
1091 3673 1258 3741 Quasi
1290 3677 1434 3731 enim
1449 3678 1700 3748 portabat
1730 3680 1901 3750 proie-

322 3757 482 3821 cerit,
507 3756 580 3810 ita
607 3757 824 3813 videtur
847 3775 1043 3817 sonare
1068 3766 1210 3833 quod
1232 3767 1451 3823 dicitur.
1478 3770 1583 3824 Sed
1601 3772 1903 3844 intelligen-

323 3847 450 3905 dum
506 3846 803 3921 projectum
841 3865 964 3907 esse
992 3868 1103 3908 non
1145 3866 1483 3925 apportante,
1515 3860 1609 3915 sed
1650 3870 1709 3916 ut
1746 3862 1808 3916 fit
1834 3864 1901 3920 ab

322 3946 542 4006 animo,
600 3955 856 4016 tanquam
903 3943 1261 4013 moriturum;
1311 3963 1487 4017 neque
1542 3951 1687 4006 enim
1756 3954 1901 4022 quod

320 4040 581 4110 scriptum
605 4049 719 4098 est:
756 4041 1033 4113 Projectus
1079 4061 1195 4099 sum
1247 4057 1283 4099 α
1319 4042 1455 4108 facie
1491 4044 1763 4100 oculorum
1783 4056 1896 4101 tuo-

320 4147 439 4187 rum
465 4131 635 4203 (Psal.
662 4134 816 4200 xxx),
844 4139 1158 4206 portabatur
1176 4139 1268 4209 qui
1323 4134 1624 4219 hoc‘dixit;
1656 4146 1711 4191 et
1735 4146 1819 4193 est
1844 4139 1897 4193 in

324 4223 637 4289 quotidiano
697 4225 944 4295 loquendi
986 4246 1105 4295 usu,
1146 4246 1267 4286 cum
1294 4228 1582 4302 projicitur
1609 4229 1802 4299 aliquis
1830 4231 1898 4287 ab
1956 4274 1960 4279 .

323 4310 506 4381 aliquo
526 4327 651 4367 cum
677 4330 784 4384 quo
808 4326 948 4383 erat,
972 4334 1040 4372 ne
1063 4320 1131 4373 ab
1155 4321 1246 4377 illo
1269 4323 1541 4385 videatur,
1570 4327 1791 4375 autcum
1807 4322 1897 4379 illo

318 4410 557 4457 maneat.
582 4403 991 4475 Intelligendum
1013 4417 1098 4463 est
1123 4424 1272 4481 ergo,
1303 4416 1445 4482 quod
1493 4411 1777 4483 Scriptura
1807 4420 1893 4468 ta-

318 4489 451 4553 cuit,
486 4490 560 4544 ita
575 4492 886 4549 discessisse
916 4504 1145 4552 matrem
1168 4515 1198 4553 a
1222 4501 1352 4566 filio,
1377 4511 1437 4557 ut
1462 4517 1595 4571 puer
1615 4507 1893 4573 ignoraret
1920 4536 1972 4595 D

319 4593 427 4647 quo
454 4588 627 4635 mater
646 4583 930 4648 abierit,et
951 4600 1070 4639 eam
1096 4588 1150 4640 in
1173 4587 1506 4646 silvestribus
1537 4591 1799 4662 stirpibus
1815 4593 1894 4648 la-

321 4667 511 4732 tuisse,
540 4684 610 4725 ne
645 4669 924 4727 flliumslti
959 4674 1299 4731 deficientem
1329 4679 1553 4737 videret.
1579 4683 1672 4739 ille
1709 4692 1893 4740 autem

327 4761 380 4814 in
406 4758 502 4815 illa
527 4761 691 4817 etiam
719 4770 897 4831 aetate,
924 4766 1050 4837 quid
1064 4768 1259 4823 mirum
1284 4770 1328 4824 si
1350 4780 1521 4829 matre
1547 4775 1747 4832 diutius
1788 4793 1891 4832 non

322 4850 436 4905 visa
457 4858 515 4905 et
547 4857 800 4922 tanquam
822 4857 1054 4923 perdita,
1087 4872 1155 4913 eo
1176 4858 1295 4915 loco
1325 4861 1414 4916 ubi
1444 4863 1590 4919 solus
1612 4881 1891 4923 remanse-

325 4956 423 5013 rat,
453 4946 641 5003 ﬂevit?
666 4948 820 5016 Quod
847 4963 976 5019 ergo
998 4960 1185 5021 postea
1204 4955 1427 5021 dicitur,
1453 4960 1630 5025 accipe
1647 4978 1888 5029 puerum,

320 5056 425 5093 nou
453 5046 512 5092 ut
540 5052 662 5093 eum
690 5039 756 5092 de
785 5046 948 5103 terra,
976 5042 1122 5096 velut
1134 5042 1404 5110 iacentem
1432 5048 1663 5115 tolleret,
1689 5051 1891 5106 dictum

318 5138 429 5194 est,
458 5129 552 5186 sed
582 5137 642 5185 ut
662 5129 717 5184 ei»
740 5128 1175 5201 coniungeretur,
1205 5143 1262 5189 et
1306 5151 1435 5191 eum
1473 5154 1636 5193 manu
1683 5149 1894 5196 teneret

318 5220 577 5290 deinceps
626 5222 877 5277 comitem
926 5224 1067 5278 sicut
1094 5232 1231 5292 erat,
1269 5228 1411 5297 quod
1454 5228 1772 5299 plerumque
1812 5222 1893 5285 fa-

319 5310 466 5365 ciunt
486 5313 643 5367 simul
671 5314 1005 5371 ambulantes
1031 5316 1313 5384 cujuslibet
1339 5321 1533 5373 aetatis.
1562 5321 1892 5391 lgiturquae-

319 5400 545 5454 rendtim
587 5410 673 5456 est
705 5416 803 5457 cur
846 5411 1003 5458 antea
1035 5403 1171 5459 Sara
1196 5406 1366 5460 voluit
1412 5408 1666 5462 maritum
1699 5409 1765 5464 de
1793 5424 1889 5463 an-

316 5488 440 5544 cilia
467 5491 741 5560 suscipere
762 5490 958 5559 filium;
991 5500 1086 5548 aut
1113 5510 1213 5549 cur
1233 5511 1375 5549 nunc
1400 5511 1521 5551 cum
1547 5506 1721 5553 matre
1735 5499 1889 5566 jubet

316 5576 699 5644 expollidomo,
727 5581 870 5648 quod
904 5598 1010 5638 non
1038 5583 1154 5639 zelo
1178 5582 1308 5639 fecit
1346 5599 1596 5651 accensa,
1644 5589 1739 5643 sed
1786 5602 1888 5659 pro

317 5665 574 5732 mysterio
612 5668 903 5735 prophetiae
952 5673 1245 5743 eotnpulsa.
1306 5673 1491 5745 (Ιεὶά.)
1516 5677 1661 5747 Agar
1688 5679 1889 5749 quippe

315 5755 610 5810 secundum
633 5760 941 5828 Apostolum
967 5762 1269 5836 (Gatat.rv),
1287 5769 1341 5823 in
1362 5770 1679 5824 servitutem
1701 5774 1885 5839 genuit

2020 1939 2161 2007 quod
2184 1950 2436 2010 peccator
2459 1944 2687 2015 populus
2720 1955 2777 2002 et
2805 1946 3063 2019 insipitms
3099 1955 3367 2009 cervicem
3406 1958 3598 2017 matris

2018 2040 2132 2082 sum
2165 2044 2447 2101 synagoga:
2484 2036 2725 2103 gravavit
2759 2052 2881 2101 cum
2908 2039 3068 2095 dicit:
3103 2039 3331 2112 Sanguis
3364 2046 3484 2115 ejus
3506 2064 3596 2103 sl-

2015 2134 2108 2188 per
2121 2136 2236 2185 nos,
2253 2131 2300 2174 et
2314 2138 2468 2192 super
2479 2123 2618 2192 ﬁlios
2631 2136 2832 2181 nostros
2849 2127 3064 2200 (Matth.
3091 2135 3283 2203 xxv").
3310 2132 3488 2190 Panes
3500 2151 3597 2192 au-

2018 2214 2124 2261 tem
2138 2207 2239 2264 hoc
2253 2210 2578 2277 indicabant,
2594 2215 2734 2282 quod
2752 2225 2903 2271 vetus
2916 2220 3271 2274 sacerdotium
3287 2238 3350 2292 pa
3358 2240 3454 2278 nes
3467 2240 3595 2293 pro-

2012 2299 2315 2368 positionis,
2333 2304 2474 2358 sicut
2486 2305 2745 2375 scriptum
2761 2315 2864 2372 est,
2880 2316 3118 2377 portaret
3133 2326 3312 2366 secum
3328 2323 3390 2368 ut
3415 2330 3595 2371 vesce-

2013 2399 2179 2446 retur.
2199 2392 2329 2448 Uter
2348 2409 2476 2449 vero
2499 2410 2670 2465 aqum,
2695 2399 2785 2467 qui
2807 2399 3023 2467 defecit,
3040 2400 3261 2459 Judaica
3286 2407 3592 2474 purificatio

2012 2483 2344 2552 significatur
2357 2486 2656 2554 defectura,
2677 2491 2790 2551 sive
2813 2492 3057 2547 doctrina
3070 2509 3255 2550 eorum
3281 2499 3514 2553 carnalis
3532 2500 3588 2553 in

2006 2574 2145 2643 pelle
2167 2584 2377 2630 mortua
2402 2576 2604 2643 clausa,
2628 2579 2680 2633 id
2717 2588 2820 2647 est,
2855 2582 2908 2637 in
2934 2597 3099 2640 carne
3129 2588 3329 2642 veteris
3354 2588 3591 2645 hominis

2008 2665 2465 2735 praevaricationis
2490 2673 2756 2726 sententia
2780 2674 3055 2743 damnata,
3090 2694 3209 2748 qum
3231 2695 3329 2736 nec
3361 2681 3588 2753 refrige—

2008 2757 2146 2811 rium
2169 2767 2408 2826 prtestat,
2436 2776 2536 2816 nec
2558 2763 2717 2817 satiat
2740 2765 2905 2830 sitim,
2934 2769 3033 2822 sed
3055 2780 3188 2825 aestu
3213 2773 3389 2841 tepida
3416 2775 3586 2828 vomi-

2008 2854 2121 2900 tum
2150 2845 2299 2902 facit.
2335 2848 2492 2917 Quod
2515 2868 2644 2909 vero
2672 2865 2820 2910 errat
2839 2857 2981 2928 Agar
3032 2861 3086 2914 in
3132 2864 3418 2921 solitudine
3458 2882 3582 2921 cum

2005 2936 2116 2993 filio
2142 2953 2261 3005 suo,
2284 2941 2553 3012 signiﬁcat
2578 2959 2903 3019 synagogam
2952 2967 3074 3006 cum
3122 2955 3319 3024 populo
3359 2972 3459 3012 suo
3486 2974 3585 3014 ex-

2003 3029 2213 3098 pulsam
2237 3032 2304 3087 de
2330 3040 2471 3087 terra
2501 3049 2617 3100 sua,
2646 3039 2763 3092 sine
2788 3042 3092 3097 sacerdotio
3118 3054 3174 3099 et
3200 3045 3470 3102 sacrificio
3522 3049 3580 3103 in

2008 3131 2120 3177 tote
2148 3125 2281 3180 orbe
2306 3134 2577 3183 terrarum
2604 3145 2808 3198 errare,
2839 3142 2895 3188 et
2926 3136 3087 3197 viam,
3124 3153 3243 3208 qua:
3276 3148 3360 3195 est
3412 3140 3575 3195 Chri-
3646 3155 3657 3159 '

2006 3220 2141 3276 stus,
2172 3215 2388 3283 perdtus
2410 3216 2678 3286 ignorare.
2712 3220 3029 3288 Quodfilius
3050 3226 3190 3282 illius
3218 3229 3307 3283 siti
3347 3230 3579 3300 deperit,

2004 3307 2242 3361 ostendit
2259 3309 2512 3378 populant
2537 3312 2736 3368 nullam
2764 3317 3049 3373 habentem
3080 3322 3413 3390 spiritualem
3440 3325 3584 3393 puri-

2004 3394 2330 3452 ﬁcationem.
2357 3398 2509 3466 Quod
2545 3418 2675 3458 vero
2695 3404 2861 3460 filium
2882 3409 3200 3465 morientem
3223 3412 3312 3465 siti
3354 3414 3457 3467 sub
3488 3429 3581 3467 ar-

2002 3484 2135 3541 bore
2185 3489 2432 3559 projecit,
2482 3502 2538 3547 et
2594 3494 2673 3551 sic
2728 3497 3132 3556 demonstrante
3159 3503 3347 3572 angelo
3381 3505 3579 3575 aspicit

2002 3573 2224 3643 fontem,
2254 3579 2593 3650 significabat
2615 3586 2877 3654 quosdam
2904 3605 2973 3645 ex
3001 3606 3066 3646 eo
3093 3593 3289 3663 populo
3336 3595 3404 3648 ad
3447 3573 3580 3648 vum-

2001 3664 2154 3724 bram
2175 3670 2305 3742 ligni
2333 3676 2512 3732 crucis
2562 3678 2829 3750 refugium
2863 3683 3145 3750 petituros.
3206 3686 3357 3753 Quod
3399 3688 3581 3743 exelu—

2002 3766 2116 3813 mat
2144 3774 2283 3828 puer
2301 3762 2536 3831 plorans,
2577 3775 2632 3822 et
2657 3770 2928 3824 exaudivit
2953 3786 3076 3826 eum
3106 3774 3266 3836 Dens,
3290 3783 3346 3830 et
3378 3776 3459 3831 sic
3489 3777 3584 3830 de-

2002 3857 2336 3906 monstrante
2362 3840 2552 3925 angelo
2574 3857 2765 3926 aspicit
2794 3856 3016 3926 fontem,
3038 3858 3149 3918 hoc
3176 3879 3272 3933 pro
3294 3865 3398 3919 illis
3425 3865 3578 3931 dicit,

2000 3938 2092 4006 qui
2112 3952 2178 3991 ex
2199 3937 2397 3997 Judacis
2426 3943 2493 3997 ad
2532 3942 2806 4000 Christum
2828 3949 3237 4018 convertuntur,
3294 3968 3359 4008 ac
3386 3953 3579 4010 flentes

2000 4037 2148 4085 retro
2174 4041 2324 4087 actos
2352 4048 2567 4091 errores
2613 4039 2994 4108 exaudiunlur,
3042 4045 3402 4113 reseratisque
3451 4062 3581 4101 oeu-

2001 4118 2069 4175 lis
2131 4124 2330 4189 cordis,
2380 4125 2565 4181 vident
2609 4126 2811 4182 fontem
2868 4147 3022 4201 aqua:
3071 4133 3227 4197 vivas,
3254 4132 3306 4188 id
3327 4144 3431 4199 est,
3481 4120 3581 4207 per

1999 4209 2272 4266 Christum
2301 4213 2496 4269 Filium
2526 4215 2645 4282 Dei,
2664 4218 2759 4287 qui
2783 4219 2949 4274 dicit:
2978 4220 3233 4292 Egomuu
3264 4224 3379 4289 fons
3429 4241 3581 4295 aqua!

1998 4302 2160 4367 ciere;
2195 4305 2283 4374 qui
2311 4305 2423 4358 sitit
2445 4307 2616 4360 veniat
2636 4296 2686 4361 et
2714 4309 2855 4363 bibat
2873 4310 3056 4382 (Joan.
3082 4312 3185 4383 tv).
3206 4312 3357 4368 Unde
3386 4312 3582 4369 lsmael

1996 4394 2272 4449 exauditio
2306 4395 2708 4467 interpretatur.
2739 4400 2974 4472 Angelus
3016 4410 3199 4457 autem
3242 4404 3344 4459 iste
3371 4405 3574 4461 simili-

1997 4484 2126 4539 tudo
2172 4493 2256 4541 est
2297 4486 2445 4550 Elite,
2465 4503 2565 4559 per
2589 4496 2747 4559 quem
2774 4492 2999 4561 populus
3022 4493 3122 4548 iste
3151 4502 3234 4548 est
3250 4495 3581 4561 crediturus,

1994 4576 2136 4631 sicut
2159 4590 2254 4645 per
2281 4576 2596 4633 Malachiam
2625 4581 2861 4636 dicitur:
2895 4582 3032 4637 Ecce
3061 4599 3153 4653 ego
3195 4586 3397 4639 mittam
3438 4586 3581 4640 vobis

1995 4663 2194 4731 Etiam,
2229 4667 2317 4735 qui
2345 4677 2605 4722 conuertat
2646 4671 2806 4738 corda
2834 4681 3043 4742 patrum
3070 4674 3127 4727 in
3167 4674 3306 4744 ﬁlios
3351 4675 3575 4746 (Halat.

1995 4756 2092 4827 tv).
2124 4757 2323 4813 Verum
2351 4760 2493 4827 quod
2516 4761 2704 4840 statim
2729 4764 2943 4818 vocavit
2955 4764 3177 4835 angelus
3197 4765 3410 4821 Domini
3430 4769 3579 4840 Agar

1994 4845 2185 4901 dicens
2206 4863 2218 4899 :
2516 4838 2523 4843 ’

2066 4935 2231 5007 Surge
2270 4947 2319 4993 et
2366 4942 2488 4997 tolle
2514 4956 2768 5010 puerum,
2813 4944 2938 5014 quia
2982 4946 3040 5000 in
3086 4954 3287 5016 gentem
3329 4965 3577 5020 magnam

1998 5027 2194 5097 faciam
2247 5045 2395 5095 eum,
2456 5028 2562 5085 hoc
2612 5031 2982 5101 signiﬁcabat,
3035 5036 3149 5090 sive
3203 5038 3346 5107 quod
3395 5041 3578 5110 copio-

1997 5136 2092 5175 sus
2111 5119 2418 5175 Judzeorum
2459 5122 2688 5191 populus
2720 5133 2865 5179 esset
2894 5136 3216 5197 regnaturus
3258 5129 3313 5183 in
3356 5132 3574 5197 saturio,

1996 5212 2112 5266 sive
2139 5210 2263 5281 quia
2294 5210 2528 5267 cmlestis
2566 5213 2715 5283 regni
2750 5213 2974 5283 gloriam
3004 5218 3343 5272 consecuturi
3370 5231 3574 5286 essent,

1995 5301 2091 5371 qui
2112 5318 2179 5356 ex
2202 5301 2285 5357 eis
2310 5303 2671 5360 credidissent
2692 5307 2747 5361 in
2776 5306 3010 5365 Christo.
3035 5309 3394 5376 Quodaute'm
3420 5327 3573 5367 eum-

1994 5391 2117 5447 dem
2147 5393 2395 5464 angelum
2444 5395 2539 5465 qui
2587 5395 2824 5467 loquitur
2855 5398 2923 5455 ad
2964 5400 3107 5471 Agar
3132 5401 3285 5470 prius
3323 5402 3570 5473 angelum

1996 5480 2278 5552 Scriptura
2296 5492 2630 5553 pronuntiat,
2653 5485 2844 5544 deinde
2867 5487 3061 5554 Deum,
3087 5489 3285 5545 Filium
3319 5490 3415 5544 Dei
3448 5506 3567 5545 eum

1993 5570 2161 5629 fuisse
2196 5574 2522 5632 credendum
2578 5585 2678 5641 est,
2719 5578 2811 5646 qui
2842 5591 2940 5646 per
2981 5578 3153 5649 legem
3199 5589 3257 5634 et
3278 5582 3568 5649 prophetas

1989 5678 2205 5734 semper
2252 5663 2462 5720 locutus
2513 5673 2618 5731 est,
2660 5668 2752 5737 qui
2800 5676 3023 5739 propter
3074 5669 3434 5726 obedientiam
3479 5686 3567 5740 ραι

1989 5762 2159 5812 terna:
2177 5755 2472 5814 venstatis
2496 5758 2720 5830 angelus
2743 5771 2987 5827 vocatur,
3015 5762 3157 5820 Deus
3176 5770 3358 5820 autem
3380 5776 3545 5821 secus
