3958 6204
422 283 528 339 565
1452 277 1802 332 COMMENT.
1844 278 1906 330 IN
1948 278 2268 334 GENESUI.
2309 309 2378 320 —-
2416 279 2540 333 LIB.
2579 280 2677 353 Ill...
3561 283 3664 337 566

421 398 546 451 dum
569 402 818 449 naturam
838 393 1035 457 Patris,
1062 392 1187 461 quia
1212 405 1337 446 vere
1364 398 1417 443 et
1437 390 1550 460 ipse
1578 398 1661 444 est
1690 389 1829 443 Deus
1853 390 1990 443 sicut
2018 394 2064 450 Α
2096 389 2266 458 ilujus
2293 391 2370 445 rei
2415 391 2692 460 Scriptura
2729 393 2879 463 testis
2905 401 2987 447 est
3025 410 3142 464 quae
3167 394 3241 446 ait
3274 408 3287 445 :
3324 392 3387 445 Et
3417 393 3667 446 habitavit

423 487 600 541 Pater.
2096 479 2359 533 Abraham
2386 481 2439 533 in
2482 472 2635 535 terra
2655 478 3049 535 I’hilistiuorum
3078 480 3255 534 multis
3284 479 3483 534 diebus.
3634 470 3642 479 ’

1035 568 1261 626 CAPUT
1298 566 1361 622 Il.
2164 570 2429 625 Abraham
2451 588 2568 626 vero
2600 571 2852 642 plantavit
2884 589 3062 627 nemus
3082 564 3148 626 in
3179 572 3464 636 Bersabee,
3507 581 3555 626 et
3584 573 3660 625 in-

493 666 570 720 De
585 665 892 731 juramento
929 657 1152 713 Abraha:
1178 668 1227 713 et
1267 666 1419 729 pacto
1449 674 1565 712 cum
1610 657 1919 713 Abimelcch.
2096 659 2289 713 uocauit
2333 676 2517 715 nomen
2562 660 2770 715 Domini
2810 661 2906 716 Dei
2948 664 3160 725 (sterni;
3204 670 3251 715 et
3304 661 3405 731 fuit
3450 661 3661 717 colonus

493 750 694 805 Eodem
722 758 949 819 tempore
975 749 1110 802 dixit
1145 747 1436 802 Abintelech
1460 757 1507 803 et
1537 745 1721 803 Phicol
1757 750 1994 820 princeps
2094 756 2247 801 terra:
2274 746 2669 803 Philistinorum
2695 752 2873 805 diebus
2904 751 3098 805 multis.
3124 750 3303 818 Quaeri
3326 758 3503 820 potest
3525 766 3660 820 quo-

423 842 678 897 exercitus
701 841 817 912 eius
845 840 915 894 ad
940 841 1203 893 Abraham
1226 854 1245 893 :
1282 837 1422 894 Deus
1465 849 1632 893 tecum
1675 848 1749 893 est
1774 840 1836 895 in
1876 839 1995 892 uni—
2097 839 2254 893 modo
2300 841 2440 909 apud
2494 850 2711 910 puteum
2754 839 3049 910 juramenti
3097 856 3286 913 agrum
3342 840 3666 911 plantaverit

427 932 725 1002 versisquat
747 932 882 1001 agis.
908 930 1048 983 Iura
1088 946 1209 1000 ergo
1252 945 1346 1001 per
1389 928 1673 984 Dominum
1709 946 1771 984 ne
1809 946 1994 985 noceas
2097 927 2386 994 Abraham,
2418 929 2463 984 si
2491 930 2544 983 in
2572 936 2717 986 terra
2745 930 2854 997 illa,
2882 931 3328 1001 quemadmodum
3359 931 3665 1002 Stephanus

425 1023 551 1077 utihi
594 1032 647 1077 et
671 1022 891 1093 posteris
927 1021 1075 1085 meis,
1105 1020 1356 1091 stirpique
1389 1036 1514 1075 mea:
1540 1037 1560 1075 :
1584 1021 1675 1076 sed
1703 1020 1860 1091 juxta
1898 1023 1998 1076 mi-
2098 1017 2227 1073 dicit
2250 1018 2386 1091 (Act.
2423 1019 2552 1090 vn),
2584 1035 2689 1075 non
2711 1029 2993 1094 acceperat
3020 1020 3386 1077 [nereditatem
3417 1035 3514 1075 nec
3543 1034 3666 1090 pas-

424 1114 762 1169 sericordiam
784 1128 942 1184 quam
971 1111 1091 1182 fecit
1113 1112 1206 1166 tibi
1226 1112 1387 1181 facies
1416 1113 1545 1168 mihi
1569 1122 1615 1167 et
1640 1123 1794 1168 terra:
1817 1115 1870 1166 in
1893 1131 1998 1185 qua
2097 1121 2217 1162 sum
2246 1109 2415 1177 pedis.
2447 1108 2553 1164 Sed
2581 1122 2645 1163 ea
2682 1118 2767 1164 est
2808 1110 3149 1181 intelligenda
3186 1110 3477 1165 haereditas
3506 1124 3668 1179 quam

427 1217 657 1261 versatus
694 1221 748 1260 es
776 1204 995 1259 advena.
1024 1204 1271 1274 Dixitque
1300 1203 1563 1258 Abraham
1595 1218 1614 1255 :
1644 1205 1756 1275 Ego
1779 1205 1993 1274 jurabo.
2100 1199 2241 1253 Deus
2271 1212 2493 1253 munere
2521 1212 2619 1253 suo
2640 1197 2816 1254 fuerat
2851 1199 3095 1263 daturus,
3126 1213 3235 1254 non
3277 1206 3455 1270 empta
3474 1199 3667 1269 pretio.
3728 1198 3759 1225 ⁹

429 1296 805 1367 Etincrepavit
833 1294 1121 1350 Abimelecb
1151 1302 1360 1364 propter
1407 1303 1617 1364 puteum
1654 1311 1803 1365 aqua:
1848 1312 1998 1366 quem
2098 1286 2415 1357 lntelligitur
2460 1295 2641 1363 autem
2677 1287 2909 1359 spatium
2954 1288 3098 1343 circa
3151 1297 3373 1359 puteum
3417 1289 3487 1341 ad
3540 1287 3670 1342 illud

429 1391 476 1445 vi
536 1386 858 1443 abstulerant
909 1385 1043 1440 serui
1091 1383 1256 1438 illius.
1314 1382 1596 1455 Respondit
1654 1384 1997 1438 Abimelech:
2100 1378 2387 1448 emptionis
2422 1384 2639 1448 pactum
2683 1378 2976 1448 pertinere,
3011 1378 3063 1432 in
3102 1392 3211 1448 quo
3257 1377 3474 1432 fuerant
3521 1392 3675 1447 agna:

434 1477 643 1532 Νεεσὶυὸ
662 1475 780 1547 quis
802 1473 981 1545 fecerit
1006 1475 1143 1527 hanc
1171 1488 1301 1537 rem,
1324 1474 1414 1527 sed
1450 1483 1499 1527 et
1529 1483 1589 1527 tu
1611 1489 1714 1528 non
1752 1474 1997 1527 indicasti
2101 1475 2307 1537 septem
2356 1467 2515 1531 datae,
2560 1467 2773 1537 quando
2813 1466 3124 1523 Abimelecb
3154 1475 3211 1523 et
3252 1466 3531 1521 Abraham
3571 1465 3675 1521 sibi

429 1566 557 1620 mihi
580 1605 599 1628 ,
647 1574 697 1618 et
745 1580 839 1634 ego
877 1579 983 1619 non
1033 1563 1211 1617 audiui
1252 1571 1444 1632 prater
1485 1562 1656 1617 hodie.
1701 1562 1842 1640 Tulit
1877 1578 1999 1633 ergo
2103 1560 2267 1614 etiam
2290 1557 2628 1628 juraverunt.

431 1653 693 1708 Abraham
722 1668 837 1707 oves
863 1661 919 1707 et
938 1651 1111 1715 boues,
1135 1660 1185 1706 et
1233 1650 1374 1707 dedit
1413 1652 1737 1718 Abimelech,
1779 1668 1996 1723 percus-
2703 1647 2930 1705 CAPUT
2980 1647 3063 1704 Ill.

429 1754 707 1814 smulque
748 1742 903 1797 ambo
932 1741 1118 1811 fndus.
1156 1741 1224 1795 Et
1265 1742 1448 1797 statuit
1494 1742 1759 1796 Abraham
1803 1752 1994 1812 septem
2029 1731 2077 1792 Β
2103 1737 2179 1793 De
2219 1755 2279 1793 eo
2301 1737 2440 1809 quod
2468 1738 2683 1814 tentavit
2710 1737 2852 1814 Deus
2878 1737 3145 1814 Abraham
3172 1736 3418 1814 ﬁlio,
3444 1746 3494 1791 et
3533 1737 3677 1791 obla-

429 1851 591 1907 agnas
619 1835 788 1907 gregis
814 1850 1068 1891 seorsum.
1094 1832 1194 1888 Cui
1213 1833 1345 1887 dixit
1374 1833 1664 1888 Abimelecb
1689 1847 1709 1885 :
1738 1834 1877 1900 Quid
1901 1834 2005 1888 sibi

431 1923 605 1989 colunt
641 1932 835 1994 septem
858 1938 1007 1993 agna:
1034 1922 1170 1987 istae,
1196 1937 1327 1992 quas
1355 1931 1495 1975 stare
1521 1922 1689 1991 fecisti
1719 1923 2003 1977 seorsum?

432 2012 497 2075 At
533 2012 615 2066 illi
648 2025 669 2064 ε
702 2010 927 2081 Septem,
950 2010 1134 2080 inquit,
1164 2025 1327 2080 agnas
1346 2009 1568 2079 accipies
1591 2009 1659 2062 de
1676 2025 1835 2063 manu
1858 2026 1998 2076 mea,

433 2114 489 2161 ut
515 2106 619 2163 sint
667 2106 725 2158 in
767 2102 1117 2161 testimonium
1160 2101 1309 2164 mihi,
1340 2100 1586 2170 quoniam
1622 2115 1716 2171 ego
1760 2100 1871 2167 fodi
1900 2117 2002 2171 pu-

433 2208 573 2253 teum
612 2197 792 2251 istm.
831 2193 1042 2252 Idcirco
1070 2202 1276 2248 uocatus
1305 2201 1382 2248 est
1408 2191 1554 2247 locus
1599 2192 1689 2247 ille
1728 2192 2001 2259 Bersabee,

432 2290 565 2359 quia
592 2288 664 2342 ibi
719 2295 933 2356 uterque
969 2284 1199 2353 jurauit,
1243 2293 1291 2339 et
1326 2284 1554 2339 inierunt
1583 2282 1751 2352 [trdus
1790 2298 1885 2353 pro
1911 2299 2005 2354 pu-

433 2390 513 2433 teo
535 2377 843 2448 juransenti.
882 2374 1064 2446 (Δις.)
1086 2373 1264 2441 Quaeri
1294 2380 1473 2443 potest
1495 2372 1708 2443 quando
1747 2387 1873 2428 cum
1901 2373 2006 2428 isto

435 2467 746 2525 Abimelecb
771 2475 991 2536 pactum
1022 2464 1150 2522 fecit
1177 2464 1467 2526 Abraham.
1506 2473 1563 2519 et
1588 2464 1886 2535 appellatus
1923 2475 2008 2522 est

436 2568 635 2629 puteus
651 2573 812 2628 quem
859 2555 1014 2622 fodit,
1042 2555 1559 2628 puteusjurationis,
1584 2554 1852 2625 quomodo
1877 2570 2006 2611 cono

433 2658 594 2721 gruat
614 2648 847 2711 veritati.
874 2647 1021 2721 Agar
1044 2648 1190 2703 enim
1231 2648 1297 2702 de
1340 2645 1570 2703 Abram
1596 2645 1757 2702 domo
1784 2645 2005 2715 expulsa

437 2757 557 2797 cum
585 2740 712 2804 tilio,
732 2739 888 2811 juxta
924 2746 1166 2809 puteum,
1187 2738 1349 2794 sicuti
1369 2738 1569 2793 dictum
1595 2744 1699 2801 est,
1715 2735 2007 2806 iurationis

436 2830 675 2894 errabat,
704 2829 797 2899 qui
825 2829 887 2883 in
906 2827 1045 2884 valle
1071 2835 1262 2897 postea
1289 2826 1489 2882 dicitur
1523 2825 1699 2882 factus
1742 2825 1809 2880 ab
1838 2824 2008 2880 Abra-

438 2919 580 2975 ham.
614 2918 690 2975 lbi
743 2933 977 2988 namque
1017 2916 1329 2975 Abimelecb
1380 2925 1436 2971 et
1487 2916 1758 2971 Abraham
1786 2915 2004 2984 juraVe-

439 3018 583 3067 runt.
630 3007 773 3077 quod
815 3006 1050 3063 nondum
1087 3008 1279 3077 utique
1318 3005 1519 3060 factum
1568 3013 1716 3067 erat,
1765 3019 1887 3060 cum
1940 3004 2007 3059 de

2463 1808 2603 1863 tione
2639 1807 2819 1862 arietis
2853 1823 2947 1875 pro
2980 1806 3165 1865 eodem
3184 1806 3319 1876 ﬁlio.

2171 1922 2322 1994 (Car.
2371 1921 2543 1992 xxii.)
2588 1919 2719 1986 Quae
2766 1929 3043 1992 postquam
3081 1930 3228 1990 gesta
3269 1928 3419 1985 sunt,
3464 1920 3677 1973 tentavit

2104 2011 2242 2067 Deus
2269 2012 2554 2077 Abraham,
2575 2023 2625 2065 et
2640 2011 2772 2067 dixit
2799 2010 2868 2063 ad
2894 2025 3014 2063 eum
3027 2022 3048 2061 :
3065 2010 3349 2074 Abraham,
3375 2009 3637 2063 Abraham
3658 2010 3680 2062 ?

2104 2106 2204 2163 Ille
2251 2106 2533 2177 respondit,
2576 2105 2793 2163 Adsum.
2850 2103 3027 2171 Qumri
3069 2105 3206 2160 solet
3257 2107 3528 2175 quomodo
3574 2108 3675 2161 hoc

2106 2209 2292 2252 verum
2317 2195 2406 2260 sit,
2436 2210 2556 2251 eum
2583 2194 2733 2251 dicat
2779 2195 2835 2249 in
2867 2194 3104 2263 Epistola
3130 2208 3226 2249 sua
3251 2194 3487 2251 Jacobus
3520 2194 3675 2267 (Cap.

2104 2285 2189 2356 ι),
2221 2285 2364 2356 quod
2400 2284 2549 2340 Deus
2573 2286 2828 2343 neminem
2870 2292 3062 2350 tentat,
3111 2284 3213 2339 nisi
3240 2285 3368 2354 quia
3405 2283 3676 2340 locutione

2080 2406 2085 2411 -
2107 2373 2506 2444 Scripturarutn
2521 2372 2661 2429 solet
2679 2373 2784 2430 dici
2811 2381 2976 2428 tentet
2994 2386 3097 2442 pm
3121 2387 3186 2429 eo
3208 2372 3350 2444 quod
3364 2381 3449 2427 est
3472 2374 3676 2443 probat.

2107 2466 2355 2525 Tentatio
2377 2480 2507 2521 veno
2539 2465 2630 2519 illa
2657 2466 2724 2520 de
2750 2480 2854 2535 qua
2881 2465 3117 2521 Iacobus
3142 2465 3277 2520 dicit
3297 2480 3405 2520 non
3428 2465 3677 2535 intelligi-

2109 2564 2197 2610 tur
2255 2555 2359 2617 nisi
2417 2568 2521 2624 qua
2570 2555 2798 2624 quisque
2848 2563 3072 2625 peccato
3134 2553 3458 2625 implicatur.
3524 2553 3681 2609 Unde

2105 2645 2393 2716 Apostolus
2414 2644 2544 2701 dicit
2574 2662 2589 2698 :
2617 2644 2700 2699 Ne
2727 2644 2861 2713 forte
2883 2645 3154 2700 tentaverit
3173 2661 3261 2699 vos
3298 2646 3346 2698 is
3383 2644 3473 2714 qui
3515 2650 3678 2698 tanta

2109 2735 2172 2807 (I
2198 2735 2349 2793 Thes.
2375 2734 2480 2807 ιιι).
2509 2734 2644 2790 Nam
2671 2743 2728 2790 et
2751 2734 2879 2789 alibi
2918 2734 3177 2803 scriptum
3201 2741 3287 2789 est
3312 2747 3328 2787 :
3359 2732 3542 2788 Tentat
3586 2747 3673 2787 sos

2106 2827 2363 2883 Dominus
2404 2827 2541 2883 Deus
2569 2836 2754 2892 uester,
2780 2836 2836 2881 ut
2862 2828 2992 2881 sciat
3014 2828 3060 2885 si
3091 2826 3325 2897 diligatis
3350 2843 3467 2883 eam
3490 2826 3678 2897 (Deut.

2112 2919 2262 2990 χιιι).
2292 2920 2463 2974 Etiam
2494 2920 2594 2975 hoc
2620 2932 2820 2990 genere
2846 2918 3152 2981 locutionis,
3197 2926 3252 2972 ut
3296 2918 3448 2980 sciat,
3477 2917 3678 2973 dictum

2109 3015 2223 3073 est,
2256 3024 2320 3065 ac
2369 3009 2414 3063 si
2468 3008 2757 3073 diceretur,
2811 3016 2871 3061 ut
2907 3007 3049 3063 scire
3091 3021 3189 3061 vos
3215 3005 3379 3061 faciat
3422 3006 3680 3075 quoniam

437 3098 592 3155 domo
632 3097 864 3153 Abrahae
899 3096 1046 3169 Agar
1074 3113 1195 3153 cum
1238 3096 1348 3152 filio
1384 3096 1572 3153 fuisset
1596 3095 1840 3165 expulsa.
1867 3094 2010 3162 Quo-
2037 3087 2082 3149 C
2112 3096 2254 3153 vires
2291 3096 2595 3153 dilectionis
2624 3113 2736 3152 sua:
2768 3097 3043 3152 hominem
3084 3097 3284 3162 latent,
3332 3096 3437 3152 nisi
3472 3097 3684 3167 experi-

439 3187 595 3244 modo
620 3203 750 3259 ergo
786 3188 1003 3259 errabat
1034 3186 1188 3257 juxta
1214 3196 1431 3256 puteum
1453 3186 1777 3257 juratiouis?
1801 3185 1884 3241 An
1924 3185 2005 3241 fa-

435 3286 581 3333 ctum
615 3275 728 3346 jam
781 3275 944 3333 fuisse
996 3276 1397 3348 intelligendum
1431 3286 1535 3342 est,
1578 3285 1635 3331 et
1678 3291 1775 3346 per
1804 3275 2010 3345 recapi-

439 3368 749 3423 tulationem
776 3377 961 3436 postea
1004 3375 1485 3423 commemoratum
1513 3367 1657 3437 quod
1686 3367 1795 3437 egit
1836 3366 2009 3421 Abra-

437 3456 559 3527 ham
602 3472 723 3511 cum
753 3457 1088 3523 Abimelecb,
1135 3457 1181 3512 si
1231 3454 1370 3511 forte
1397 3457 1490 3526 qui
1515 3456 1672 3527 longe
1718 3464 1905 3527 postea
1940 3456 2008 3511 li-

436 3545 592 3601 brum
619 3545 836 3615 scripsit
863 3546 1077 3600 nomine
1122 3546 1266 3616 putei
1302 3544 1591 3614 iurationis
1618 3547 1903 3616 appellavit
1930 3561 2012 3602 re-

441 3633 648 3700 gionem
679 3634 734 3688 in
779 3650 882 3703 qua
938 3649 1060 3688 eum
1096 3634 1207 3689 lilio
1249 3642 1422 3689 mater
1449 3634 1702 3689 errabat?
1756 3636 2008 3703 tanquam

437 3723 915 3780 diceretzErrabat
950 3725 1003 3779 in
1026 3724 1118 3779 illa
1146 3724 1367 3796 regione
1394 3725 1485 3781 ubi
1508 3733 1702 3796 puteus
1719 3724 2008 3796 iurationis

436 3808 610 3865 factus
653 3819 756 3875 est,
809 3812 1053 3880 quamvis
1089 3821 1284 3881 puteus
1334 3819 1522 3881 postea
1570 3812 1644 3867 sit
1671 3812 1864 3876 factus,
1914 3811 2009 3866 sed

436 3895 591 3971 longe
619 3907 743 3954 ante
779 3907 992 3955 aetatem
1028 3900 1327 3970 scriptoris.
1358 3899 1449 3955 Sic
1484 3900 2007 3975 autem‘appellaba—

438 3998 525 4044 tur
549 3997 743 4058 puteus
768 4004 888 4043 cum
927 3988 1065 4044 liber
1091 3988 1442 4055 scriberetur,
1473 4005 1669 4046 nomen
1696 3998 1882 4045 tenens
1915 4006 2010 4044 an-

440 4079 664 4148 tiquum,
695 4079 836 4148 quod
878 4078 1209 4149 imposuerat
1251 4074 1545 4133 Abraham.
1597 4076 1655 4133 Si
1693 4087 1869 4133 autem
1909 4079 2010 4133 iste

437 4176 646 4239 puteus,
678 4184 835 4238 quem
859 4170 1061 4238 apertis
1098 4167 1270 4224 oculis
1309 4168 1444 4224 vidit
1482 4167 1645 4236 Agar,
1685 4168 1814 4223 nihil
1846 4176 2012 4223 restat

438 4269 496 4315 ut
513 4277 611 4334 per
638 4260 1130 4333 recapitulationem
1148 4259 1373 4330 qumstio
1399 4260 1739 4315 dissolvatur.
1758 4259 1865 4314 Nec
1892 4274 2011 4341 mo—

439 4366 563 4408 vere
611 4352 787 4417 debet,
830 4351 1097 4421 quomodo
1127 4357 1350 4421 puteum
1388 4364 1546 4417 quem
1593 4348 1803 4404 (oderat
1848 4347 2013 4403 Abra-

437 4418 870 4506 ham,nesciebat
900 4438 1064 4512 Agar,
1088 4418 1145 4494 si
1163 4447 1288 4493 ante
1318 4447 1402 4493 est
1427 4437 1511 4493 illc
1532 4437 1706 4492 fossus
1732 4453 1891 4507 quam
1922 4436 2009 4491 illa
2037 4418 2087 4477 Ῑ)

426 4528 677 4600 expulsa.
714 4528 879 4585 Valde
904 4544 1136 4599 namque
1165 4528 1281 4583 ﬁeri
1309 4527 1483 4597 putuit
1523 4537 1582 4583 ut
1605 4543 1857 4599 pecorum
1885 4542 2010 4581 suo-

439 4635 556 4674 rum
582 4634 745 4674 causa
772 4618 929 4691 longe
956 4633 987 4673 a
1025 4619 1183 4674 domo
1214 4619 1266 4673 in
1301 4634 1404 4688 qua
1435 4634 1556 4674 eum
1592 4619 1704 4673 suis
1731 4617 2010 4671 habitabat

436 4717 654 4779 puteum
688 4707 897 4765 foderet
942 4724 1101 4778 quem
1151 4708 1237 4763 illa
1289 4708 1539 4765 nesciret.
1576 4708 1781 4778 Duplex
1829 4715 2008 4762 autem

438 4815 598 4857 causa
626 4809 709 4856 est
758 4808 856 4856 eur
903 4800 976 4856 ita
1021 4800 1317 4873 appellatus
1360 4802 1451 4866 sit,
1505 4802 1618 4859 sive
1646 4801 1771 4871 quia
1802 4810 2006 4870 septem

438 4905 603 4963 agnas
619 4888 928 4948 Abimelecb
954 4893 1019 4947 de
1048 4908 1207 4946 manu
1227 4892 1458 4947 Abrahte
1487 4893 1776 4963 acceperit,
1806 4901 2012 4962 septem

438 4965 668 5051 namque
710 4982 963 5038 dicuntur
998 4980 1135 5036 Sabe
1170 4992 1318 5053 mw,
1352 4982 1465 5037 sive
1508 4981 1650 5050 quod
1694 4981 1764 5034 ibi
1792 4978 2011 5047 jurave-

439 5077 585 5136 runt,
634 5072 761 5141 quia
806 5070 1169 5139 juramentum
1225 5072 1353 5125 sabe
1400 5071 1648 5127 similiter
1691 5070 2006 5139 appellatur.

437 5155 739 5214 Notandum
786 5168 965 5213 autem
1018 5166 1071 5214 et
1125 5174 1189 5213 ex
1238 5158 1505 5228 prioribus
1550 5168 1606 5219 et
1644 5173 1711 5217 ex
1757 5160 2009 5228 praesenti

438 5246 574 5315 loco,
606 5251 749 5320 quod
773 5250 923 5305 Isaac
945 5266 1047 5305 nou
1091 5250 1160 5305 sit
1187 5258 1345 5305 natus
1372 5251 1438 5304 ad
1468 5265 1725 5320 quercum
1750 5249 1799 5303 Μ
1819 5250 2007 5312 mbre,

440 5340 550 5398 sive
582 5342 636 5396 in
671 5342 875 5398 Aulone
907 5342 1164 5405 Mambre,
1199 5349 1257 5395 ut
1292 5340 1343 5394 in
1386 5340 1614 5395 Hebr-.130
1640 5341 1886 5403 habetur,
1919 5340 2010 5393 sed

440 5428 493 5482 in
522 5427 739 5485 Gcraris
760 5471 775 5495 ,
808 5430 900 5485 ubi
953 5438 1007 5485 et
1043 5430 1307 5486 Bersabee
1354 5444 1525 5498 usque
1561 5428 1723 5483 hodie
1758 5426 2009 5498 oppidum

440 5527 561 5573 est:
599 5534 719 5589 qua:
748 5520 1021 5590 provincia
1075 5527 1200 5575 ante
1254 5533 1357 5572 non
1413 5517 1615 5589 grande
1676 5525 1886 5585 tempus
1941 5531 2008 5569 ex

439 5609 701 5666 divisione
726 5613 1032 5685 praesidium
1062 5611 1377 5677 Pala‘slinm,
1408 5610 1660 5666 salutaris
1703 5618 1788 5666 est
1838 5608 2003 5664 dicta.

2113 3198 2293 3249 mento
2317 3187 2481 3243 etiam
2504 3185 2678 3243 eidem
2703 3185 3061 3242 innotescant.

2179 3277 2265 3331 Ait
2295 3275 2375 3331 illi
2403 3291 2421 3329 :
2455 3276 2597 3333 Tolle
2631 3277 2801 3345 ﬁlium
2840 3286 2988 3335 tuum
3019 3278 3361 3349 unigenitum,
3381 3293 3535 3348 quem
3560 3277 3683 3331 dili-

2108 3367 2212 3437 gis,
2235 3365 2410 3435 Isaac,
2432 3377 2482 3424 et
2502 3368 2629 3424 uade
2667 3369 2725 3424 in
2744 3379 2939 3424 terram
2966 3370 3201 3435 uisionis,
3229 3378 3383 3440 atque
3409 3370 3541 3438 offer
3561 3384 3680 3425 eum

2109 3456 2236 3513 mihi
2263 3456 2624 3515 holocaustum
2668 3475 2823 3529 super
2855 3475 3018 3515 unum
3046 3460 3298 3523 montium
3340 3475 3492 3527 quem
3535 3473 3683 3511 iuon-

2108 3558 2339 3603 strauero
2365 3549 2479 3604 tibi.
2507 3549 2675 3605 Aiunt
2710 3564 2840 3619 ergo
2864 3549 3077 3609 Hebrai
3106 3549 3249 3605 hunc
3292 3557 3531 3611 montem
3560 3561 3680 3601 esse

2109 3635 2165 3690 in
2190 3651 2298 3704 quo
2317 3646 2502 3707 postea
2532 3637 2785 3707 templum
2816 3638 3091 3693 conditum
3136 3646 3240 3701 est,
3266 3637 3321 3691 in
3351 3637 3490 3690 Area
3522 3634 3679 3691 Orna:

2108 3724 2371 3794 Jebusati,
2414 3729 2553 3784 sicut
2588 3731 2643 3793 in
2678 3728 3121 3799 Paralipomenon
3150 3730 3407 3797 scriptum
3438 3736 3523 3783 est
3553 3745 3567 3781 :
3610 3725 3679 3779 Et

2109 3826 2367 3884 eruperunt
2406 3817 2670 3885 cedi/itare
2714 3818 2959 3888 templum
3000 3820 3056 3873 in
3109 3834 3283 3873 mense
3326 3817 3584 3881 secundo,
3628 3816 3683 3869 in

2108 3903 2334 3957 secundo
2372 3904 2457 3958 die
2485 3906 2696 3969 mensis,
2728 3906 2782 3960 in
2825 3916 2999 3961 monte
3031 3906 3208 3959 Maria
3256 3905 3351 3976 (Il
3403 3905 3532 3958 Par.
3564 3904 3681 3974 ιιι),

2109 3993 2200 4061 qui
2244 3993 2444 4049 idcirco
2484 3994 2787 4050 illuminans
2817 3996 3202 4064 interpretatur
3243 4005 3300 4050 et
3326 3995 3526 4059 lucens,
3557 3994 3683 4063 quia

2111 4080 2185 4135 ibi
2224 4090 2307 4137 est
2333 4082 2486 4137 dabir
2507 4094 2662 4150 -πϊι,
2694 4086 2799 4140 ιιοε
2830 4094 2934 4151 est,
2963 4085 3241 4145 oraculum
3268 4086 3385 4149 Dei,
3416 4094 3470 4141 et
3492 4085 3597 4149 lex,
3629 4093 3682 4140 et

2112 4167 2346 4245 Spiritus
2396 4180 2633 4237 sanctus,
2685 4174 2793 4243 qui.
2826 4173 2982 4231 docet
3030 4175 3273 4231 homines
3320 4175 3601 4231 veritatem
3630 4182 3684 4233 et

2114 4257 2342 4328 inSpirat
2365 4262 2674 4330 prophetas.

2186 4348 2357 4418 Igitur
2385 4349 2648 4404 Abraham
2675 4350 2739 4406 de
2769 4360 2914 4405 nocte
2938 4368 3249 4422 consurgens
3275 4352 3455 4409 stravit
3476 4352 3683 4407 asinum

2111 4451 2284 4499 suum,
2315 4436 2507 4490 ducens
2550 4454 2721 4493 secum
2759 4439 2888 4507 duos
2935 4439 3173 4511 juvenes,
3217 4453 3266 4495 et
3309 4440 3463 4495 Isaac
3510 4439 3678 4511 ﬁlium

2110 4540 2282 4578 suum.
2300 4522 2529 4596 Eumque
2552 4513 2855 4582 concidisset
2885 4528 3026 4600 ligna
3050 4530 3104 4584 in
3127 4528 3488 4591 holacaustum
3511 4569 3527 4595 ,
3557 4528 3682 4582 abiit

2111 4612 2181 4665 ad
2208 4611 2377 4695 locum
2407 4630 2559 4695 quem
2588 4626 2904 4687 prmceperat
2946 4618 2993 4671 ei
3026 4601 3189 4671 Deus.
3240 4617 3337 4674 Die
3363 4628 3536 4683 autem
3579 4626 3685 4669 ter-

2110 4703 2183 4755 tio
2235 4692 2441 4757 elevatis
2492 4692 2654 4758 oculis
2699 4706 2827 4759 uidit
2870 4705 3041 4759 locum
3095 4704 3299 4777 procul,
3330 4706 3560 4783 dixitque
3613 4703 3681 4756 ad

2110 4808 2295 4861 pueros
2344 4809 2467 4847 suos
2493 4809 2513 4846 :
2552 4793 2861 4864 Exspectate
2886 4796 2970 4850 hic
2998 4813 3117 4850 cum
3161 4797 3331 4862 asino,
3361 4812 3451 4866 ego
3481 4805 3684 4864 etpuer

2116 4881 2241 4936 illuc
2296 4900 2455 4953 usque
2508 4895 2876 4955 properantes,
2932 4896 3205 4956 postquam
3252 4885 3676 4947 adorarerimus,

2119 4981 2430 5025 revertemur
2472 4973 2539 5025 ad
2578 4989 2686 5037 vos,
2711 4984 2815 5029 etc.
2850 4976 3152 5029 Notandum
3195 4976 3337 5044 quod
3366 4974 3431 5027 de
3460 4973 3681 5028 Geraris

2115 5076 2284 5130 usque
2320 5062 2385 5115 ad
2437 5071 2673 5117 montem
2703 5063 2889 5130 Moris,
2922 5065 2973 5117 id
3003 5071 3108 5129 est,
3140 5064 3319 5118 sedem
3348 5062 3548 5133 templi,
3580 5063 3682 5115 iter

2117 5151 2322 5204 dierum
2372 5153 2531 5205 trium
2559 5154 2649 5221 sit,
2689 5162 2739 5208 et
2771 5162 3161 5223 consequenter
3210 5153 3296 5207 die
3345 5154 3501 5206 tertio
3554 5153 3679 5208 illuc

2116 5244 2423 5312 pervenisse
2450 5243 2662 5299 dicitur.
2687 5245 2823 5300 Male
2851 5245 3013 5314 igitur
3041 5243 3254 5312 quidam
3281 5243 3554 5297 Abraham
3582 5260 3679 5312 pu-

2119 5330 2354 5384 tantillo
2402 5340 2640 5400 tempore
2689 5333 2957 5387 habitasse
3007 5335 3073 5386 ad
3118 5347 3371 5401 quercum
3417 5331 3679 5396 Mamhre,

2115 5430 2235 5474 cum
2267 5422 2387 5476 inde
2415 5423 2481 5477 ad
2513 5431 2747 5477 montem
2774 5423 2937 5477 Mei-ia
2966 5424 3049 5476 vix
3088 5424 3246 5478 unius
3294 5416 3396 5477 dici
3444 5424 3545 5479 iter
3573 5424 3683 5494 ple-

2114 5527 2239 5565 num
2268 5513 2356 5566 sit.

2209 5599 2494 5671 l’crgcbant
2544 5618 2664 5671 ergo
2718 5603 2949 5667 pariter,
3001 5613 3344 5663 rencruutque
3391 5603 3461 5657 ad
3511 5602 3679 5656 locum
