3958 6204
311 282 408 341 tm

955 274 1017 332 Β.
1062 275 1319 334 RABAM
1354 272 1577 331 MAUR!
1610 266 1934 329 ARCHlEP.
1976 271 2287 329 MOGUNT.
2330 270 2617 328 OPERL’M
2655 268 2834 341 PARS
2871 270 2914 326 ι.

3479 277 3581 333 568

302 415 455 474 quem
477 400 774 456 ostenderat
803 394 851 450 ei
879 391 1042 450 Deus.
1078 392 1146 448 In
1175 409 1278 464 quo
1304 391 1584 461 aediﬁcavit
1620 391 1809 458 altare,
1837 400 1885 447 et
1914 402 1965 464 Α
1991 407 2110 448 esse
2136 391 2489 463 Septuaginta
2537 399 2593 448 et
2637 392 2998 460 Theodotion,
3030 376 3338 469 qui‘ipsum
3382 417 3579 459 nomen

303 493 524 567 desuper
568 489 711 560 ligna
756 486 1064 557 composuit.
1105 483 1339 555 Cumque
1387 483 1679 554 colligasset
1728 482 1889 539 Isaac

302 586 474 656 ﬁlium
502 599 674 645 suum,
697 580 867 652 posuit
893 596 1009 633 eum
1035 578 1090 633 in
1116 576 1283 632 altare
1311 593 1468 646 super
1502 587 1696 631 struem
1722 576 1890 647 ligno-

305 692 423 731 rum
463 691 483 732 :
523 672 853 740 extenditque
882 684 1131 743 manum,
1180 675 1228 722 et
1278 666 1503 737 arripuit
1547 664 1802 737 gladium,
1833 676 1889 720 ut

303 764 598 823 immolaret
637 762 807 835 ﬁlium
843 776 1018 816 suum.
1046 758 1118 812 Et
1159 775 1274 813 ecce
1304 756 1519 829 angelus
1560 756 1772 812 Domini
1824 757 1888 813 de

304 861 431 916 ctelo
462 857 707 913 clamavit
747 854 921 910 dicens
958 866 976 905 :
1007 851 1298 915 Abraham,
1338 849 1625 903 Abraham.
1656 848 1759 915 Qui
1802 865 1886 903 re-

304 950 535 1022 spondit,
563 947 782 1004 Adsum.
811 945 1060 1015 Dixitque
1084 944 1131 998 ei
1168 957 1185 994 :
1220 941 1345 997 Non
1386 939 1638 1013 extendas
1671 957 1889 995 manum

304 1053 449 1097 tuam
474 1058 631 1113 super
652 1055 899 1111 puerum,
923 1053 1085 1108 neque
1114 1035 1281 1107 facias
1311 1035 1357 1089 ei
1385 1034 1693 1105 quidquam.
1730 1032 1888 1088 Nunc

204 1160 223 1175 ι
303 1134 518 1205 cognovi
544 1132 685 1204 quod
726 1132 917 1201 timeas
958 1128 1149 1189 Deum,
1190 1137 1237 1180 et
1292 1143 1397 1181 non
1440 1124 1728 1196 peperceris
1781 1123 1888 1178 lilio

302 1237 395 1282 tuo
440 1226 706 1296 unigenito
742 1231 954 1294 propter
984 1236 1083 1274 me.
1114 1219 1291 1273 Etiam
1341 1216 1446 1272 ista
1476 1214 1703 1285 quaestio
1726 1214 1887 1269 simili

300 1316 575 1375 locutione
617 1314 865 1371 solvitur.
922 1311 1038 1367 Hoc
1086 1320 1173 1367 est
1221 1308 1367 1363 enim
1419 1304 1628 1360 :Nunc
1676 1304 1890 1375 cognovi

303 1412 442 1481 quod
489 1412 677 1466 timeas
723 1407 892 1462 Deum
934 1416 1023 1468 tu;
1079 1403 1224 1474 quod
1274 1398 1590 1473 signiﬁcat;
1622 1397 1776 1452 Nunc
1837 1405 1890 1452 te

304 1501 407 1557 feci
439 1511 782 1571 cognoscere.
810 1495 870 1550 in
907 1489 1364 1562 consequentibus
1389 1497 1570 1543 autem
1590 1488 1694 1542 hoc
1720 1501 1891 1557 genus

303 1593 594 1649 locutionis
617 1591 905 1649 evidenter,
923 1596 1150 1658 apparet
1187 1585 1282 1641 ubi
1309 1583 1550 1639 dicitur:
1580 1581 1648 1636 Et
1692 1581 1889 1635 uocauit

304 1688 574 1743 Abraham
611 1701 800 1740 nomen
820 1682 922 1738 loci
960 1681 1127 1746 illius,
1156 1678 1416 1735 Dominus
1450 1676 1599 1741 uidit,
1622 1684 1684 1729 ut
1707 1676 1891 1731 dicant

1990 483 2177 537 sabech
2203 491 2326 562 Ῥω
2353 490 2650 553 posuerunt
2693 483 2970 540 dicentes:
3000 484 3069 539 1n
3099 488 3325 558 virgulta
3377 490 3579 553 Sabech

1990 571 2236 627 cornibus
2257 570 2386 627 suis.
2418 572 2631 628 Etenim
2658 574 3052 645 crapulmsive
3083 585 3197 633 rete
3217 580 3359 648 quod
3384 581 3577 651 Aquila

1988 662 2190 733 posuit,
2227 671 2281 717 et
2303 660 2662 734 Symmachus
2698 678 2798 733 per
2818 664 2900 721 sin
2924 673 2976 724 tv
3003 664 3239 723 litteram
3266 669 3481 736 scribit,
3521 672 3577 729 hi

1989 766 2120 806 vero
2146 753 2353 806 samech
2374 764 2412 812 D
2441 752 2680 809 litteram
2704 755 2957 825 positam.
2984 755 3064 811 Ex
3094 773 3203 827 quo
3229 762 3577 821 manifestum

1988 858 2128 908 esse,
2156 859 2263 900 non
2286 844 2786 914 interpretationem
2813 848 3061 918 stirpium
3085 851 3502 922 eondensarnm,
3525 867 3577 914 et

1989 937 2045 993 in
2083 938 2304 993 modum
2346 940 2482 995 retis
2508 940 2652 995 inter
2693 955 2753 996 se
2785 941 3018 1014 virgulta
3062 953 3317 1002 contexta
3354 951 3579 1006 verbum

1990 1030 2211 1096 sabech,
2228 1032 2325 1088 sed
2352 1047 2549 1089 nomen
2568 1048 2764 1090 sonare
2789 1035 3031 1108 virgulti,
3047 1040 3192 1108 quod
3220 1041 3297 1095 ita
3319 1042 3580 1101 Hebraice

1990 1123 2208 1178 dicitur.
2819 1183 2829 1197 κ

2060 1214 2450 1285 Appellavitque
2498 1232 2685 1271 nomen
2737 1216 2841 1273 loci
2883 1218 3068 1285 illius,
3121 1220 3381 1279 Dominus
3419 1225 3579 1282 uidet.

1994 1302 2143 1360 Unde
2181 1323 2344 1377 usque
2382 1306 2537 1361 hodie
2565 1307 2761 1362 dicitur
2789 1322 2807 1362 :
2834 1307 2903 1363 In
2942 1296 3406 1371 monte‘Dominus
3433 1316 3577 1370 vide-

1991 1396 2084 1451 bit.
2114 1395 2221 1452 Pro
2258 1412 2324 1452 eo
2346 1398 2493 1468 quod
2519 1398 2611 1454 hic
2636 1399 2817 1466 habet,
2848 1400 3004 1465 videt,
3034 1401 3090 1457 in
3119 1403 3345 1459 Hebraeo
3385 1406 3582 1461 uidebi-

1990 1495 2097 1554 tur,
2131 1489 2394 1559 scriptum
2439 1496 2542 1544 est.
2578 1488 2692 1546 Hoc
2719 1501 2899 1546 autem
2939 1493 3082 1562 apud
3128 1492 3387 1550 Hebraeos
3414 1496 3583 1553 exivit

1989 1578 2046 1634 in
2074 1581 2438 1650 proverbium,
2485 1589 2546 1636 ut
2597 1582 2643 1637 si
2673 1583 2888 1653 quando
2919 1584 2975 1638 in
3015 1586 3266 1656 angustia
3291 1589 3573 1644 constituti

1991 1678 2138 1737 sunt,
2177 1677 2234 1724 et
2256 1671 2470 1727 Domini
2520 1680 2714 1742 optant
2767 1672 2970 1729 auxilio
3013 1674 3308 1742 sublevari,
3356 1678 3581 1735 dicant:

305 1779 468 1836 hodie
499 1797 513 1832 :
545 1776 615 1831 In
659 1783 834 1829 monte
882 1772 1139 1827 Dominus
1188 1767 1452 1841 apparuit.
1499 1767 1646 1822 Vidit
1674 1780 1773 1836 pro
1822 1780 1889 1821 eo
1917 1762 1964 1823 B
1992 1760 2061 1817 In
2106 1771 2281 1817 monte
2314 1760 2574 1817 Dominus
2618 1761 2830 1828 uidebit,
2862 1762 2967 1821 hoc
3016 1771 3121 1831 est,
3153 1765 3297 1821 sicut
3348 1767 3585 1826 Abrahae

303 1870 448 1941 quod
491 1874 609 1934 est;
659 1865 930 1936 apparuit,
973 1864 1079 1919 hoc
1106 1868 1222 1927 est,
1262 1860 1429 1927 vidit,
1476 1873 1577 1929 pro
1631 1873 1697 1915 eo
1746 1856 1888 1928 quod

303 1968 424 2027 est;
476 1956 650 2014 videri
702 1954 868 2023 fecit,
920 1952 1232 2025 signiﬁcans
1291 1967 1390 2022 per
1450 1949 1778 2007 efﬁcientem
1836 1948 1889 2004 id

304 2052 452 2126 quod
501 2028 776 2118 efﬁcitur,
834 2047 976 2104 sicut
1025 2044 1198 2117 frigus
1255 2044 1470 2116 pigrum
1517 2043 1663 2115 quod
1708 2044 1892 2116 pigros

303 2143 456 2200 facit.
485 2140 556 2196 Et
579 2157 684 2196 non
708 2138 1014 2210 pepercisti,
1044 2136 1241 2207 inquit,
1282 2133 1394 2206 ﬁlio
1418 2143 1508 2190 tuo
1545 2132 1735 2189 dilecto
1763 2151 1888 2206 pro-

302 2247 419 2307 pter
460 2251 563 2289 me.
596 2231 851 2302 Nunquid
897 2228 1174 2285 Abraham
1215 2235 1439 2299 propter
1481 2225 1731 2299 angelum
1781 2242 1890 2282 non

303 2325 547 2399 pepercit
576 2323 686 2380 lilio
713 2337 837 2389 suo,
863 2331 919 2377 et
945 2335 1056 2377 non
1104 2326 1327 2391 propter
1366 2318 1577 2374 Deum?
1622 2326 1714 2374 aut
1760 2332 1891 2389 ergo

304 2417 527 2475 nomine
556 2414 734 2486 angeli
784 2412 1044 2469 Dominus
1078 2409 1236 2466 Iesus
1276 2408 1525 2466 Christus
1558 2408 1893 2481 signiﬁcatus

303 2519 408 2577 est,
433 2509 530 2580 qui
551 2508 671 2564 sine
693 2505 856 2562 dubio
880 2504 1023 2560 Deus
1047 2510 1154 2568 est,
1169 2509 1229 2557 et
1252 2497 1542 2556 manifeste
1568 2515 1599 2554 a
1628 2500 1892 2570 propheta

304 2602 484 2657 dictus
508 2597 685 2671 magni
713 2594 919 2654 consilii
972 2592 1189 2665 angelus
1240 2591 1386 2665 (Isa.
1419 2590 1555 2663 rx),
1605 2598 1698 2646 aut
1748 2589 1892 2660 quod

307 2694 453 2749 Deus
488 2689 686 2747 eratin
715 2691 925 2761 angelo,
954 2694 1011 2743 et
1051 2701 1116 2741 ex
1154 2699 1386 2756 persona
1421 2684 1518 2740 Dei
1544 2683 1769 2756 angelus
1812 2683 1890 2739 lo-

305 2790 591 2860 quebatur,
644 2785 788 2842 sicut
838 2785 894 2839 in
935 2781 1217 2853 prophetis
1253 2779 1419 2835 etiam
1458 2777 1615 2835 solet.
1663 2777 1799 2833 Nam
1834 2777 1890 2832 in

306 2876 761 2951 consequentibus
796 2875 902 2933 hoc
932 2872 1105 2945 magis
1145 2871 1359 2928 videtur
1389 2885 1650 2941 apparere
1686 2869 1776 2926 ubi
1816 2868 1894 2923 le-

307 2971 456 3042 gitur
485 2990 501 3028 :

276 2852 303 2886 Ι

1991 1854 2246 1911 misertus
2275 1863 2381 1922 est,
2406 1855 2754 1912 miserebitur
2789 1864 2846 1912 et
2874 1859 3067 1913 nostri.
3119 1858 3299 1933 (Isid.)
3333 1859 3486 1917 Unde
3530 1868 3587 1918 et

1990 1947 2045 2003 in
2095 1949 2308 2019 signum
2352 1948 2466 2005 dati
2523 1950 2732 2017 arietis,
2785 1950 2961 2007 solent
3009 1953 3176 2008 etiam
3225 1969 3368 2011 nunc
3413 1972 3585 2012 cornu

1990 2036 2260 2111 clangere.
2288 2038 2421 2110 Age,
2454 2054 2600 2095 nunc
2618 2041 2897 2098 videamus
2926 2043 3056 2112 quid
3083 2045 3184 2100 sub
3206 2045 3368 2116 hujus
3393 2062 3583 2103 sacra-

1989 2130 2158 2186 menti
2190 2129 2356 2185 lateat
2383 2131 2664 2203 mysterio.
2715 2132 2821 2189 Iste
2855 2134 3002 2189 enim
3048 2134 3327 2191 Abraham
3364 2138 3585 2208 quando

1989 2219 2162 2276 ﬁlium
2191 2235 2350 2277 suum
2378 2222 2714 2293 unigenitum
2764 2224 3019 2294 perduxit
3057 2226 3125 2281 ad
3170 2226 3584 2295 immolandum,

1991 2314 2228 2371 habebat
2267 2329 2559 2385 personam
2602 2316 2700 2373 Dei
2732 2316 2935 2373 Patris.
2987 2315 3097 2373 Sed
3138 2319 3270 2389 quid
3314 2330 3399 2376 est
3440 2322 3586 2390 quod

1991 2417 2117 2459 eum
2145 2419 2312 2461 senex
2353 2406 2614 2476 suscepit.
2665 2405 2784 2463 Non
2827 2407 2976 2463 enim
3021 2411 3258 2465 senescit
3282 2409 3457 2478 Deus;
3491 2413 3587 2469 sed

1990 2494 2108 2565 ipsa
2144 2497 2515 2566 pronuntiatio
2544 2497 2615 2555 de
2642 2497 2863 2560 Christo
2899 2498 3015 2569 jam
3058 2501 3458 2570 quodammodo
3502 2519 3589 2560 se-

1992 2595 2205 2655 nuerat,
2232 2590 2451 2659 quando
2487 2598 2648 2647 natus
2690 2599 2775 2648 est
2807 2591 3079 2648 Christus.
3114 2593 3369 2649 iuchdata
3395 2604 3483 2651 est
3512 2598 3583 2652 ab

1989 2677 2165 2735 Adam
2213 2678 2306 2736 ubi
2356 2680 2557 2736 dictum
2603 2690 2723 2737 est:
2755 2681 2826 2736 Et
2851 2690 3004 2737 erant
3029 2682 3135 2737 duo
3174 2684 3232 2737 in
3276 2700 3437 2740 carne
3469 2701 3583 2741 una

1992 2767 2148 2840 (Gen.
2193 2770 2278 2843 li).
2326 2769 2732 2827 Sacramentum
2761 2772 2894 2828 illud
2949 2791 3198 2846 magnum
3228 2785 3305 2831 est
3349 2777 3406 2830 in
3435 2775 3589 2831 Chri-

1989 2869 2072 2915 sto
2101 2870 2149 2916 et
2190 2863 2247 2916 in
2293 2861 2531 2918 Ecclesia
2561 2862 2780 2936 (Ephes.
2806 2865 2896 2938 v);
2927 2875 2982 2923 et
3007 2868 3272 2938 completa
3319 2878 3407 2924 est
3432 2878 3588 2924 sexta

1991 2959 2153 3010 aetate
2186 2954 2390 3021 smculi,
2422 2971 2541 3026 quae
2570 2969 2789 3015 senecta
2811 2959 3149 3030 signiﬁcatur
3172 2960 3429 3028 Abrahae,
3462 2964 3593 3032 quia

380 3060 451 3115 Et
502 3059 699 3114 vocavit
751 3055 967 3128 angelus
1016 3054 1230 3109 Domini
1286 3053 1553 3107 Abraham
1597 3051 1785 3106 iterum
1824 3051 1889 3105 de
1929 3120 1961 3128 _
1993 3045 2172 3115 ipsum
2192 3056 2592 3103 sacramentum
2615 3049 2709 3105 Dei
2743 3050 2855 3119 jam
2884 3050 3179 3120 longaevum
3222 3060 3374 3116 erat,
3422 3061 3479 3107 et
3508 3068 3595 3108 se—

308 3150 437 3207 eaelo
464 3165 483 3205 :
514 3148 621 3204 Per
646 3120 1003 3217 memetipsum
1034 3146 1237 3217 juravi,
1273 3144 1399 3199 dicit
1445 3142 1721 3198 Dominus.
1774 3142 1891 3199 Non

1997 3143 2187 3191 nectus
2225 3134 2376 3193 Sara:
2402 3138 2455 3191 in
2496 3138 2651 3209 plebe
2677 3139 2794 3206 Dei,
2841 3141 2946 3196 hoc
2986 3150 3090 3205 est,
3131 3140 3187 3196 in
3240 3141 3592 3199 multitudine

308 3242 470 3299 facile
529 3240 676 3297 enim
746 3238 1018 3293 invenitur
1068 3235 1329 3293 Dominus
1374 3233 1627 3291 Christus
1676 3232 1896 3288 Patrem
1994 3227 2399 3298 prophetarum,
2425 3230 2529 3285 hoc
2559 3230 2696 3285 idem
2722 3231 3011 3303 signiﬁcat,
3058 3233 3183 3303 quia
3214 3233 3269 3289 in
3303 3233 3413 3289 line
3448 3243 3590 3290 tem-

309 3332 600 3388 Dominum
628 3330 810 3399 dicere
837 3336 1094 3397 tanquam
1118 3338 1273 3382 suum
1304 3324 1614 3390 Dominum,
1641 3323 1734 3378 illo
1752 3339 1894 3394 prat-
1978 3332 2209 3395 parum,
2254 3334 2322 3375 ex
2365 3320 2482 3390 ipsa
2520 3321 2677 3391 plebe
2713 3331 3027 3379 sanctarum
3074 3327 3380 3381 animarum
3428 3335 3591 3384 natus

309 3425 499 3481 sertim
530 3431 807 3493 tempore,
858 3427 1151 3489 antequam
1191 3422 1429 3473 sumeret
1462 3429 1704 3470 carnem.
1760 3412 1895 3468 Nam
1994 3416 2079 3463 est
2105 3407 2375 3466 Christus.
2408 3409 2681 3468 Sterilitas
2724 3423 2907 3470 autem
2956 3415 3074 3486 ejus
3105 3417 3324 3472 intimat
3357 3419 3504 3487 quod
3535 3420 3590 3473 in

310 3515 610 3574 secundum
651 3514 707 3569 id
742 3511 886 3582 quod
930 3509 1161 3566 fortnam
1207 3507 1351 3563 servi
1398 3507 1630 3576 accepit,
1661 3521 1770 3561 non
1816 3506 1898 3560 in-
1994 3498 2098 3554 hoc
2141 3499 2340 3555 saeculo
2370 3513 2466 3570 spe
2497 3501 2632 3557 salvi
2659 3501 2986 3571 facti‘sunt,
3011 3515 3066 3561 et
3111 3506 3166 3561 in
3219 3505 3442 3563 Christo
3474 3516 3591 3562 tau-

311 3588 677 3679 congruenter
704 3605 809 3660 hoc
838 3604 945 3659 dici
978 3602 1211 3657 videtur.
1243 3599 1379 3654 Nam
1412 3598 1709 3655 secundum
1736 3597 1898 3668 hujus
1994 3605 2159 3659 quam
2188 3591 2241 3646 in
2268 3591 2421 3646 Isaac
2445 3594 2635 3648 omnes
2657 3594 2770 3649 nati
2803 3610 3012 3661 sumus,
3037 3612 3199 3666 quem
3240 3605 3460 3667 patrum
3492 3597 3591 3653 Ec-

312 3701 391 3757 rei
428 3700 624 3754 futuras
651 3696 1011 3769 pmphetiam,
1058 3690 1184 3748 illud
1213 3701 1296 3745 est
1326 3692 1382 3746 in
1412 3689 1621 3761 psalmo
1664 3707 1677 3742 :
1708 3688 1896 3743 Domi-
1997 3681 2160 3736 clesia
2200 3682 2254 3738 in
2298 3684 2407 3739 line
2445 3691 2767 3754 temporum,
2802 3688 3037 3743 mirabili
3083 3688 3177 3744 Dei
3220 3690 3395 3762 gratia
3419 3730 3434 3754 ,
3485 3704 3591 3744 non

313 3806 414 3844 nus
438 3788 571 3842 dixit
598 3786 667 3841 ad
697 3801 819 3840 me:
851 3782 1024 3838 Filius
1067 3798 1212 3837 meus
1239 3797 1293 3835 es
1329 3790 1387 3834 tu
1430 3777 1603 3851 (Psal.
1638 3778 1734 3850 ll).
1762 3776 1897 3832 Nam
1997 3772 2231 3828 naturali
2288 3773 2625 3831 fecunditate
2678 3778 3007 3847 procreavit.
3069 3777 3191 3834 Jam
3253 3779 3450 3834 deinde
3510 3792 3594 3835 se~

310 3894 487 3951 neque
532 3880 586 3933 in
620 3880 738 3949 ipso
765 3873 1055 3945 Evangelio
1085 3871 1245 3927 facile
1273 3871 1579 3926 invenimus
1605 3886 1634 3925 a
1679 3869 1898 3926 Christo

310 3974 481 4030 Deum
508 3971 725 4026 Patrem
762 3967 1115 4039 appellatum,
1141 3964 1285 4035 quod
1308 3962 1423 4030 ejus
1449 3962 1710 4018 Dominus
1731 3970 1895 4026 esset,

314 4064 564 4136 quamvis
609 4061 947 4117 inveniamus
973 4057 1143 4112 Deum
1180 4054 1271 4109 illo
1317 4054 1434 4109 loco
1462 4053 1554 4109 ubi
1591 4053 1708 4108 ait:
1750 4050 1897 4107 Vada

312 4163 389 4214 ad
408 4157 621 4213 Patrem
648 4170 819 4209 meum
838 4192 855 4218 ,
888 4160 935 4207 et
976 4147 1190 4204 Patrem
1216 4156 1444 4203 vestrum
1464 4187 1480 4213 ,
1510 4146 1678 4200 Deum
1702 4163 1897 4212 meum,

321 4260 371 4305 et
397 4249 565 4304 Deum
592 4256 819 4302 uestrum
843 4241 1026 4317 (Joan.
1056 4239 1188 4314 xvi).
1233 4236 1387 4305 Quod
1427 4245 1607 4291 autem
1638 4237 1899 4305 scriptum

316 4349 443 4407 est,
480 4339 625 4393 Dixit
662 4335 932 4391 'Dominus
988 4331 1214 4386 Domino
1255 4345 1370 4383 meo
1417 4325 1590 4398 (Psal.
1644 4327 1791 4399 cxx),
1833 4327 1902 4382 ad

316 4435 492 4503 ipsum
517 4429 609 4500 qui
643 4426 966 4497 loquebatur
993 4420 1248 4482 refertur,
1290 4418 1343 4477 id
1372 4428 1476 4484 est,
1527 4416 1675 4472 Dixit
1719 4416 1900 4471 Domi-

317 4538 418 4576 nus
444 4519 667 4573 Domino
694 4532 808 4569 meo
840 4532 854 4567 :
887 4512 1049 4567 Fater
1074 4508 1278 4564 scilicet
1298 4506 1465 4572 Filio;
1503 4515 1596 4562 et:
1625 4503 1772 4559 Pluit
1796 4505 1902 4559 Do-

315 4612 493 4664 minus
524 4625 556 4660 a
587 4605 838 4670 Domino,
887 4603 979 4672 qui
1014 4600 1288 4656 scribebat
1340 4600 1495 4665 dixit,
1528 4606 1589 4654 ut
1641 4598 1901 4656 Dominus

319 4699 440 4771 ejus
467 4713 499 4753 a
540 4694 769 4752 Domino
813 4691 950 4762 ejus,
993 4691 1046 4746 id
1091 4699 1195 4755 est,
1224 4689 1485 4748 Dominus
1530 4697 1769 4744 nostera
1795 4688 1901 4765 Do-

320 4793 471 4849 mino
507 4784 697 4849 nostro
730 4786 933 4863 pluisse
963 4784 1296 4857 intelligatur
1323 4782 1465 4838 ﬁlius
1489 4797 1519 4836 a
1552 4781 1733 4843 Patre.

391 4882 599 4941 Levavit
624 4880 892 4939 Abraham
925 4875 1101 4934 oculos
1144 4891 1267 4930 suos
1295 4873 1520 4944 viditque
1548 4882 1662 4944 post
1696 4882 1899 4944 tergum

321 4979 539 5035 arietem
585 4975 723 5030 inter
757 4988 929 5049 vepres
956 4971 1236 5027 hwrentem
1275 4966 1541 5033 cornibus,
1575 4982 1727 5038 quem
1755 4982 1905 5021 assu-

326 5084 466 5126 mens
495 5065 682 5124 obtulit
708 5063 1073 5121 holocaustum
1099 5077 1193 5133 pro
1230 5058 1364 5129 ﬁlio.
1404 5058 1709 5113 Notandum
1736 5058 1906 5128 quod,

322 5160 620 5219 secundum
665 5157 871 5233 Aquilae
914 5152 1445 5229 interpretationem,
1493 5159 1772 5224 vepretum
1820 5149 1906 5207 vel

323 5256 594 5327 spinetum
621 5252 900 5310 habemus,
935 5248 1026 5319 qui
1060 5256 1119 5302 ut
1155 5245 1305 5301 verbi
1331 5244 1438 5303 vim
1464 5244 1903 5314 interpretemur,

326 5346 488 5402 verbo
508 5344 697 5400 Graeco
729 5344 969 5414 συχνιὼν
995 5338 1269 5395 condensa
1318 5345 1375 5395 et
1406 5335 1550 5389 inter
1579 5349 1638 5389 se
1672 5334 1906 5405 implexa

322 5435 556 5508 virgulta
603 5432 945 5503 signiﬁcavit.
989 5430 1138 5486 Unde
1171 5437 1227 5485 et
1269 5424 1627 5499 Symmachus
1661 5425 1717 5479 in
1756 5440 1906 5482 eam-

326 5528 453 5589 dem
477 5526 673 5581 ductus
705 5524 1013 5598 opinionem
1043 5538 1057 5575 :
1104 5519 1172 5573 Et
1194 5517 1480 5589 apparuit,
1510 5515 1607 5579 ait,
1632 5515 1769 5569 aries
1793 5525 1906 5585 post

324 5620 423 5673 hoc
454 5615 756 5671 retentus'in
780 5623 883 5669 rete
906 5612 1149 5666 cantibus
1185 5610 1315 5664 suis.
1349 5605 1907 5689 Verum'quibusdam

329 5710 382 5764 in
435 5708 537 5762 hoc
581 5705 841 5759 duntaxat
874 5702 992 5759 loco
1030 5700 1235 5759 melius
1270 5700 1520 5755 videntur
1566 5695 1909 5767 interpretati

1997 3863 2211 3932 quentis
2263 3864 2505 3921 historiae
2564 3876 2968 3922 sacramentum
2996 3909 3012 3934 ,
3081 3868 3211 3938 quid
3266 3868 3591 3938 imaginaria

1996 3959 2372 4028 portendebat,
2416 3960 2809 4031 inspiciendum
2840 3970 2943 4017 est.
2972 3961 3105 4030 Quis
3136 3977 3267 4033 ergo
3312 3962 3367 4017 in
3417 3961 3593 4017 Abra—

1999 4053 2144 4118 ham,
2196 4061 2258 4107 ut
2304 4053 2623 4122 praedictum
2669 4063 2770 4119 est,
2813 4070 2912 4125 per
2964 4054 3112 4109 illam
3166 4053 3593 4109 immolationem

2001 4142 2288 4213 ﬁgurabat,
2328 4143 2433 4198 nisi
2457 4142 2620 4199 Pater
2648 4144 2937 4200 excelsus?
2980 4145 3113 4212 Quis
3169 4145 3225 4200 in
3273 4144 3458 4209 lsaac,
3490 4145 3594 4199 nisi

2000 4232 2286 4289 Christus?
2311 4232 2444 4289 Nam
2493 4235 2950 4309 sicut’Abraham
2994 4236 3215 4291 unicum
3244 4244 3299 4290 et
3337 4236 3595 4292 dilectum

2002 4325 2171 4381 ﬁlium
2216 4326 2328 4382 Deo
2356 4324 2628 4383 victimam
2660 4328 2881 4393 obtulit,
2914 4330 2986 4383 ita
3039 4327 3304 4383 Dominus
3350 4328 3598 4401 unigeni-

2005 4424 2118 4471 tum
2177 4416 2344 4472 ﬁlium
2395 4433 2553 4473 suum
2599 4434 2699 4490 pro
2740 4420 2896 4476 nobis
2933 4420 3188 4477 omnibus
3238 4420 3482 4475 tradidit.
3532 4419 3599 4474 Et

2005 4509 2147 4564 sicut
2170 4508 2323 4565 lsaac
2352 4509 2468 4580 ipse
2501 4510 2605 4566 sibi
2631 4511 2774 4583 ligna
2820 4512 3056 4583 portavit
3098 4511 3296 4583 quibus
3324 4521 3448 4568 erat
3496 4504 3600 4568 im-

2006 4601 2305 4676 ponendos,
2358 4604 2440 4658 ita
2495 4612 2551 4659 et
2601 4603 2851 4660 Christus
2900 4605 3133 4675 gestavit
3163 4605 3219 4659 in
3252 4603 3497 4660 humeris
3543 4603 3600 4659 li-

2006 4708 2169 4765 gnum
2196 4694 2376 4749 crucis
2417 4709 2548 4760 suae,
2600 4693 2655 4748 in
2703 4710 2812 4765 quo
2858 4702 2979 4750 erat
3029 4693 3448 4765 cruciﬁgendus.
3483 4695 3601 4749 Duo

2005 4792 2185 4839 autem
2225 4784 2368 4840 servi
2418 4784 2496 4839 illi
2544 4784 2772 4847 dimissi,
2806 4793 2861 4841 et
2894 4801 3002 4841 non
3048 4785 3292 4856 perducti
3321 4784 3389 4839 ad
3419 4785 3597 4840 locum

2006 4873 2259 4930 sacriﬁcii
2304 4873 2521 4931 Iudaeos
2568 4875 2968 4947 signiﬁcabant,
3015 4876 3109 4948 qui
3154 4889 3277 4930 cum
3325 4876 3602 4931 serviliter

2007 4956 2251 5021 viverent
2276 4973 2332 5021 et
2354 4965 2651 5021 carnaliter
2678 4974 2950 5037 saperent,
2974 4982 3082 5021 non
3110 4964 3477 5038 intelligebant
3499 4967 3603 5022 hu-

2006 5056 2290 5113 militatem
2313 5055 2514 5112 Christi
2546 5070 2562 5111 :
2590 5056 2729 5121 ideo,
2762 5056 2889 5126 quia
2916 5071 3023 5111 non
3056 5054 3431 5126 intelligebant
3469 5071 3596 5126 pas-

2008 5147 2215 5202 sionem
2235 5146 2457 5212 Christi,
2485 5162 2593 5204 non
2621 5156 2985 5218 pervenerunt
3019 5147 3088 5204 ad
3115 5145 3290 5202 locum
3317 5146 3595 5202 sacrificii.

2008 5235 2118 5293 Cur
2147 5244 2330 5293 autem
2354 5240 2460 5294 duo
2487 5237 2650 5303 servi,
2677 5235 2783 5291 nisi
2813 5236 2940 5307 quia
2965 5234 3196 5306 populus
3220 5236 3337 5306 ipse
3375 5233 3435 5289 in
3464 5234 3599 5289 duas

2010 5336 2197 5396 partes
2241 5328 2560 5385 dividendus
2603 5327 2754 5385 erat?
2782 5327 2927 5399 quod
2958 5325 3163 5382 factum
3193 5334 3278 5381 est
3305 5323 3602 5382 Salomone

1973 5426 2269 5508 ipeccante
2306 5419 2520 5489 quando
2557 5418 2762 5477 divisus
2797 5426 2881 5474 est
2915 5416 3059 5472 idem
3101 5414 3330 5487 populus
3358 5414 3479 5471 loco
3511 5430 3603 5485 re-

2012 5510 2121 5582 gni,
2164 5526 2271 5565 non
2294 5524 2483 5565 errore
2510 5507 2825 5581 impietatis.
2857 5506 3064 5574 Quibus
3098 5506 3262 5562 etiam
3310 5521 3459 5575 saepe
3501 5517 3601 5579 per

2012 5602 2303 5673 prophetas
2333 5601 2531 5657 dicitur
2561 5619 2574 5652 :
2606 5584 2911 5655 AFersatria:
2941 5596 3111 5653 Israel
3132 5607 3181 5651 et
3200 5595 3601 5667 prmaricatri:

2013 5694 2157 5748 Iuda
2182 5694 2314 5766 (Jer.
2342 5692 2445 5765 tu).
2475 5692 2669 5748 Asinus
2710 5700 2889 5761 autem
2919 5687 3006 5746 ille
3040 5690 3313 5747 insensata
3338 5698 3423 5746 est
3456 5686 3594 5745 stuic
