  <div class='ocr_page' id='page_1' title='image "/cluster/home/n/w/nwhite01/storage/ocr_20150623/107/hvd.32044054759725/290.png"; bbox 0 0 3958 6204; ppageno 0'>
   <div class='ocr_carea' id='block_1_1' title="bbox 231 354 3491 439">
    <p class='ocr_par' dir='ltr' id='par_1_1' title="bbox 231 354 3491 439">
     <span class='ocr_line' id='line_1_1' title="bbox 231 354 3491 439; baseline 0.005 -31"><span class='ocrx_word' id='word_1_1' title='bbox 231 354 333 409; x_wconf 80' lang='lat'><strong>569</strong></span> <span class='ocrx_word' id='word_1_2' title='bbox 788 360 797 372; x_wconf 89' lang='lat'><strong><em>&#39;</em></strong></span> <span class='ocrx_word' id='word_1_3' title='bbox 1274 357 1624 414; x_wconf 70' lang='lat' dir='ltr'><strong>COMMENT.</strong></span> <span class='ocrx_word' id='word_1_4' title='bbox 1669 357 1732 413; x_wconf 79' lang='lat' dir='ltr'><strong>IN</strong></span> <span class='ocrx_word' id='word_1_5' title='bbox 1773 359 2094 418; x_wconf 75' lang='lat' dir='ltr'><strong>GENESIM.</strong></span> <span class='ocrx_word' id='word_1_6' title='bbox 2137 396 2204 406; x_wconf 90' lang='lat'><strong>—-</strong></span> <span class='ocrx_word' id='word_1_7' title='bbox 2245 365 2372 420; x_wconf 82' lang='lat' dir='ltr'><strong>LIB.</strong></span> <span class='ocrx_word' id='word_1_8' title='bbox 2418 369 2501 424; x_wconf 91' lang='lat' dir='ltr'><strong>Ill.</strong></span> <span class='ocrx_word' id='word_1_9' title='bbox 2815 409 2818 422; x_wconf 91' lang='lat'><strong>.</strong></span> <span class='ocrx_word' id='word_1_10' title='bbox 3389 382 3491 439; x_wconf 75' lang='lat'><strong>570</strong></span> 
     </span>
    </p>
   </div>
   <div class='ocr_carea' id='block_1_2' title="bbox 227 463 3488 552">
    <p class='ocr_par' dir='ltr' id='par_1_2' title="bbox 227 463 3488 552">
     <span class='ocr_line' id='line_1_2' title="bbox 227 463 3488 552; baseline 0.01 -34"><span class='ocrx_word' id='word_1_11' title='bbox 227 464 340 518; x_wconf 89' lang='lat' dir='ltr'><strong>titia</strong></span> <span class='ocrx_word' id='word_1_12' title='bbox 394 463 723 521; x_wconf 63' lang='lat' dir='ltr'><strong>)udaaorum.</strong></span> <span class='ocrx_word' id='word_1_13' title='bbox 773 464 878 520; x_wconf 87' lang='lat' dir='ltr'><strong>lsta</strong></span> <span class='ocrx_word' id='word_1_14' title='bbox 934 466 1205 524; x_wconf 86' lang='lat' dir='ltr'><strong>lnsensata</strong></span> <span class='ocrx_word' id='word_1_15' title='bbox 1255 472 1482 527; x_wconf 89' lang='lat' dir='ltr'><strong>stultitia</strong></span> <span class='ocrx_word' id='word_1_16' title='bbox 1554 476 1804 543; x_wconf 92' lang='lat' dir='ltr'><strong>portabat</strong></span> <span class='ocrx_word' id='word_1_17' title='bbox 1833 475 2058 542; x_wconf 70' lang='lat' dir='ltr'><strong>AQuod</strong></span> <span class='ocrx_word' id='word_1_18' title='bbox 2097 479 2150 532; x_wconf 95' lang='lat' dir='ltr'><strong>in</strong></span> <span class='ocrx_word' id='word_1_19' title='bbox 2191 481 2274 535; x_wconf 90' lang='lat' dir='ltr'><strong>his</strong></span> <span class='ocrx_word' id='word_1_20' title='bbox 2322 483 2412 550; x_wconf 87' lang='lat' dir='ltr'><strong>qui</strong></span> <span class='ocrx_word' id='word_1_21' title='bbox 2463 485 2848 542; x_wconf 85' lang='lat' dir='ltr'><strong>nuntiaverunt</strong></span> <span class='ocrx_word' id='word_1_22' title='bbox 2901 490 3132 547; x_wconf 81' lang='lat' dir='ltr'><strong>Abralun</strong></span> <span class='ocrx_word' id='word_1_23' title='bbox 3159 503 3281 549; x_wconf 91' lang='lat' dir='ltr'><strong>octo</strong></span> <span class='ocrx_word' id='word_1_24' title='bbox 3332 507 3488 552; x_wconf 82' lang='lat' dir='ltr'><strong>natus</strong></span> 
     </span>
    </p>
   </div>
   <div class='ocr_carea' id='block_1_3' title="bbox 221 555 3490 658">
    <p class='ocr_par' dir='ltr' id='par_1_3' title="bbox 221 555 3490 658">
     <span class='ocr_line' id='line_1_3' title="bbox 221 555 3490 658; baseline 0.011 -49"><span class='ocrx_word' id='word_1_25' title='bbox 221 555 401 609; x_wconf 85' lang='lat' dir='ltr'><strong>omnia</strong></span> <span class='ocrx_word' id='word_1_26' title='bbox 445 564 808 621; x_wconf 87' lang='lat' dir='ltr'><strong>sacramenta,</strong></span> <span class='ocrx_word' id='word_1_27' title='bbox 849 566 906 612; x_wconf 90' lang='lat' dir='ltr'><strong>et</strong></span> <span class='ocrx_word' id='word_1_28' title='bbox 943 560 1085 628; x_wconf 91' lang='lat' dir='ltr'><strong>quod</strong></span> <span class='ocrx_word' id='word_1_29' title='bbox 1116 559 1326 616; x_wconf 74' lang='lat' dir='ltr'><strong>ferebat</strong></span> <span class='ocrx_word' id='word_1_30' title='bbox 1366 564 1658 618; x_wconf 89' lang='lat' dir='ltr'><strong>nesciebat.</strong></span> <span class='ocrx_word' id='word_1_31' title='bbox 1686 564 1806 619; x_wconf 76' lang='lat' dir='ltr'><strong>Iam</strong></span> <span class='ocrx_word' id='word_1_32' title='bbox 1907 584 2027 622; x_wconf 88' lang='lat' dir='ltr'><strong>esse</strong></span> <span class='ocrx_word' id='word_1_33' title='bbox 2050 571 2188 626; x_wconf 90' lang='lat' dir='ltr'><strong>ﬁlios</strong></span> <span class='ocrx_word' id='word_1_34' title='bbox 2217 571 2456 640; x_wconf 79' lang='lat' dir='ltr'><strong>Melchae,</strong></span> <span class='ocrx_word' id='word_1_35' title='bbox 2490 579 2801 634; x_wconf 90' lang='lat' dir='ltr'><strong>nominatur</strong></span> <span class='ocrx_word' id='word_1_36' title='bbox 2821 591 2874 634; x_wconf 89' lang='lat' dir='ltr'><strong>et</strong></span> <span class='ocrx_word' id='word_1_37' title='bbox 2894 584 3113 638; x_wconf 84' lang='lat' dir='ltr'><strong>Camuel</strong></span> <span class='ocrx_word' id='word_1_38' title='bbox 3141 597 3298 654; x_wconf 88' lang='lat' dir='ltr'><strong>pater</strong></span> <span class='ocrx_word' id='word_1_39' title='bbox 3327 589 3490 658; x_wconf 84' lang='lat' dir='ltr'><strong>Syro-</strong></span> 
     </span>
    </p>
   </div>
   <div class='ocr_carea' id='block_1_4' title="bbox 221 644 1802 718">
    <p class='ocr_par' dir='ltr' id='par_1_4' title="bbox 221 644 1802 718">
     <span class='ocr_line' id='line_1_4' title="bbox 221 644 1802 718; baseline 0.006 -19"><span class='ocrx_word' id='word_1_40' title='bbox 221 644 363 714; x_wconf 86' lang='lat' dir='ltr'><strong>quod</strong></span> <span class='ocrx_word' id='word_1_41' title='bbox 404 644 608 700; x_wconf 86' lang='lat' dir='ltr'><strong>dictum</strong></span> <span class='ocrx_word' id='word_1_42' title='bbox 651 655 736 700; x_wconf 86' lang='lat' dir='ltr'><strong>est</strong></span> <span class='ocrx_word' id='word_1_43' title='bbox 782 647 862 702; x_wconf 88' lang='lat' dir='ltr'><strong>eis</strong></span> <span class='ocrx_word' id='word_1_44' title='bbox 901 669 913 700; x_wconf 86' lang='lat'><strong>;</strong></span> <span class='ocrx_word' id='word_1_45' title='bbox 958 645 1272 718; x_wconf 70' lang='lat' dir='ltr'><strong>Exspectate</strong></span> <span class='ocrx_word' id='word_1_46' title='bbox 1324 653 1408 706; x_wconf 88' lang='lat' dir='ltr'><strong>hic</strong></span> <span class='ocrx_word' id='word_1_47' title='bbox 1457 671 1576 708; x_wconf 90' lang='lat' dir='ltr'><strong>cum</strong></span> <span class='ocrx_word' id='word_1_48' title='bbox 1633 657 1802 709; x_wconf 88' lang='lat' dir='ltr'><strong>asino.</strong></span> 
     </span>
    </p>
   </div>
   <div class='ocr_carea' id='block_1_5' title="bbox 217 733 1801 810">
    <p class='ocr_par' dir='ltr' id='par_1_5' title="bbox 217 733 1801 810">
     <span class='ocr_line' id='line_1_5' title="bbox 217 733 1801 810; baseline 0.008 -23"><span class='ocrx_word' id='word_1_49' title='bbox 217 733 508 803; x_wconf 82' lang='lat' dir='ltr'><strong>Postquam</strong></span> <span class='ocrx_word' id='word_1_50' title='bbox 537 743 717 790; x_wconf 88' lang='lat' dir='ltr'><strong>autem</strong></span> <span class='ocrx_word' id='word_1_51' title='bbox 749 737 1170 804; x_wconf 89' lang='lat' dir='ltr'><strong>adoraverimus,</strong></span> <span class='ocrx_word' id='word_1_52' title='bbox 1205 751 1540 797; x_wconf 82' lang='lat' dir='ltr'><strong>revertemur</strong></span> <span class='ocrx_word' id='word_1_53' title='bbox 1583 745 1648 799; x_wconf 91' lang='lat' dir='ltr'><strong>ad</strong></span> <span class='ocrx_word' id='word_1_54' title='bbox 1686 762 1801 810; x_wconf 88' lang='lat' dir='ltr'><strong>vos,</strong></span> 
     </span>
    </p>
   </div>
   <div class='ocr_carea' id='block_1_6' title="bbox 216 823 1803 906">
    <p class='ocr_par' dir='ltr' id='par_1_6' title="bbox 216 823 1803 906">
     <span class='ocr_line' id='line_1_6' title="bbox 216 823 1803 906; baseline 0.008 -28"><span class='ocrx_word' id='word_1_55' title='bbox 216 823 528 894; x_wconf 82' lang='lat' dir='ltr'><strong>Apostolum</strong></span> <span class='ocrx_word' id='word_1_56' title='bbox 553 827 700 881; x_wconf 86' lang='lat' dir='ltr'><strong>audi.</strong></span> <span class='ocrx_word' id='word_1_57' title='bbox 716 825 960 893; x_wconf 81' lang='lat' dir='ltr'><strong>Ctecitas,</strong></span> <span class='ocrx_word' id='word_1_58' title='bbox 986 831 1171 901; x_wconf 82' lang='lat' dir='ltr'><strong>inquit,</strong></span> <span class='ocrx_word' id='word_1_59' title='bbox 1196 849 1262 886; x_wconf 76' lang='lat' dir='ltr'><strong>ex</strong></span> <span class='ocrx_word' id='word_1_60' title='bbox 1287 845 1436 902; x_wconf 90' lang='lat' dir='ltr'><strong>parte</strong></span> <span class='ocrx_word' id='word_1_61' title='bbox 1462 835 1632 890; x_wconf 85' lang='lat' dir='ltr'><strong>Israel</strong></span> <span class='ocrx_word' id='word_1_62' title='bbox 1662 837 1803 906; x_wconf 81' lang='lat' dir='ltr'><strong>facta</strong></span> 
     </span>
    </p>
   </div>
   <div class='ocr_carea' id='block_1_7' title="bbox 215 913 1802 990">
    <p class='ocr_par' dir='ltr' id='par_1_7' title="bbox 215 913 1802 990">
     <span class='ocr_line' id='line_1_7' title="bbox 215 913 1802 990; baseline 0.007 -24"><span class='ocrx_word' id='word_1_63' title='bbox 215 925 284 966; x_wconf 84' lang='lat' dir='ltr'><strong>est</strong></span> <span class='ocrx_word' id='word_1_64' title='bbox 317 913 498 984; x_wconf 83' lang='lat' dir='ltr'><strong>(Rom.</strong></span> <span class='ocrx_word' id='word_1_65' title='bbox 537 913 636 984; x_wconf 68' lang='grc' dir='ltr'><strong>ιι).</strong></span> <span class='ocrx_word' id='word_1_66' title='bbox 659 914 814 982; x_wconf 87' lang='lat' dir='ltr'><strong>Quod</strong></span> <span class='ocrx_word' id='word_1_67' title='bbox 839 925 924 972; x_wconf 89' lang='lat' dir='ltr'><strong>est</strong></span> <span class='ocrx_word' id='word_1_68' title='bbox 953 919 1204 975; x_wconf 63' lang='lat' dir='ltr'><strong>caecitas?</strong></span> <span class='ocrx_word' id='word_1_69' title='bbox 1231 919 1543 990; x_wconf 76' lang='lat' dir='ltr'><strong>Exspectate</strong></span> <span class='ocrx_word' id='word_1_70' title='bbox 1571 923 1656 977; x_wconf 85' lang='lat' dir='ltr'><strong>hic</strong></span> <span class='ocrx_word' id='word_1_71' title='bbox 1683 941 1802 977; x_wconf 88' lang='lat' dir='ltr'><strong>cum</strong></span> 
     </span>
    </p>
   </div>
   <div class='ocr_carea' id='block_1_8' title="bbox 215 1005 1798 1082">
    <p class='ocr_par' dir='ltr' id='par_1_8' title="bbox 215 1005 1798 1082">
     <span class='ocr_line' id='line_1_8' title="bbox 215 1005 1798 1082; baseline 0.009 -25"><span class='ocrx_word' id='word_1_72' title='bbox 215 1005 376 1073; x_wconf 82' lang='lat' dir='ltr'><strong>asino,</strong></span> <span class='ocrx_word' id='word_1_73' title='bbox 405 1015 461 1058; x_wconf 92' lang='lat' dir='ltr'><strong>ut</strong></span> <span class='ocrx_word' id='word_1_74' title='bbox 494 1005 786 1076; x_wconf 79' lang='lat' dir='ltr'><strong>plenitudo,</strong></span> <span class='ocrx_word' id='word_1_75' title='bbox 814 1007 1006 1078; x_wconf 85' lang='lat' dir='ltr'><strong>inquit,</strong></span> <span class='ocrx_word' id='word_1_76' title='bbox 1033 1012 1264 1080; x_wconf 88' lang='lat' dir='ltr'><strong>gentium</strong></span> <span class='ocrx_word' id='word_1_77' title='bbox 1280 1014 1498 1068; x_wconf 89' lang='lat' dir='ltr'><strong>intraret</strong></span> <span class='ocrx_word' id='word_1_78' title='bbox 1521 1033 1541 1068; x_wconf 89' lang='lat'><strong><em>:</em></strong></span> <span class='ocrx_word' id='word_1_79' title='bbox 1564 1017 1668 1071; x_wconf 91' lang='lat' dir='ltr'><strong>hoc</strong></span> <span class='ocrx_word' id='word_1_80' title='bbox 1693 1025 1798 1082; x_wconf 89' lang='lat' dir='ltr'><strong>est,</strong></span> 
     </span>
    </p>
   </div>
   <div class='ocr_carea' id='block_1_9' title="bbox 213 1097 1800 1166">
    <p class='ocr_par' dir='ltr' id='par_1_9' title="bbox 213 1097 1800 1166">
     <span class='ocr_line' id='line_1_9' title="bbox 213 1097 1800 1166; baseline 0.008 -16"><span class='ocrx_word' id='word_1_81' title='bbox 213 1105 499 1166; x_wconf 86' lang='lat' dir='ltr'><strong>postquam</strong></span> <span class='ocrx_word' id='word_1_82' title='bbox 541 1097 964 1166; x_wconf 89' lang='lat' dir='ltr'><strong>adoraverimus,</strong></span> <span class='ocrx_word' id='word_1_83' title='bbox 994 1100 1084 1154; x_wconf 86' lang='lat' dir='ltr'><strong>ubi</strong></span> <span class='ocrx_word' id='word_1_84' title='bbox 1133 1103 1460 1159; x_wconf 85' lang='lat' dir='ltr'><strong>sacriﬁcium</strong></span> <span class='ocrx_word' id='word_1_85' title='bbox 1491 1106 1668 1162; x_wconf 91' lang='lat' dir='ltr'><strong>crucis</strong></span> <span class='ocrx_word' id='word_1_86' title='bbox 1696 1107 1800 1162; x_wconf 88' lang='lat' dir='ltr'><strong>Do-</strong></span> 
     </span>
    </p>
   </div>
   <div class='ocr_carea' id='block_1_10' title="bbox 119 1187 1799 1266">
    <p class='ocr_par' dir='ltr' id='par_1_10' title="bbox 119 1187 1799 1266">
     <span class='ocr_line' id='line_1_10' title="bbox 119 1187 1799 1266; baseline 0.01 -26"><span class='ocrx_word' id='word_1_87' title='bbox 119 1252 122 1254; x_wconf 16' lang='lat'>.</span> <span class='ocrx_word' id='word_1_88' title='bbox 195 1187 424 1254; x_wconf 72' lang='lat' dir='ltr'><strong>minicze</strong></span> <span class='ocrx_word' id='word_1_89' title='bbox 458 1187 730 1257; x_wconf 84' lang='lat' dir='ltr'><strong>impletum</strong></span> <span class='ocrx_word' id='word_1_90' title='bbox 759 1205 856 1258; x_wconf 90' lang='lat' dir='ltr'><strong>per</strong></span> <span class='ocrx_word' id='word_1_91' title='bbox 880 1201 1067 1262; x_wconf 86' lang='lat' dir='ltr'><strong>gentes</strong></span> <span class='ocrx_word' id='word_1_92' title='bbox 1107 1193 1270 1250; x_wconf 84' lang='lat' dir='ltr'><strong>fuerit</strong></span> <span class='ocrx_word' id='word_1_93' title='bbox 1296 1198 1664 1266; x_wconf 72' lang='lat' dir='ltr'><strong>praedicatum,</strong></span> <span class='ocrx_word' id='word_1_94' title='bbox 1695 1201 1799 1256; x_wconf 88' lang='lat' dir='ltr'><strong>hoc</strong></span> 
     </span>
    </p>
   </div>
   <div class='ocr_carea' id='block_1_11' title="bbox 212 1280 1791 1360">
    <p class='ocr_par' dir='ltr' id='par_1_11' title="bbox 212 1280 1791 1360">
     <span class='ocr_line' id='line_1_11' title="bbox 212 1280 1791 1360; baseline 0.009 -28"><span class='ocrx_word' id='word_1_95' title='bbox 212 1286 313 1342; x_wconf 84' lang='lat' dir='ltr'><strong>est,</strong></span> <span class='ocrx_word' id='word_1_96' title='bbox 360 1290 418 1332; x_wconf 88' lang='lat' dir='ltr'><strong>ut</strong></span> <span class='ocrx_word' id='word_1_97' title='bbox 468 1280 735 1350; x_wconf 84' lang='lat' dir='ltr'><strong>plenitudo</strong></span> <span class='ocrx_word' id='word_1_98' title='bbox 761 1287 992 1351; x_wconf 85' lang='lat' dir='ltr'><strong>gentium</strong></span> <span class='ocrx_word' id='word_1_99' title='bbox 1017 1286 1234 1341; x_wconf 83' lang='lat' dir='ltr'><strong>intraret</strong></span> <span class='ocrx_word' id='word_1_100' title='bbox 1261 1286 1470 1360; x_wconf 89' lang='lat' dir='ltr'><strong>(Ibid.).</strong></span> <span class='ocrx_word' id='word_1_101' title='bbox 1502 1291 1640 1357; x_wconf 88' lang='lat' dir='ltr'><strong>Quid</strong></span> <span class='ocrx_word' id='word_1_102' title='bbox 1675 1303 1791 1348; x_wconf 89' lang='lat' dir='ltr'><strong>est:</strong></span> 
     </span>
    </p>
   </div>
   <div class='ocr_carea' id='block_1_12' title="bbox 217 1365 1790 1452">
    <p class='ocr_par' dir='ltr' id='par_1_12' title="bbox 217 1365 1790 1452">
     <span class='ocr_line' id='line_1_12' title="bbox 217 1365 1790 1452; baseline 0.013 -33"><span class='ocrx_word' id='word_1_103' title='bbox 217 1365 279 1420; x_wconf 81' lang='lat' dir='ltr'><strong>Et</strong></span> <span class='ocrx_word' id='word_1_104' title='bbox 310 1377 627 1423; x_wconf 84' lang='lat' dir='ltr'><strong>revertemur</strong></span> <span class='ocrx_word' id='word_1_105' title='bbox 653 1372 722 1425; x_wconf 89' lang='lat' dir='ltr'><strong>ad</strong></span> <span class='ocrx_word' id='word_1_106' title='bbox 754 1375 880 1428; x_wconf 80' lang='lat' dir='ltr'><strong>vos?</strong></span> <span class='ocrx_word' id='word_1_107' title='bbox 905 1375 974 1429; x_wconf 86' lang='lat' dir='ltr'><strong>Et</strong></span> <span class='ocrx_word' id='word_1_108' title='bbox 998 1377 1075 1431; x_wconf 88' lang='lat' dir='ltr'><strong>sic</strong></span> <span class='ocrx_word' id='word_1_109' title='bbox 1095 1379 1266 1433; x_wconf 89' lang='lat' dir='ltr'><strong>omnis</strong></span> <span class='ocrx_word' id='word_1_110' title='bbox 1292 1379 1464 1435; x_wconf 89' lang='lat' dir='ltr'><strong>Israel</strong></span> <span class='ocrx_word' id='word_1_111' title='bbox 1483 1382 1656 1438; x_wconf 86' lang='lat' dir='ltr'><strong>salvus</strong></span> <span class='ocrx_word' id='word_1_112' title='bbox 1674 1385 1790 1452; x_wconf 76' lang='lat' dir='ltr'><strong>fiat.</strong></span> 
     </span>
    </p>
   </div>
   <div class='ocr_carea' id='block_1_13' title="bbox 221 1454 1794 1534">
    <p class='ocr_par' dir='ltr' id='par_1_13' title="bbox 221 1454 1794 1534">
     <span class='ocr_line' id='line_1_13' title="bbox 221 1454 1794 1534; baseline 0.013 -25"><span class='ocrx_word' id='word_1_113' title='bbox 221 1454 478 1513; x_wconf 80' lang='lat' dir='ltr'><strong>Triduum</strong></span> <span class='ocrx_word' id='word_1_114' title='bbox 496 1471 675 1516; x_wconf 88' lang='lat' dir='ltr'><strong>autem</strong></span> <span class='ocrx_word' id='word_1_115' title='bbox 692 1461 822 1518; x_wconf 90' lang='lat' dir='ltr'><strong>illud</strong></span> <span class='ocrx_word' id='word_1_116' title='bbox 845 1464 896 1517; x_wconf 91' lang='lat' dir='ltr'><strong>in</strong></span> <span class='ocrx_word' id='word_1_117' title='bbox 911 1481 1019 1534; x_wconf 90' lang='lat' dir='ltr'><strong>quo</strong></span> <span class='ocrx_word' id='word_1_118' title='bbox 1033 1478 1296 1523; x_wconf 86' lang='lat' dir='ltr'><strong>venerunt</strong></span> <span class='ocrx_word' id='word_1_119' title='bbox 1316 1471 1383 1524; x_wconf 91' lang='lat' dir='ltr'><strong>ad</strong></span> <span class='ocrx_word' id='word_1_120' title='bbox 1405 1469 1582 1526; x_wconf 91' lang='lat' dir='ltr'><strong>locum</strong></span> <span class='ocrx_word' id='word_1_121' title='bbox 1605 1473 1794 1529; x_wconf 86' lang='lat' dir='ltr'><strong>immo-</strong></span> 
     </span>
    </p>
   </div>
   <div class='ocr_carea' id='block_1_14' title="bbox 212 1547 1792 1630">
    <p class='ocr_par' dir='ltr' id='par_1_14' title="bbox 212 1547 1792 1630">
     <span class='ocr_line' id='line_1_14' title="bbox 212 1547 1792 1630; baseline 0.013 -30"><span class='ocrx_word' id='word_1_122' title='bbox 212 1547 448 1616; x_wconf 80' lang='lat' dir='ltr'><strong>lationis,</strong></span> <span class='ocrx_word' id='word_1_123' title='bbox 477 1560 586 1607; x_wconf 88' lang='lat' dir='ltr'><strong>tres</strong></span> <span class='ocrx_word' id='word_1_124' title='bbox 622 1556 807 1610; x_wconf 90' lang='lat' dir='ltr'><strong>mundi</strong></span> <span class='ocrx_word' id='word_1_125' title='bbox 851 1565 1044 1614; x_wconf 68' lang='lat' dir='ltr'><strong>anates</strong></span> <span class='ocrx_word' id='word_1_126' title='bbox 1096 1561 1409 1630; x_wconf 89' lang='lat' dir='ltr'><strong>signiﬁcat:</strong></span> <span class='ocrx_word' id='word_1_127' title='bbox 1455 1579 1615 1619; x_wconf 88' lang='lat' dir='ltr'><strong>unam</strong></span> <span class='ocrx_word' id='word_1_128' title='bbox 1666 1574 1792 1620; x_wconf 89' lang='lat' dir='ltr'><strong>ante</strong></span> 
     </span>
    </p>
   </div>
   <div class='ocr_carea' id='block_1_15' title="bbox 135 1640 1791 1725">
    <p class='ocr_par' dir='ltr' id='par_1_15' title="bbox 135 1640 1791 1725">
     <span class='ocr_line' id='line_1_15' title="bbox 135 1640 1791 1725; baseline 0.011 -31"><span class='ocrx_word' id='word_1_129' title='bbox 135 1715 140 1722; x_wconf 26' lang='grc' dir='ltr'><strong>ν</strong></span> <span class='ocrx_word' id='word_1_130' title='bbox 211 1640 396 1712; x_wconf 81' lang='lat' dir='ltr'><strong>legem,</strong></span> <span class='ocrx_word' id='word_1_131' title='bbox 433 1643 592 1702; x_wconf 90' lang='lat' dir='ltr'><strong>aliam</strong></span> <span class='ocrx_word' id='word_1_132' title='bbox 620 1647 722 1702; x_wconf 90' lang='lat' dir='ltr'><strong>sub</strong></span> <span class='ocrx_word' id='word_1_133' title='bbox 754 1648 892 1720; x_wconf 90' lang='lat' dir='ltr'><strong>lege,</strong></span> <span class='ocrx_word' id='word_1_134' title='bbox 921 1653 1135 1706; x_wconf 85' lang='lat' dir='ltr'><strong>tertiam</strong></span> <span class='ocrx_word' id='word_1_135' title='bbox 1167 1655 1268 1709; x_wconf 87' lang='lat' dir='ltr'><strong>sub</strong></span> <span class='ocrx_word' id='word_1_136' title='bbox 1319 1657 1515 1725; x_wconf 89' lang='lat' dir='ltr'><strong>gratia.</strong></span> <span class='ocrx_word' id='word_1_137' title='bbox 1548 1657 1687 1712; x_wconf 84' lang='lat' dir='ltr'><strong>Ante</strong></span> <span class='ocrx_word' id='word_1_138' title='bbox 1717 1658 1791 1712; x_wconf 90' lang='lat' dir='ltr'><strong>le-</strong></span> 
     </span>
    </p>
   </div>
   <div class='ocr_carea' id='block_1_16' title="bbox 209 1735 1789 1818">
    <p class='ocr_par' dir='ltr' id='par_1_16' title="bbox 209 1735 1789 1818">
     <span class='ocr_line' id='line_1_16' title="bbox 209 1735 1789 1818; baseline 0.01 -31"><span class='ocrx_word' id='word_1_139' title='bbox 209 1748 338 1802; x_wconf 89' lang='lat' dir='ltr'><strong>gem,</strong></span> <span class='ocrx_word' id='word_1_140' title='bbox 373 1735 448 1790; x_wconf 87' lang='lat' dir='ltr'><strong>ab</strong></span> <span class='ocrx_word' id='word_1_141' title='bbox 482 1737 655 1792; x_wconf 90' lang='lat' dir='ltr'><strong>Adam</strong></span> <span class='ocrx_word' id='word_1_142' title='bbox 685 1755 854 1810; x_wconf 91' lang='lat' dir='ltr'><strong>usque</strong></span> <span class='ocrx_word' id='word_1_143' title='bbox 880 1741 948 1795; x_wconf 90' lang='lat' dir='ltr'><strong>ad</strong></span> <span class='ocrx_word' id='word_1_144' title='bbox 975 1742 1212 1813; x_wconf 83' lang='lat' dir='ltr'><strong>Moysen.</strong></span> <span class='ocrx_word' id='word_1_145' title='bbox 1243 1743 1355 1800; x_wconf 91' lang='lat' dir='ltr'><strong>Sub</strong></span> <span class='ocrx_word' id='word_1_146' title='bbox 1387 1746 1519 1816; x_wconf 89' lang='lat' dir='ltr'><strong>lege,</strong></span> <span class='ocrx_word' id='word_1_147' title='bbox 1545 1763 1575 1801; x_wconf 90' lang='lat' dir='ltr'><strong>a</strong></span> <span class='ocrx_word' id='word_1_148' title='bbox 1607 1747 1789 1818; x_wconf 83' lang='lat' dir='ltr'><strong>Moyse</strong></span> 
     </span>
    </p>
   </div>
   <div class='ocr_carea' id='block_1_17' title="bbox 1907 664 3487 748">
    <p class='ocr_par' dir='ltr' id='par_1_17' title="bbox 1907 664 3487 748">
     <span class='ocr_line' id='line_1_17' title="bbox 1907 664 3487 748; baseline 0.015 -38"><span class='ocrx_word' id='word_1_149' title='bbox 1907 674 2048 722; x_wconf 88' lang='lat' dir='ltr'><strong>rum,</strong></span> <span class='ocrx_word' id='word_1_150' title='bbox 2095 677 2201 714; x_wconf 93' lang='lat' dir='ltr'><strong>non</strong></span> <span class='ocrx_word' id='word_1_151' title='bbox 2229 664 2414 731; x_wconf 88' lang='lat' dir='ltr'><strong>utique</strong></span> <span class='ocrx_word' id='word_1_152' title='bbox 2450 667 2540 734; x_wconf 91' lang='lat' dir='ltr'><strong>qui</strong></span> <span class='ocrx_word' id='word_1_153' title='bbox 2569 671 2977 738; x_wconf 87' lang='lat' dir='ltr'><strong>nuntiaverunt,</strong></span> <span class='ocrx_word' id='word_1_154' title='bbox 3004 677 3251 730; x_wconf 89' lang='lat' dir='ltr'><strong>nuntiare</strong></span> <span class='ocrx_word' id='word_1_155' title='bbox 3279 689 3487 748; x_wconf 88' lang='lat' dir='ltr'><strong>patrem</strong></span> 
     </span>
    </p>
   </div>
   <div class='ocr_carea' id='block_1_18' title="bbox 1907 750 3485 840">
    <p class='ocr_par' dir='ltr' id='par_1_18' title="bbox 1907 750 3485 840">
     <span class='ocr_line' id='line_1_18' title="bbox 1907 750 3485 840; baseline 0.013 -36"><span class='ocrx_word' id='word_1_156' title='bbox 1907 750 2167 821; x_wconf 83' lang='lat' dir='ltr'><strong>Syrorum</strong></span> <span class='ocrx_word' id='word_1_157' title='bbox 2193 763 2500 823; x_wconf 88' lang='lat' dir='ltr'><strong>potuerunt.</strong></span> <span class='ocrx_word' id='word_1_158' title='bbox 2535 759 2612 812; x_wconf 81' lang='lat' dir='ltr'><strong>Ex</strong></span> <span class='ocrx_word' id='word_1_159' title='bbox 2656 762 2864 832; x_wconf 89' lang='lat' dir='ltr'><strong>origine</strong></span> <span class='ocrx_word' id='word_1_160' title='bbox 2899 767 3096 834; x_wconf 89' lang='lat' dir='ltr'><strong>quippe</strong></span> <span class='ocrx_word' id='word_1_161' title='bbox 3125 767 3286 832; x_wconf 91' lang='lat' dir='ltr'><strong>illius,</strong></span> <span class='ocrx_word' id='word_1_162' title='bbox 3319 767 3485 840; x_wconf 87' lang='lat' dir='ltr'><strong>Syro-</strong></span> 
     </span>
    </p>
   </div>
   <div class='ocr_carea' id='block_1_19' title="bbox 1904 848 3483 924">
    <p class='ocr_par' dir='ltr' id='par_1_19' title="bbox 1904 848 3483 924">
     <span class='ocr_line' id='line_1_19' title="bbox 1904 848 3483 924; baseline 0.012 -27"><span class='ocrx_word' id='word_1_163' title='bbox 1904 860 2022 898; x_wconf 88' lang='lat' dir='ltr'><strong>rum</strong></span> <span class='ocrx_word' id='word_1_164' title='bbox 2053 861 2220 915; x_wconf 90' lang='lat' dir='ltr'><strong>genus</strong></span> <span class='ocrx_word' id='word_1_165' title='bbox 2263 848 2418 920; x_wconf 89' lang='lat' dir='ltr'><strong>longe</strong></span> <span class='ocrx_word' id='word_1_166' title='bbox 2442 860 2625 918; x_wconf 90' lang='lat' dir='ltr'><strong>postea</strong></span> <span class='ocrx_word' id='word_1_167' title='bbox 2657 865 3006 924; x_wconf 87' lang='lat' dir='ltr'><strong>propagatum</strong></span> <span class='ocrx_word' id='word_1_168' title='bbox 3031 868 3133 924; x_wconf 86' lang='lat' dir='ltr'><strong>est,</strong></span> <span class='ocrx_word' id='word_1_169' title='bbox 3161 861 3253 913; x_wconf 91' lang='lat' dir='ltr'><strong>sed</strong></span> <span class='ocrx_word' id='word_1_170' title='bbox 3285 861 3483 916; x_wconf 89' lang='lat' dir='ltr'><strong>dictum</strong></span> 
     </span>
    </p>
   </div>
   <div class='ocr_carea' id='block_1_20' title="bbox 1901 942 3484 1014">
    <p class='ocr_par' dir='ltr' id='par_1_20' title="bbox 1901 942 3484 1014">
     <span class='ocr_line' id='line_1_20' title="bbox 1901 942 3484 1014; baseline 0.011 -25"><span class='ocrx_word' id='word_1_171' title='bbox 1901 945 1986 990; x_wconf 87' lang='lat' dir='ltr'><strong>est</strong></span> <span class='ocrx_word' id='word_1_172' title='bbox 2026 952 2057 990; x_wconf 90' lang='lat' dir='ltr'><strong>a</strong></span> <span class='ocrx_word' id='word_1_173' title='bbox 2097 953 2325 1006; x_wconf 88' lang='lat' dir='ltr'><strong>persona</strong></span> <span class='ocrx_word' id='word_1_174' title='bbox 2371 942 2680 1006; x_wconf 86' lang='lat' dir='ltr'><strong>scribentis,</strong></span> <span class='ocrx_word' id='word_1_175' title='bbox 2717 944 2843 1012; x_wconf 85' lang='lat' dir='ltr'><strong>quia</strong></span> <span class='ocrx_word' id='word_1_176' title='bbox 2870 955 2992 1014; x_wconf 92' lang='lat' dir='ltr'><strong>post</strong></span> <span class='ocrx_word' id='word_1_177' title='bbox 3020 949 3200 1004; x_wconf 87' lang='lat' dir='ltr'><strong>omnia</strong></span> <span class='ocrx_word' id='word_1_178' title='bbox 3227 949 3313 1003; x_wconf 89' lang='lat' dir='ltr'><strong>illa</strong></span> <span class='ocrx_word' id='word_1_179' title='bbox 3349 959 3484 1005; x_wconf 81' lang='lat' dir='ltr'><strong>tem—</strong></span> 
     </span>
    </p>
   </div>
   <div class='ocr_carea' id='block_1_21' title="bbox 1900 1029 3480 1112">
    <p class='ocr_par' dir='ltr' id='par_1_21' title="bbox 1900 1029 3480 1112">
     <span class='ocr_line' id='line_1_21' title="bbox 1900 1029 3480 1112; baseline 0.011 -32"><span class='ocrx_word' id='word_1_180' title='bbox 1900 1041 2052 1096; x_wconf 90' lang='lat' dir='ltr'><strong>pora,</strong></span> <span class='ocrx_word' id='word_1_181' title='bbox 2085 1029 2201 1084; x_wconf 56' lang='lat' dir='ltr'><strong>haec</strong></span> <span class='ocrx_word' id='word_1_182' title='bbox 2228 1031 2514 1087; x_wconf 89' lang='lat' dir='ltr'><strong>scribendo</strong></span> <span class='ocrx_word' id='word_1_183' title='bbox 2542 1035 2781 1089; x_wconf 87' lang='lat' dir='ltr'><strong>narravit</strong></span> <span class='ocrx_word' id='word_1_184' title='bbox 2807 1037 3261 1104; x_wconf 87' lang='lat' dir='ltr'><strong>quemadmodum</strong></span> <span class='ocrx_word' id='word_1_185' title='bbox 3292 1042 3358 1096; x_wconf 91' lang='lat' dir='ltr'><strong>de</strong></span> <span class='ocrx_word' id='word_1_186' title='bbox 3382 1058 3480 1112; x_wconf 89' lang='lat' dir='ltr'><strong>pu-</strong></span> 
     </span>
    </p>
   </div>
   <div class='ocr_carea' id='block_1_22' title="bbox 1905 1117 3076 1190">
    <p class='ocr_par' dir='ltr' id='par_1_22' title="bbox 1905 1117 3076 1190">
     <span class='ocr_line' id='line_1_22' title="bbox 1905 1117 3076 1190; baseline 0.015 -21"><span class='ocrx_word' id='word_1_187' title='bbox 1905 1124 1991 1171; x_wconf 91' lang='lat' dir='ltr'><strong>teo</strong></span> <span class='ocrx_word' id='word_1_188' title='bbox 2017 1119 2418 1186; x_wconf 82' lang='lat' dir='ltr'><strong>supradiximus</strong></span> <span class='ocrx_word' id='word_1_189' title='bbox 2439 1121 2752 1190; x_wconf 88' lang='lat' dir='ltr'><strong>jurationis.</strong></span> <span class='ocrx_word' id='word_1_190' title='bbox 3065 1117 3076 1128; x_wconf 67' lang='grc'><em>’</em></span> 
     </span>
    </p>
   </div>
   <div class='ocr_carea' id='block_1_23' title="bbox 1971 1207 3484 1295">
    <p class='ocr_par' dir='ltr' id='par_1_23' title="bbox 1971 1207 3484 1295">
     <span class='ocr_line' id='line_1_23' title="bbox 1971 1207 3484 1295; baseline 0.013 -34"><span class='ocrx_word' id='word_1_191' title='bbox 1971 1207 2139 1278; x_wconf 62' lang='lat' dir='ltr'><strong>(Ges.</strong></span> <span class='ocrx_word' id='word_1_192' title='bbox 2185 1211 2378 1283; x_wconf 76' lang='lat' dir='ltr'><strong>xxnt.)</strong></span> <span class='ocrx_word' id='word_1_193' title='bbox 2440 1214 2579 1269; x_wconf 68' lang='lat' dir='ltr'><strong>Vixit</strong></span> <span class='ocrx_word' id='word_1_194' title='bbox 2625 1230 2798 1272; x_wconf 89' lang='lat' dir='ltr'><strong>autem</strong></span> <span class='ocrx_word' id='word_1_195' title='bbox 2850 1219 2989 1275; x_wconf 88' lang='lat' dir='ltr'><strong>Sara</strong></span> <span class='ocrx_word' id='word_1_196' title='bbox 3041 1233 3247 1277; x_wconf 83' lang='lat' dir='ltr'><strong>centum</strong></span> <span class='ocrx_word' id='word_1_197' title='bbox 3304 1226 3484 1295; x_wconf 76' lang='lat' dir='ltr'><strong>viginti</strong></span> 
     </span>
    </p>
   </div>
   <div class='ocr_carea' id='block_1_24' title="bbox 1897 1303 3572 1385">
    <p class='ocr_par' dir='ltr' id='par_1_24' title="bbox 1897 1303 3572 1385">
     <span class='ocr_line' id='line_1_24' title="bbox 1897 1303 3572 1385; baseline 0.011 -33"><span class='ocrx_word' id='word_1_198' title='bbox 1897 1310 2089 1369; x_wconf 83' lang='lat' dir='ltr'><strong>septem</strong></span> <span class='ocrx_word' id='word_1_199' title='bbox 2128 1303 2299 1367; x_wconf 89' lang='lat' dir='ltr'><strong>annis,</strong></span> <span class='ocrx_word' id='word_1_200' title='bbox 2325 1314 2374 1358; x_wconf 90' lang='lat' dir='ltr'><strong>et</strong></span> <span class='ocrx_word' id='word_1_201' title='bbox 2413 1316 2621 1360; x_wconf 89' lang='lat' dir='ltr'><strong>mortua</strong></span> <span class='ocrx_word' id='word_1_202' title='bbox 2671 1321 2746 1362; x_wconf 88' lang='lat' dir='ltr'><strong>est</strong></span> <span class='ocrx_word' id='word_1_203' title='bbox 2791 1311 2844 1363; x_wconf 89' lang='lat' dir='ltr'><strong>in</strong></span> <span class='ocrx_word' id='word_1_204' title='bbox 2893 1313 3103 1366; x_wconf 81' lang='lat' dir='ltr'><strong>civitate</strong></span> <span class='ocrx_word' id='word_1_205' title='bbox 3155 1315 3338 1378; x_wconf 82' lang='lat' dir='ltr'><strong>Arbee,</strong></span> <span class='ocrx_word' id='word_1_206' title='bbox 3368 1333 3484 1385; x_wconf 79' lang='lat' dir='ltr'><strong>qua:</strong></span> <span class='ocrx_word' id='word_1_207' title='bbox 3570 1305 3572 1307; x_wconf 45' lang='grc'><em>’</em></span> 
     </span>
    </p>
   </div>
   <div class='ocr_carea' id='block_1_25' title="bbox 1897 1390 3484 1472">
    <p class='ocr_par' dir='ltr' id='par_1_25' title="bbox 1897 1390 3484 1472">
     <span class='ocr_line' id='line_1_25' title="bbox 1897 1390 3484 1472; baseline 0.011 -29"><span class='ocrx_word' id='word_1_208' title='bbox 1897 1401 1970 1444; x_wconf 83' lang='lat' dir='ltr'><strong>est</strong></span> <span class='ocrx_word' id='word_1_209' title='bbox 1999 1390 2234 1458; x_wconf 88' lang='lat' dir='ltr'><strong>IIebron,</strong></span> <span class='ocrx_word' id='word_1_210' title='bbox 2257 1412 2376 1465; x_wconf 69' lang='lat' dir='ltr'><strong>qua&#39;</strong></span> <span class='ocrx_word' id='word_1_211' title='bbox 2405 1407 2477 1450; x_wconf 89' lang='lat' dir='ltr'><strong>est</strong></span> <span class='ocrx_word' id='word_1_212' title='bbox 2506 1399 2562 1451; x_wconf 86' lang='lat' dir='ltr'><strong>in</strong></span> <span class='ocrx_word' id='word_1_213' title='bbox 2583 1408 2722 1454; x_wconf 89' lang='lat' dir='ltr'><strong>terra</strong></span> <span class='ocrx_word' id='word_1_214' title='bbox 2744 1401 3018 1456; x_wconf 83' lang='lat' dir='ltr'><strong>Chanaan.</strong></span> <span class='ocrx_word' id='word_1_215' title='bbox 3046 1402 3298 1472; x_wconf 85' lang='lat' dir='ltr'><strong>Venitque</strong></span> <span class='ocrx_word' id='word_1_216' title='bbox 3320 1407 3484 1460; x_wconf 86' lang='lat' dir='ltr'><strong>Abra-</strong></span> 
     </span>
    </p>
   </div>
   <div class='ocr_carea' id='block_1_26' title="bbox 1895 1484 3456 1564">
    <p class='ocr_par' dir='ltr' id='par_1_26' title="bbox 1895 1484 3456 1564">
     <span class='ocr_line' id='line_1_26' title="bbox 1895 1484 3456 1564; baseline 0.009 -29"><span class='ocrx_word' id='word_1_217' title='bbox 1895 1484 2019 1536; x_wconf 86' lang='lat' dir='ltr'><strong>ham</strong></span> <span class='ocrx_word' id='word_1_218' title='bbox 2065 1494 2121 1537; x_wconf 90' lang='lat' dir='ltr'><strong>ut</strong></span> <span class='ocrx_word' id='word_1_219' title='bbox 2165 1485 2430 1556; x_wconf 82' lang='lat' dir='ltr'><strong>plangeret</strong></span> <span class='ocrx_word' id='word_1_220' title='bbox 2455 1499 2503 1541; x_wconf 91' lang='lat' dir='ltr'><strong>et</strong></span> <span class='ocrx_word' id='word_1_221' title='bbox 2539 1491 2686 1558; x_wconf 76' lang='lat' dir='ltr'><strong>fleret</strong></span> <span class='ocrx_word' id='word_1_222' title='bbox 2712 1508 2847 1544; x_wconf 89' lang='lat' dir='ltr'><strong>eam.</strong></span> <span class='ocrx_word' id='word_1_223' title='bbox 2891 1492 3001 1547; x_wconf 83' lang='lat' dir='ltr'><strong>Hoc</strong></span> <span class='ocrx_word' id='word_1_224' title='bbox 3032 1496 3174 1562; x_wconf 89' lang='lat' dir='ltr'><strong>quod</strong></span> <span class='ocrx_word' id='word_1_225' title='bbox 3205 1497 3292 1550; x_wconf 90' lang='lat' dir='ltr'><strong>hic</strong></span> <span class='ocrx_word' id='word_1_226' title='bbox 3340 1497 3456 1564; x_wconf 90' lang='lat' dir='ltr'><strong>posi</strong></span> 
     </span>
    </p>
   </div>
   <div class='ocr_carea' id='block_1_27' title="bbox 1897 1575 3480 1652">
    <p class='ocr_par' dir='ltr' id='par_1_27' title="bbox 1897 1575 3480 1652">
     <span class='ocr_line' id='line_1_27' title="bbox 1897 1575 3480 1652; baseline 0.008 -29"><span class='ocrx_word' id='word_1_227' title='bbox 1897 1579 2009 1625; x_wconf 92' lang='lat' dir='ltr'><strong>tum</strong></span> <span class='ocrx_word' id='word_1_228' title='bbox 2044 1575 2310 1642; x_wconf 89' lang='lat' dir='ltr'><strong>reperitur</strong></span> <span class='ocrx_word' id='word_1_229' title='bbox 2334 1575 2486 1643; x_wconf 80' lang='lat' dir='ltr'><strong>juxta</strong></span> <span class='ocrx_word' id='word_1_230' title='bbox 2523 1581 2766 1646; x_wconf 67' lang='lat' dir='ltr'><strong>quaedam</strong></span> <span class='ocrx_word' id='word_1_231' title='bbox 2793 1583 3142 1652; x_wconf 80' lang='lat' dir='ltr'><strong>exemplaria,</strong></span> <span class='ocrx_word' id='word_1_232' title='bbox 3169 1600 3288 1652; x_wconf 71' lang='lat' dir='ltr'><strong>quae</strong></span> <span class='ocrx_word' id='word_1_233' title='bbox 3325 1593 3407 1638; x_wconf 90' lang='lat' dir='ltr'><strong>est</strong></span> <span class='ocrx_word' id='word_1_234' title='bbox 3429 1585 3480 1637; x_wconf 94' lang='lat' dir='ltr'><strong>in</strong></span> 
     </span>
    </p>
   </div>
   <div class='ocr_carea' id='block_1_28' title="bbox 1897 1663 3479 1730">
    <p class='ocr_par' dir='ltr' id='par_1_28' title="bbox 1897 1663 3479 1730">
     <span class='ocr_line' id='line_1_28' title="bbox 1897 1663 3479 1730; baseline 0.009 -15"><span class='ocrx_word' id='word_1_235' title='bbox 1897 1663 2053 1729; x_wconf 91' lang='lat' dir='ltr'><strong>valle,</strong></span> <span class='ocrx_word' id='word_1_236' title='bbox 2102 1665 2154 1718; x_wconf 95' lang='lat' dir='ltr'><strong>in</strong></span> <span class='ocrx_word' id='word_1_237' title='bbox 2182 1668 2511 1722; x_wconf 86' lang='lat' dir='ltr'><strong>authenticis</strong></span> <span class='ocrx_word' id='word_1_238' title='bbox 2550 1671 2828 1726; x_wconf 90' lang='lat' dir='ltr'><strong>codicibus</strong></span> <span class='ocrx_word' id='word_1_239' title='bbox 2857 1690 2962 1726; x_wconf 92' lang='lat' dir='ltr'><strong>non</strong></span> <span class='ocrx_word' id='word_1_240' title='bbox 2997 1675 3242 1728; x_wconf 89' lang='lat' dir='ltr'><strong>habetur.</strong></span> <span class='ocrx_word' id='word_1_241' title='bbox 3276 1674 3479 1730; x_wconf 86' lang='lat' dir='ltr'><strong>Nomen</strong></span> 
     </span>
    </p>
   </div>
   <div class='ocr_carea' id='block_1_29' title="bbox 1894 1757 3482 1831">
    <p class='ocr_par' dir='ltr' id='par_1_29' title="bbox 1894 1757 3482 1831">
     <span class='ocr_line' id='line_1_29' title="bbox 1894 1757 3482 1831; baseline 0.006 -22"><span class='ocrx_word' id='word_1_242' title='bbox 1894 1771 2110 1824; x_wconf 88' lang='lat' dir='ltr'><strong>quoque</strong></span> <span class='ocrx_word' id='word_1_243' title='bbox 2169 1757 2403 1812; x_wconf 86' lang='lat' dir='ltr'><strong>civitatis</strong></span> <span class='ocrx_word' id='word_1_244' title='bbox 2447 1759 2668 1827; x_wconf 87' lang='lat' dir='ltr'><strong>Arboc,</strong></span> <span class='ocrx_word' id='word_1_245' title='bbox 2736 1763 2992 1831; x_wconf 88' lang='lat' dir='ltr'><strong>paulatim</strong></span> <span class='ocrx_word' id='word_1_246' title='bbox 3049 1780 3077 1817; x_wconf 91' lang='lat' dir='ltr'><strong>a</strong></span> <span class='ocrx_word' id='word_1_247' title='bbox 3121 1765 3482 1820; x_wconf 84' lang='lat' dir='ltr'><strong>scribentibus</strong></span> 
     </span>
    </p>
   </div>
   <div class='ocr_carea' id='block_1_30' title="bbox 209 1827 3472 1924">
    <p class='ocr_par' dir='ltr' id='par_1_30' title="bbox 209 1827 3472 1924">
     <span class='ocr_line' id='line_1_30' title="bbox 209 1827 3472 1924; baseline 0.009 -45"><span class='ocrx_word' id='word_1_248' title='bbox 209 1841 370 1896; x_wconf 88' lang='lat' dir='ltr'><strong>usque</strong></span> <span class='ocrx_word' id='word_1_249' title='bbox 398 1827 471 1883; x_wconf 87' lang='lat' dir='ltr'><strong>ad</strong></span> <span class='ocrx_word' id='word_1_250' title='bbox 488 1829 772 1886; x_wconf 88' lang='lat' dir='ltr'><strong>Joannem.</strong></span> <span class='ocrx_word' id='word_1_251' title='bbox 809 1833 936 1888; x_wconf 86' lang='lat' dir='ltr'><strong>Inde</strong></span> <span class='ocrx_word' id='word_1_252' title='bbox 966 1833 1082 1903; x_wconf 86' lang='lat' dir='ltr'><strong>jam</strong></span> <span class='ocrx_word' id='word_1_253' title='bbox 1106 1852 1138 1890; x_wconf 92' lang='lat' dir='ltr'><strong>a</strong></span> <span class='ocrx_word' id='word_1_254' title='bbox 1165 1837 1417 1904; x_wconf 91' lang='lat' dir='ltr'><strong>Domino,</strong></span> <span class='ocrx_word' id='word_1_255' title='bbox 1447 1850 1502 1895; x_wconf 90' lang='lat' dir='ltr'><strong>et</strong></span> <span class='ocrx_word' id='word_1_256' title='bbox 1529 1827 1788 1911; x_wconf 82' lang='lat' dir='ltr'><strong>quidquid</strong></span> <span class='ocrx_word' id='word_1_257' title='bbox 1817 1839 1865 1897; x_wconf 91' lang='lat' dir='ltr'><strong>B</strong></span> <span class='ocrx_word' id='word_1_258' title='bbox 1893 1844 2300 1916; x_wconf 87' lang='lat' dir='ltr'><strong>legentibusque</strong></span> <span class='ocrx_word' id='word_1_259' title='bbox 2347 1859 2662 1919; x_wconf 86' lang='lat' dir='ltr'><strong>corruptum</strong></span> <span class='ocrx_word' id='word_1_260' title='bbox 2712 1827 2813 1906; x_wconf 76' lang='lat' dir='ltr'><strong>est.</strong></span> <span class='ocrx_word' id='word_1_261' title='bbox 2871 1851 3053 1920; x_wconf 77' lang='lat' dir='ltr'><strong>Neque</strong></span> <span class='ocrx_word' id='word_1_262' title='bbox 3102 1855 3247 1908; x_wconf 91' lang='lat' dir='ltr'><strong>enim</strong></span> <span class='ocrx_word' id='word_1_263' title='bbox 3289 1865 3472 1924; x_wconf 90' lang='lat' dir='ltr'><strong>putan-</strong></span> 
     </span>
    </p>
   </div>
   <div class='ocr_carea' id='block_1_31' title="bbox 207 1923 1782 2000">
    <p class='ocr_par' dir='ltr' id='par_1_31' title="bbox 207 1923 1782 2000">
     <span class='ocr_line' id='line_1_31' title="bbox 207 1923 1782 2000; baseline 0.01 -26"><span class='ocrx_word' id='word_1_264' title='bbox 207 1929 389 1986; x_wconf 88' lang='lat' dir='ltr'><strong>restat,</strong></span> <span class='ocrx_word' id='word_1_265' title='bbox 433 1923 622 1979; x_wconf 87' lang='lat' dir='ltr'><strong>tertius</strong></span> <span class='ocrx_word' id='word_1_266' title='bbox 646 1924 764 1980; x_wconf 86' lang='lat' dir='ltr'><strong>dies</strong></span> <span class='ocrx_word' id='word_1_267' title='bbox 811 1935 896 1982; x_wconf 92' lang='lat' dir='ltr'><strong>est</strong></span> <span class='ocrx_word' id='word_1_268' title='bbox 925 1928 1111 1998; x_wconf 70' lang='lat' dir='ltr'><strong>gratia:</strong></span> <span class='ocrx_word' id='word_1_269' title='bbox 1144 1947 1156 1983; x_wconf 74' lang='grc' dir='ltr'><strong>ε</strong></span> <span class='ocrx_word' id='word_1_270' title='bbox 1185 1930 1239 1983; x_wconf 90' lang='lat' dir='ltr'><strong>in</strong></span> <span class='ocrx_word' id='word_1_271' title='bbox 1267 1946 1370 2000; x_wconf 92' lang='lat' dir='ltr'><strong>qua</strong></span> <span class='ocrx_word' id='word_1_272' title='bbox 1405 1933 1561 1987; x_wconf 88' lang='lat' dir='ltr'><strong>tertia</strong></span> <span class='ocrx_word' id='word_1_273' title='bbox 1601 1942 1782 2000; x_wconf 82' lang='lat' dir='ltr'><strong>aetate,</strong></span> 
     </span>
    </p>
   </div>
   <div class='ocr_carea' id='block_1_32' title="bbox 205 2014 1783 2084">
    <p class='ocr_par' dir='ltr' id='par_1_32' title="bbox 205 2014 1783 2084">
     <span class='ocr_line' id='line_1_32' title="bbox 205 2014 1783 2084; baseline 0.011 -19"><span class='ocrx_word' id='word_1_274' title='bbox 205 2014 348 2082; x_wconf 86' lang='lat' dir='ltr'><strong>quasi</strong></span> <span class='ocrx_word' id='word_1_275' title='bbox 405 2026 532 2084; x_wconf 88' lang='lat' dir='ltr'><strong>post</strong></span> <span class='ocrx_word' id='word_1_276' title='bbox 567 2017 823 2083; x_wconf 88' lang='lat' dir='ltr'><strong>triduum,</strong></span> <span class='ocrx_word' id='word_1_277' title='bbox 852 2029 1252 2076; x_wconf 88' lang='lat' dir='ltr'><strong>sacramentum</strong></span> <span class='ocrx_word' id='word_1_278' title='bbox 1297 2024 1546 2080; x_wconf 88' lang='lat' dir='ltr'><strong>sacriﬁcii</strong></span> <span class='ocrx_word' id='word_1_279' title='bbox 1582 2025 1783 2082; x_wconf 89' lang='lat' dir='ltr'><strong>Christi</strong></span> 
     </span>
    </p>
   </div>
   <div class='ocr_carea' id='block_1_33' title="bbox 205 2105 1784 2186">
    <p class='ocr_par' dir='ltr' id='par_1_33' title="bbox 205 2105 1784 2186">
     <span class='ocr_line' id='line_1_33' title="bbox 205 2105 1784 2186; baseline 0.008 -27"><span class='ocrx_word' id='word_1_280' title='bbox 205 2105 522 2175; x_wconf 87' lang='lat' dir='ltr'><strong>completum</strong></span> <span class='ocrx_word' id='word_1_281' title='bbox 551 2116 656 2162; x_wconf 88' lang='lat' dir='ltr'><strong>est.</strong></span> <span class='ocrx_word' id='word_1_282' title='bbox 697 2109 900 2165; x_wconf 89' lang='lat' dir='ltr'><strong>Deinde</strong></span> <span class='ocrx_word' id='word_1_283' title='bbox 925 2110 1106 2180; x_wconf 88' lang='lat' dir='ltr'><strong>ligatis</strong></span> <span class='ocrx_word' id='word_1_284' title='bbox 1135 2113 1361 2182; x_wconf 88' lang='lat' dir='ltr'><strong>pedibus</strong></span> <span class='ocrx_word' id='word_1_285' title='bbox 1389 2114 1546 2169; x_wconf 87' lang='lat' dir='ltr'><strong>altari</strong></span> <span class='ocrx_word' id='word_1_286' title='bbox 1597 2133 1784 2186; x_wconf 87' lang='lat' dir='ltr'><strong>supcr-</strong></span> 
     </span>
    </p>
   </div>
   <div class='ocr_carea' id='block_1_34' title="bbox 202 2197 1780 2287">
    <p class='ocr_par' dir='ltr' id='par_1_34' title="bbox 202 2197 1780 2287">
     <span class='ocr_line' id='line_1_34' title="bbox 202 2197 1780 2287; baseline 0.008 -37"><span class='ocrx_word' id='word_1_287' title='bbox 202 2197 434 2265; x_wconf 86' lang='lat' dir='ltr'><strong>ponitur,</strong></span> <span class='ocrx_word' id='word_1_288' title='bbox 462 2206 519 2254; x_wconf 90' lang='lat' dir='ltr'><strong>et</strong></span> <span class='ocrx_word' id='word_1_289' title='bbox 561 2199 821 2256; x_wconf 87' lang='lat' dir='ltr'><strong>Dominus</strong></span> <span class='ocrx_word' id='word_1_290' title='bbox 864 2203 920 2257; x_wconf 90' lang='lat' dir='ltr'><strong>in</strong></span> <span class='ocrx_word' id='word_1_291' title='bbox 950 2202 1094 2274; x_wconf 88' lang='lat' dir='ltr'><strong>ligno</strong></span> <span class='ocrx_word' id='word_1_292' title='bbox 1124 2219 1442 2274; x_wconf 88' lang='lat' dir='ltr'><strong>suspensus,</strong></span> <span class='ocrx_word' id='word_1_293' title='bbox 1479 2210 1629 2263; x_wconf 90' lang='lat' dir='ltr'><strong>cruci</strong></span> <span class='ocrx_word' id='word_1_294' title='bbox 1659 2209 1780 2287; x_wconf 47' lang='lat' dir='ltr'><strong>alti:-</strong></span> 
     </span>
    </p>
   </div>
   <div class='ocr_carea' id='block_1_35' title="bbox 201 2289 1780 2367">
    <p class='ocr_par' dir='ltr' id='par_1_35' title="bbox 201 2289 1780 2367">
     <span class='ocr_line' id='line_1_35' title="bbox 201 2289 1780 2367; baseline 0.01 -26"><span class='ocrx_word' id='word_1_295' title='bbox 201 2290 353 2360; x_wconf 88' lang='lat' dir='ltr'><strong>gitur.</strong></span> <span class='ocrx_word' id='word_1_296' title='bbox 403 2289 512 2347; x_wconf 89' lang='lat' dir='ltr'><strong>Sed</strong></span> <span class='ocrx_word' id='word_1_297' title='bbox 546 2292 673 2348; x_wconf 89' lang='lat' dir='ltr'><strong>illud</strong></span> <span class='ocrx_word' id='word_1_298' title='bbox 703 2295 846 2363; x_wconf 88' lang='lat' dir='ltr'><strong>quod</strong></span> <span class='ocrx_word' id='word_1_299' title='bbox 892 2295 1182 2367; x_wconf 87' lang='lat' dir='ltr'><strong>ﬁguratum</strong></span> <span class='ocrx_word' id='word_1_300' title='bbox 1203 2307 1288 2354; x_wconf 89' lang='lat' dir='ltr'><strong>est</strong></span> <span class='ocrx_word' id='word_1_301' title='bbox 1314 2298 1367 2354; x_wconf 93' lang='lat' dir='ltr'><strong>in</strong></span> <span class='ocrx_word' id='word_1_302' title='bbox 1406 2298 1573 2366; x_wconf 84' lang='lat' dir='ltr'><strong>Isaac,</strong></span> <span class='ocrx_word' id='word_1_303' title='bbox 1603 2309 1780 2357; x_wconf 90' lang='lat' dir='ltr'><strong>trans-</strong></span> 
     </span>
    </p>
   </div>
   <div class='ocr_carea' id='block_1_36' title="bbox 201 2385 1782 2464">
    <p class='ocr_par' dir='ltr' id='par_1_36' title="bbox 201 2385 1782 2464">
     <span class='ocr_line' id='line_1_36' title="bbox 201 2385 1782 2464; baseline 0.009 -31"><span class='ocrx_word' id='word_1_304' title='bbox 201 2388 402 2448; x_wconf 81' lang='lat' dir='ltr'><strong>gestum</strong></span> <span class='ocrx_word' id='word_1_305' title='bbox 426 2391 510 2438; x_wconf 87' lang='lat' dir='ltr'><strong>est</strong></span> <span class='ocrx_word' id='word_1_306' title='bbox 535 2385 604 2439; x_wconf 89' lang='lat' dir='ltr'><strong>ad</strong></span> <span class='ocrx_word' id='word_1_307' title='bbox 632 2385 880 2441; x_wconf 87' lang='lat' dir='ltr'><strong>arietem.</strong></span> <span class='ocrx_word' id='word_1_308' title='bbox 912 2386 1055 2442; x_wconf 82' lang='lat' dir='ltr'><strong>Cur?</strong></span> <span class='ocrx_word' id='word_1_309' title='bbox 1076 2389 1199 2458; x_wconf 87' lang='lat' dir='ltr'><strong>quia</strong></span> <span class='ocrx_word' id='word_1_310' title='bbox 1229 2389 1476 2447; x_wconf 85' lang='lat' dir='ltr'><strong>Christus</strong></span> <span class='ocrx_word' id='word_1_311' title='bbox 1499 2393 1635 2448; x_wconf 88' lang='lat' dir='ltr'><strong>ovis.</strong></span> <span class='ocrx_word' id='word_1_312' title='bbox 1669 2393 1782 2464; x_wconf 90' lang='lat' dir='ltr'><strong>Ipse</strong></span> 
     </span>
    </p>
   </div>
   <div class='ocr_carea' id='block_1_37' title="bbox 200 2474 1782 2552">
    <p class='ocr_par' dir='ltr' id='par_1_37' title="bbox 200 2474 1782 2552">
     <span class='ocr_line' id='line_1_37' title="bbox 200 2474 1782 2552; baseline 0.009 -25"><span class='ocrx_word' id='word_1_313' title='bbox 200 2483 278 2528; x_wconf 90' lang='lat' dir='ltr'><strong>est</strong></span> <span class='ocrx_word' id='word_1_314' title='bbox 298 2474 446 2529; x_wconf 90' lang='lat' dir='ltr'><strong>enim</strong></span> <span class='ocrx_word' id='word_1_315' title='bbox 468 2475 657 2543; x_wconf 85' lang='lat' dir='ltr'><strong>Filius,</strong></span> <span class='ocrx_word' id='word_1_316' title='bbox 691 2479 807 2548; x_wconf 86' lang='lat' dir='ltr'><strong>ipse</strong></span> <span class='ocrx_word' id='word_1_317' title='bbox 831 2479 1036 2551; x_wconf 86' lang='lat' dir='ltr'><strong>Agnus.</strong></span> <span class='ocrx_word' id='word_1_318' title='bbox 1061 2481 1231 2538; x_wconf 85' lang='lat' dir='ltr'><strong>Filius</strong></span> <span class='ocrx_word' id='word_1_319' title='bbox 1270 2484 1396 2552; x_wconf 92' lang='lat' dir='ltr'><strong>quia</strong></span> <span class='ocrx_word' id='word_1_320' title='bbox 1427 2493 1603 2548; x_wconf 89' lang='lat' dir='ltr'><strong>natus,</strong></span> <span class='ocrx_word' id='word_1_321' title='bbox 1637 2488 1782 2541; x_wconf 91' lang='lat' dir='ltr'><strong>aries</strong></span> 
     </span>
    </p>
   </div>
   <div class='ocr_carea' id='block_1_38' title="bbox 201 2565 1782 2644">
    <p class='ocr_par' dir='ltr' id='par_1_38' title="bbox 201 2565 1782 2644">
     <span class='ocr_line' id='line_1_38' title="bbox 201 2565 1782 2644; baseline 0.008 -25"><span class='ocrx_word' id='word_1_322' title='bbox 201 2565 314 2634; x_wconf 87' lang='lat' dir='ltr'><strong>quia</strong></span> <span class='ocrx_word' id='word_1_323' title='bbox 342 2567 678 2624; x_wconf 80' lang='lat' dir='ltr'><strong>immolatus.</strong></span> <span class='ocrx_word' id='word_1_324' title='bbox 712 2570 820 2625; x_wconf 88' lang='lat' dir='ltr'><strong>Sed</strong></span> <span class='ocrx_word' id='word_1_325' title='bbox 860 2573 990 2641; x_wconf 90' lang='lat' dir='ltr'><strong>quid</strong></span> <span class='ocrx_word' id='word_1_326' title='bbox 1017 2582 1102 2628; x_wconf 90' lang='lat' dir='ltr'><strong>est</strong></span> <span class='ocrx_word' id='word_1_327' title='bbox 1128 2574 1270 2643; x_wconf 90' lang='lat' dir='ltr'><strong>quod</strong></span> <span class='ocrx_word' id='word_1_328' title='bbox 1301 2575 1356 2629; x_wconf 89' lang='lat' dir='ltr'><strong>in</strong></span> <span class='ocrx_word' id='word_1_329' title='bbox 1387 2576 1642 2644; x_wconf 82' lang='lat' dir='ltr'><strong>vepribus</strong></span> <span class='ocrx_word' id='word_1_330' title='bbox 1672 2577 1782 2631; x_wconf 80' lang='lat' dir='ltr'><strong>hae-</strong></span> 
     </span>
    </p>
   </div>
   <div class='ocr_carea' id='block_1_39' title="bbox 200 2655 1782 2722">
    <p class='ocr_par' dir='ltr' id='par_1_39' title="bbox 200 2655 1782 2722">
     <span class='ocr_line' id='line_1_39' title="bbox 200 2655 1782 2722; baseline 0.009 -14"><span class='ocrx_word' id='word_1_331' title='bbox 200 2655 342 2710; x_wconf 86' lang='lat' dir='ltr'><strong>rebat</strong></span> <span class='ocrx_word' id='word_1_332' title='bbox 381 2658 527 2713; x_wconf 88' lang='lat' dir='ltr'><strong>aries</strong></span> <span class='ocrx_word' id='word_1_333' title='bbox 555 2658 678 2714; x_wconf 92' lang='lat' dir='ltr'><strong>ille?</strong></span> <span class='ocrx_word' id='word_1_334' title='bbox 707 2659 853 2716; x_wconf 82' lang='lat' dir='ltr'><strong>Crux</strong></span> <span class='ocrx_word' id='word_1_335' title='bbox 893 2677 1095 2718; x_wconf 84' lang='lat' dir='ltr'><strong>cornua</strong></span> <span class='ocrx_word' id='word_1_336' title='bbox 1146 2663 1329 2720; x_wconf 85' lang='lat' dir='ltr'><strong>habet.</strong></span> <span class='ocrx_word' id='word_1_337' title='bbox 1365 2663 1456 2721; x_wconf 90' lang='lat' dir='ltr'><strong>Sic</strong></span> <span class='ocrx_word' id='word_1_338' title='bbox 1498 2666 1644 2722; x_wconf 89' lang='lat' dir='ltr'><strong>enim</strong></span> <span class='ocrx_word' id='word_1_339' title='bbox 1675 2666 1782 2722; x_wconf 87' lang='lat' dir='ltr'><strong>duo</strong></span> 
     </span>
    </p>
   </div>
   <div class='ocr_carea' id='block_1_40' title="bbox 199 2747 1781 2826">
    <p class='ocr_par' dir='ltr' id='par_1_40' title="bbox 199 2747 1781 2826">
     <span class='ocr_line' id='line_1_40' title="bbox 199 2747 1781 2826; baseline 0.007 -26"><span class='ocrx_word' id='word_1_340' title='bbox 199 2747 329 2818; x_wconf 88' lang='lat' dir='ltr'><strong>ligna</strong></span> <span class='ocrx_word' id='word_1_341' title='bbox 373 2752 795 2824; x_wconf 89' lang='lat' dir='ltr'><strong>compinguntur</strong></span> <span class='ocrx_word' id='word_1_342' title='bbox 828 2770 1034 2820; x_wconf 90' lang='lat' dir='ltr'><strong>secum,</strong></span> <span class='ocrx_word' id='word_1_343' title='bbox 1067 2764 1123 2812; x_wconf 92' lang='lat' dir='ltr'><strong>et</strong></span> <span class='ocrx_word' id='word_1_344' title='bbox 1169 2757 1404 2826; x_wconf 88' lang='lat' dir='ltr'><strong>speciem</strong></span> <span class='ocrx_word' id='word_1_345' title='bbox 1452 2757 1629 2812; x_wconf 87' lang='lat' dir='ltr'><strong>crucis</strong></span> <span class='ocrx_word' id='word_1_346' title='bbox 1659 2758 1781 2813; x_wconf 86' lang='lat' dir='ltr'><strong>red-</strong></span> 
     </span>
    </p>
   </div>
   <div class='ocr_carea' id='block_1_41' title="bbox 198 2838 1778 2912">
    <p class='ocr_par' dir='ltr' id='par_1_41' title="bbox 198 2838 1778 2912">
     <span class='ocr_line' id='line_1_41' title="bbox 198 2838 1778 2912; baseline 0.007 -22"><span class='ocrx_word' id='word_1_347' title='bbox 198 2838 337 2892; x_wconf 90' lang='lat' dir='ltr'><strong>dunt.</strong></span> <span class='ocrx_word' id='word_1_348' title='bbox 373 2838 525 2896; x_wconf 91' lang='lat' dir='ltr'><strong>Unde</strong></span> <span class='ocrx_word' id='word_1_349' title='bbox 563 2850 620 2896; x_wconf 90' lang='lat' dir='ltr'><strong>et</strong></span> <span class='ocrx_word' id='word_1_350' title='bbox 647 2843 910 2912; x_wconf 88' lang='lat' dir='ltr'><strong>scriptum</strong></span> <span class='ocrx_word' id='word_1_351' title='bbox 937 2853 1020 2900; x_wconf 89' lang='lat' dir='ltr'><strong>est</strong></span> <span class='ocrx_word' id='word_1_352' title='bbox 1045 2846 1111 2901; x_wconf 90' lang='lat' dir='ltr'><strong>de</strong></span> <span class='ocrx_word' id='word_1_353' title='bbox 1143 2861 1208 2901; x_wconf 91' lang='lat' dir='ltr'><strong>eo</strong></span> <span class='ocrx_word' id='word_1_354' title='bbox 1241 2862 1254 2901; x_wconf 92' lang='lat'>:</span> <span class='ocrx_word' id='word_1_355' title='bbox 1289 2843 1502 2901; x_wconf 86' lang='lat' dir='ltr'><strong>Cornua</strong></span> <span class='ocrx_word' id='word_1_356' title='bbox 1525 2847 1579 2900; x_wconf 91' lang='lat' dir='ltr'><strong>in</strong></span> <span class='ocrx_word' id='word_1_357' title='bbox 1609 2849 1778 2902; x_wconf 86' lang='lat' dir='ltr'><strong>mani-</strong></span> 
     </span>
    </p>
   </div>
   <div class='ocr_carea' id='block_1_42' title="bbox 198 2927 1775 3010">
    <p class='ocr_par' dir='ltr' id='par_1_42' title="bbox 198 2927 1775 3010">
     <span class='ocr_line' id='line_1_42' title="bbox 198 2927 1775 3010; baseline 0.007 -29"><span class='ocrx_word' id='word_1_358' title='bbox 198 2927 283 2981; x_wconf 81' lang='lat' dir='ltr'><strong>bus</strong></span> <span class='ocrx_word' id='word_1_359' title='bbox 307 2929 422 2999; x_wconf 87' lang='lat' dir='ltr'><strong>ejus</strong></span> <span class='ocrx_word' id='word_1_360' title='bbox 447 2940 568 2985; x_wconf 82' lang='lat' dir='ltr'><strong>sunt</strong></span> <span class='ocrx_word' id='word_1_361' title='bbox 597 2930 826 3003; x_wconf 81' lang='lat' dir='ltr'><strong>(lIabac.</strong></span> <span class='ocrx_word' id='word_1_362' title='bbox 873 2934 978 3005; x_wconf 76' lang='lat' dir='ltr'><strong>in).</strong></span> <span class='ocrx_word' id='word_1_363' title='bbox 1007 2934 1276 2992; x_wconf 90' lang='lat' dir='ltr'><strong>Cornibus</strong></span> <span class='ocrx_word' id='word_1_364' title='bbox 1321 2953 1452 3010; x_wconf 86' lang='lat' dir='ltr'><strong>ergo</strong></span> <span class='ocrx_word' id='word_1_365' title='bbox 1483 2939 1775 2993; x_wconf 69' lang='lat' dir='ltr'><strong>hazrentem</strong></span> 
     </span>
    </p>
   </div>
   <div class='ocr_carea' id='block_1_43' title="bbox 197 3025 1779 3103">
    <p class='ocr_par' dir='ltr' id='par_1_43' title="bbox 197 3025 1779 3103">
     <span class='ocr_line' id='line_1_43' title="bbox 197 3025 1779 3103; baseline 0.007 -25"><span class='ocrx_word' id='word_1_366' title='bbox 197 3025 414 3080; x_wconf 82' lang='lat' dir='ltr'><strong>arietem</strong></span> <span class='ocrx_word' id='word_1_367' title='bbox 443 3027 762 3083; x_wconf 81' lang='lat' dir='ltr'><strong>cruciﬁxum</strong></span> <span class='ocrx_word' id='word_1_368' title='bbox 803 3029 1078 3086; x_wconf 90' lang='lat' dir='ltr'><strong>Christum</strong></span> <span class='ocrx_word' id='word_1_369' title='bbox 1109 3032 1398 3103; x_wconf 87' lang='lat' dir='ltr'><strong>signiﬁcat.</strong></span> <span class='ocrx_word' id='word_1_370' title='bbox 1439 3034 1644 3103; x_wconf 86' lang='lat' dir='ltr'><strong>Vepres</strong></span> <span class='ocrx_word' id='word_1_371' title='bbox 1681 3049 1779 3088; x_wconf 91' lang='lat' dir='ltr'><strong>au-</strong></span> 
     </span>
    </p>
   </div>
   <div class='ocr_carea' id='block_1_44' title="bbox 197 3117 1776 3196">
    <p class='ocr_par' dir='ltr' id='par_1_44' title="bbox 197 3117 1776 3196">
     <span class='ocr_line' id='line_1_44' title="bbox 197 3117 1776 3196; baseline 0.006 -27"><span class='ocrx_word' id='word_1_372' title='bbox 197 3122 295 3169; x_wconf 90' lang='lat' dir='ltr'><strong>tem</strong></span> <span class='ocrx_word' id='word_1_373' title='bbox 321 3117 490 3186; x_wconf 65' lang='lat' dir='ltr'><strong>spinae</strong></span> <span class='ocrx_word' id='word_1_374' title='bbox 523 3127 669 3174; x_wconf 91' lang='lat' dir='ltr'><strong>sunt.</strong></span> <span class='ocrx_word' id='word_1_375' title='bbox 704 3117 884 3188; x_wconf 75' lang='lat' dir='ltr'><strong>Spinae</strong></span> <span class='ocrx_word' id='word_1_376' title='bbox 923 3120 1136 3192; x_wconf 87' lang='lat' dir='ltr'><strong>iniquos</strong></span> <span class='ocrx_word' id='word_1_377' title='bbox 1165 3131 1220 3177; x_wconf 88' lang='lat' dir='ltr'><strong>et</strong></span> <span class='ocrx_word' id='word_1_378' title='bbox 1262 3125 1776 3196; x_wconf 19' lang='lat' dir='ltr'><strong>peccatoreslsigni-</strong></span> 
     </span>
    </p>
   </div>
   <div class='ocr_carea' id='block_1_45' title="bbox 1887 1938 3480 2012">
    <p class='ocr_par' dir='ltr' id='par_1_45' title="bbox 1887 1938 3480 2012">
     <span class='ocr_line' id='line_1_45' title="bbox 1887 1938 3480 2012; baseline 0.004 -19"><span class='ocrx_word' id='word_1_379' title='bbox 1887 1939 2012 1993; x_wconf 88' lang='lat' dir='ltr'><strong>dum</strong></span> <span class='ocrx_word' id='word_1_380' title='bbox 2064 1938 2414 2012; x_wconf 84' lang='lat' dir='ltr'><strong>Septuaginta</strong></span> <span class='ocrx_word' id='word_1_381' title='bbox 2467 1943 2790 2012; x_wconf 85' lang='lat' dir='ltr'><strong>interpretes</strong></span> <span class='ocrx_word' id='word_1_382' title='bbox 2844 1960 3040 1999; x_wconf 87' lang='lat' dir='ltr'><strong>nomen</strong></span> <span class='ocrx_word' id='word_1_383' title='bbox 3089 1947 3326 2002; x_wconf 88' lang='lat' dir='ltr'><strong>civitatis</strong></span> <span class='ocrx_word' id='word_1_384' title='bbox 3377 1947 3480 2000; x_wconf 82' lang='lat' dir='ltr'><strong>lle-</strong></span> 
     </span>
    </p>
   </div>
   <div class='ocr_carea' id='block_1_46' title="bbox 1883 2028 3475 2108">
    <p class='ocr_par' dir='ltr' id='par_1_46' title="bbox 1883 2028 3475 2108">
     <span class='ocr_line' id='line_1_46' title="bbox 1883 2028 3475 2108; baseline 0.007 -26"><span class='ocrx_word' id='word_1_385' title='bbox 1883 2028 2043 2092; x_wconf 69' lang='lat' dir='ltr'><strong>hrznze</strong></span> <span class='ocrx_word' id='word_1_386' title='bbox 2077 2031 2309 2087; x_wconf 88' lang='lat' dir='ltr'><strong>barbare</strong></span> <span class='ocrx_word' id='word_1_387' title='bbox 2359 2042 2526 2104; x_wconf 90' lang='lat' dir='ltr'><strong>atque</strong></span> <span class='ocrx_word' id='word_1_388' title='bbox 2569 2044 2846 2105; x_wconf 88' lang='lat' dir='ltr'><strong>corrupte,</strong></span> <span class='ocrx_word' id='word_1_389' title='bbox 2894 2046 2950 2092; x_wconf 90' lang='lat' dir='ltr'><strong>et</strong></span> <span class='ocrx_word' id='word_1_390' title='bbox 3002 2037 3160 2092; x_wconf 87' lang='lat' dir='ltr'><strong>aliter</strong></span> <span class='ocrx_word' id='word_1_391' title='bbox 3205 2055 3365 2108; x_wconf 90' lang='lat' dir='ltr'><strong>quam</strong></span> <span class='ocrx_word' id='word_1_392' title='bbox 3422 2041 3475 2094; x_wconf 92' lang='lat' dir='ltr'><strong>in</strong></span> 
     </span>
    </p>
   </div>
   <div class='ocr_carea' id='block_1_47' title="bbox 1883 2121 3475 2184">
    <p class='ocr_par' dir='ltr' id='par_1_47' title="bbox 1883 2121 3475 2184">
     <span class='ocr_line' id='line_1_47' title="bbox 1883 2121 3475 2184; baseline 0.005 -10"><span class='ocrx_word' id='word_1_393' title='bbox 1883 2135 1983 2175; x_wconf 91' lang='lat' dir='ltr'><strong>suo</strong></span> <span class='ocrx_word' id='word_1_394' title='bbox 2010 2121 2211 2176; x_wconf 88' lang='lat' dir='ltr'><strong>dicitur</strong></span> <span class='ocrx_word' id='word_1_395' title='bbox 2249 2125 2611 2180; x_wconf 89' lang='lat' dir='ltr'><strong>transtulisse.</strong></span> <span class='ocrx_word' id='word_1_396' title='bbox 2665 2125 2846 2181; x_wconf 89' lang='lat' dir='ltr'><strong>Arboc</strong></span> <span class='ocrx_word' id='word_1_397' title='bbox 2873 2127 3020 2181; x_wconf 90' lang='lat' dir='ltr'><strong>enim</strong></span> <span class='ocrx_word' id='word_1_398' title='bbox 3069 2129 3202 2182; x_wconf 91' lang='lat' dir='ltr'><strong>nihil</strong></span> <span class='ocrx_word' id='word_1_399' title='bbox 3253 2129 3475 2184; x_wconf 88' lang='lat' dir='ltr'><strong>omnino</strong></span> 
     </span>
    </p>
   </div>
   <div class='ocr_carea' id='block_1_48' title="bbox 1883 2211 3468 2290">
    <p class='ocr_par' dir='ltr' id='par_1_48' title="bbox 1883 2211 3468 2290">
     <span class='ocr_line' id='line_1_48' title="bbox 1883 2211 3468 2290; baseline 0.004 -24"><span class='ocrx_word' id='word_1_400' title='bbox 1883 2211 2176 2282; x_wconf 87' lang='lat' dir='ltr'><strong>signiﬁcat,</strong></span> <span class='ocrx_word' id='word_1_401' title='bbox 2204 2215 2298 2269; x_wconf 89' lang='lat' dir='ltr'><strong>sed</strong></span> <span class='ocrx_word' id='word_1_402' title='bbox 2326 2215 2524 2270; x_wconf 90' lang='lat' dir='ltr'><strong>dicitur</strong></span> <span class='ocrx_word' id='word_1_403' title='bbox 2551 2215 2746 2281; x_wconf 86' lang='lat' dir='ltr'><strong>Arbee,</strong></span> <span class='ocrx_word' id='word_1_404' title='bbox 2774 2228 2946 2282; x_wconf 59' lang='lat' dir='ltr'><strong>xta-1y,</strong></span> <span class='ocrx_word' id='word_1_405' title='bbox 2985 2219 3085 2274; x_wconf 88' lang='lat' dir='ltr'><strong>hoc</strong></span> <span class='ocrx_word' id='word_1_406' title='bbox 3108 2230 3189 2274; x_wconf 90' lang='lat' dir='ltr'><strong>est</strong></span> <span class='ocrx_word' id='word_1_407' title='bbox 3218 2228 3468 2290; x_wconf 85' lang='lat' dir='ltr'><strong>quatuor,</strong></span> 
     </span>
    </p>
   </div>
   <div class='ocr_carea' id='block_1_49' title="bbox 1881 2302 3477 2372">
    <p class='ocr_par' dir='ltr' id='par_1_49' title="bbox 1881 2302 3477 2372">
     <span class='ocr_line' id='line_1_49' title="bbox 1881 2302 3477 2372; baseline 0.004 -17"><span class='ocrx_word' id='word_1_408' title='bbox 1881 2302 2009 2372; x_wconf 88' lang='lat' dir='ltr'><strong>quia</strong></span> <span class='ocrx_word' id='word_1_409' title='bbox 2048 2302 2120 2357; x_wconf 90' lang='lat' dir='ltr'><strong>ibi</strong></span> <span class='ocrx_word' id='word_1_410' title='bbox 2145 2304 2438 2369; x_wconf 88' lang='lat' dir='ltr'><strong>Abraham,</strong></span> <span class='ocrx_word' id='word_1_411' title='bbox 2470 2305 2620 2360; x_wconf 87' lang='lat' dir='ltr'><strong>Isaac</strong></span> <span class='ocrx_word' id='word_1_412' title='bbox 2663 2316 2718 2361; x_wconf 93' lang='lat' dir='ltr'><strong>et</strong></span> <span class='ocrx_word' id='word_1_413' title='bbox 2758 2307 2928 2362; x_wconf 84' lang='lat' dir='ltr'><strong>Jacob</strong></span> <span class='ocrx_word' id='word_1_414' title='bbox 2976 2311 3178 2364; x_wconf 87' lang='lat' dir='ltr'><strong>conditi</strong></span> <span class='ocrx_word' id='word_1_415' title='bbox 3216 2317 3370 2370; x_wconf 89' lang='lat' dir='ltr'><strong>sunt;</strong></span> <span class='ocrx_word' id='word_1_416' title='bbox 3419 2319 3477 2363; x_wconf 85' lang='lat' dir='ltr'><strong>et</strong></span> 
     </span>
    </p>
   </div>
   <div class='ocr_carea' id='block_1_50' title="bbox 1881 2392 3474 2468">
    <p class='ocr_par' dir='ltr' id='par_1_50' title="bbox 1881 2392 3474 2468">
     <span class='ocr_line' id='line_1_50' title="bbox 1881 2392 3474 2468; baseline 0.006 -22"><span class='ocrx_word' id='word_1_417' title='bbox 1881 2392 1995 2462; x_wconf 89' lang='lat' dir='ltr'><strong>ipse</strong></span> <span class='ocrx_word' id='word_1_418' title='bbox 2024 2395 2274 2464; x_wconf 90' lang='lat' dir='ltr'><strong>princeps</strong></span> <span class='ocrx_word' id='word_1_419' title='bbox 2301 2396 2521 2451; x_wconf 89' lang='lat' dir='ltr'><strong>humani</strong></span> <span class='ocrx_word' id='word_1_420' title='bbox 2551 2398 2768 2468; x_wconf 82' lang='lat' dir='ltr'><strong>generis</strong></span> <span class='ocrx_word' id='word_1_421' title='bbox 2793 2397 2992 2466; x_wconf 86' lang='lat' dir='ltr'><strong>Adam,</strong></span> <span class='ocrx_word' id='word_1_422' title='bbox 3017 2409 3078 2455; x_wconf 90' lang='lat' dir='ltr'><strong>ut</strong></span> <span class='ocrx_word' id='word_1_423' title='bbox 3103 2401 3156 2454; x_wconf 94' lang='lat' dir='ltr'><strong>in</strong></span> <span class='ocrx_word' id='word_1_424' title='bbox 3178 2399 3304 2456; x_wconf 82' lang='lat' dir='ltr'><strong>Jesu</strong></span> <span class='ocrx_word' id='word_1_425' title='bbox 3334 2400 3474 2455; x_wconf 88' lang='lat' dir='ltr'><strong>libro</strong></span> 
     </span>
    </p>
   </div>
   <div class='ocr_carea' id='block_1_51' title="bbox 1880 2487 2576 2555">
    <p class='ocr_par' dir='ltr' id='par_1_51' title="bbox 1880 2487 2576 2555">
     <span class='ocr_line' id='line_1_51' title="bbox 1880 2487 2576 2555; baseline 0.006 -16"><span class='ocrx_word' id='word_1_426' title='bbox 1880 2487 2118 2555; x_wconf 88' lang='lat' dir='ltr'><strong>apertius</strong></span> <span class='ocrx_word' id='word_1_427' title='bbox 2150 2487 2576 2543; x_wconf 90' lang='lat' dir='ltr'><strong>demonstratur.</strong></span> 
     </span>
    </p>
   </div>
   <div class='ocr_carea' id='block_1_52' title="bbox 1951 2574 3472 2653">
    <p class='ocr_par' dir='ltr' id='par_1_52' title="bbox 1951 2574 3472 2653">
     <span class='ocr_line' id='line_1_52' title="bbox 1951 2574 3472 2653; baseline 0.005 -24"><span class='ocrx_word' id='word_1_428' title='bbox 1951 2574 2184 2646; x_wconf 86' lang='lat' dir='ltr'><strong>Cumque</strong></span> <span class='ocrx_word' id='word_1_429' title='bbox 2207 2580 2517 2633; x_wconf 77' lang='lat' dir='ltr'><strong>surrexisset</strong></span> <span class='ocrx_word' id='word_1_430' title='bbox 2540 2581 2604 2634; x_wconf 88' lang='lat' dir='ltr'><strong>ab</strong></span> <span class='ocrx_word' id='word_1_431' title='bbox 2629 2583 2794 2653; x_wconf 69' lang='lat' dir='ltr'><strong>ofﬁcio</strong></span> <span class='ocrx_word' id='word_1_432' title='bbox 2820 2583 3043 2653; x_wconf 86' lang='lat' dir='ltr'><strong>funeris,</strong></span> <span class='ocrx_word' id='word_1_433' title='bbox 3074 2583 3279 2637; x_wconf 83' lang='lat' dir='ltr'><strong>locutus</strong></span> <span class='ocrx_word' id='word_1_434' title='bbox 3305 2595 3378 2638; x_wconf 88' lang='lat' dir='ltr'><strong>est</strong></span> <span class='ocrx_word' id='word_1_435' title='bbox 3403 2585 3472 2637; x_wconf 90' lang='lat' dir='ltr'><strong>ad</strong></span> 
     </span>
    </p>
   </div>
   <div class='ocr_carea' id='block_1_53' title="bbox 1877 2665 3473 2746">
    <p class='ocr_par' dir='ltr' id='par_1_53' title="bbox 1877 2665 3473 2746">
     <span class='ocr_line' id='line_1_53' title="bbox 1877 2665 3473 2746; baseline 0.009 -30"><span class='ocrx_word' id='word_1_436' title='bbox 1877 2665 2018 2733; x_wconf 83' lang='lat' dir='ltr'><strong>filios</strong></span> <span class='ocrx_word' id='word_1_437' title='bbox 2040 2665 2176 2720; x_wconf 82' lang='lat' dir='ltr'><strong>Heth</strong></span> <span class='ocrx_word' id='word_1_438' title='bbox 2200 2669 2379 2724; x_wconf 89' lang='lat' dir='ltr'><strong>dicens</strong></span> <span class='ocrx_word' id='word_1_439' title='bbox 2395 2685 2413 2722; x_wconf 83' lang='lat'><strong>.°</strong></span> <span class='ocrx_word' id='word_1_440' title='bbox 2435 2670 2647 2726; x_wconf 81' lang='lat' dir='ltr'><strong>Advena</strong></span> <span class='ocrx_word' id='word_1_441' title='bbox 2668 2690 2783 2728; x_wconf 88' lang='lat' dir='ltr'><strong>sum</strong></span> <span class='ocrx_word' id='word_1_442' title='bbox 2805 2685 2850 2728; x_wconf 91' lang='lat' dir='ltr'><strong>et</strong></span> <span class='ocrx_word' id='word_1_443' title='bbox 2873 2676 3175 2746; x_wconf 88' lang='lat' dir='ltr'><strong>peregrinus</strong></span> <span class='ocrx_word' id='word_1_444' title='bbox 3195 2677 3336 2745; x_wconf 88' lang='lat' dir='ltr'><strong>apud</strong></span> <span class='ocrx_word' id='word_1_445' title='bbox 3353 2694 3437 2730; x_wconf 77' lang='lat' dir='ltr'><strong>vos</strong></span> <span class='ocrx_word' id='word_1_446' title='bbox 3455 2694 3473 2730; x_wconf 92' lang='lat'><strong><em>:</em></strong></span> 
     </span>
    </p>
   </div>
   <div class='ocr_carea' id='block_1_54' title="bbox 1875 2757 3466 2836">
    <p class='ocr_par' dir='ltr' id='par_1_54' title="bbox 1875 2757 3466 2836">
     <span class='ocr_line' id='line_1_54' title="bbox 1875 2757 3466 2836; baseline 0.007 -26"><span class='ocrx_word' id='word_1_447' title='bbox 1875 2757 2014 2812; x_wconf 85' lang='lat' dir='ltr'><strong>Date</strong></span> <span class='ocrx_word' id='word_1_448' title='bbox 2040 2760 2166 2813; x_wconf 90' lang='lat' dir='ltr'><strong>mihi</strong></span> <span class='ocrx_word' id='word_1_449' title='bbox 2179 2761 2274 2830; x_wconf 85' lang='lat' dir='ltr'><strong>jus</strong></span> <span class='ocrx_word' id='word_1_450' title='bbox 2296 2763 2522 2832; x_wconf 82' lang='lat' dir='ltr'><strong>sepulcri</strong></span> <span class='ocrx_word' id='word_1_451' title='bbox 2547 2765 2828 2831; x_wconf 80' lang='lat' dir='ltr'><strong>vobiscum,</strong></span> <span class='ocrx_word' id='word_1_452' title='bbox 2854 2777 2907 2820; x_wconf 91' lang='lat' dir='ltr'><strong>ut</strong></span> <span class='ocrx_word' id='word_1_453' title='bbox 2929 2767 3175 2836; x_wconf 89' lang='lat' dir='ltr'><strong>sepeliam</strong></span> <span class='ocrx_word' id='word_1_454' title='bbox 3203 2778 3466 2822; x_wconf 85' lang='lat' dir='ltr'><strong>mortuum</strong></span> 
     </span>
    </p>
   </div>
   <div class='ocr_carea' id='block_1_55' title="bbox 1876 2850 3470 2924">
    <p class='ocr_par' dir='ltr' id='par_1_55' title="bbox 1876 2850 3470 2924">
     <span class='ocr_line' id='line_1_55' title="bbox 1876 2850 3470 2924; baseline 0.006 -22"><span class='ocrx_word' id='word_1_455' title='bbox 1876 2865 2069 2903; x_wconf 89' lang='lat' dir='ltr'><strong>meum.</strong></span> <span class='ocrx_word' id='word_1_456' title='bbox 2101 2850 2500 2921; x_wconf 83' lang='lat' dir='ltr'><strong>Responderunt</strong></span> <span class='ocrx_word' id='word_1_457' title='bbox 2527 2854 2627 2924; x_wconf 77' lang='lat' dir='ltr'><strong>filii</strong></span> <span class='ocrx_word' id='word_1_458' title='bbox 2672 2855 2848 2910; x_wconf 89' lang='lat' dir='ltr'><strong>IIeth:</strong></span> <span class='ocrx_word' id='word_1_459' title='bbox 2878 2858 3018 2910; x_wconf 85' lang='lat' dir='ltr'><strong>Audi</strong></span> <span class='ocrx_word' id='word_1_460' title='bbox 3058 2875 3151 2912; x_wconf 88' lang='lat' dir='ltr'><strong>nos</strong></span> <span class='ocrx_word' id='word_1_461' title='bbox 3173 2899 3187 2924; x_wconf 92' lang='lat'><strong>,</strong></span> <span class='ocrx_word' id='word_1_462' title='bbox 3239 2859 3470 2923; x_wconf 83' lang='lat' dir='ltr'><strong>domine,</strong></span> 
     </span>
    </p>
   </div>
   <div class='ocr_carea' id='block_1_56' title="bbox 1875 2942 3474 3020">
    <p class='ocr_par' dir='ltr' id='par_1_56' title="bbox 1875 2942 3474 3020">
     <span class='ocr_line' id='line_1_56' title="bbox 1875 2942 3474 3020; baseline 0.006 -26"><span class='ocrx_word' id='word_1_463' title='bbox 1875 2942 2116 3014; x_wconf 84' lang='lat' dir='ltr'><strong>princeps</strong></span> <span class='ocrx_word' id='word_1_464' title='bbox 2137 2943 2234 2998; x_wconf 87' lang='lat' dir='ltr'><strong>Dei</strong></span> <span class='ocrx_word' id='word_1_465' title='bbox 2253 2962 2306 3000; x_wconf 86' lang='lat' dir='ltr'><strong>es</strong></span> <span class='ocrx_word' id='word_1_466' title='bbox 2327 2947 2468 3018; x_wconf 88' lang='lat' dir='ltr'><strong>apud</strong></span> <span class='ocrx_word' id='word_1_467' title='bbox 2491 2965 2602 3002; x_wconf 90' lang='lat' dir='ltr'><strong>nos.</strong></span> <span class='ocrx_word' id='word_1_468' title='bbox 2629 2947 2694 3002; x_wconf 90' lang='lat' dir='ltr'><strong>In</strong></span> <span class='ocrx_word' id='word_1_469' title='bbox 2715 2949 2886 3003; x_wconf 84' lang='lat' dir='ltr'><strong>electis</strong></span> <span class='ocrx_word' id='word_1_470' title='bbox 2907 2950 3158 3020; x_wconf 86' lang='lat' dir='ltr'><strong>sepulcris</strong></span> <span class='ocrx_word' id='word_1_471' title='bbox 3182 2952 3372 3004; x_wconf 85' lang='lat' dir='ltr'><strong>nostris</strong></span> <span class='ocrx_word' id='word_1_472' title='bbox 3392 2967 3474 3004; x_wconf 88' lang='lat' dir='ltr'><strong>se-</strong></span> 
     </span>
    </p>
   </div>
   <div class='ocr_carea' id='block_1_57' title="bbox 1875 3032 3469 3111">
    <p class='ocr_par' dir='ltr' id='par_1_57' title="bbox 1875 3032 3469 3111">
     <span class='ocr_line' id='line_1_57' title="bbox 1875 3032 3469 3111; baseline 0.004 -24"><span class='ocrx_word' id='word_1_473' title='bbox 1875 3032 1978 3102; x_wconf 87' lang='lat' dir='ltr'><strong>peli</strong></span> <span class='ocrx_word' id='word_1_474' title='bbox 1990 3045 2253 3089; x_wconf 86' lang='lat' dir='ltr'><strong>mortuum</strong></span> <span class='ocrx_word' id='word_1_475' title='bbox 2267 3046 2435 3091; x_wconf 87' lang='lat' dir='ltr'><strong>tuum.</strong></span> <span class='ocrx_word' id='word_1_476' title='bbox 2459 3036 2754 3110; x_wconf 86' lang='lat' dir='ltr'><strong>Nullusque</strong></span> <span class='ocrx_word' id='word_1_477' title='bbox 2765 3041 3035 3109; x_wconf 89' lang='lat' dir='ltr'><strong>prohibere</strong></span> <span class='ocrx_word' id='word_1_478' title='bbox 3048 3042 3258 3110; x_wconf 91' lang='lat' dir='ltr'><strong>poterit,</strong></span> <span class='ocrx_word' id='word_1_479' title='bbox 3273 3043 3399 3111; x_wconf 86' lang='lat' dir='ltr'><strong>quin</strong></span> <span class='ocrx_word' id='word_1_480' title='bbox 3414 3042 3469 3094; x_wconf 90' lang='lat' dir='ltr'><strong>in</strong></span> 
     </span>
    </p>
   </div>
   <div class='ocr_carea' id='block_1_58' title="bbox 1873 3127 3472 3197">
    <p class='ocr_par' dir='ltr' id='par_1_58' title="bbox 1873 3127 3472 3197">
     <span class='ocr_line' id='line_1_58' title="bbox 1873 3127 3472 3197; baseline 0.004 -21"><span class='ocrx_word' id='word_1_481' title='bbox 1873 3135 2206 3178; x_wconf 87' lang='lat' dir='ltr'><strong>monumento</strong></span> <span class='ocrx_word' id='word_1_482' title='bbox 2222 3127 2335 3196; x_wconf 86' lang='lat' dir='ltr'><strong>ejus</strong></span> <span class='ocrx_word' id='word_1_483' title='bbox 2353 3127 2569 3197; x_wconf 90' lang='lat' dir='ltr'><strong>sepelias</strong></span> <span class='ocrx_word' id='word_1_484' title='bbox 2585 3138 2848 3181; x_wconf 89' lang='lat' dir='ltr'><strong>mortuum</strong></span> <span class='ocrx_word' id='word_1_485' title='bbox 2862 3139 3028 3183; x_wconf 90' lang='lat' dir='ltr'><strong>tuum.</strong></span> <span class='ocrx_word' id='word_1_486' title='bbox 3047 3129 3286 3185; x_wconf 73' lang='lat' dir='ltr'><strong>Surrexit</strong></span> <span class='ocrx_word' id='word_1_487' title='bbox 3307 3129 3472 3182; x_wconf 82' lang='lat' dir='ltr'><strong>Abra-</strong></span> 
     </span>
    </p>
   </div>
   <div class='ocr_carea' id='block_1_59' title="bbox 196 3201 3465 3289">
    <p class='ocr_par' dir='ltr' id='par_1_59' title="bbox 196 3201 3465 3289">
     <span class='ocr_line' id='line_1_59' title="bbox 196 3201 3465 3289; baseline 0.004 -29"><span class='ocrx_word' id='word_1_488' title='bbox 196 3210 380 3277; x_wconf 85' lang='lat' dir='ltr'><strong>ﬁcant,</strong></span> <span class='ocrx_word' id='word_1_489' title='bbox 413 3212 506 3282; x_wconf 86' lang='lat' dir='ltr'><strong>qui</strong></span> <span class='ocrx_word' id='word_1_490' title='bbox 536 3213 935 3284; x_wconf 81' lang='lat' dir='ltr'><strong>suspenderunt</strong></span> <span class='ocrx_word' id='word_1_491' title='bbox 962 3215 1249 3271; x_wconf 82' lang='lat' dir='ltr'><strong>Dominum</strong></span> <span class='ocrx_word' id='word_1_492' title='bbox 1276 3217 1329 3272; x_wconf 82' lang='lat' dir='ltr'><strong>in</strong></span> <span class='ocrx_word' id='word_1_493' title='bbox 1357 3233 1597 3274; x_wconf 78' lang='lat' dir='ltr'><strong>crucem,</strong></span> <span class='ocrx_word' id='word_1_494' title='bbox 1630 3218 1775 3272; x_wconf 75' lang='lat' dir='ltr'><strong>Inter</strong></span> <span class='ocrx_word' id='word_1_495' title='bbox 1802 3201 1845 3263; x_wconf 88' lang='lat' dir='ltr'><strong>C</strong></span> <span class='ocrx_word' id='word_1_496' title='bbox 1877 3215 2020 3280; x_wconf 86' lang='lat' dir='ltr'><strong>ham,</strong></span> <span class='ocrx_word' id='word_1_497' title='bbox 2043 3225 2093 3270; x_wconf 90' lang='lat' dir='ltr'><strong>et</strong></span> <span class='ocrx_word' id='word_1_498' title='bbox 2121 3220 2357 3272; x_wconf 78' lang='lat' dir='ltr'><strong>adoravit</strong></span> <span class='ocrx_word' id='word_1_499' title='bbox 2393 3219 2638 3288; x_wconf 86' lang='lat' dir='ltr'><strong>papulum</strong></span> <span class='ocrx_word' id='word_1_500' title='bbox 2663 3228 2839 3283; x_wconf 79' lang='lat' dir='ltr'><strong>teme,</strong></span> <span class='ocrx_word' id='word_1_501' title='bbox 2863 3220 3000 3289; x_wconf 81' lang='lat' dir='ltr'><strong>filios</strong></span> <span class='ocrx_word' id='word_1_502' title='bbox 3035 3219 3268 3274; x_wconf 83' lang='lat' dir='ltr'><strong>videlicet</strong></span> <span class='ocrx_word' id='word_1_503' title='bbox 3307 3220 3465 3274; x_wconf 67' lang='lat' dir='ltr'><strong>Iit-th.</strong></span> 
     </span>
    </p>
   </div>
   <div class='ocr_carea' id='block_1_60' title="bbox 195 3301 1775 3377">
    <p class='ocr_par' dir='ltr' id='par_1_60' title="bbox 195 3301 1775 3377">
     <span class='ocr_line' id='line_1_60' title="bbox 195 3301 1775 3377; baseline 0.004 -23"><span class='ocrx_word' id='word_1_504' title='bbox 195 3301 369 3369; x_wconf 87' lang='lat' dir='ltr'><strong>spinas</strong></span> <span class='ocrx_word' id='word_1_505' title='bbox 409 3303 595 3372; x_wconf 89' lang='lat' dir='ltr'><strong>itaque</strong></span> <span class='ocrx_word' id='word_1_506' title='bbox 620 3313 964 3372; x_wconf 89' lang='lat' dir='ltr'><strong>peccatorum</strong></span> <span class='ocrx_word' id='word_1_507' title='bbox 993 3303 1340 3361; x_wconf 89' lang='lat' dir='ltr'><strong>Judaicorum</strong></span> <span class='ocrx_word' id='word_1_508' title='bbox 1372 3316 1667 3377; x_wconf 83' lang='lat' dir='ltr'><strong>suspensus</strong></span> <span class='ocrx_word' id='word_1_509' title='bbox 1692 3317 1775 3363; x_wconf 86' lang='lat' dir='ltr'><strong>est</strong></span> 
     </span>
    </p>
   </div>
   <div class='ocr_carea' id='block_1_61' title="bbox 195 3391 1773 3470">
    <p class='ocr_par' dir='ltr' id='par_1_61' title="bbox 195 3391 1773 3470">
     <span class='ocr_line' id='line_1_61' title="bbox 195 3391 1773 3470; baseline 0.006 -25"><span class='ocrx_word' id='word_1_510' title='bbox 195 3391 481 3460; x_wconf 89' lang='lat' dir='ltr'><strong>Dominus,</strong></span> <span class='ocrx_word' id='word_1_511' title='bbox 517 3395 656 3450; x_wconf 90' lang='lat' dir='ltr'><strong>sicut</strong></span> <span class='ocrx_word' id='word_1_512' title='bbox 708 3411 807 3467; x_wconf 88' lang='lat' dir='ltr'><strong>per</strong></span> <span class='ocrx_word' id='word_1_513' title='bbox 846 3396 1137 3452; x_wconf 85' lang='lat' dir='ltr'><strong>Jeremiam</strong></span> <span class='ocrx_word' id='word_1_514' title='bbox 1179 3397 1320 3454; x_wconf 92' lang='lat' dir='ltr'><strong>idem</strong></span> <span class='ocrx_word' id='word_1_515' title='bbox 1367 3400 1498 3455; x_wconf 89' lang='lat' dir='ltr'><strong>dicit</strong></span> <span class='ocrx_word' id='word_1_516' title='bbox 1546 3418 1559 3454; x_wconf 91' lang='lat'><strong>:</strong></span> <span class='ocrx_word' id='word_1_517' title='bbox 1597 3399 1773 3470; x_wconf 88' lang='lat' dir='ltr'><strong>Spinis</strong></span> 
     </span>
    </p>
   </div>
   <div class='ocr_carea' id='block_1_62' title="bbox 194 3490 1771 3561">
    <p class='ocr_par' dir='ltr' id='par_1_62' title="bbox 194 3490 1771 3561">
     <span class='ocr_line' id='line_1_62' title="bbox 194 3490 1771 3561; baseline 0.006 -24"><span class='ocrx_word' id='word_1_518' title='bbox 194 3497 516 3553; x_wconf 85' lang='lat' dir='ltr'><strong>peccatorum</strong></span> <span class='ocrx_word' id='word_1_519' title='bbox 543 3505 763 3542; x_wconf 88' lang='lat' dir='ltr'><strong>suorum</strong></span> <span class='ocrx_word' id='word_1_520' title='bbox 807 3490 1146 3544; x_wconf 86' lang='lat' dir='ltr'><strong>circumdedit</strong></span> <span class='ocrx_word' id='word_1_521' title='bbox 1178 3509 1258 3546; x_wconf 92' lang='lat' dir='ltr'><strong>me</strong></span> <span class='ocrx_word' id='word_1_522' title='bbox 1285 3493 1506 3561; x_wconf 84' lang='lat' dir='ltr'><strong>populus</strong></span> <span class='ocrx_word' id='word_1_523' title='bbox 1535 3494 1638 3546; x_wconf 88' lang='lat' dir='ltr'><strong>hic.</strong></span> <span class='ocrx_word' id='word_1_524' title='bbox 1669 3493 1771 3547; x_wconf 87' lang='lat' dir='ltr'><strong>Alii</strong></span> 
     </span>
    </p>
   </div>
   <div class='ocr_carea' id='block_1_63' title="bbox 193 3574 1774 3652">
    <p class='ocr_par' dir='ltr' id='par_1_63' title="bbox 193 3574 1774 3652">
     <span class='ocr_line' id='line_1_63' title="bbox 193 3574 1774 3652; baseline 0.006 -24"><span class='ocrx_word' id='word_1_525' title='bbox 193 3574 325 3629; x_wconf 89' lang='lat' dir='ltr'><strong>hunc</strong></span> <span class='ocrx_word' id='word_1_526' title='bbox 363 3577 589 3632; x_wconf 87' lang='lat' dir='ltr'><strong>arietem</strong></span> <span class='ocrx_word' id='word_1_527' title='bbox 640 3577 896 3634; x_wconf 89' lang='lat' dir='ltr'><strong>cornibus</strong></span> <span class='ocrx_word' id='word_1_528' title='bbox 927 3580 978 3632; x_wconf 94' lang='lat' dir='ltr'><strong>in</strong></span> <span class='ocrx_word' id='word_1_529' title='bbox 1017 3580 1272 3650; x_wconf 86' lang='lat' dir='ltr'><strong>vepribus</strong></span> <span class='ocrx_word' id='word_1_530' title='bbox 1302 3583 1592 3652; x_wconf 88' lang='lat' dir='ltr'><strong>obligatum</strong></span> <span class='ocrx_word' id='word_1_531' title='bbox 1624 3599 1774 3637; x_wconf 89' lang='lat' dir='ltr'><strong>eum-</strong></span> 
     </span>
    </p>
   </div>
   <div class='ocr_carea' id='block_1_64' title="bbox 194 3663 1769 3739">
    <p class='ocr_par' dir='ltr' id='par_1_64' title="bbox 194 3663 1769 3739">
     <span class='ocr_line' id='line_1_64' title="bbox 194 3663 1769 3739; baseline 0.005 -22"><span class='ocrx_word' id='word_1_532' title='bbox 194 3663 304 3718; x_wconf 90' lang='lat' dir='ltr'><strong>dem</strong></span> <span class='ocrx_word' id='word_1_533' title='bbox 351 3665 628 3720; x_wconf 90' lang='lat' dir='ltr'><strong>Christum</strong></span> <span class='ocrx_word' id='word_1_534' title='bbox 668 3677 988 3733; x_wconf 88' lang='lat' dir='ltr'><strong>senserunt,</strong></span> <span class='ocrx_word' id='word_1_535' title='bbox 1037 3677 1327 3739; x_wconf 90' lang='lat' dir='ltr'><strong>antequam</strong></span> <span class='ocrx_word' id='word_1_536' title='bbox 1378 3671 1769 3737; x_wconf 88' lang='lat' dir='ltr'><strong>immolaretur,</strong></span> 
     </span>
    </p>
   </div>
   <div class='ocr_carea' id='block_1_65' title="bbox 193 3757 1772 3832">
    <p class='ocr_par' dir='ltr' id='par_1_65' title="bbox 193 3757 1772 3832">
     <span class='ocr_line' id='line_1_65' title="bbox 193 3757 1772 3832; baseline 0.004 -23"><span class='ocrx_word' id='word_1_537' title='bbox 193 3757 350 3825; x_wconf 83' lang='lat' dir='ltr'><strong>spinis</strong></span> <span class='ocrx_word' id='word_1_538' title='bbox 371 3774 400 3812; x_wconf 90' lang='lat' dir='ltr'><strong>a</strong></span> <span class='ocrx_word' id='word_1_539' title='bbox 428 3757 634 3814; x_wconf 70' lang='lat' dir='ltr'><strong>Iuda-is</strong></span> <span class='ocrx_word' id='word_1_540' title='bbox 674 3767 1011 3815; x_wconf 91' lang='lat' dir='ltr'><strong>coronatum.</strong></span> <span class='ocrx_word' id='word_1_541' title='bbox 1039 3759 1270 3816; x_wconf 88' lang='lat' dir='ltr'><strong>Peracto</strong></span> <span class='ocrx_word' id='word_1_542' title='bbox 1312 3761 1474 3832; x_wconf 88' lang='lat' dir='ltr'><strong>igitur</strong></span> <span class='ocrx_word' id='word_1_543' title='bbox 1502 3763 1772 3818; x_wconf 90' lang='lat' dir='ltr'><strong>sacriﬁcio</strong></span> 
     </span>
    </p>
   </div>
   <div class='ocr_carea' id='block_1_66' title="bbox 193 3847 669 3906">
    <p class='ocr_par' dir='ltr' id='par_1_66' title="bbox 193 3847 669 3906">
     <span class='ocr_line' id='line_1_66' title="bbox 193 3847 669 3906; baseline 0.013 -6"><span class='ocrx_word' id='word_1_544' title='bbox 193 3847 378 3902; x_wconf 88' lang='lat' dir='ltr'><strong>dicitur</strong></span> <span class='ocrx_word' id='word_1_545' title='bbox 404 3850 669 3906; x_wconf 70' lang='lat' dir='ltr'><strong>Abrahae:</strong></span> 
     </span>
    </p>
   </div>
   <div class='ocr_carea' id='block_1_67' title="bbox 254 3936 1772 4014">
    <p class='ocr_par' dir='ltr' id='par_1_67' title="bbox 254 3936 1772 4014">
     <span class='ocr_line' id='line_1_67' title="bbox 254 3936 1772 4014; baseline 0.005 -23"><span class='ocrx_word' id='word_1_546' title='bbox 254 3936 317 3993; x_wconf 89' lang='lat' dir='ltr'><strong>In</strong></span> <span class='ocrx_word' id='word_1_547' title='bbox 341 3941 540 3995; x_wconf 87' lang='lat' dir='ltr'><strong>semine</strong></span> <span class='ocrx_word' id='word_1_548' title='bbox 566 3951 658 3996; x_wconf 87' lang='lat' dir='ltr'><strong>tuo</strong></span> <span class='ocrx_word' id='word_1_549' title='bbox 686 3941 1054 3997; x_wconf 85' lang='lat' dir='ltr'><strong>benedicentur</strong></span> <span class='ocrx_word' id='word_1_550' title='bbox 1097 3960 1274 3998; x_wconf 90' lang='lat' dir='ltr'><strong>omnes</strong></span> <span class='ocrx_word' id='word_1_551' title='bbox 1312 3953 1508 4014; x_wconf 83' lang='lat' dir='ltr'><strong>gentes.</strong></span> <span class='ocrx_word' id='word_1_552' title='bbox 1548 3942 1772 4010; x_wconf 87' lang='lat' dir='ltr'><strong>Quando</strong></span> 
     </span>
    </p>
   </div>
   <div class='ocr_carea' id='block_1_68' title="bbox 191 4030 1774 4103">
    <p class='ocr_par' dir='ltr' id='par_1_68' title="bbox 191 4030 1774 4103">
     <span class='ocr_line' id='line_1_68' title="bbox 191 4030 1774 4103; baseline 0.001 -20"><span class='ocrx_word' id='word_1_553' title='bbox 191 4030 323 4084; x_wconf 90' lang='lat' dir='ltr'><strong>enim</strong></span> <span class='ocrx_word' id='word_1_554' title='bbox 353 4032 460 4086; x_wconf 91' lang='lat' dir='ltr'><strong>hoc</strong></span> <span class='ocrx_word' id='word_1_555' title='bbox 484 4031 691 4086; x_wconf 75' lang='lat' dir='ltr'><strong>factum</strong></span> <span class='ocrx_word' id='word_1_556' title='bbox 721 4034 944 4097; x_wconf 89' lang='lat' dir='ltr'><strong>est,nisi</strong></span> <span class='ocrx_word' id='word_1_557' title='bbox 968 4035 1182 4103; x_wconf 89' lang='lat' dir='ltr'><strong>quando</strong></span> <span class='ocrx_word' id='word_1_558' title='bbox 1201 4034 1331 4089; x_wconf 92' lang='lat' dir='ltr'><strong>dicit</strong></span> <span class='ocrx_word' id='word_1_559' title='bbox 1354 4034 1442 4087; x_wconf 91' lang='lat' dir='ltr'><strong>ille</strong></span> <span class='ocrx_word' id='word_1_560' title='bbox 1474 4034 1644 4088; x_wconf 88' lang='lat' dir='ltr'><strong>aries:</strong></span> <span class='ocrx_word' id='word_1_561' title='bbox 1668 4031 1774 4086; x_wconf 82' lang='lat' dir='ltr'><strong>Fo-</strong></span> 
     </span>
    </p>
   </div>
   <div class='ocr_carea' id='block_1_69' title="bbox 192 4122 1772 4196">
    <p class='ocr_par' dir='ltr' id='par_1_69' title="bbox 192 4122 1772 4196">
     <span class='ocr_line' id='line_1_69' title="bbox 192 4122 1772 4196; baseline 0.003 -22"><span class='ocrx_word' id='word_1_562' title='bbox 192 4122 369 4178; x_wconf 86' lang='lat' dir='ltr'><strong>derunt</strong></span> <span class='ocrx_word' id='word_1_563' title='bbox 396 4141 584 4179; x_wconf 85' lang='lat' dir='ltr'><strong>manus</strong></span> <span class='ocrx_word' id='word_1_564' title='bbox 618 4141 760 4179; x_wconf 87' lang='lat' dir='ltr'><strong>meas</strong></span> <span class='ocrx_word' id='word_1_565' title='bbox 781 4135 828 4179; x_wconf 91' lang='lat' dir='ltr'><strong>et</strong></span> <span class='ocrx_word' id='word_1_566' title='bbox 854 4126 1008 4196; x_wconf 85' lang='lat' dir='ltr'><strong>pedes</strong></span> <span class='ocrx_word' id='word_1_567' title='bbox 1031 4143 1169 4180; x_wconf 81' lang='lat' dir='ltr'><strong>meos</strong></span> <span class='ocrx_word' id='word_1_568' title='bbox 1187 4169 1201 4189; x_wconf 91' lang='lat'><strong>,</strong></span> <span class='ocrx_word' id='word_1_569' title='bbox 1236 4135 1284 4180; x_wconf 90' lang='lat' dir='ltr'><strong>et</strong></span> <span class='ocrx_word' id='word_1_570' title='bbox 1311 4127 1772 4180; x_wconf 74' lang='lat' dir='ltr'><strong>dinumerarerunt</strong></span> 
     </span>
    </p>
   </div>
   <div class='ocr_carea' id='block_1_70' title="bbox 188 4214 1774 4288">
    <p class='ocr_par' dir='ltr' id='par_1_70' title="bbox 188 4214 1774 4288">
     <span class='ocr_line' id='line_1_70' title="bbox 188 4214 1774 4288; baseline 0.004 -25"><span class='ocrx_word' id='word_1_571' title='bbox 188 4215 356 4268; x_wconf 87' lang='lat' dir='ltr'><strong>omnia</strong></span> <span class='ocrx_word' id='word_1_572' title='bbox 387 4231 507 4268; x_wconf 87' lang='lat' dir='ltr'><strong>ossa</strong></span> <span class='ocrx_word' id='word_1_573' title='bbox 529 4216 684 4269; x_wconf 85' lang='lat' dir='ltr'><strong>mea?</strong></span> <span class='ocrx_word' id='word_1_574' title='bbox 711 4214 884 4286; x_wconf 86' lang='lat' dir='ltr'><strong>(Psal.</strong></span> <span class='ocrx_word' id='word_1_575' title='bbox 923 4216 1061 4288; x_wconf 71' lang='lat' dir='ltr'><strong>xxx.)</strong></span> <span class='ocrx_word' id='word_1_576' title='bbox 1101 4217 1213 4272; x_wconf 85' lang='lat' dir='ltr'><strong>Hoc</strong></span> <span class='ocrx_word' id='word_1_577' title='bbox 1240 4217 1385 4271; x_wconf 90' lang='lat' dir='ltr'><strong>enim</strong></span> <span class='ocrx_word' id='word_1_578' title='bbox 1412 4216 1628 4286; x_wconf 88' lang='lat' dir='ltr'><strong>quando</strong></span> <span class='ocrx_word' id='word_1_579' title='bbox 1653 4232 1774 4285; x_wconf 87' lang='lat' dir='ltr'><strong>per-</strong></span> 
     </span>
    </p>
   </div>
   <div class='ocr_carea' id='block_1_71' title="bbox 187 4307 1774 4379">
    <p class='ocr_par' dir='ltr' id='par_1_71' title="bbox 187 4307 1774 4379">
     <span class='ocr_line' id='line_1_71' title="bbox 187 4307 1774 4379; baseline 0.004 -23"><span class='ocrx_word' id='word_1_580' title='bbox 187 4314 357 4360; x_wconf 84' lang='lat' dir='ltr'><strong>actum</strong></span> <span class='ocrx_word' id='word_1_581' title='bbox 393 4315 480 4362; x_wconf 89' lang='lat' dir='ltr'><strong>est</strong></span> <span class='ocrx_word' id='word_1_582' title='bbox 529 4307 658 4362; x_wconf 89' lang='lat' dir='ltr'><strong>illud</strong></span> <span class='ocrx_word' id='word_1_583' title='bbox 699 4308 751 4362; x_wconf 89' lang='lat' dir='ltr'><strong>in</strong></span> <span class='ocrx_word' id='word_1_584' title='bbox 779 4309 1002 4379; x_wconf 89' lang='lat' dir='ltr'><strong>psalmis</strong></span> <span class='ocrx_word' id='word_1_585' title='bbox 1029 4308 1376 4374; x_wconf 84' lang='lat' dir='ltr'><strong>sacriﬁcium,</strong></span> <span class='ocrx_word' id='word_1_586' title='bbox 1406 4317 1533 4362; x_wconf 91' lang='lat' dir='ltr'><strong>tunc</strong></span> <span class='ocrx_word' id='word_1_587' title='bbox 1575 4308 1626 4362; x_wconf 94' lang='lat' dir='ltr'><strong>in</strong></span> <span class='ocrx_word' id='word_1_588' title='bbox 1658 4308 1774 4376; x_wconf 92' lang='lat' dir='ltr'><strong>ipso</strong></span> 
     </span>
    </p>
   </div>
   <div class='ocr_carea' id='block_1_72' title="bbox 185 4399 1772 4466">
    <p class='ocr_par' dir='ltr' id='par_1_72' title="bbox 185 4399 1772 4466">
     <span class='ocr_line' id='line_1_72' title="bbox 185 4399 1772 4466; baseline 0 -15"><span class='ocrx_word' id='word_1_589' title='bbox 185 4400 385 4466; x_wconf 83' lang='lat' dir='ltr'><strong>psalmo</strong></span> <span class='ocrx_word' id='word_1_590' title='bbox 425 4401 631 4455; x_wconf 88' lang='lat' dir='ltr'><strong>dictum</strong></span> <span class='ocrx_word' id='word_1_591' title='bbox 681 4410 766 4455; x_wconf 90' lang='lat' dir='ltr'><strong>est</strong></span> <span class='ocrx_word' id='word_1_592' title='bbox 817 4419 828 4453; x_wconf 93' lang='lat'>:</span> <span class='ocrx_word' id='word_1_593' title='bbox 885 4399 1446 4456; x_wconf 89' lang='lat' dir='ltr'><strong>Commemorabuntur</strong></span> <span class='ocrx_word' id='word_1_594' title='bbox 1476 4409 1524 4454; x_wconf 86' lang='lat' dir='ltr'><strong>et</strong></span> <span class='ocrx_word' id='word_1_595' title='bbox 1554 4416 1772 4456; x_wconf 86' lang='lat' dir='ltr'><strong>conver-</strong></span> 
     </span>
    </p>
   </div>
   <div class='ocr_carea' id='block_1_73' title="bbox 186 4488 1769 4559">
    <p class='ocr_par' dir='ltr' id='par_1_73' title="bbox 186 4488 1769 4559">
     <span class='ocr_line' id='line_1_73' title="bbox 186 4488 1769 4559; baseline 0.001 -21"><span class='ocrx_word' id='word_1_596' title='bbox 186 4497 353 4541; x_wconf 87' lang='lat' dir='ltr'><strong>tentur</strong></span> <span class='ocrx_word' id='word_1_597' title='bbox 379 4489 450 4542; x_wconf 88' lang='lat' dir='ltr'><strong>ad</strong></span> <span class='ocrx_word' id='word_1_598' title='bbox 476 4489 755 4542; x_wconf 90' lang='lat' dir='ltr'><strong>Dominum</strong></span> <span class='ocrx_word' id='word_1_599' title='bbox 781 4489 1007 4543; x_wconf 76' lang='lat' dir='ltr'><strong>universi</strong></span> <span class='ocrx_word' id='word_1_600' title='bbox 1039 4490 1170 4559; x_wconf 80' lang='lat' dir='ltr'><strong>ﬁnes</strong></span> <span class='ocrx_word' id='word_1_601' title='bbox 1192 4499 1362 4543; x_wconf 77' lang='lat' dir='ltr'><strong>terrte.</strong></span> <span class='ocrx_word' id='word_1_602' title='bbox 1380 4489 1448 4542; x_wconf 89' lang='lat' dir='ltr'><strong>Et</strong></span> <span class='ocrx_word' id='word_1_603' title='bbox 1471 4488 1769 4542; x_wconf 85' lang='lat' dir='ltr'><strong>adorabunt</strong></span> 
     </span>
    </p>
   </div>
   <div class='ocr_carea' id='block_1_74' title="bbox 1879 3305 3468 3379">
    <p class='ocr_par' dir='ltr' id='par_1_74' title="bbox 1879 3305 3468 3379">
     <span class='ocr_line' id='line_1_74' title="bbox 1879 3305 3468 3379; baseline 0.004 -24"><span class='ocrx_word' id='word_1_604' title='bbox 1879 3305 2062 3375; x_wconf 81' lang='lat' dir='ltr'><strong>(Aug.)</strong></span> <span class='ocrx_word' id='word_1_605' title='bbox 2113 3305 2405 3372; x_wconf 61' lang='lat' dir='ltr'><strong>Quatritur,</strong></span> <span class='ocrx_word' id='word_1_606' title='bbox 2442 3309 2710 3376; x_wconf 90' lang='lat' dir='ltr'><strong>quomodo</strong></span> <span class='ocrx_word' id='word_1_607' title='bbox 2759 3309 3018 3379; x_wconf 87' lang='lat' dir='ltr'><strong>scriptum</strong></span> <span class='ocrx_word' id='word_1_608' title='bbox 3043 3311 3146 3374; x_wconf 91' lang='lat' dir='ltr'><strong>sit,</strong></span> <span class='ocrx_word' id='word_1_609' title='bbox 3184 3310 3468 3364; x_wconf 86' lang='lat' dir='ltr'><strong>Dominum</strong></span> 
     </span>
    </p>
   </div>
   <div class='ocr_carea' id='block_1_75' title="bbox 1879 3393 3469 3472">
    <p class='ocr_par' dir='ltr' id='par_1_75' title="bbox 1879 3393 3469 3472">
     <span class='ocr_line' id='line_1_75' title="bbox 1879 3393 3469 3472; baseline 0.006 -27"><span class='ocrx_word' id='word_1_610' title='bbox 1879 3393 2045 3447; x_wconf 91' lang='lat' dir='ltr'><strong>Deum</strong></span> <span class='ocrx_word' id='word_1_611' title='bbox 2068 3405 2217 3448; x_wconf 90' lang='lat' dir='ltr'><strong>tuum</strong></span> <span class='ocrx_word' id='word_1_612' title='bbox 2239 3397 2507 3461; x_wconf 84' lang='lat' dir='ltr'><strong>adorabis,</strong></span> <span class='ocrx_word' id='word_1_613' title='bbox 2525 3409 2570 3452; x_wconf 90' lang='lat' dir='ltr'><strong>et</strong></span> <span class='ocrx_word' id='word_1_614' title='bbox 2590 3398 2670 3451; x_wconf 91' lang='lat' dir='ltr'><strong>illi</strong></span> <span class='ocrx_word' id='word_1_615' title='bbox 2692 3399 2789 3454; x_wconf 92' lang='lat' dir='ltr'><strong>soli</strong></span> <span class='ocrx_word' id='word_1_616' title='bbox 2813 3401 3004 3454; x_wconf 85' lang='lat' dir='ltr'><strong>servies</strong></span> <span class='ocrx_word' id='word_1_617' title='bbox 3028 3401 3206 3470; x_wconf 88' lang='lat' dir='ltr'><strong>(Deut.</strong></span> <span class='ocrx_word' id='word_1_618' title='bbox 3223 3402 3320 3472; x_wconf 86' lang='lat' dir='ltr'><strong>vt),</strong></span> <span class='ocrx_word' id='word_1_619' title='bbox 3345 3417 3469 3456; x_wconf 89' lang='lat' dir='ltr'><strong>cum</strong></span> 
     </span>
    </p>
   </div>
   <div class='ocr_carea' id='block_1_76' title="bbox 1875 3484 3466 3563">
    <p class='ocr_par' dir='ltr' id='par_1_76' title="bbox 1875 3484 3466 3563">
     <span class='ocr_line' id='line_1_76' title="bbox 1875 3484 3466 3563; baseline 0.004 -26"><span class='ocrx_word' id='word_1_620' title='bbox 1875 3484 2153 3540; x_wconf 82' lang='lat' dir='ltr'><strong>Abraham</strong></span> <span class='ocrx_word' id='word_1_621' title='bbox 2185 3487 2264 3541; x_wconf 90' lang='lat' dir='ltr'><strong>sic</strong></span> <span class='ocrx_word' id='word_1_622' title='bbox 2291 3487 2575 3543; x_wconf 86' lang='lat' dir='ltr'><strong>honoravit</strong></span> <span class='ocrx_word' id='word_1_623' title='bbox 2602 3491 2858 3558; x_wconf 89' lang='lat' dir='ltr'><strong>populum</strong></span> <span class='ocrx_word' id='word_1_624' title='bbox 2885 3491 3173 3560; x_wconf 89' lang='lat' dir='ltr'><strong>quemdam</strong></span> <span class='ocrx_word' id='word_1_625' title='bbox 3203 3493 3466 3563; x_wconf 86' lang='lat' dir='ltr'><strong>gentium,</strong></span> 
     </span>
    </p>
   </div>
   <div class='ocr_carea' id='block_1_77' title="bbox 1877 3574 3467 3647">
    <p class='ocr_par' dir='ltr' id='par_1_77' title="bbox 1877 3574 3467 3647">
     <span class='ocr_line' id='line_1_77' title="bbox 1877 3574 3467 3647; baseline 0.007 -22"><span class='ocrx_word' id='word_1_626' title='bbox 1877 3581 1937 3626; x_wconf 92' lang='lat' dir='ltr'><strong>ut</strong></span> <span class='ocrx_word' id='word_1_627' title='bbox 1970 3574 2136 3628; x_wconf 89' lang='lat' dir='ltr'><strong>etiam</strong></span> <span class='ocrx_word' id='word_1_628' title='bbox 2193 3577 2478 3632; x_wconf 87' lang='lat' dir='ltr'><strong>adoraret?</strong></span> <span class='ocrx_word' id='word_1_629' title='bbox 2537 3578 2643 3633; x_wconf 90' lang='lat' dir='ltr'><strong>Sed</strong></span> <span class='ocrx_word' id='word_1_630' title='bbox 2681 3581 3221 3636; x_wconf 85' lang='lat' dir='ltr'><strong>animadvertendum</strong></span> <span class='ocrx_word' id='word_1_631' title='bbox 3257 3592 3371 3647; x_wconf 92' lang='lat' dir='ltr'><strong>est,</strong></span> <span class='ocrx_word' id='word_1_632' title='bbox 3413 3584 3467 3636; x_wconf 93' lang='lat' dir='ltr'><strong>in</strong></span> 
     </span>
    </p>
   </div>
   <div class='ocr_carea' id='block_1_78' title="bbox 1873 3664 3466 3736">
    <p class='ocr_par' dir='ltr' id='par_1_78' title="bbox 1873 3664 3466 3736">
     <span class='ocr_line' id='line_1_78' title="bbox 1873 3664 3466 3736; baseline 0.006 -19"><span class='ocrx_word' id='word_1_633' title='bbox 1873 3664 2061 3718; x_wconf 86' lang='lat' dir='ltr'><strong>eodem</strong></span> <span class='ocrx_word' id='word_1_634' title='bbox 2089 3675 2358 3736; x_wconf 60' lang='lat' dir='ltr'><strong>praecepto</strong></span> <span class='ocrx_word' id='word_1_635' title='bbox 2383 3685 2486 3722; x_wconf 92' lang='lat' dir='ltr'><strong>non</strong></span> <span class='ocrx_word' id='word_1_636' title='bbox 2515 3670 2715 3724; x_wconf 92' lang='lat' dir='ltr'><strong>dictum</strong></span> <span class='ocrx_word' id='word_1_637' title='bbox 2743 3689 2753 3723; x_wconf 94' lang='lat'><strong>:</strong></span> <span class='ocrx_word' id='word_1_638' title='bbox 2781 3671 3066 3726; x_wconf 91' lang='lat' dir='ltr'><strong>Dominum</strong></span> <span class='ocrx_word' id='word_1_639' title='bbox 3097 3672 3266 3727; x_wconf 93' lang='lat' dir='ltr'><strong>Deum</strong></span> <span class='ocrx_word' id='word_1_640' title='bbox 3293 3674 3466 3726; x_wconf 91' lang='lat' dir='ltr'><strong>solum</strong></span> 
     </span>
    </p>
   </div>
   <div class='ocr_carea' id='block_1_79' title="bbox 1873 3755 3468 3834">
    <p class='ocr_par' dir='ltr' id='par_1_79' title="bbox 1873 3755 3468 3834">
     <span class='ocr_line' id='line_1_79' title="bbox 1873 3755 3468 3834; baseline 0.006 -25"><span class='ocrx_word' id='word_1_641' title='bbox 1873 3755 2143 3823; x_wconf 85' lang='lat' dir='ltr'><strong>adorabis,</strong></span> <span class='ocrx_word' id='word_1_642' title='bbox 2175 3759 2316 3813; x_wconf 88' lang='lat' dir='ltr'><strong>sicut</strong></span> <span class='ocrx_word' id='word_1_643' title='bbox 2347 3760 2550 3814; x_wconf 90' lang='lat' dir='ltr'><strong>dictum</strong></span> <span class='ocrx_word' id='word_1_644' title='bbox 2583 3770 2667 3816; x_wconf 89' lang='lat' dir='ltr'><strong>est</strong></span> <span class='ocrx_word' id='word_1_645' title='bbox 2696 3781 2708 3814; x_wconf 92' lang='lat'><strong>:</strong></span> <span class='ocrx_word' id='word_1_646' title='bbox 2744 3763 2810 3815; x_wconf 83' lang='lat' dir='ltr'><strong>Et</strong></span> <span class='ocrx_word' id='word_1_647' title='bbox 2837 3764 2914 3816; x_wconf 88' lang='lat' dir='ltr'><strong>illi</strong></span> <span class='ocrx_word' id='word_1_648' title='bbox 2939 3764 3038 3818; x_wconf 91' lang='lat' dir='ltr'><strong>soli</strong></span> <span class='ocrx_word' id='word_1_649' title='bbox 3067 3766 3290 3829; x_wconf 88' lang='lat' dir='ltr'><strong>servies,</strong></span> <span class='ocrx_word' id='word_1_650' title='bbox 3325 3765 3468 3834; x_wconf 87' lang='lat' dir='ltr'><strong>quod</strong></span> 
     </span>
    </p>
   </div>
   <div class='ocr_carea' id='block_1_80' title="bbox 1873 3845 3466 3922">
    <p class='ocr_par' dir='ltr' id='par_1_80' title="bbox 1873 3845 3466 3922">
     <span class='ocr_line' id='line_1_80' title="bbox 1873 3845 3466 3922; baseline 0.005 -22"><span class='ocrx_word' id='word_1_651' title='bbox 1873 3855 1957 3900; x_wconf 88' lang='lat' dir='ltr'><strong>est</strong></span> <span class='ocrx_word' id='word_1_652' title='bbox 1984 3845 2172 3901; x_wconf 59' lang='lat' dir='ltr'><strong>Grtt&#39;ce</strong></span> <span class='ocrx_word' id='word_1_653' title='bbox 2217 3848 2540 3922; x_wconf 73' lang='grc' dir='ltr'><strong>λατρεύσεις.</strong></span> <span class='ocrx_word' id='word_1_654' title='bbox 2571 3851 2719 3906; x_wconf 89' lang='lat' dir='ltr'><strong>Talis</strong></span> <span class='ocrx_word' id='word_1_655' title='bbox 2749 3854 2893 3907; x_wconf 85' lang='lat' dir='ltr'><strong>enim</strong></span> <span class='ocrx_word' id='word_1_656' title='bbox 2923 3855 3156 3909; x_wconf 88' lang='lat' dir='ltr'><strong>servitus</strong></span> <span class='ocrx_word' id='word_1_657' title='bbox 3175 3896 3188 3920; x_wconf 94' lang='lat'><strong>,</strong></span> <span class='ocrx_word' id='word_1_658' title='bbox 3225 3871 3330 3908; x_wconf 93' lang='lat' dir='ltr'><strong>non</strong></span> <span class='ocrx_word' id='word_1_659' title='bbox 3364 3856 3466 3908; x_wconf 87' lang='lat' dir='ltr'><strong>nisi</strong></span> 
     </span>
    </p>
   </div>
   <div class='ocr_carea' id='block_1_81' title="bbox 1875 3934 3464 4008">
    <p class='ocr_par' dir='ltr' id='par_1_81' title="bbox 1875 3934 3464 4008">
     <span class='ocr_line' id='line_1_81' title="bbox 1875 3934 3464 4008; baseline 0.006 -19"><span class='ocrx_word' id='word_1_660' title='bbox 1875 3934 1986 3989; x_wconf 84' lang='lat' dir='ltr'><strong>Deo</strong></span> <span class='ocrx_word' id='word_1_661' title='bbox 2033 3936 2278 3990; x_wconf 86' lang='lat' dir='ltr'><strong>debetur.</strong></span> <span class='ocrx_word' id='word_1_662' title='bbox 2319 3937 2469 3993; x_wconf 86' lang='lat' dir='ltr'><strong>Unde</strong></span> <span class='ocrx_word' id='word_1_663' title='bbox 2515 3938 2843 3996; x_wconf 89' lang='lat' dir='ltr'><strong>damnantur</strong></span> <span class='ocrx_word' id='word_1_664' title='bbox 2887 3942 3217 4008; x_wconf 69' lang='lat' dir='ltr'><strong>idololatrte,</strong></span> <span class='ocrx_word' id='word_1_665' title='bbox 3250 3944 3300 3997; x_wconf 88' lang='lat' dir='ltr'><strong>id</strong></span> <span class='ocrx_word' id='word_1_666' title='bbox 3348 3954 3464 4005; x_wconf 90' lang='lat' dir='ltr'><strong>est,</strong></span> 
     </span>
    </p>
   </div>
   <div class='ocr_carea' id='block_1_82' title="bbox 1873 4025 3464 4102">
    <p class='ocr_par' dir='ltr' id='par_1_82' title="bbox 1873 4025 3464 4102">
     <span class='ocr_line' id='line_1_82' title="bbox 1873 4025 3464 4102; baseline 0.003 -22"><span class='ocrx_word' id='word_1_667' title='bbox 1873 4025 2138 4094; x_wconf 90' lang='lat' dir='ltr'><strong>ejusmodi</strong></span> <span class='ocrx_word' id='word_1_668' title='bbox 2165 4029 2483 4084; x_wconf 84' lang='lat' dir='ltr'><strong>servitutem</strong></span> <span class='ocrx_word' id='word_1_669' title='bbox 2515 4031 2835 4087; x_wconf 80' lang='lat' dir='ltr'><strong>exhibentes</strong></span> <span class='ocrx_word' id='word_1_670' title='bbox 2875 4033 3032 4087; x_wconf 89' lang='lat' dir='ltr'><strong>idolis</strong></span> <span class='ocrx_word' id='word_1_671' title='bbox 3073 4049 3192 4102; x_wconf 69' lang='lat' dir='ltr'><strong>qua:</strong></span> <span class='ocrx_word' id='word_1_672' title='bbox 3233 4033 3464 4086; x_wconf 86' lang='lat' dir='ltr'><strong>debetur</strong></span> 
     </span>
    </p>
   </div>
   <div class='ocr_carea' id='block_1_83' title="bbox 1874 4115 3465 4190">
    <p class='ocr_par' dir='ltr' id='par_1_83' title="bbox 1874 4115 3465 4190">
     <span class='ocr_line' id='line_1_83' title="bbox 1874 4115 3465 4190; baseline 0.004 -21"><span class='ocrx_word' id='word_1_673' title='bbox 1874 4115 2006 4170; x_wconf 91' lang='lat' dir='ltr'><strong>Deo.</strong></span> <span class='ocrx_word' id='word_1_674' title='bbox 2031 4117 2140 4172; x_wconf 83' lang='lat' dir='ltr'><strong>Nec</strong></span> <span class='ocrx_word' id='word_1_675' title='bbox 2169 4127 2380 4172; x_wconf 88' lang='lat' dir='ltr'><strong>moveat</strong></span> <span class='ocrx_word' id='word_1_676' title='bbox 2407 4122 2551 4189; x_wconf 87' lang='lat' dir='ltr'><strong>quod</strong></span> <span class='ocrx_word' id='word_1_677' title='bbox 2578 4121 2682 4176; x_wconf 89' lang='lat' dir='ltr'><strong>alio</strong></span> <span class='ocrx_word' id='word_1_678' title='bbox 2703 4123 2823 4176; x_wconf 92' lang='lat' dir='ltr'><strong>loco</strong></span> <span class='ocrx_word' id='word_1_679' title='bbox 2847 4123 2900 4176; x_wconf 93' lang='lat' dir='ltr'><strong>in</strong></span> <span class='ocrx_word' id='word_1_680' title='bbox 2923 4123 3156 4190; x_wconf 89' lang='lat' dir='ltr'><strong>quadam</strong></span> <span class='ocrx_word' id='word_1_681' title='bbox 3185 4121 3465 4190; x_wconf 87' lang='lat' dir='ltr'><strong>Scriptura</strong></span> 
     </span>
    </p>
   </div>
   <div class='ocr_carea' id='block_1_84' title="bbox 1876 4208 3466 4282">
    <p class='ocr_par' dir='ltr' id='par_1_84' title="bbox 1876 4208 3466 4282">
     <span class='ocr_line' id='line_1_84' title="bbox 1876 4208 3466 4282; baseline 0.004 -22"><span class='ocrx_word' id='word_1_682' title='bbox 1876 4208 2060 4279; x_wconf 77' lang='lat' dir='ltr'><strong>(Apoc.</strong></span> <span class='ocrx_word' id='word_1_683' title='bbox 2091 4210 2204 4281; x_wconf 77' lang='lat' dir='ltr'><strong>xIx)</strong></span> <span class='ocrx_word' id='word_1_684' title='bbox 2253 4213 2505 4279; x_wconf 81' lang='lat' dir='ltr'><strong>prohibet</strong></span> <span class='ocrx_word' id='word_1_685' title='bbox 2557 4213 2780 4282; x_wconf 86' lang='lat' dir='ltr'><strong>angelus</strong></span> <span class='ocrx_word' id='word_1_686' title='bbox 2830 4213 3103 4266; x_wconf 76' lang='lat' dir='ltr'><strong>hominem</strong></span> <span class='ocrx_word' id='word_1_687' title='bbox 3143 4213 3370 4265; x_wconf 87' lang='lat' dir='ltr'><strong>adorare</strong></span> <span class='ocrx_word' id='word_1_688' title='bbox 3406 4229 3466 4266; x_wconf 86' lang='lat' dir='ltr'><strong>se</strong></span> 
     </span>
    </p>
   </div>
   <div class='ocr_carea' id='block_1_85' title="bbox 1873 4301 3465 4372">
    <p class='ocr_par' dir='ltr' id='par_1_85' title="bbox 1873 4301 3465 4372">
     <span class='ocr_line' id='line_1_85' title="bbox 1873 4301 3465 4372; baseline 0.003 -20"><span class='ocrx_word' id='word_1_689' title='bbox 1873 4309 1928 4353; x_wconf 83' lang='lat' dir='ltr'><strong>et</strong></span> <span class='ocrx_word' id='word_1_690' title='bbox 1955 4301 2231 4367; x_wconf 88' lang='lat' dir='ltr'><strong>admonet,</strong></span> <span class='ocrx_word' id='word_1_691' title='bbox 2257 4311 2317 4356; x_wconf 92' lang='lat' dir='ltr'><strong>ut</strong></span> <span class='ocrx_word' id='word_1_692' title='bbox 2338 4303 2599 4358; x_wconf 89' lang='lat' dir='ltr'><strong>Dominus</strong></span> <span class='ocrx_word' id='word_1_693' title='bbox 2631 4304 2808 4372; x_wconf 88' lang='lat' dir='ltr'><strong>potius</strong></span> <span class='ocrx_word' id='word_1_694' title='bbox 2833 4304 3105 4357; x_wconf 88' lang='lat' dir='ltr'><strong>adoretur.</strong></span> <span class='ocrx_word' id='word_1_695' title='bbox 3141 4302 3286 4356; x_wconf 89' lang='lat' dir='ltr'><strong>Talis</strong></span> <span class='ocrx_word' id='word_1_696' title='bbox 3312 4318 3465 4356; x_wconf 90' lang='lat' dir='ltr'><strong>nam-</strong></span> 
     </span>
    </p>
   </div>
   <div class='ocr_carea' id='block_1_86' title="bbox 1874 4393 3466 4464">
    <p class='ocr_par' dir='ltr' id='par_1_86' title="bbox 1874 4393 3466 4464">
     <span class='ocr_line' id='line_1_86' title="bbox 1874 4393 3466 4464; baseline 0.003 -20"><span class='ocrx_word' id='word_1_697' title='bbox 1874 4409 1978 4462; x_wconf 92' lang='lat' dir='ltr'><strong>que</strong></span> <span class='ocrx_word' id='word_1_698' title='bbox 2009 4403 2336 4464; x_wconf 86' lang='lat' dir='ltr'><strong>apparuerat</strong></span> <span class='ocrx_word' id='word_1_699' title='bbox 2360 4395 2598 4464; x_wconf 84' lang='lat' dir='ltr'><strong>angelus,</strong></span> <span class='ocrx_word' id='word_1_700' title='bbox 2625 4404 2684 4448; x_wconf 93' lang='lat' dir='ltr'><strong>ut</strong></span> <span class='ocrx_word' id='word_1_701' title='bbox 2709 4410 2806 4464; x_wconf 92' lang='lat' dir='ltr'><strong>pro</strong></span> <span class='ocrx_word' id='word_1_702' title='bbox 2837 4394 2948 4448; x_wconf 92' lang='lat' dir='ltr'><strong>Deo</strong></span> <span class='ocrx_word' id='word_1_703' title='bbox 2971 4393 3139 4462; x_wconf 90' lang='lat' dir='ltr'><strong>possit</strong></span> <span class='ocrx_word' id='word_1_704' title='bbox 3171 4394 3385 4448; x_wconf 89' lang='lat' dir='ltr'><strong>adorari</strong></span> <span class='ocrx_word' id='word_1_705' title='bbox 3410 4401 3466 4448; x_wconf 87' lang='lat' dir='ltr'><strong>et</strong></span> 
     </span>
    </p>
   </div>
   <div class='ocr_carea' id='block_1_87' title="bbox 1876 4483 2886 4556">
    <p class='ocr_par' dir='ltr' id='par_1_87' title="bbox 1876 4483 2886 4556">
     <span class='ocr_line' id='line_1_87' title="bbox 1876 4483 2886 4556; baseline 0.002 -20"><span class='ocrx_word' id='word_1_706' title='bbox 1876 4483 1997 4538; x_wconf 86' lang='lat' dir='ltr'><strong>ideo</strong></span> <span class='ocrx_word' id='word_1_707' title='bbox 2027 4485 2205 4538; x_wconf 78' lang='lat' dir='ltr'><strong>fuerat</strong></span> <span class='ocrx_word' id='word_1_708' title='bbox 2226 4485 2578 4556; x_wconf 88' lang='lat' dir='ltr'><strong>corrigendus</strong></span> <span class='ocrx_word' id='word_1_709' title='bbox 2610 4485 2886 4540; x_wconf 87' lang='lat' dir='ltr'><strong>adorator.</strong></span> 
     </span>
    </p>
   </div>
   <div class='ocr_carea' id='block_1_88' title="bbox 182 4547 3463 4649">
    <p class='ocr_par' dir='ltr' id='par_1_88' title="bbox 182 4547 3463 4649">
     <span class='ocr_line' id='line_1_88' title="bbox 182 4547 3463 4649; baseline 0.001 -21"><span class='ocrx_word' id='word_1_710' title='bbox 182 4577 233 4628; x_wconf 88' lang='lat' dir='ltr'><strong>in</strong></span> <span class='ocrx_word' id='word_1_711' title='bbox 268 4588 548 4647; x_wconf 86' lang='lat' dir='ltr'><strong>conspectu</strong></span> <span class='ocrx_word' id='word_1_712' title='bbox 590 4579 738 4648; x_wconf 89' lang='lat' dir='ltr'><strong>ejus,</strong></span> <span class='ocrx_word' id='word_1_713' title='bbox 782 4595 961 4633; x_wconf 89' lang='lat' dir='ltr'><strong>omnes</strong></span> <span class='ocrx_word' id='word_1_714' title='bbox 996 4547 1182 4649; x_wconf 70' lang='lat' dir='ltr'><strong>patria:</strong></span> <span class='ocrx_word' id='word_1_715' title='bbox 1209 4579 1458 4648; x_wconf 87' lang='lat' dir='ltr'><strong>gentium.</strong></span> <span class='ocrx_word' id='word_1_716' title='bbox 1501 4577 1767 4643; x_wconf 86' lang='lat' dir='ltr'><strong>Quoniam</strong></span> <span class='ocrx_word' id='word_1_717' title='bbox 1797 4547 1846 4605; x_wconf 69' lang='grc' dir='ltr'>Β</span> <span class='ocrx_word' id='word_1_718' title='bbox 1948 4574 2200 4629; x_wconf 85' lang='lat' dir='ltr'><strong>Adoravit</strong></span> <span class='ocrx_word' id='word_1_719' title='bbox 2225 4575 2490 4629; x_wconf 79' lang='lat' dir='ltr'><strong>Abraham</strong></span> <span class='ocrx_word' id='word_1_720' title='bbox 2512 4591 2687 4628; x_wconf 90' lang='lat' dir='ltr'><strong>coram</strong></span> <span class='ocrx_word' id='word_1_721' title='bbox 2725 4575 2918 4646; x_wconf 88' lang='lat' dir='ltr'><strong>populo</strong></span> <span class='ocrx_word' id='word_1_722' title='bbox 2957 4586 3155 4629; x_wconf 72' lang='lat' dir='ltr'><strong>terrm:</strong></span> <span class='ocrx_word' id='word_1_723' title='bbox 3186 4586 3232 4630; x_wconf 93' lang='lat' dir='ltr'><strong>et</strong></span> <span class='ocrx_word' id='word_1_724' title='bbox 3259 4575 3463 4630; x_wconf 81' lang='lat' dir='ltr'><strong>locutus</strong></span> 
     </span>
    </p>
   </div>
   <div class='ocr_carea' id='block_1_89' title="bbox 185 4665 1764 4738">
    <p class='ocr_par' dir='ltr' id='par_1_89' title="bbox 185 4665 1764 4738">
     <span class='ocr_line' id='line_1_89' title="bbox 185 4665 1764 4738; baseline 0.004 -22"><span class='ocrx_word' id='word_1_725' title='bbox 185 4665 392 4720; x_wconf 86' lang='lat' dir='ltr'><strong>Domini</strong></span> <span class='ocrx_word' id='word_1_726' title='bbox 439 4677 515 4721; x_wconf 89' lang='lat' dir='ltr'><strong>est</strong></span> <span class='ocrx_word' id='word_1_727' title='bbox 565 4685 818 4738; x_wconf 88' lang='lat' dir='ltr'><strong>regnum,</strong></span> <span class='ocrx_word' id='word_1_728' title='bbox 873 4678 921 4722; x_wconf 92' lang='lat' dir='ltr'><strong>et</strong></span> <span class='ocrx_word' id='word_1_729' title='bbox 958 4669 1064 4737; x_wconf 83' lang='lat' dir='ltr'><strong>ipse</strong></span> <span class='ocrx_word' id='word_1_730' title='bbox 1106 4667 1461 4724; x_wconf 87' lang='lat' dir='ltr'><strong>dominabitur</strong></span> <span class='ocrx_word' id='word_1_731' title='bbox 1511 4668 1764 4738; x_wconf 86' lang='lat' dir='ltr'><strong>gentium.</strong></span> 
     </span>
    </p>
   </div>
   <div class='ocr_carea' id='block_1_90' title="bbox 183 4757 1766 4832">
    <p class='ocr_par' dir='ltr' id='par_1_90' title="bbox 183 4757 1766 4832">
     <span class='ocr_line' id='line_1_90' title="bbox 183 4757 1766 4832; baseline 0.002 -22"><span class='ocrx_word' id='word_1_732' title='bbox 183 4757 460 4815; x_wconf 89' lang='lat' dir='ltr'><strong>lmmolato</strong></span> <span class='ocrx_word' id='word_1_733' title='bbox 497 4776 630 4832; x_wconf 87' lang='lat' dir='ltr'><strong>ergo</strong></span> <span class='ocrx_word' id='word_1_734' title='bbox 661 4762 932 4816; x_wconf 87' lang='lat' dir='ltr'><strong>Abraham</strong></span> <span class='ocrx_word' id='word_1_735' title='bbox 957 4777 1056 4831; x_wconf 92' lang='lat' dir='ltr'><strong>pro</strong></span> <span class='ocrx_word' id='word_1_736' title='bbox 1077 4761 1225 4816; x_wconf 87' lang='lat' dir='ltr'><strong>Isaac</strong></span> <span class='ocrx_word' id='word_1_737' title='bbox 1249 4760 1360 4814; x_wconf 91' lang='lat' dir='ltr'><strong>ﬁlio</strong></span> <span class='ocrx_word' id='word_1_738' title='bbox 1389 4777 1507 4824; x_wconf 89' lang='lat' dir='ltr'><strong>suo,</strong></span> <span class='ocrx_word' id='word_1_739' title='bbox 1549 4760 1766 4815; x_wconf 89' lang='lat' dir='ltr'><strong>vocavit</strong></span> 
     </span>
    </p>
   </div>
   <div class='ocr_carea' id='block_1_91' title="bbox 184 4852 1760 4923">
    <p class='ocr_par' dir='ltr' id='par_1_91' title="bbox 184 4852 1760 4923">
     <span class='ocr_line' id='line_1_91' title="bbox 184 4852 1760 4923; baseline 0.003 -23"><span class='ocrx_word' id='word_1_740' title='bbox 184 4866 373 4905; x_wconf 86' lang='lat' dir='ltr'><strong>nomen</strong></span> <span class='ocrx_word' id='word_1_741' title='bbox 419 4852 563 4906; x_wconf 88' lang='lat' dir='ltr'><strong>illius</strong></span> <span class='ocrx_word' id='word_1_742' title='bbox 595 4853 698 4907; x_wconf 89' lang='lat' dir='ltr'><strong>loci</strong></span> <span class='ocrx_word' id='word_1_743' title='bbox 731 4871 744 4906; x_wconf 94' lang='lat'>:</span> <span class='ocrx_word' id='word_1_744' title='bbox 782 4853 1037 4908; x_wconf 86' lang='lat' dir='ltr'><strong>Dominus</strong></span> <span class='ocrx_word' id='word_1_745' title='bbox 1084 4852 1246 4916; x_wconf 84' lang='lat' dir='ltr'><strong>vidit,</strong></span> <span class='ocrx_word' id='word_1_746' title='bbox 1275 4869 1370 4923; x_wconf 93' lang='lat' dir='ltr'><strong>pro</strong></span> <span class='ocrx_word' id='word_1_747' title='bbox 1395 4869 1459 4908; x_wconf 90' lang='lat' dir='ltr'><strong>eo</strong></span> <span class='ocrx_word' id='word_1_748' title='bbox 1484 4854 1760 4923; x_wconf 83' lang='lat' dir='ltr'><strong>quodest,</strong></span> 
     </span>
    </p>
   </div>
   <div class='ocr_carea' id='block_1_92' title="bbox 183 4940 1672 5014">
    <p class='ocr_par' dir='ltr' id='par_1_92' title="bbox 183 4940 1672 5014">
     <span class='ocr_line' id='line_1_92' title="bbox 183 4940 1672 5014; baseline 0.001 -19"><span class='ocrx_word' id='word_1_749' title='bbox 183 4940 439 4999; x_wconf 86' lang='lat' dir='ltr'><strong>Dominus</strong></span> <span class='ocrx_word' id='word_1_750' title='bbox 471 4945 640 5000; x_wconf 79' lang='lat' dir='ltr'><strong>videri</strong></span> <span class='ocrx_word' id='word_1_751' title='bbox 681 4944 843 5008; x_wconf 81' lang='lat' dir='ltr'><strong>fecit,</strong></span> <span class='ocrx_word' id='word_1_752' title='bbox 884 4945 1070 5014; x_wconf 85' lang='lat' dir='ltr'><strong>utique</strong></span> <span class='ocrx_word' id='word_1_753' title='bbox 1103 4958 1200 5014; x_wconf 91' lang='lat' dir='ltr'><strong>per</strong></span> <span class='ocrx_word' id='word_1_754' title='bbox 1223 4943 1672 4999; x_wconf 88' lang='lat' dir='ltr'><strong>incarnationem.</strong></span> 
     </span>
    </p>
   </div>
   <div class='ocr_carea' id='block_1_93' title="bbox 515 5047 1152 5111">
    <p class='ocr_par' dir='ltr' id='par_1_93' title="bbox 515 5047 1152 5111">
     <span class='ocr_line' id='line_1_93' title="bbox 515 5047 1152 5111; baseline -0.005 0"><span class='ocrx_word' id='word_1_755' title='bbox 515 5047 548 5100; x_wconf 65' lang='grc' dir='ltr'><em>δ</em></span> <span class='ocrx_word' id='word_1_756' title='bbox 779 5053 1007 5111; x_wconf 80' lang='lat' dir='ltr'><strong>CAPUT</strong></span> <span class='ocrx_word' id='word_1_757' title='bbox 1063 5054 1152 5108; x_wconf 84' lang='lat' dir='ltr'><strong>IV.</strong></span> 
     </span>
    </p>
   </div>
   <div class='ocr_carea' id='block_1_94' title="bbox 180 5142 1768 5216">
    <p class='ocr_par' dir='ltr' id='par_1_94' title="bbox 180 5142 1768 5216">
     <span class='ocr_line' id='line_1_94' title="bbox 180 5142 1768 5216; baseline 0.001 -18"><span class='ocrx_word' id='word_1_758' title='bbox 180 5142 253 5198; x_wconf 90' lang='lat' dir='ltr'><strong>De</strong></span> <span class='ocrx_word' id='word_1_759' title='bbox 294 5147 632 5216; x_wconf 86' lang='lat' dir='ltr'><strong>generatione</strong></span> <span class='ocrx_word' id='word_1_760' title='bbox 675 5146 913 5201; x_wconf 72' lang='lat' dir='ltr'><strong>Rebeecre</strong></span> <span class='ocrx_word' id='word_1_761' title='bbox 939 5188 952 5211; x_wconf 92' lang='lat'><strong>,</strong></span> <span class='ocrx_word' id='word_1_762' title='bbox 1002 5157 1050 5201; x_wconf 89' lang='lat' dir='ltr'><strong>et</strong></span> <span class='ocrx_word' id='word_1_763' title='bbox 1095 5148 1160 5202; x_wconf 91' lang='lat' dir='ltr'><strong>de</strong></span> <span class='ocrx_word' id='word_1_764' title='bbox 1204 5148 1346 5201; x_wconf 89' lang='lat' dir='ltr'><strong>obitu</strong></span> <span class='ocrx_word' id='word_1_765' title='bbox 1392 5147 1544 5203; x_wconf 74' lang='lat' dir='ltr'><strong>Sara:</strong></span> <span class='ocrx_word' id='word_1_766' title='bbox 1587 5149 1768 5202; x_wconf 76' lang='lat' dir='ltr'><strong>uxoris</strong></span> 
     </span>
    </p>
   </div>
   <div class='ocr_carea' id='block_1_95' title="bbox 537 5217 1407 5287">
    <p class='ocr_par' dir='ltr' id='par_1_95' title="bbox 537 5217 1407 5287">
     <span class='ocr_line' id='line_1_95' title="bbox 537 5217 1407 5287; baseline 0.002 -19"><span class='ocrx_word' id='word_1_767' title='bbox 537 5217 784 5280; x_wconf 76' lang='lat' dir='ltr'><strong>Abrahm,</strong></span> <span class='ocrx_word' id='word_1_768' title='bbox 807 5227 852 5269; x_wconf 88' lang='lat' dir='ltr'><strong>et</strong></span> <span class='ocrx_word' id='word_1_769' title='bbox 882 5219 946 5270; x_wconf 87' lang='lat' dir='ltr'><strong>de</strong></span> <span class='ocrx_word' id='word_1_770' title='bbox 975 5217 1239 5286; x_wconf 78' lang='lat' dir='ltr'><strong>sepultura</strong></span> <span class='ocrx_word' id='word_1_771' title='bbox 1275 5219 1407 5287; x_wconf 84' lang='lat' dir='ltr'><strong>ejus.</strong></span> 
     </span>
    </p>
   </div>
   <div class='ocr_carea' id='block_1_96' title="bbox 230 5306 1767 5381">
    <p class='ocr_par' dir='ltr' id='par_1_96' title="bbox 230 5306 1767 5381">
     <span class='ocr_line' id='line_1_96' title="bbox 230 5306 1767 5381; baseline 0.003 -20"><span class='ocrx_word' id='word_1_772' title='bbox 230 5306 332 5361; x_wconf 80' lang='lat' dir='ltr'><strong>His</strong></span> <span class='ocrx_word' id='word_1_773' title='bbox 350 5309 524 5378; x_wconf 83' lang='lat' dir='ltr'><strong>itaque</strong></span> <span class='ocrx_word' id='word_1_774' title='bbox 539 5310 716 5378; x_wconf 82' lang='lat' dir='ltr'><strong>gestis,</strong></span> <span class='ocrx_word' id='word_1_775' title='bbox 733 5327 782 5362; x_wconf 74' lang='grc' dir='ltr'><strong>η’</strong></span> <span class='ocrx_word' id='word_1_776' title='bbox 807 5311 1026 5362; x_wconf 88' lang='lat' dir='ltr'><strong>ntiatum</strong></span> <span class='ocrx_word' id='word_1_777' title='bbox 1042 5322 1117 5364; x_wconf 86' lang='lat' dir='ltr'><strong>est</strong></span> <span class='ocrx_word' id='word_1_778' title='bbox 1131 5311 1394 5364; x_wconf 75' lang='lat' dir='ltr'><strong>Abraham</strong></span> <span class='ocrx_word' id='word_1_779' title='bbox 1409 5311 1548 5381; x_wconf 83' lang='lat' dir='ltr'><strong>quod</strong></span> <span class='ocrx_word' id='word_1_780' title='bbox 1561 5310 1767 5365; x_wconf 78' lang='lat' dir='ltr'><strong>Melcha</strong></span> 
     </span>
    </p>
   </div>
   <div class='ocr_carea' id='block_1_97' title="bbox 180 5399 1772 5471">
    <p class='ocr_par' dir='ltr' id='par_1_97' title="bbox 180 5399 1772 5471">
     <span class='ocr_line' id='line_1_97' title="bbox 180 5399 1772 5471; baseline 0.004 -23"><span class='ocrx_word' id='word_1_781' title='bbox 180 5413 384 5466; x_wconf 82' lang='lat' dir='ltr'><strong>quoque</strong></span> <span class='ocrx_word' id='word_1_782' title='bbox 408 5399 664 5468; x_wconf 87' lang='lat' dir='ltr'><strong>genuisset</strong></span> <span class='ocrx_word' id='word_1_783' title='bbox 687 5399 826 5467; x_wconf 82' lang='lat' dir='ltr'><strong>ﬁlios</strong></span> <span class='ocrx_word' id='word_1_784' title='bbox 863 5399 1080 5454; x_wconf 84' lang='lat' dir='ltr'><strong>Nachor</strong></span> <span class='ocrx_word' id='word_1_785' title='bbox 1109 5400 1266 5469; x_wconf 78' lang='lat' dir='ltr'><strong>fratri</strong></span> <span class='ocrx_word' id='word_1_786' title='bbox 1287 5418 1406 5466; x_wconf 88' lang='lat' dir='ltr'><strong>suo,</strong></span> <span class='ocrx_word' id='word_1_787' title='bbox 1435 5400 1552 5455; x_wconf 79' lang='lat' dir='ltr'><strong>Ilus</strong></span> <span class='ocrx_word' id='word_1_788' title='bbox 1578 5402 1772 5471; x_wconf 89' lang='lat' dir='ltr'><strong>primo-</strong></span> 
     </span>
    </p>
   </div>
   <div class='ocr_carea' id='block_1_98' title="bbox 181 5487 1767 5562">
    <p class='ocr_par' dir='ltr' id='par_1_98' title="bbox 181 5487 1767 5562">
     <span class='ocr_line' id='line_1_98' title="bbox 181 5487 1767 5562; baseline 0.003 -23"><span class='ocrx_word' id='word_1_789' title='bbox 181 5489 432 5551; x_wconf 78' lang='lat' dir='ltr'><strong>genitum,</strong></span> <span class='ocrx_word' id='word_1_790' title='bbox 459 5497 508 5541; x_wconf 85' lang='lat' dir='ltr'><strong>et</strong></span> <span class='ocrx_word' id='word_1_791' title='bbox 535 5487 644 5542; x_wconf 80' lang='lat' dir='ltr'><strong>Bez</strong></span> <span class='ocrx_word' id='word_1_792' title='bbox 667 5489 883 5558; x_wconf 78' lang='lat' dir='ltr'><strong>fratrem</strong></span> <span class='ocrx_word' id='word_1_793' title='bbox 915 5490 1047 5552; x_wconf 77' lang='lat' dir='ltr'><strong>eius.</strong></span> <span class='ocrx_word' id='word_1_794' title='bbox 1092 5488 1310 5544; x_wconf 84' lang='lat' dir='ltr'><strong>Camuel</strong></span> <span class='ocrx_word' id='word_1_795' title='bbox 1353 5508 1556 5562; x_wconf 86' lang='lat' dir='ltr'><strong>quoque</strong></span> <span class='ocrx_word' id='word_1_796' title='bbox 1604 5491 1767 5560; x_wconf 78' lang='lat' dir='ltr'><strong>Syro—</strong></span> 
     </span>
    </p>
   </div>
   <div class='ocr_carea' id='block_1_99' title="bbox 178 5577 1764 5651">
    <p class='ocr_par' dir='ltr' id='par_1_99' title="bbox 178 5577 1764 5651">
     <span class='ocr_line' id='line_1_99' title="bbox 178 5577 1764 5651; baseline 0.005 -25"><span class='ocrx_word' id='word_1_797' title='bbox 178 5589 289 5630; x_wconf 87' lang='lat' dir='ltr'><strong>rum</strong></span> <span class='ocrx_word' id='word_1_798' title='bbox 334 5588 560 5645; x_wconf 83' lang='lat' dir='ltr'><strong>patrem,</strong></span> <span class='ocrx_word' id='word_1_799' title='bbox 605 5589 654 5631; x_wconf 89' lang='lat' dir='ltr'><strong>et</strong></span> <span class='ocrx_word' id='word_1_800' title='bbox 685 5577 853 5632; x_wconf 87' lang='lat' dir='ltr'><strong>Cased</strong></span> <span class='ocrx_word' id='word_1_801' title='bbox 898 5590 943 5632; x_wconf 91' lang='lat' dir='ltr'><strong>et</strong></span> <span class='ocrx_word' id='word_1_802' title='bbox 987 5580 1154 5634; x_wconf 75' lang='lat' dir='ltr'><strong>Azan.</strong></span> <span class='ocrx_word' id='word_1_803' title='bbox 1204 5579 1423 5634; x_wconf 78' lang='lat' dir='ltr'><strong>Pliildas</strong></span> <span class='ocrx_word' id='word_1_804' title='bbox 1455 5597 1688 5651; x_wconf 89' lang='lat' dir='ltr'><strong>quoque,</strong></span> <span class='ocrx_word' id='word_1_805' title='bbox 1717 5591 1764 5634; x_wconf 88' lang='lat' dir='ltr'><strong>et</strong></span> 
     </span>
    </p>
   </div>
   <div class='ocr_carea' id='block_1_100' title="bbox 177 5666 1764 5740">
    <p class='ocr_par' dir='ltr' id='par_1_100' title="bbox 177 5666 1764 5740">
     <span class='ocr_line' id='line_1_100' title="bbox 177 5666 1764 5740; baseline 0.004 -21"><span class='ocrx_word' id='word_1_806' title='bbox 177 5666 408 5740; x_wconf 80' lang='lat' dir='ltr'><strong>Jedlapli</strong></span> <span class='ocrx_word' id='word_1_807' title='bbox 456 5689 519 5725; x_wconf 91' lang='lat' dir='ltr'><strong>ac</strong></span> <span class='ocrx_word' id='word_1_808' title='bbox 573 5672 814 5733; x_wconf 76' lang='lat' dir='ltr'><strong>Bathuel,</strong></span> <span class='ocrx_word' id='word_1_809' title='bbox 841 5673 905 5725; x_wconf 91' lang='lat' dir='ltr'><strong>de</strong></span> <span class='ocrx_word' id='word_1_810' title='bbox 947 5689 1050 5740; x_wconf 89' lang='lat' dir='ltr'><strong>qua</strong></span> <span class='ocrx_word' id='word_1_811' title='bbox 1098 5685 1222 5726; x_wconf 88' lang='lat' dir='ltr'><strong>nata</strong></span> <span class='ocrx_word' id='word_1_812' title='bbox 1250 5683 1322 5727; x_wconf 89' lang='lat' dir='ltr'><strong>est</strong></span> <span class='ocrx_word' id='word_1_813' title='bbox 1355 5673 1602 5727; x_wconf 81' lang='lat' dir='ltr'><strong>Rebecca.</strong></span> <span class='ocrx_word' id='word_1_814' title='bbox 1635 5672 1764 5726; x_wconf 83' lang='lat' dir='ltr'><strong>Octo</strong></span> 
     </span>
    </p>
   </div>
   <div class='ocr_carea' id='block_1_101' title="bbox 179 5759 1762 5837">
    <p class='ocr_par' dir='ltr' id='par_1_101' title="bbox 179 5759 1762 5837">
     <span class='ocr_line' id='line_1_101' title="bbox 179 5759 1762 5837; baseline -0.003 -21"><span class='ocrx_word' id='word_1_815' title='bbox 179 5759 301 5816; x_wconf 66' lang='lat' dir='ltr'><strong>istos</strong></span> <span class='ocrx_word' id='word_1_816' title='bbox 337 5763 515 5831; x_wconf 81' lang='lat' dir='ltr'><strong>genuit</strong></span> <span class='ocrx_word' id='word_1_817' title='bbox 552 5761 758 5816; x_wconf 66' lang='lat' dir='ltr'><strong>Mclcha</strong></span> <span class='ocrx_word' id='word_1_818' title='bbox 809 5761 1023 5814; x_wconf 66' lang='grc' dir='ltr'><strong>Ναξίων·</strong></span> <span class='ocrx_word' id='word_1_819' title='bbox 1063 5761 1216 5837; x_wconf 84' lang='lat' dir='ltr'><strong>fratri</strong></span> <span class='ocrx_word' id='word_1_820' title='bbox 1262 5763 1543 5816; x_wconf 80' lang='lat' dir='ltr'><strong>Abraham.</strong></span> <span class='ocrx_word' id='word_1_821' title='bbox 1579 5762 1762 5834; x_wconf 82' lang='lat' dir='ltr'><strong>(.lug.)</strong></span> 
     </span>
    </p>
   </div>
   <div class='ocr_carea' id='block_1_102' title="bbox 1876 4664 3462 4735">
    <p class='ocr_par' dir='ltr' id='par_1_102' title="bbox 1876 4664 3462 4735">
     <span class='ocr_line' id='line_1_102' title="bbox 1876 4664 3462 4735; baseline 0.003 -19"><span class='ocrx_word' id='word_1_822' title='bbox 1876 4674 1950 4717; x_wconf 88' lang='lat' dir='ltr'><strong>est</strong></span> <span class='ocrx_word' id='word_1_823' title='bbox 1989 4665 2060 4716; x_wconf 92' lang='lat' dir='ltr'><strong>ad</strong></span> <span class='ocrx_word' id='word_1_824' title='bbox 2107 4664 2324 4734; x_wconf 88' lang='lat' dir='ltr'><strong>Ephron</strong></span> <span class='ocrx_word' id='word_1_825' title='bbox 2354 4666 2724 4719; x_wconf 87' lang='lat' dir='ltr'><strong>circumstante</strong></span> <span class='ocrx_word' id='word_1_826' title='bbox 2744 4664 2888 4735; x_wconf 89' lang='lat' dir='ltr'><strong>plebe</strong></span> <span class='ocrx_word' id='word_1_827' title='bbox 2913 4679 2930 4716; x_wconf 92' lang='lat'><em>:</em></span> <span class='ocrx_word' id='word_1_828' title='bbox 2957 4665 3148 4731; x_wconf 76' lang='lat' dir='ltr'><strong>Qutrso</strong></span> <span class='ocrx_word' id='word_1_829' title='bbox 3176 4674 3232 4719; x_wconf 89' lang='lat' dir='ltr'><strong>ut</strong></span> <span class='ocrx_word' id='word_1_830' title='bbox 3271 4667 3462 4720; x_wconf 88' lang='lat' dir='ltr'><strong>audias</strong></span> 
     </span>
    </p>
   </div>
   <div class='ocr_carea' id='block_1_103' title="bbox 1875 4747 3460 4828">
    <p class='ocr_par' dir='ltr' id='par_1_103' title="bbox 1875 4747 3460 4828">
     <span class='ocr_line' id='line_1_103' title="bbox 1875 4747 3460 4828; baseline 0.003 -20"><span class='ocrx_word' id='word_1_831' title='bbox 1875 4773 1975 4809; x_wconf 87' lang='lat' dir='ltr'><strong>me.</strong></span> <span class='ocrx_word' id='word_1_832' title='bbox 2002 4755 2150 4809; x_wconf 89' lang='lat' dir='ltr'><strong>Dabo</strong></span> <span class='ocrx_word' id='word_1_833' title='bbox 2172 4757 2443 4825; x_wconf 89' lang='lat' dir='ltr'><strong>pecuniam</strong></span> <span class='ocrx_word' id='word_1_834' title='bbox 2466 4772 2560 4826; x_wconf 88' lang='lat' dir='ltr'><strong>pro</strong></span> <span class='ocrx_word' id='word_1_835' title='bbox 2588 4772 2734 4826; x_wconf 86' lang='lat' dir='ltr'><strong>agro,</strong></span> <span class='ocrx_word' id='word_1_836' title='bbox 2759 4758 2962 4826; x_wconf 89' lang='lat' dir='ltr'><strong>suscipe</strong></span> <span class='ocrx_word' id='word_1_837' title='bbox 2985 4774 3123 4822; x_wconf 89' lang='lat' dir='ltr'><strong>eam,</strong></span> <span class='ocrx_word' id='word_1_838' title='bbox 3149 4769 3196 4811; x_wconf 89' lang='lat' dir='ltr'><strong>et</strong></span> <span class='ocrx_word' id='word_1_839' title='bbox 3217 4747 3460 4828; x_wconf 47' lang='lat' dir='ltr'><strong>sic&#39;sepe-</strong></span> 
     </span>
    </p>
   </div>
   <div class='ocr_carea' id='block_1_104' title="bbox 1871 4846 3462 4917">
    <p class='ocr_par' dir='ltr' id='par_1_104' title="bbox 1871 4846 3462 4917">
     <span class='ocr_line' id='line_1_104' title="bbox 1871 4846 3462 4917; baseline 0.001 -18"><span class='ocrx_word' id='word_1_840' title='bbox 1871 4846 1999 4900; x_wconf 90' lang='lat' dir='ltr'><strong>liam</strong></span> <span class='ocrx_word' id='word_1_841' title='bbox 2043 4856 2306 4900; x_wconf 90' lang='lat' dir='ltr'><strong>mortuum</strong></span> <span class='ocrx_word' id='word_1_842' title='bbox 2334 4861 2503 4900; x_wconf 89' lang='lat' dir='ltr'><strong>meum</strong></span> <span class='ocrx_word' id='word_1_843' title='bbox 2545 4847 2598 4900; x_wconf 90' lang='lat' dir='ltr'><strong>in</strong></span> <span class='ocrx_word' id='word_1_844' title='bbox 2641 4863 2720 4900; x_wconf 93' lang='lat' dir='ltr'><strong>eo.</strong></span> <span class='ocrx_word' id='word_1_845' title='bbox 2759 4846 3040 4916; x_wconf 80' lang='lat' dir='ltr'><strong>Respondit</strong></span> <span class='ocrx_word' id='word_1_846' title='bbox 3076 4847 3462 4917; x_wconf 87' lang='lat' dir='ltr'><strong>Ephron:Do-</strong></span> 
     </span>
    </p>
   </div>
   <div class='ocr_carea' id='block_1_105' title="bbox 1873 4935 3462 5007">
    <p class='ocr_par' dir='ltr' id='par_1_105' title="bbox 1873 4935 3462 5007">
     <span class='ocr_line' id='line_1_105' title="bbox 1873 4935 3462 5007; baseline -0.001 -16"><span class='ocrx_word' id='word_1_847' title='bbox 1873 4940 2012 4991; x_wconf 88' lang='lat' dir='ltr'><strong>mine</strong></span> <span class='ocrx_word' id='word_1_848' title='bbox 2040 4939 2148 5000; x_wconf 90' lang='lat' dir='ltr'><strong>mi,</strong></span> <span class='ocrx_word' id='word_1_849' title='bbox 2182 4936 2308 4990; x_wconf 85' lang='lat' dir='ltr'><strong>audi</strong></span> <span class='ocrx_word' id='word_1_850' title='bbox 2343 4953 2362 4990; x_wconf 81' lang='lat'><strong>.&#39;</strong></span> <span class='ocrx_word' id='word_1_851' title='bbox 2397 4935 2559 4990; x_wconf 85' lang='lat' dir='ltr'><strong>Terra</strong></span> <span class='ocrx_word' id='word_1_852' title='bbox 2595 4954 2751 5007; x_wconf 84' lang='lat' dir='ltr'><strong>quant</strong></span> <span class='ocrx_word' id='word_1_853' title='bbox 2773 4936 3028 5007; x_wconf 87' lang='lat' dir='ltr'><strong>postulas,</strong></span> <span class='ocrx_word' id='word_1_854' title='bbox 3068 4938 3462 5007; x_wconf 83' lang='lat' dir='ltr'><strong>quadringentis</strong></span> 
     </span>
    </p>
   </div>
   <div class='ocr_carea' id='block_1_106' title="bbox 1872 5030 3458 5103">
    <p class='ocr_par' dir='ltr' id='par_1_106' title="bbox 1872 5030 3458 5103">
     <span class='ocr_line' id='line_1_106' title="bbox 1872 5030 3458 5103; baseline -0.003 -16"><span class='ocrx_word' id='word_1_855' title='bbox 1872 5035 2073 5103; x_wconf 87' lang='lat' dir='ltr'><strong>argenti</strong></span> <span class='ocrx_word' id='word_1_856' title='bbox 2096 5032 2238 5086; x_wconf 85' lang='lat' dir='ltr'><strong>siclis</strong></span> <span class='ocrx_word' id='word_1_857' title='bbox 2274 5031 2428 5085; x_wconf 81' lang='lat' dir='ltr'><strong>valet.</strong></span> <span class='ocrx_word' id='word_1_858' title='bbox 2468 5030 2620 5084; x_wconf 89' lang='lat' dir='ltr'><strong>Istud</strong></span> <span class='ocrx_word' id='word_1_859' title='bbox 2667 5041 2740 5085; x_wconf 90' lang='lat' dir='ltr'><strong>est</strong></span> <span class='ocrx_word' id='word_1_860' title='bbox 2779 5033 3003 5100; x_wconf 88' lang='lat' dir='ltr'><strong>pretium</strong></span> <span class='ocrx_word' id='word_1_861' title='bbox 3041 5032 3176 5084; x_wconf 89' lang='lat' dir='ltr'><strong>inter</strong></span> <span class='ocrx_word' id='word_1_862' title='bbox 3207 5047 3288 5082; x_wconf 88' lang='lat' dir='ltr'><strong>me</strong></span> <span class='ocrx_word' id='word_1_863' title='bbox 3313 5043 3358 5082; x_wconf 90' lang='lat' dir='ltr'><strong>et</strong></span> <span class='ocrx_word' id='word_1_864' title='bbox 3392 5041 3458 5082; x_wconf 91' lang='lat' dir='ltr'><strong>te.</strong></span> 
     </span>
    </p>
   </div>
   <div class='ocr_carea' id='block_1_107' title="bbox 1875 5115 3458 5193">
    <p class='ocr_par' dir='ltr' id='par_1_107' title="bbox 1875 5115 3458 5193">
     <span class='ocr_line' id='line_1_107' title="bbox 1875 5115 3458 5193; baseline -0.007 -14"><span class='ocrx_word' id='word_1_865' title='bbox 1875 5123 1978 5179; x_wconf 88' lang='lat' dir='ltr'><strong>Sed</strong></span> <span class='ocrx_word' id='word_1_866' title='bbox 2006 5133 2261 5193; x_wconf 88' lang='lat' dir='ltr'><strong>quantum</strong></span> <span class='ocrx_word' id='word_1_867' title='bbox 2287 5130 2363 5176; x_wconf 88' lang='lat' dir='ltr'><strong>est</strong></span> <span class='ocrx_word' id='word_1_868' title='bbox 2389 5121 2486 5175; x_wconf 87' lang='lat' dir='ltr'><strong>hoc</strong></span> <span class='ocrx_word' id='word_1_869' title='bbox 2504 5124 2530 5174; x_wconf 67' lang='lat'><strong>.9</strong></span> <span class='ocrx_word' id='word_1_870' title='bbox 2558 5121 2729 5192; x_wconf 88' lang='lat' dir='ltr'><strong>Sepeli</strong></span> <span class='ocrx_word' id='word_1_871' title='bbox 2777 5133 3040 5175; x_wconf 88' lang='lat' dir='ltr'><strong>mortuum</strong></span> <span class='ocrx_word' id='word_1_872' title='bbox 3090 5130 3256 5173; x_wconf 89' lang='lat' dir='ltr'><strong>tuum.</strong></span> <span class='ocrx_word' id='word_1_873' title='bbox 3307 5115 3458 5184; x_wconf 85' lang='lat' dir='ltr'><strong>Quod</strong></span> 
     </span>
    </p>
   </div>
   <div class='ocr_carea' id='block_1_108' title="bbox 1873 5212 3459 5283">
    <p class='ocr_par' dir='ltr' id='par_1_108' title="bbox 1873 5212 3459 5283">
     <span class='ocr_line' id='line_1_108' title="bbox 1873 5212 3459 5283; baseline -0.004 -15"><span class='ocrx_word' id='word_1_874' title='bbox 1873 5231 1990 5268; x_wconf 91' lang='lat' dir='ltr'><strong>cum</strong></span> <span class='ocrx_word' id='word_1_875' title='bbox 2044 5214 2274 5268; x_wconf 86' lang='lat' dir='ltr'><strong>audisset</strong></span> <span class='ocrx_word' id='word_1_876' title='bbox 2324 5214 2626 5277; x_wconf 79' lang='lat' dir='ltr'><strong>Abraham,</strong></span> <span class='ocrx_word' id='word_1_877' title='bbox 2681 5213 2926 5283; x_wconf 87' lang='lat' dir='ltr'><strong>appendit</strong></span> <span class='ocrx_word' id='word_1_878' title='bbox 2978 5212 3252 5281; x_wconf 83' lang='lat' dir='ltr'><strong>pecuniam</strong></span> <span class='ocrx_word' id='word_1_879' title='bbox 3301 5226 3459 5278; x_wconf 88' lang='lat' dir='ltr'><strong>quam</strong></span> 
     </span>
    </p>
   </div>
   <div class='ocr_carea' id='block_1_109' title="bbox 1874 5296 3461 5375">
    <p class='ocr_par' dir='ltr' id='par_1_109' title="bbox 1874 5296 3461 5375">
     <span class='ocr_line' id='line_1_109' title="bbox 1874 5296 3461 5375; baseline -0.007 -15"><span class='ocrx_word' id='word_1_880' title='bbox 1874 5306 2091 5375; x_wconf 82' lang='lat' dir='ltr'><strong>Ephron</strong></span> <span class='ocrx_word' id='word_1_881' title='bbox 2115 5304 2466 5374; x_wconf 78' lang='lat' dir='ltr'><strong>postulaverat</strong></span> <span class='ocrx_word' id='word_1_882' title='bbox 2491 5343 2506 5369; x_wconf 93' lang='lat'><strong>,</strong></span> <span class='ocrx_word' id='word_1_883' title='bbox 2543 5302 2875 5357; x_wconf 90' lang='lat' dir='ltr'><strong>audientibus</strong></span> <span class='ocrx_word' id='word_1_884' title='bbox 2915 5301 3042 5370; x_wconf 82' lang='lat' dir='ltr'><strong>ﬁliis</strong></span> <span class='ocrx_word' id='word_1_885' title='bbox 3071 5298 3228 5351; x_wconf 84' lang='lat' dir='ltr'><strong>Heth.</strong></span> <span class='ocrx_word' id='word_1_886' title='bbox 3264 5298 3321 5350; x_wconf 87' lang='lat' dir='ltr'><strong>ln</strong></span> <span class='ocrx_word' id='word_1_887' title='bbox 3355 5296 3461 5350; x_wconf 85' lang='lat' dir='ltr'><strong>He-</strong></span> 
     </span>
    </p>
   </div>
   <div class='ocr_carea' id='block_1_110' title="bbox 1871 5387 3463 5466">
    <p class='ocr_par' dir='ltr' id='par_1_110' title="bbox 1871 5387 3463 5466">
     <span class='ocr_line' id='line_1_110' title="bbox 1871 5387 3463 5466; baseline -0.006 -16"><span class='ocrx_word' id='word_1_888' title='bbox 1871 5396 2052 5461; x_wconf 69' lang='lat' dir='ltr'><strong>braeo,</strong></span> <span class='ocrx_word' id='word_1_889' title='bbox 2101 5397 2243 5452; x_wconf 90' lang='lat' dir='ltr'><strong>sicut</strong></span> <span class='ocrx_word' id='word_1_890' title='bbox 2269 5397 2357 5450; x_wconf 87' lang='lat' dir='ltr'><strong>hic</strong></span> <span class='ocrx_word' id='word_1_891' title='bbox 2387 5395 2692 5466; x_wconf 91' lang='lat' dir='ltr'><strong>posuimus,</strong></span> <span class='ocrx_word' id='word_1_892' title='bbox 2723 5394 2958 5463; x_wconf 91' lang='lat' dir='ltr'><strong>primum</strong></span> <span class='ocrx_word' id='word_1_893' title='bbox 2985 5405 3179 5444; x_wconf 90' lang='lat' dir='ltr'><strong>nomen</strong></span> <span class='ocrx_word' id='word_1_894' title='bbox 3209 5387 3327 5457; x_wconf 80' lang='lat' dir='ltr'><strong>ejus</strong></span> <span class='ocrx_word' id='word_1_895' title='bbox 3369 5388 3463 5441; x_wconf 83' lang='lat' dir='ltr'><strong>de-</strong></span> 
     </span>
    </p>
   </div>
   <div class='ocr_carea' id='block_1_111' title="bbox 1873 5478 3454 5571">
    <p class='ocr_par' dir='ltr' id='par_1_111' title="bbox 1873 5478 3454 5571">
     <span class='ocr_line' id='line_1_111' title="bbox 1873 5478 3454 5571; baseline -0.008 -29"><span class='ocrx_word' id='word_1_896' title='bbox 1873 5487 2146 5552; x_wconf 86' lang='lat' dir='ltr'><strong>scribitur,</strong></span> <span class='ocrx_word' id='word_1_897' title='bbox 2181 5486 2416 5556; x_wconf 87' lang='lat' dir='ltr'><strong>Ephron,</strong></span> <span class='ocrx_word' id='word_1_898' title='bbox 2446 5493 2608 5571; x_wconf 60' lang='grc' dir='ltr'><strong>τηεν</strong></span> <span class='ocrx_word' id='word_1_899' title='bbox 2639 5503 2650 5537; x_wconf 93' lang='lat'>:</span> <span class='ocrx_word' id='word_1_900' title='bbox 2683 5483 2980 5538; x_wconf 90' lang='lat' dir='ltr'><strong>secundum</strong></span> <span class='ocrx_word' id='word_1_901' title='bbox 3019 5478 3260 5571; x_wconf 84' lang='lat' dir='ltr'><strong>Ephran,</strong></span> <span class='ocrx_word' id='word_1_902' title='bbox 3292 5485 3454 5566; x_wconf 65' lang='lat' dir='ltr'><strong>risv.</strong></span> 
     </span>
    </p>
   </div>
   <div class='ocr_carea' id='block_1_112' title="bbox 1874 5568 3458 5648">
    <p class='ocr_par' dir='ltr' id='par_1_112' title="bbox 1874 5568 3458 5648">
     <span class='ocr_line' id='line_1_112' title="bbox 1874 5568 3458 5648; baseline -0.006 -16"><span class='ocrx_word' id='word_1_903' title='bbox 1874 5579 2162 5648; x_wconf 86' lang='lat' dir='ltr'><strong>Postquam</strong></span> <span class='ocrx_word' id='word_1_904' title='bbox 2190 5579 2331 5633; x_wconf 91' lang='lat' dir='ltr'><strong>enim</strong></span> <span class='ocrx_word' id='word_1_905' title='bbox 2360 5568 2534 5646; x_wconf 85' lang='lat' dir='ltr'><strong>pretio</strong></span> <span class='ocrx_word' id='word_1_906' title='bbox 2560 5575 2733 5629; x_wconf 87' lang='lat' dir='ltr'><strong>victus</strong></span> <span class='ocrx_word' id='word_1_907' title='bbox 2760 5581 2865 5637; x_wconf 91' lang='lat' dir='ltr'><strong>est,</strong></span> <span class='ocrx_word' id='word_1_908' title='bbox 2903 5578 2960 5625; x_wconf 93' lang='lat' dir='ltr'><strong>ut</strong></span> <span class='ocrx_word' id='word_1_909' title='bbox 2985 5568 3292 5638; x_wconf 84' lang='lat' dir='ltr'><strong>sepulcrum</strong></span> <span class='ocrx_word' id='word_1_910' title='bbox 3325 5584 3458 5623; x_wconf 84' lang='lat' dir='ltr'><strong>ven-</strong></span> 
     </span>
    </p>
   </div>
   <div class='ocr_carea' id='block_1_113' title="bbox 1873 5661 3457 5740">
    <p class='ocr_par' dir='ltr' id='par_1_113' title="bbox 1873 5661 3457 5740">
     <span class='ocr_line' id='line_1_113' title="bbox 1873 5661 3457 5740; baseline -0.006 -15"><span class='ocrx_word' id='word_1_911' title='bbox 1873 5672 2028 5726; x_wconf 86' lang='lat' dir='ltr'><strong>deret</strong></span> <span class='ocrx_word' id='word_1_912' title='bbox 2056 5679 2110 5725; x_wconf 90' lang='lat' dir='ltr'><strong>et</strong></span> <span class='ocrx_word' id='word_1_913' title='bbox 2137 5671 2405 5740; x_wconf 86' lang='lat' dir='ltr'><strong>acciperet</strong></span> <span class='ocrx_word' id='word_1_914' title='bbox 2434 5677 2739 5736; x_wconf 83' lang='lat' dir='ltr'><strong>argentum,</strong></span> <span class='ocrx_word' id='word_1_915' title='bbox 2766 5664 2890 5718; x_wconf 88' lang='lat' dir='ltr'><strong>licet</strong></span> <span class='ocrx_word' id='word_1_916' title='bbox 2912 5669 3136 5734; x_wconf 85' lang='lat' dir='ltr'><strong>cogente</strong></span> <span class='ocrx_word' id='word_1_917' title='bbox 3159 5661 3457 5725; x_wconf 86' lang='lat' dir='ltr'><strong>Abraham,</strong></span> 
     </span>
    </p>
   </div>
   <div class='ocr_carea' id='block_1_114' title="bbox 1842 5746 3459 5842">
    <p class='ocr_par' dir='ltr' id='par_1_114' title="bbox 1842 5746 3459 5842">
     <span class='ocr_line' id='line_1_114' title="bbox 1842 5746 3459 5842; baseline -0.004 -27"><span class='ocrx_word' id='word_1_918' title='bbox 1842 5746 2017 5842; x_wconf 64' lang='grc' dir='ltr'><strong>ἰνίιίῐ</strong></span> <span class='ocrx_word' id='word_1_919' title='bbox 2057 5762 2230 5815; x_wconf 80' lang='lat' dir='ltr'><strong>littera</strong></span> <span class='ocrx_word' id='word_1_920' title='bbox 2260 5776 2375 5829; x_wconf 67' lang='lat' dir='ltr'><strong>quin</strong></span> <span class='ocrx_word' id='word_1_921' title='bbox 2404 5758 2543 5828; x_wconf 86' lang='lat' dir='ltr'><strong>apud</strong></span> <span class='ocrx_word' id='word_1_922' title='bbox 2577 5757 2693 5810; x_wconf 70' lang='lat' dir='ltr'><strong>illos</strong></span> <span class='ocrx_word' id='word_1_923' title='bbox 2721 5771 2878 5830; x_wconf 74' lang='lat' dir='ltr'><strong>pro-0</strong></span> <span class='ocrx_word' id='word_1_924' title='bbox 2918 5753 3129 5828; x_wconf 79' lang='lat' dir='ltr'><strong>legitur,</strong></span> <span class='ocrx_word' id='word_1_925' title='bbox 3182 5753 3357 5806; x_wconf 77' lang='lat' dir='ltr'><strong>ablata</strong></span> <span class='ocrx_word' id='word_1_926' title='bbox 3393 5752 3459 5808; x_wconf 77' lang='lat' dir='ltr'><strong>de</strong></span> 
     </span>
    </p>
   </div>
  </div>
