3958 6204
519 293 615 351 571

1155 292 1215 345 Β.
1257 287 1511 345 RABANI
1549 286 1767 343 MAURI
1801 283 2120 341 ARCHIEP.
2157 283 2466 340 MOGUNT.
2509 282 2793 337 Ol’EltUItl
2834 284 3012 337 PARS
3046 285 3088 338 Ι.

3667 295 3774 347 Ξ)ῖὲ

512 407 631 476 ejus
678 406 896 461 nomine
947 411 1058 467 est,
1111 411 1165 457 et
1211 416 1310 471 pro
1361 401 1579 470 Ephron
1607 441 1621 464 ,
1666 397 1965 469 appellatus
2008 403 2092 459 est
2120 400 2169 458 Α
2195 404 2341 447 tuam
2371 402 2425 446 ut
2457 393 2648 456 bibam,
2674 404 2721 446 ct
2751 392 2843 446 illa
2876 394 3198 463 responderit
3226 411 3245 448 :
3272 397 3424 465 Bibe,
3455 403 3581 470 quin
3601 414 3651 456 et
3679 422 3774 459 ca-

512 497 731 566 Ephran
748 535 764 560 ,
792 493 1128 565 signiﬁcante
1153 491 1437 561 Scriptura
1466 504 1571 543 non
1600 501 1724 542 eum
1761 486 1931 541 fuisse
1958 498 2091 540 con-

512 591 793 643 summatae
814 582 1176 653 perfectaeque
1208 580 1454 645 virttuis,
1482 578 1575 649 qui
1603 585 1855 648 potuerat
1885 589 2089 630 memo-

511 678 624 733 rias
647 675 880 731 vendere
906 682 1261 729 mortuorum.
1287 672 1475 728 Sciant
1511 672 1675 743 igitur
1716 671 1809 740 qui
1843 668 2086 738 sepulcra

510 768 828 830 venditant,
857 775 915 822 et
949 782 1056 821 non
1105 774 1373 837 coguntur
1410 772 1472 818 ut
1512 764 1777 834 accipiant
1818 761 2084 832 pretium,

510 858 607 914 sed
636 874 667 913 a
695 857 1004 912 nolentibus
1044 870 1259 926 quoque
1293 862 1651 924 extorquent,
1680 851 1953 907 immutari
1987 864 2084 905 no-

508 963 635 1003 men
680 962 869 1010 suum,
922 953 976 1001 et
1015 945 1195 1015 perire
1239 944 1368 1014 quid
1405 946 1472 999 de
1507 942 1701 998 merito
1746 955 1933 996 eorum
1963 953 2086 994 eum

506 1037 675 1092 etiam
709 1036 798 1090 ille
835 1035 1261 1105 reprehendatur
1296 1032 1504 1088 occulte
1547 1031 1637 1102 qui
1695 1031 1896 1085 invitus
1933 1044 2088 1084 acce-

507 1126 669 1195 perit.

571 1213 1028 1285 Conﬁrmatusque
1047 1222 1121 1269 est
1146 1228 1270 1284 ager
1286 1210 1550 1282 quondam
1574 1209 1841 1280 Ephronis
1858 1249 1872 1273 ,
1901 1211 1956 1263 in
1982 1225 2085 1278 quo

505 1315 618 1360 erat
655 1305 901 1376 spelunca
941 1305 1135 1376 duplex
1181 1304 1458 1375 respiciens
1504 1301 1770 1366 Humbre,
1819 1311 1927 1354 tam
1974 1301 2086 1370 ipse

503 1386 664 1466 quam
689 1395 959 1467 spelunca,
992 1406 1040 1449 et
1075 1411 1250 1449 omnes
1286 1394 1497 1447 arbores
1524 1392 1639 1462 ejus
1662 1393 1719 1445 in
1750 1390 1950 1445 cunctis
1980 1400 2085 1445 ter—

502 1487 662 1541 minis
680 1503 775 1557 per
797 1487 1074 1541 circuitum
1104 1486 1327 1540 Abrahw
1374 1485 1429 1539 in
1455 1484 1846 1555 possessionem.
1879 1481 2083 1553 (Greg.)

504 1576 640 1643 Quid
670 1576 825 1633 nobis
851 1592 949 1646 per
979 1575 1211 1631 Abrahae
1237 1574 1438 1645 duplex
1482 1573 1786 1643 sepulcrum
1817 1571 2079 1635 innuitur,

503 1666 610 1721 nisi
634 1666 778 1735 quod
803 1666 1076 1734 perfectus
1105 1665 1333 1734 quisque
1359 1664 1681 1734 praedicator
1699 1663 2021 1718 exstinctam
2050 1677 2080 1716 a

2192 484 2340 538 melis
2358 486 2461 538 tuis
2487 485 2622 537 dabo
2647 493 2846 552 potum,
2876 485 2990 554 ipsa
3010 495 3086 540 est
3113 504 3271 558 quam
3291 495 3601 560 prtrparosti
3628 513 3773 551 serra

2188 585 2313 639 tuo;
2340 593 2403 629 ac
2424 591 2517 645 per
2542 576 2643 628 hoc
2667 574 2957 645 intelligam
2985 578 3126 647 quod
3150 579 3335 648 feceris
3356 582 3768 640 misericordiam

2158 702 2162 706 -
2188 681 2305 719 cum
2333 665 2545 719 domino
2580 681 2714 719 meo.
2745 665 2929 737 (Aug)
2960 665 3320 733 Quaerendum
3363 686 3472 741 quo
3517 672 3767 731 diﬂ’crant

2189 756 2571 826 augurationes
2596 756 2797 812 illicitae
2822 758 2891 813 ab
2915 758 3005 812 illa
3032 761 3297 830 petitione
3323 763 3495 834 signi,
3522 781 3631 835 qua
3665 783 3764 838 pe-

2191 850 2308 902 tivit
2342 863 2531 903 servus
2574 849 2869 917 Abraham,
2897 859 2955 907 ut
2984 853 3033 907 ei
3068 855 3379 909 ostenderet
3415 856 3559 912 Deus
3594 862 3762 930 ipsam

2185 952 2305 992 esse
2335 936 2571 991 futuram
2593 953 2819 993 uxorem
2846 941 3047 997 domini
3092 944 3174 997 sui
3205 943 3388 1014 lSaac,
3429 962 3459 1001 a
3503 963 3610 1018 qua
3639 966 3760 1005 cum

2184 1028 2460 1097 petivisset
2490 1036 2551 1081 ut
2589 1027 2819 1094 biberet,
2844 1030 3116 1085 diceretur
3135 1032 3211 1087 illi
3239 1052 3253 1087 :
3277 1033 3404 1089 Bibe
3422 1047 3471 1090 et
3494 1047 3574 1104 tu,
3598 1048 3648 1093 et
3666 1040 3767 1096 ad~

2191 1118 2389 1189 aquabo
2425 1119 2651 1174 camelos
2671 1129 2809 1186 tuos,
2836 1123 3187 1193 quoadusque
3223 1125 3408 1182 bibere
3433 1129 3758 1189 desinerent.

2185 1210 2341 1263 Aliud
2367 1217 2450 1290 est
2472 1211 2617 1264 enim
2653 1212 2849 1267 mirum
2883 1214 3083 1284 aliquid
3114 1225 3320 1286 petere,
3346 1221 3490 1289 quod
3517 1223 3634 1292 ipso
3658 1226 3759 1278 mi-

2187 1299 2370 1355 raculo
2389 1300 2601 1371 signum
2627 1302 2720 1368 sit,
2745 1303 2889 1357 aliud
2912 1305 3028 1360 haec
3050 1307 3357 1374 observare,
3379 1326 3500 1380 quae
3527 1313 3601 1368 ita
3631 1315 3763 1371 ﬁunt

2185 1390 2328 1461 quod
2357 1392 2497 1446 mira
2515 1408 2622 1447 non
2646 1393 2782 1459 sint,
2815 1396 2909 1450 sed
2936 1397 3338 1466 coniectoribus
3381 1407 3758 1473 superstitiosa

2184 1482 2420 1536 vanitate
2448 1483 2893 1553 interpretantur.
2926 1485 3032 1542 Sed
3071 1489 3174 1544 hoc
3200 1490 3373 1561 ipsum
3411 1495 3576 1551 etiam
3617 1502 3760 1567 quod

2186 1572 2382 1627 mirum
2403 1572 2603 1642 aliquid
2625 1574 2945 1643 postulatur,
2971 1592 3081 1646 quo
3100 1579 3434 1650 signiﬁcetur
3454 1586 3599 1654 quod
3619 1590 3764 1657 quis-

2184 1658 2290 1730 que
2327 1662 2443 1715 vult
2475 1678 2664 1728 nosse,
2705 1672 2886 1721 utrum
2929 1667 3254 1725 audiendum
3296 1673 3404 1737 sit,
3449 1691 3557 1729 non
3586 1693 3759 1747 parva

502 1756 785 1826 praesentis
817 1757 941 1811 vita:
981 1756 1267 1810 desideriis
1317 1756 1551 1809 animam
1600 1769 1755 1809 suam
1797 1756 1897 1809 sub
1932 1754 2085 1808 boum
2112 1747 2167 1806 Β
2187 1752 2412 1820 quaestio
2436 1761 2549 1818 est,
2580 1769 2644 1807 eo
2684 1769 2917 1825 namque
2943 1759 3178 1826 pertinet
3199 1764 3341 1829 quod
3375 1764 3631 1822 dicuntur
3663 1772 3759 1839 qui

502 1848 836 1915 operationis
862 1847 1093 1918 tegmine
1127 1855 1180 1901 et
1206 1846 1674 1916 contemplationis
1702 1844 2001 1907 abscondit,
2026 1854 2085 1898 ut

503 1937 739 1992 carnalis
766 1937 1201 2007 concupiscentia
1231 1937 1331 1991 sub
1362 1938 1537 1991 activa
1560 1937 2083 2007 contemplativaque

502 2027 614 2081 vita
641 2028 795 2097 quasi
827 2028 1160 2082 insensibilis
1186 2027 1383 2092 lateat,
1412 2027 1500 2095 qui
1530 2028 1682 2097 prius
1723 2028 1908 2082 mundi
1944 2027 2084 2083 desi-

506 2120 656 2173 deria
683 2121 948 2184 sentiens,
969 2120 1272 2174 mortaliter
1294 2119 1541 2174 vivebat?
1564 2119 1718 2175 Unde
1737 2129 1792 2174 et
1810 2134 1909 2188 per
1928 2135 2083 2190 egre-

506 2213 652 2283 gium
675 2214 1078 2283 praedicatorem
1103 2213 1301 2268 dicitur
1322 2231 1337 2268 :
1366 2214 1562 2267 Μοντιιὶ
1585 2216 1721 2268 enim
1738 2216 1882 2279 estis,
1906 2226 1955 2269 et
1979 2217 2081 2271 vita

502 2313 671 2358 vestra
704 2304 1008 2359 abscondita
1040 2315 1115 2359 est
1150 2321 1268 2359 cum
1301 2305 1507 2360 Christo
1542 2307 1595 2359 in
1618 2305 1727 2360 Deo
1769 2306 1991 2378 (Coloss.
2018 2308 2079 2378 ι).

504 2396 693 2450 Activa
720 2398 916 2467 quippe
945 2399 1055 2452 vita
1086 2398 1392 2469 scpulcrum
1418 2407 1520 2464 est,
1551 2414 1672 2468 quae
1693 2415 1722 2453 a
1744 2399 1925 2468 pravis
1954 2413 2083 2469 0pc—

502 2488 652 2542 ribus
685 2498 927 2544 mortuos
977 2491 1137 2562 tegit;
1180 2491 1270 2546 sed
1318 2491 1733 2561 contemplativa
1782 2488 2079 2560 perfectius

503 2584 725 2652 sepelit,
753 2600 872 2654 quin
910 2598 941 2638 a
977 2585 1186 2640 cunctis
1220 2585 1519 2639 actionibus
1568 2583 1806 2638 funditus
1863 2583 2078 2636 dividit.

504 2674 759 2743 Quisquis
785 2689 913 2746 ergo
932 2677 1045 2746 jam
1074 2676 1128 2730 in
1158 2690 1215 2730 se
1238 2676 1594 2731 contumelias
1615 2675 1795 2730 camis
1816 2674 2076 2740 edomuit,

503 2774 749 2833 superest
778 2773 840 2819 ut
864 2774 1100 2821 mentem
1147 2781 1246 2836 per
1283 2768 1457 2822 studia
1504 2776 1706 2822 sanctae
1753 2765 2083 2836 operationis

501 2866 784 2923 exerceat,
815 2864 868 2912 et
897 2859 1142 2927 quisquis
1161 2857 1273 2926 jam
1312 2867 1545 2913 mentem
1575 2873 1679 2928 per
1704 2865 1888 2912 sancta
1917 2870 2080 2925 opera

501 2944 729 3011 dilatat,
775 2955 1019 3016 superest
1051 2954 1110 3000 ut
1152 2948 1293 3001 hanc
1338 2964 1508 3016 usque
1540 2949 1607 3002 ad
1637 2956 1846 3002 secreta
1874 2947 2080 3000 intima:

501 3035 970 3104 contemplationis
988 3039 1260 3093 extendat.
1279 3036 1463 3108 Neque
1481 3039 1625 3092 enim
1649 3037 1921 3106 perfectus
1941 3052 2078 3106 prte-

2185 1840 2285 1894 hoc
2312 1856 2416 1894 non
2441 1853 2586 1896 recte
2609 1841 2817 1898 iaciunt
2833 1846 3370 1905 tentare-Dominam.
3400 1853 3537 1908 Nam
3564 1866 3618 1909 et
3645 1857 3757 1927 ipse

2181 1931 2440 1988 Dominus
2467 1949 2589 1989 cum
2618 1951 2648 1988 a
2674 1936 2895 1991 diabolo
2925 1945 3246 2007 tentaretur,
3290 1945 3662 2002 testimonium
3690 1952 3758 2006 de

2183 2022 2479 2095 Scripturis
2524 2027 2808 2083 adhibuit:
2838 2029 2963 2085 Non
2996 2033 3220 2088 tentabis
3262 2034 3547 2092 Dominum
3590 2038 3757 2095 Deum

2181 2123 2328 2168 tuum
2349 2115 2527 2186 (Deut.
2553 2116 2648 2187 vt).
2668 2117 3067 2189 Suggerehatur
3085 2123 3237 2177 enim
3250 2132 3507 2196 tanquam
3527 2129 3755 2197 homini,

2182 2212 2243 2258 ut
2270 2205 2426 2273 signo
2453 2206 2634 2276 aliquo
2656 2209 2963 2279 exploraret
2985 2212 3099 2284 ipse
3121 2225 3542 2287 quantusesset,
3570 2223 3631 2278 id
3649 2234 3756 2289 est,

2180 2308 2342 2362 quam
2387 2295 2617 2355 multum
2647 2298 2790 2367 apud
2822 2298 2991 2356 Deum
3038 2312 3253 2373 posset,
3286 2310 3433 2378 quod
3461 2312 3658 2368 vitiose
3696 2315 3761 2370 lit

2180 2398 2303 2437 cum
2333 2382 2415 2439 lit.
2443 2384 2525 2441 0h
2549 2387 2653 2443 hoc
2683 2397 2861 2445 autem
2888 2391 3235 2462 discernitur,
3265 2399 3409 2467 quod
3428 2399 3647 2459 Gedeon
3673 2403 3761 2459 le-

2120 2492 2125 2497 '
2180 2475 2282 2539 cit,
2314 2492 2510 2547 pugnae
2532 2479 2850 2537 imminente
2885 2485 3165 2553 periculo:
3192 2490 3517 2547 consultatio
3554 2495 3761 2566 quippe

2179 2568 2268 2624 illa
2315 2572 2486 2642 magis
2532 2589 2695 2643 quam
2734 2579 2962 2634 tentatio
3001 2580 3096 2636 Dei
3140 2582 3259 2637 Fuit.
3292 2584 3446 2641 Unde
3479 2595 3538 2642 et
3572 2588 3761 2645 Acha:

2178 2662 2321 2730 apud
2344 2661 2537 2721 lsaiam
2560 2665 2712 2736 (Cap.
2736 2667 2834 2737 vn)
2858 2669 3011 2725 timet
3030 2672 3238 2742 signum
3260 2682 3463 2744 petere,
3488 2693 3559 2732 ne
3581 2678 3757 2735 Deum

2181 2760 2390 2810 tentare
2417 2756 2682 2823 videatur,
2715 2774 2837 2815 cum
2881 2762 2986 2817 hoe
3023 2777 3147 2818 eum
3176 2750 3435 2824 Dominus
3466 2771 3765 2827 admoneat

2178 2858 2275 2913 per
2299 2847 2639 2916 prophetam,
2668 2850 2832 2905 credo
2855 2852 3175 2909 existimans
3208 2858 3352 2924 quod
3379 2857 3447 2911 ab
3474 2858 3591 2926 ipso
3633 2875 3766 2929 pro-

2178 2937 2342 3005 pheta
2360 2938 2753 3008 exploraretur,
2769 2949 2948 3020 utrum
2969 2946 3220 3015 praecepti
3242 2962 3451 3002 memor
3460 2959 3627 3014 esset,
3653 2967 3769 3021 quo

2180 3037 2388 3083 tentare
2416 3028 2583 3085 Deum
2609 3032 2947 3100 prohibetur.

502 3097 841 3191 dicatur-est,
866 3127 959 3194 qui
981 3127 1063 3180 vel
1088 3140 1310 3197 propter
1335 3097 1811 3197 contemplalionis
1837 3097 2072 3183 studium
2102 3097 2147 3159 Ο
2248 3119 2477 3176 Protulit
2497 3123 2576 3176 vir
2596 3097 2811 3178 ibant“
2824 3142 3037 3192 aureas,
3060 3129 3408 3197 appendcnles
3425 3131 3585 3187 sides
3602 3135 3762 3200 duos,

501 3216 772 3285 operanda
799 3215 1037 3287 negligit,
1059 3219 1143 3273 vel
1166 3227 1387 3289 propter
1406 3219 1737 3290 operationis
1763 3217 2075 3274 instantiam

498 3306 911 3363 contemplanda
936 3308 1234 3377 postponit.

1130 3398 1355 3454 CAPUT
1391 3398 1456 3453 V.

601 3486 677 3540 De
700 3488 1092 3556 desponsatione
1116 3489 1357 3544 Rebecca:
1385 3506 1475 3558 per
1508 3504 1710 3543 servum
1735 3489 1982 3543 Abralue.

578 3575 729 3643 (CAP.
759 3574 934 3645 xxrv.)
967 3575 1095 3629 Erat
1134 3588 1308 3630 autem
1350 3576 1613 3630 Abraham
1657 3593 1815 3631 senex
1854 3577 2082 3635 dierum-

502 3681 600 3734 que
638 3662 920 3718 multorum
957 3674 1005 3719 et
1043 3665 1300 3720 Dominus
1328 3667 1381 3719 in
1410 3667 1611 3720 cunctis
1653 3666 1981 3725 benedixerat
2010 3668 2076 3722 ei.

504 3756 754 3826 Dixitque
776 3756 845 3809 ad
871 3773 1076 3810 servum
1103 3758 1356 3811 seniorem
1382 3758 1568 3813 domus
1597 3774 1728 3823 suto,
1749 3758 1838 3829 qui
1857 3768 2079 3828 prtccrat

501 3847 740 3901 omnibus
767 3863 884 3917 quae
911 3848 1126 3902 habebat
1149 3864 1167 3902 :
1192 3845 1339 3902 Pone
1360 3865 1572 3902 manum
1610 3857 1756 3902 tuam
1786 3849 1964 3903 subter
2005 3849 2081 3917 fe-

503 3955 625 3992 mur
650 3955 843 4002 meum,
868 3950 923 3994 ut
945 3941 1187 4010 adjurcm
1209 3951 1258 3994 te
1281 3957 1373 4011 per
1392 3940 1676 3995 Dominum
1705 3942 1870 3996 Deum
1897 3941 2009 3995 cazli
2031 3949 2078 3995 et

501 4037 655 4080 terrm
677 4067 692 4091 ,
721 4035 776 4079 ut
807 4044 911 4081 non
953 4030 1181 4098 accipias
1222 4045 1437 4083 uxorem
1479 4030 1591 4098 ﬁlio
1636 4048 1747 4085 meo
1776 4031 2079 4107 deﬁliabus

498 4116 929 4171 Chananceorum
942 4119 1077 4172 inter
1096 4134 1226 4189 quos
1254 4119 1451 4185 habito,
1474 4121 1565 4174 sed
1587 4121 1659 4174 ad
1693 4130 1885 4174 terram
1919 4130 1966 4174 et
1994 4138 2082 4173 co-

498 4210 799 4278 gnationem
838 4226 1006 4263 meam
1046 4210 1396 4280 proﬁciscaris
1418 4252 1432 4276 ,
1460 4220 1508 4264 et
1542 4212 1664 4264 inde
1697 4213 1922 4281 accipias
1951 4228 2081 4265 uxo-

499 4317 611 4353 rem
656 4301 768 4369 [ilio
803 4318 914 4356 meo
935 4303 1091 4357 Isaac
1115 4344 1130 4370 ,
1154 4312 1259 4359 etc.
1287 4305 1527 4359 'l‘radunt
1573 4306 1778 4361 llebriei
1797 4346 1812 4371 ,
1857 4306 1998 4376 quod
2027 4306 2079 4360 in

432 4394 445 4407 ’
496 4390 930 4446 sanctificatione
955 4394 1094 4461 ejus,
1119 4394 1223 4448 hoc
1245 4403 1345 4460 est,
1372 4395 1787 4452 circumcisione
1808 4437 1823 4461 ,
1860 4398 2077 4467 jnrave-

500 4481 595 4533 rit.
648 4480 755 4535 Nos
801 4492 979 4535 autem
1035 4484 1269 4537 dicimus
1320 4500 1443 4539 eum
1491 4486 1707 4553 iurasse
1756 4487 1813 4541 in
1866 4489 2074 4545 semine

499 4574 756 4639 Abrahae,
784 4577 886 4630 hoc
915 4584 1018 4639 est,
1049 4576 1102 4629 in
1133 4576 1369 4643 Christo,
1403 4580 1492 4647 qui
1522 4595 1589 4634 ex
1634 4580 1725 4634 illo
1768 4584 2076 4638 nasciturus

497 4672 663 4727 erat,
721 4663 876 4730 juxta
929 4665 1314 4733 evangelistam
1368 4666 1674 4722 Matthmum
1719 4670 2073 4739 loquentem:

504 4752 660 4805 Liber
704 4754 1050 4821 generationis
1071 4754 1200 4809 Jesu
1226 4753 1421 4810 Christi
1441 4756 1545 4822 ﬁlii
1571 4758 1755 4824 David,
1782 4760 1881 4828 ﬁlii
1904 4762 2075 4816 Abra-

498 4842 626 4894 ham
657 4841 870 4911 (Matth.
900 4843 964 4911 ι).

578 4928 955 5001 Profectusqae
978 4933 1203 5001 perrexit
1228 4932 1658 5004 Mesopotamiam
1679 4938 1747 4991 ad
1767 4941 1944 4992 urbem
1968 4940 2084 4993 Na—

498 5020 648 5072 .chor.
677 5018 909 5092 Cumque
935 5022 1135 5091 fecisset
1163 5026 1387 5092 camelos
1421 5029 1724 5083 accumbere
1761 5042 1911 5084 extra
1940 5034 2089 5103 oppi—

502 5110 629 5164 dum
649 5111 809 5181 juxta
834 5122 1047 5182 puteum
1073 5130 1225 5185 aquae
1248 5132 1473 5186 vespere,
1520 5133 1579 5171 eo
1609 5127 1834 5187 tempore
1872 5137 1973 5189 quo
2002 5137 2086 5175 so-

504 5201 609 5253 lent
652 5199 895 5255 mulieres
936 5203 1111 5272 egredi
1159 5205 1228 5257 ad
1279 5206 1622 5263 hauriendam
1671 5224 1863 5277 aquam
1906 5209 2083 5262 dixit:

504 5288 725 5344 Domine
751 5291 888 5345 Deus
912 5293 1114 5347 domini
1151 5295 1252 5347 mei
1294 5295 1561 5350 Abraham
1581 5335 1595 5359 ,
1627 5313 1843 5349 occurre
1879 5298 2085 5352 obsecro

499 5378 657 5434 hodie
687 5382 817 5435 mihi
841 5422 855 5446 ,
902 5390 949 5436 et
984 5383 1070 5452 [ac
1116 5384 1528 5439 misericordiam
1569 5400 1688 5439 cum
1727 5386 1938 5439 domino
1971 5403 2085 5441 meo

502 5468 791 5525 Abraham.
817 5472 953 5527 Ecce
978 5490 1070 5542 ego
1098 5483 1179 5527 sto
1203 5484 1413 5542 propter
1441 5473 1637 5542 fontem
1667 5491 1817 5543 aqua!
1842 5515 1857 5537 ,
1883 5484 1930 5528 et
1959 5474 2085 5543 ﬁlia?

500 5559 856 5616 habitatorum
877 5563 1035 5633 hujus
1061 5564 1628 5634 civitatis'egredientur
1648 5566 1716 5618 ad
1738 5566 2083 5620 Imuriemlam

502 5667 714 5719 aquam.
743 5655 771 5706 l
776 5654 917 5723 gitur
933 5654 1109 5723 puella
1133 5656 1218 5709 cui
1238 5671 1330 5726 ego
1356 5655 1539 5711 dixero
1561 5669 1581 5707 .'
1603 5655 1811 5710 Inclina
1831 5657 2077 5723 hydriam

2176 3219 2225 3264 et
2253 3210 2490 3265 armillas
2519 3214 2734 3268 totidem
2771 3216 2946 3285 pondo
2984 3217 3235 3283 siclorttnt
3273 3214 3484 3287 decem;
3522 3225 3767 3297 dixitque

2176 3301 2247 3355 ad
2284 3319 2401 3357 eam
2421 3301 2631 3373 :Cujus
2678 3322 2732 3360 es
2773 3306 2930 3375 ﬁlia?
2961 3309 3137 3364 indica
3171 3311 3318 3366 mihi.
3355 3312 3459 3375 Est
3483 3312 3569 3368 .in
3604 3317 3765 3371 domo

2176 3394 2343 3461 patris
2369 3395 2446 3447 tui
2469 3395 2617 3449 locus
2636 3397 2709 3450 ad
2736 3399 3091 3454 manendum?
3113 3401 3243 3466 Quae
3276 3406 3548 3474 respondit
3571 3421 3594 3459 .°
3616 3406 3765 3462 Filia

2177 3479 2413 3537 Batuelis
2461 3501 2577 3539 sum
2622 3486 2717 3551 ﬁlii
2757 3486 2993 3554 Nachor,
3020 3506 3172 3560 quem
3214 3494 3410 3562 peperit
3444 3496 3494 3548 ei
3526 3495 3762 3552 Melete.

2176 3570 2318 3629 Bace
2357 3584 2508 3651 πει,
2539 3577 2683 3643 quod
2709 3576 2763 3631 in
2808 3578 2911 3633 hoc
2950 3579 3068 3634 loco
3112 3596 3210 3649 pro
3238 3581 3520 3652 didragma
3566 3588 3765 3642 scribi-

2180 3671 2296 3727 tur,
2333 3665 2628 3721 semiuncia
2674 3675 2778 3721 est.
2833 3666 2980 3725 Secel
3030 3654 3155 3756 Spw
3202 3685 3372 3737 vero,
3422 3674 3527 3741 qui
3566 3675 3765 3733 Latino

2179 3766 2430 3807 sermone
2467 3754 2631 3809 siclus
2676 3765 2932 3827 corrupte
2965 3754 3297 3827 appellatur,
3333 3764 3512 3818 uncia:
3548 3768 3764 3834 pondus

2181 3841 2362 3896 habet.

2249 3931 2461 3995 Servus.
2479 3934 2676 4004 inquit,
2702 3935 2961 3991 Abraham
2982 3954 3121 4004 sum,
3138 3949 3187 3994 et
3208 3940 3466 3997 Dominus
3494 3944 3765 4001 benedixit

2179 4024 2390 4081 domino
2432 4044 2545 4081 meo
2573 4027 2760 4083 valde:
2788 4032 3255 4105 magniﬁcatusque
3297 4046 3406 4098 est;
3440 4047 3491 4093 et
3538 4040 3685 4094 dedit
3715 4043 3766 4095 ei

2179 4132 2294 4171 ores
2316 4125 2364 4169 et
2389 4117 2567 4181 boves,
2594 4129 2866 4188 argentum
2889 4131 2937 4175 et
2965 4138 3154 4178 aurum
3173 4166 3188 4189 ,
3217 4142 3391 4181 servos
3416 4138 3467 4182 et
3498 4131 3731 4186 ancillas
3748 4172 3763 4196 ,

2179 4206 2402 4261 camelos
2446 4217 2496 4261 et
2539 4209 2750 4274 asinos;
2780 4220 2829 4265 ct
2860 4213 3057 4282 peperit
3094 4213 3232 4270 Sara
3269 4233 3408 4271 uxor
3430 4220 3641 4275 ἀοηιὲηέ
3668 4224 3769 4276 mei

2178 4296 2347 4365 ﬁlium
2367 4297 2575 4353 domino
2595 4315 2708 4353 meo
2726 4301 2781 4357 in
2801 4312 3060 4361 senectute
3078 4320 3198 4369 sua,
3219 4306 3465 4376 deditque
3482 4309 3566 4363 illi
3586 4313 3766 4366 mnia

2180 4404 2297 4458 qua:
2315 4388 2587 4443 habuerat.
2616 4388 2685 4444 Et
2714 4391 2978 4460 adjuravit
3001 4409 3082 4457 me
3102 4395 3349 4450 dominus
3378 4414 3529 4455 metu
3548 4401 3732 4457 dicens
3747 4418 3766 4456 :

2180 4477 2303 4533 Non
2328 4479 2546 4547 accipies
2584 4495 2798 4534 uxorem
2819 4480 2933 4549 ﬁlio
2957 4499 3069 4536 meo
3102 4483 3168 4537 de
3197 4484 3412 4553 ﬁliabus
3434 4485 3767 4544 Chommo-

2179 4582 2315 4629 rum,
2338 4568 2392 4620 in
2405 4583 2628 4637 quorum
2646 4575 2787 4623 terra
2809 4569 3121 4636 habito;sed
3138 4573 3208 4625 ad
3228 4572 3442 4628 domum
3468 4580 3643 4646 patris
3666 4580 3764 4633 mei

2178 4650 2376 4728 pergei,
2389 4668 2437 4711 et
2457 4658 2521 4712 de
2541 4661 2848 4729 cognatione
2874 4677 2989 4715 mea
3009 4663 3230 4733 accipies
3252 4681 3470 4721 uxorem
3488 4666 3608 4735 ﬁlio
3630 4685 3762 4726 meo.

2181 4746 2363 4819 (Aug.)
2409 4748 2611 4805 Servus
2645 4750 2880 4807 Abrahte
2919 4764 3149 4809 narrans
3199 4769 3321 4822 quin
3364 4755 3477 4811 sibi.
3513 4760 3762 4812 mandata

2188 4835 2398 4891 inerant
2422 4853 2453 4891 a
2479 4839 2695 4893 domino
2722 4855 2823 4895 suo
2843 4880 2857 4904 ,
2883 4841 3013 4895 dicit
3055 4855 3179 4897 eum
3218 4844 3323 4897 sibi
3360 4845 3566 4903 dixisse
3592 4863 3607 4897 :
3645 4846 3765 4899 Non

2182 4947 2352 4984 sumes
2372 4931 2485 5000 ﬁlio
2510 4948 2623 4985 meo
2656 4948 2869 4985 uxorem
2893 4933 2959 4985 de
2986 4932 3198 5000 ﬁliabus
3231 4934 3659 4990 Chananaeorum
3695 4940 3769 5001 in-

2183 5031 2261 5074 ter
2286 5037 2414 5091 quos
2439 5038 2532 5091 ego
2557 5022 2735 5075 habito
2761 5024 2817 5076 in
2847 5032 2987 5078 terra
3012 5040 3214 5087 eorum,
3241 5025 3331 5078 sed
3355 5024 3411 5079 in
3432 5026 3650 5078 domum
3671 5044 3762 5094 pa-

2182 5110 2403 5163 trismei
2424 5111 2521 5164 ibis
2539 5120 2589 5164 et
2610 5112 2665 5163 in
2689 5111 2882 5165 tribum
2907 5128 3074 5165 meam
3095 5152 3110 5177 ,
3135 5121 3185 5167 et
3210 5128 3383 5166 sumes
3414 5129 3631 5165 uxorem
3654 5116 3768 5180 [ilio

2184 5217 2299 5254 meo
2320 5202 2464 5266 inde,
2486 5210 2590 5256 etc.
2622 5202 2679 5256 Si
2722 5202 2972 5272 legantur
3001 5204 3454 5271 quemadmodum
3501 5203 3577 5258 illi
3614 5219 3775 5257 man-

2186 5292 2310 5347 data
2336 5292 2466 5357 sint,
2491 5294 2759 5349 sententia
2782 5295 2974 5349 eadem
2999 5294 3289 5363 reperitur,
3314 5294 3482 5351 verba
3505 5310 3636 5351 vero
3657 5310 3770 5349 non

2185 5381 2367 5436 omnia
2393 5381 2479 5436 vel
2506 5381 2625 5452 ipsa
2663 5382 2749 5438 vel
2782 5382 2859 5437 ita
2907 5381 3050 5439 dicta
3081 5395 3227 5438 sunt.
3271 5384 3427 5451 Quod
3469 5385 3778 5440 admoneo-

2184 5474 2311 5529 dum
2338 5474 2522 5542 putavi
2546 5481 2770 5545 propter
2796 5473 2988 5529 stultos
3015 5482 3071 5528 et
3099 5474 3345 5529 indoctos
3377 5474 3644 5533 homines.
3671 5475 3779 5541 qui

2181 5561 2545 5635 evangelistas
2589 5563 2718 5619 hinc
2745 5562 3168 5625 calumniantur,
3204 5565 3346 5632 quod
3392 5564 3449 5618 in
3496 5563 3785 5631 aliquibus

2183 5653 2363 5709 verbis
2405 5668 2511 5709 non
2555 5652 2703 5709 omni
2741 5652 2903 5711 modo
2933 5653 3570 5730 conveniuttthuatnvis
3606 5652 3787 5707 rebus
