3962 6198
232 371 561 441 573,)

1248 364 1598 424 COMMENT.
1639 364 1706 420 1N
1744 364 2067 422 GENESIII.
2106 395 2176 406 —
2210 365 2339 421 LIB.
2376 364 2464 422 ill.

3369 366 3478 425 574

231 500 386 562 atque
412 485 718 551 sententiis,
748 484 974 542 omnino
998 499 1108 541 non
1129 483 1452 554 discrepent.
1475 482 1635 539 Certe
1655 484 1800 538 enim
1827 486 1877 545 Α
1904 482 1989 538 lus
2016 484 2207 540 orabat
2236 486 2295 540 in
2320 493 2520 549 monte,
2543 486 2714 541 etiam
2732 487 2883 543 [sane
2917 487 3009 556 qui
3038 488 3091 541 in
3119 497 3244 557 typo
3267 488 3478 544 Domini

235 581 389 634 istum
418 575 613 629 librum
640 588 780 628 unus
808 573 970 628 homo
1002 572 1252 643 scripsit,
1277 574 1369 642 qui
1396 587 1463 628 ea
1496 588 1617 643 quas
1642 586 1805 641 supra

234 669 372 733 dixi,
401 681 525 722 cum
556 665 841 720 mandaret
862 663 1141 719 Abraham
1172 663 1258 719 vel
1284 664 1531 723 Rebecca
1551 703 1566 729 ,
1598 664 1679 719 sic
1703 678 1806 733 ρο..

236 774 360 816 nere
382 756 560 830 potuit
583 795 599 820 ,
628 755 672 810 si
706 753 777 808 ad
805 770 920 810 rem
949 754 1225 823 pertinere
1245 753 1545 825 iudicaret,
1573 770 1699 810 cum
1720 769 1810 811 ve-

238 853 364 907 ritas
391 846 725 904 narrationis
754 846 1007 916 exigitur,
1039 846 1143 900 nisi
1180 853 1241 901 ut
1289 861 1473 902 rerum
1516 845 1802 901 sententia-

240 954 459 1006 rumque
477 939 569 1002 sit,
590 937 787 1007 quibus
810 935 1057 991 voluntas
1085 946 1308 1007 propter
1327 952 1488 1007 quam
1512 936 1808 992 intimsnda

241 1030 394 1086 verba
438 1029 602 1094 ﬁunt,
648 1027 782 1083 satis
827 1026 1106 1081 evidenter
1149 1037 1388 1097 apparet.
1419 1027 1573 1095 Quod
1608 1027 1810 1082 habent

242 1120 406 1175 Latini
427 1117 666 1180 codices,
682 1122 943 1170 narrante
966 1129 1127 1170 servo
1138 1115 1372 1177 Abrahzu
1390 1131 1512 1186 qua:
1534 1116 1640 1173 sibi
1660 1117 1813 1171 nian-

244 1213 461 1265 davt'rat
492 1206 756 1261 Dominus
785 1204 920 1274 ejus.
952 1203 1111 1262 Tune
1152 1206 1414 1263 innocens
1456 1205 1569 1262 eris
1601 1220 1631 1260 a
1661 1205 1812 1275 jura-

245 1308 418 1355 mento
450 1309 607 1360 meo,
639 1295 724 1351 vel
766 1294 1041 1366 juratione
1088 1310 1232 1360 mea,
1283 1293 1461 1350 (ἑνωσί
1505 1293 1736 1358 habent,
1777 1307 1811 1347 a

244 1386 525 1444 maledicto
555 1400 697 1450 meo,
727 1383 881 1458 ὅρκος
916 1385 1063 1440 enim
1090 1385 1290 1451 dicitur
1307 1385 1538 1455 juratio,
1566 1383 1674 1461 ἆρά
1691 1400 1810 1438 ma-

246 1478 505 1533 ledictum.
533 1473 688 1532 Unde
714 1482 769 1530 et
795 1474 1083 1550 κατάρατος
1104 1473 1439 1542 maledictus,
1460 1473 1547 1529 vel
1570 1475 1813 1531 inuerti:-

247 1590 390 1646 ραι-ος
438 1567 658 1623 dicitur.
696 1564 928 1621 Proinde
956 1565 1131 1620 oritur
1158 1564 1386 1634 quaestio
1421 1564 1690 1633 quomodo
1722 1563 1811 1619 illa

241 1659 432 1729 juratio
463 1657 805 1713 maledictum
842 1656 1016 1728 possit
1046 1655 1272 1728 intelligi
1294 1695 1311 1722 ,
1337 1656 1445 1712 nisi
1484 1655 1612 1726 quia
1648 1654 1813 1711 male-

248 1750 414 1805 dictus
454 1755 570 1813 est,
615 1748 707 1818 qui
748 1754 937 1802 contra
958 1745 1287 1815 juratiouem
1333 1745 1547 1803 fecerit.
1578 1745 1815 1813 Quamoe-

1907 574 2029 642 fuit,
2057 576 2125 631 ad
2151 576 2454 631 orationem
2483 577 2638 646 quasi
2662 578 2841 632 virum
2862 576 3068 646 justum
3097 577 3256 632 domo
3293 591 3478 649 egros-

1904 677 2049 730 sum,
2069 671 2126 720 et
2142 663 2231 719 vel
2249 676 2392 719 nona
2413 665 2572 731 hora,
2594 665 2682 720 vel
2706 674 2832 721 ante
2860 667 2991 725 solis
3008 680 3288 733 occasum,
3321 667 3484 738 spiti-

1902 758 2079 814 tuales
2102 758 2215 814 Deo
2241 759 2492 815 victimas
2520 759 2803 816 obtulisse.

1975 846 2208 922 Cumque
2221 849 2440 911 locum
2460 849 2661 917 oculos,
2687 851 2813 906 uidit
2837 851 3341 908 conscios-uenientes
3360 868 3482 923 pro.

1900 937 1993 994 cal
2018 956 2037 995 :
2065 938 2294 994 Rebecca
2318 956 2545 1012 quoque,
2586 941 2744 999 Isaae
2792 951 3094 1012 compecto,
3132 943 3397 997 descendit
3418 944 3486 997 de

1906 1029 2126 1095 camelo,
2153 1041 2201 1085 et
2224 1031 2297 1084 ait
2327 1031 2399 1084 ad
2418 1048 2641 1101 puerum
2661 1046 2680 1084 :
2706 1031 2838 1097 Quis
2870 1042 2947 1086 est
2974 1034 3128 1087 homo
3173 1034 3262 1089 ille
3283 1034 3374 1105 qui
3401 1050 3486 1088 ue-

1910 1121 1988 1175 nit
2018 1138 2111 1192 per
2143 1139 2330 1192 agrum
2356 1122 2413 1178 in
2443 1139 2718 1179 occursum
2758 1124 2949 1178 nobis?
2976 1124 3215 1195 Dicitque
3253 1126 3339 1178 ei:
3366 1124 3488 1195 Ipse

1907 1220 1985 1267 est
2019 1212 2265 1266 dominus
2296 1229 2462 1267 meus.
2489 1213 2557 1267 At
2582 1212 2678 1268 illa
2705 1212 2891 1270 tollens
2923 1215 3028 1268 cito
3061 1214 3317 1285 pallium,
3362 1231 3487 1284 ope-

1911 1305 2018 1359 ruit
2037 1321 2094 1359 se
2112 1344 2127 1370 ,
2156 1305 2272 1361 sive
2311 1303 2470 1374 iam
2498 1304 2662 1361 aliam
2690 1305 2979 1361 editionem
2996 1346 3011 1370 ,
3042 1304 3158 1358 tulit
3186 1305 3487 1358 theristrum

1909 1406 1961 1453 et
2005 1397 2212 1467 operuit
2267 1413 2342 1451 se.
2386 1396 2725 1452 Theristrnm
2767 1396 2988 1466 pallium
3036 1395 3265 1459 dicitur,
3319 1406 3487 1465 genus

1911 1487 2075 1543 etiam
2104 1502 2248 1541 nunc
2278 1486 2499 1541 Arabici
2549 1486 2859 1541 vestimenti
2913 1501 3021 1555 quo
3063 1484 3320 1539 mulieres
3354 1497 3487 1553 pro-

1909 1576 2105 1631 vincia:
2130 1576 2272 1631 illius
2315 1576 2583 1631 velantur.
2616 1574 2768 1631 Nunc
2799 1591 2929 1647 ergo
2972 1576 3101 1644 quid
3155 1576 3255 1630 istc
3301 1587 3493 1629 servus

1910 1667 2184 1723 Abraham
2202 1707 2217 1731 ,
2244 1682 2404 1737 quem
2432 1667 2523 1722 ille
2546 1667 2695 1723 misit
2721 1668 2793 1721 ad
2820 1665 3248 1737 desponsandam
3286 1665 3492 1720 Rebec-

1913 1772 2059 1821 cam,
2085 1763 2142 1810 et
2168 1772 2289 1826 ipsa:
2312 1756 2379 1810 de
2404 1753 2594 1810 eadem
2624 1755 2852 1809 historia
2887 1754 3287 1824 subsequuntur
3328 1754 3490 1823 spiri-

248 1839 385 1894 brem
429 1839 477 1895 si
543 1836 723 1895 facitis
775 1838 1204 1894 miscricordiam
1251 1845 1309 1891 ει
1352 1837 1639 1893 veritam“
1687 1850 1811 1893 cum
1838 1827 1886 1889 Β
1914 1847 2131 1903 tuniiter
2148 1842 3489 1916 signiﬁcent,videamus,QuidestquodAbraham

249 1928 466 1984 Domino
503 1945 661 1995 meo,
693 1929 925 1987 indicate
966 1930 1120 1985 mihi.
1164 1929 1279 1983 Duo
1328 1928 1417 1983 illa
1441 1944 1561 1998 qua:
1600 1928 1815 1985 assidue

248 2025 549 2085 ponuntur,
577 2019 631 2072 in
664 2018 782 2072 aliis
816 2017 1017 2073 sanctis
1060 2016 1363 2088 Scripturis
1390 2025 1446 2072 et
1490 2018 1725 2073 maxime
1760 2018 1814 2073 iu

250 2104 497 2172 Psalmis,
540 2107 909 2162 misericordia
956 2117 1011 2162 et
1036 2106 1269 2176 justitia,
1303 2108 1631 2162 tantumdem
1670 2107 1815 2162 enim

252 2194 372 2248 valet
402 2195 774 2254 misericordia
797 2203 850 2255 et
870 2197 1105 2263 veritas,
1130 2197 1216 2251 hic
1246 2195 1360 2264 jam
1399 2211 1660 2266 apparere
1696 2210 1811 2251 cte-

252 2290 450 2351 perunt.

833 2372 1059 2429 CAPUT
1117 2374 1204 2428 VI.

589 2461 667 2516 De
690 2462 913 2517 adventu
937 2462 1178 2518 Rebecca:
1204 2464 1275 2517 ad
1298 2460 1475 2519 Isaac.
1563 2494 1569 2499 ο

315 2548 711 2621 Responderunt
740 2551 919 2621 Laban
942 2563 991 2607 et
1017 2553 1207 2609 Batuel
1222 2572 1241 2609 :
1264 2556 1309 2610 A
1335 2555 1561 2612 Domino
1581 2572 1817 2628 egressus

255 2650 319 2694 est
354 2658 527 2696 sermo
547 2683 563 2708 ,
603 2659 707 2696 non
742 2660 1014 2714 possumus
1054 2655 1200 2701 extra
1232 2646 1485 2717 placitum
1528 2648 1645 2719 ejus
1669 2648 1821 2719 quid-

255 2746 399 2801 quam
432 2731 584 2787 aliud
608 2741 777 2787 tecum
809 2733 971 2804 loqui.
998 2733 1083 2788 En
1121 2735 1351 2793 Rebecca
1388 2753 1568 2792 coram
1611 2747 1660 2791 te
1704 2747 1812 2804 est,

256 2822 363 2878 tolle
389 2840 508 2878 eam
539 2833 589 2877 et
605 2824 933 2894 proﬁciscere
951 2865 966 2890 ,
1000 2836 1048 2879 et
1078 2827 1143 2879 sit
1172 2843 1305 2881 uxor
1333 2826 1432 2897 ﬁlii
1466 2827 1667 2881 domini
1706 2828 1814 2891 tui,

254 2914 373 2968 sicut
400 2914 609 2968 locutus
634 2924 709 2969 est
743 2912 1018 2970 Dominus.
1046 2915 1320 2983 Quaeritur
1353 2918 1569 2988 quando
1607 2918 1818 2975 locutus

254 3016 329 3061 est
352 3006 637 3071 Dominus,
662 3006 765 3061 nisi
793 3008 919 3075 quia
946 3007 1031 3062 vel
1056 3008 1374 3078 prophetam
1402 3024 1522 3065 csse
1544 3010 1818 3065 Abraham

255 3105 508 3161 noverat,
540 3105 598 3151 et
639 3098 952 3167 prophetico
980 3113 1012 3152 a
1038 3099 1267 3162 Domino
1305 3101 1506 3157 dictum
1550 3102 1693 3171 quod
1721 3117 1817 3172 per

208 3258 211 3259 ν
256 3186 393 3242 illum
422 3188 632 3243 dictum
678 3186 856 3242 fuerat
902 3191 1293 3259 agnoscebant;
1318 3200 1414 3246 aut
1446 3193 1659 3262 signum
1689 3192 1817 3248 illud
1844 3174 1889 3239 ο

256 3280 386 3347 quod
424 3279 532 3332 sibi
580 3279 763 3333 datum
803 3294 993 3334 servus
1033 3279 1151 3349 ejus
1174 3283 1447 3348 narravit,
1494 3283 1817 3339 locutionem

257 3369 457 3423 Domini
486 3368 891 3440 appellaverunt
916 3408 931 3436 ,
956 3370 1061 3425 hoc
1080 3371 1220 3426 enim
1252 3372 1422 3441 magis
1464 3373 1529 3427 de
1576 3372 1818 3428 Rebecca

256 3472 563 3528 expressum
586 3466 690 3513 est.
723 3458 855 3513 Nam
889 3460 1031 3530 quod
1058 3460 1331 3516 Abraham
1356 3462 1594 3527 dixerat,
1620 3478 1726 3517 non
1754 3463 1820 3517 de

255 3548 491 3605 Rebecca
523 3549 754 3615 dixerat,
785 3550 878 3605 sed
909 3551 975 3605 de
1003 3551 1183 3621 aliqua
1213 3550 1414 3619 femina
1445 3567 1511 3606 ex
1552 3552 1696 3606 tribu
1733 3551 1819 3606 vel

257 3643 565 3712 cognatione
585 3657 680 3695 sua
708 3682 724 3706 ,
753 3650 809 3696 et
833 3643 938 3697 hoc
967 3642 1036 3698 ad
1069 3651 1360 3717 utrumque
1397 3643 1649 3698 immunis
1678 3651 1821 3699 esset

256 3744 285 3783 a
298 3728 610 3798 juramento
631 3745 840 3797 servus,
873 3732 918 3786 si
948 3748 1056 3787 non
1081 3733 1440 3802 impetrasset,
1466 3734 1607 3802 quod
1638 3734 1820 3802 utique

257 3836 351 3876 non
382 3823 604 3887 dicitur,
637 3838 757 3877 cum
793 3824 995 3892 aliquid
1021 3823 1393 3899 prophetatur,
1421 3834 1627 3883 certam
1676 3826 1821 3879 enim

257 3912 401 3968 decet
423 3927 552 3968 esse
581 3913 941 3982 prophetiam.

315 4000 641 4056 Dimiserunt
663 4018 782 4072 ergo
807 4018 922 4055 eam
945 4012 993 4056 et
1018 4003 1269 4057 nutricem
1312 4002 1478 4070 illius,
1519 4019 1821 4073 servumque

254 4092 512 4146 Abraham
539 4102 586 4146 et
616 4094 825 4147 comites
848 4094 982 4163 ejus,
1008 4103 1055 4147 et
1079 4095 1419 4164 imprecantes
1453 4110 1700 4163 prospera
1735 4110 1819 4147 so-

256 4183 355 4236 rori
388 4199 505 4237 sua
534 4194 688 4253 atque
726 4184 994 4244 dicentes:
1019 4183 1186 4240 Soror
1219 4195 1394 4238 nostra
1418 4201 1501 4249 es,
1528 4200 1728 4241 crescas
1766 4184 1821 4237 in

254 4273 387 4328 mille
410 4272 606 4340 millia,
637 4284 686 4327 et
713 4275 976 4344 possideat
1009 4292 1180 4331 semen
1202 4285 1349 4329 tuum
1385 4285 1561 4346 portas
1586 4276 1821 4329 inimico-

254 4379 365 4418 rum
405 4381 647 4420 suorum.
678 4363 830 4433 Quod
870 4366 1126 4421 Rebeccae
1171 4367 1423 4421 dixerunt
1469 4364 1660 4420 lratres
1707 4365 1822 4437 ejus

253 4454 649 4524 proﬁciscenti:
679 4455 848 4512 Soror
871 4468 1052 4513 nostra
1074 4474 1151 4523 es,
1167 4466 1283 4513 esto
1305 4459 1357 4512 in
1380 4459 1543 4513 millia
1568 4458 1814 4523 millium,

253 4553 304 4598 et
342 4546 715 4601 hereditatem
757 4547 998 4602 obtineat
1037 4563 1221 4602 semen
1253 4557 1401 4603 tuum
1438 4549 1685 4605 civitates
1724 4549 1818 4604 ad-

252 4643 618 4698 versariorum
667 4653 882 4698 tuorum
909 4682 924 4709 ,
964 4659 1071 4699 non
1121 4644 1400 4715 prephctae
1443 4644 1681 4709 luerunt,
1728 4653 1822 4701 aut

253 4733 490 4790 vanitate
518 4741 628 4788 tam
659 4749 850 4806 magna
879 4743 1226 4805 optaverunt,
1255 4736 1347 4790 sed
1372 4750 1435 4790 ea
1465 4751 1582 4805 quae
1619 4736 1819 4806 promi-

252 4832 397 4878 serat
419 4825 567 4880 Deus
593 4822 825 4879 Abrahte
854 4824 1021 4879 latere
1050 4840 1158 4882 non
1183 4825 1376 4897 potuit.

318 4910 524 4967 Eodem
550 4922 806 4983 tempore,
832 4913 989 4971 Isaac
1018 4914 1381 4969 deambulabat
1421 4931 1514 4985 per
1541 4915 1674 4968 viam
1701 4932 1817 4986 qua:

250 5003 392 5057 ducit
411 5005 484 5058 ad
503 5012 738 5075 puteum,
754 5005 905 5074 cujus
934 5022 1120 5059 nomen
1142 5015 1216 5059 est
1242 5004 1468 5059 Viventis
1488 5016 1533 5059 et
1550 5004 1779 5059 Videntis
1795 5019 1813 5056 :

253 5092 540 5150 Habitabat
566 5104 739 5149 autent
766 5098 820 5150 in
844 5106 983 5149 terra
1013 5095 1268 5160 Australi,
1293 5104 1341 5149 et
1368 5112 1604 5166 egressus
1644 5096 1817 5164 fuerat

252 5184 320 5236 ad
339 5185 702 5239 meditandum
730 5187 784 5239 in
819 5202 945 5257 agro
972 5185 1223 5239 inclinata
1246 5184 1365 5255 jam
1393 5185 1494 5239 die.
1522 5185 1688 5240 Terra
1712 5184 1819 5238 Au-

253 5273 402 5327 strali
419 5273 681 5329 Geraram
706 5274 1005 5345 signiﬁcat,
1034 5275 1174 5330 unde
1207 5290 1235 5328 a
1263 5283 1415 5345 patre
1441 5275 1506 5328 ad
1538 5274 1821 5328 immolau-

252 5362 377 5418 dum
395 5366 670 5435 quondam
702 5366 879 5421 fuerat
908 5368 1188 5422 abductus.
1216 5365 1370 5433 Quod
1402 5373 1578 5420 autem
1608 5365 1684 5420 ait
1709 5383 1722 5418 :
1753 5365 1820 5418 Et

250 5468 492 5521 egressus
506 5466 581 5508 est
605 5464 661 5509 ut
682 5467 1009 5511 exerceretur
1031 5457 1084 5510 in
1107 5473 1288 5526 campo
1305 5496 1320 5522 ,
1346 5455 1488 5524 quod
1525 5454 1713 5511 Grmcc
1742 5456 1823 5510 di-

250 5544 411 5608 citur,
432 5543 874 5616 dioquxiaazﬁn
896 5546 1120 5602 Hebraeo
1145 5546 1339 5616 legitur
1362 5562 1376 5598 :
1403 5544 1468 5598 Et
1490 5561 1725 5615 egressus
1747 5554 1820 5598 est

253 5628 435 5697 hanc,
465 5644 520 5686 ut
544 5634 844 5704 loqueretur
860 5636 913 5688 in
943 5652 1068 5706 agro
1107 5636 1401 5691 declinante
1427 5635 1547 5703 jam
1582 5651 1815 5705 vespera.

255 5724 529 5793 Significat
550 5736 752 5793 autem,
781 5728 1072 5783 secundum
1097 5727 1222 5782 illud
1241 5769 1253 5791 ,
1278 5728 1419 5799 quod
1443 5725 1694 5783 dominus
1726 5742 1814 5781 so-

1910 1953 2136 2010 pnerum
2153 1938 2306 2007 jubet
2334 1937 2436 1992 sub
2461 1935 2666 1992 femore
2695 1951 2794 1991 suo
2821 1951 3039 1990 manum
3070 1949 3291 2004 ponere,
3319 1943 3373 1988 et
3395 1949 3493 2017 per

1912 2028 2037 2085 caeli
2077 2030 2246 2084 Deum
2290 2027 2509 2097 jurare,
2556 2028 2661 2083 nisi
2706 2028 2851 2097 quod
2896 2027 3041 2082 illius
3068 2040 3196 2082 caro
3221 2042 3320 2097 per
3363 2026 3491 2080 illud

1912 2121 2214 2179 membrum
2241 2119 2567 2175 descensura
2587 2126 2724 2183 erat,
2749 2119 2840 2189 qui
2859 2125 2914 2173 et
2934 2118 3166 2173 Abrahae
3187 2118 3329 2172 ﬁlius
3348 2126 3493 2173 esset
3582 2102 3591 2113 κ

1913 2221 1983 2267 ex
2006 2211 2361 2275 humanitate,
2386 2218 2443 2265 et
2465 2209 2724 2264 Dominus
2753 2224 2820 2263 ex
2850 2208 3169 2263 divinitate?
3190 2208 3282 2264 Sic
3308 2208 3493 2277 itaque

1915 2317 2085 2372 puero
2110 2302 2305 2357 dicitur
2332 2319 2345 2353 :
2380 2298 2523 2354 Pone
2545 2315 2760 2354 manant
2792 2298 2887 2353 sub
2913 2299 3110 2369 femore
3139 2314 3271 2362 meo,
3296 2307 3342 2351 et
3361 2298 3491 2366 jura

1914 2406 2009 2461 per
2054 2389 2222 2445 Deum
2263 2389 2399 2455 caeli,
2435 2404 2501 2444 ac
2527 2388 2574 2443 si
2610 2397 2797 2459 aperte
2817 2388 3023 2443 diceret
3050 2405 3066 2442 :
3091 2387 3275 2459 Tange
3322 2387 3491 2441 ﬁlium

1916 2486 2181 2537 meamet
2200 2482 2324 2552 jura
2348 2497 2447 2550 per
2466 2480 2752 2535 Dominum
2792 2494 2993 2535 meum.
3022 2479 3174 2535 Unde
3203 2493 3304 2533 nec
3330 2492 3494 2547 super

1916 2571 2115 2635 femur,
2140 2572 2236 2627 sed
2263 2570 2365 2627 sub
2388 2569 2594 2626 femore
2618 2585 2835 2624 manum
2865 2584 3070 2639 ponere
3096 2570 3333 2639 jubetur,
3363 2569 3489 2638 quia

1915 2676 1982 2716 ex
2010 2660 2100 2715 illo
2130 2658 2334 2715 femore
2362 2659 2452 2714 ille
2480 2659 2839 2713 descensurus
2866 2664 2985 2713 erat
3025 2658 3116 2725 qui
3162 2657 3324 2712 homo
3359 2657 3479 2726 qui-

1915 2752 2075 2817 dem,
2103 2750 2197 2807 sed
2243 2766 2408 2821 super
2448 2764 2637 2807 omnes
2682 2748 2931 2807 homines
2978 2748 3208 2803 veniret.
3243 2747 3381 2814 Quid
3408 2757 3495 2804 est

1916 2843 2061 2914 quod
2089 2842 2239 2898 lsaac
2264 2841 2460 2897 dilecto
2489 2839 2599 2894 ﬁlio
2625 2853 2762 2894 uxor
2804 2839 2871 2893 de
2912 2837 3123 2893 ﬁliabus
3165 2836 3494 2893 Chananaco-

1919 2948 2039 2987 rum
2068 2931 2189 2987 duci
2217 2930 2555 3001 prohibetur,
2586 2929 2690 2983 nisi
2728 2928 2873 2998 quod
2903 2928 2981 2982 illi
3011 2928 3078 2983 de
3101 2943 3210 2997 quo
3231 2928 3493 2998 scriptum

1917 3031 2042 3079 est:
2083 3021 2257 3076 Filius
2306 3037 2451 3075 meus
2492 3019 2713 3075 dilectus
2765 3019 2821 3074 in
2872 3036 2974 3089 quo
3028 3020 3157 3073 mihi
3205 3018 3496 3088 complacui

1920 3115 2134 3185 (Matth.
2163 3113 2253 3182 ut).
2276 3153 2292 3178 ,
2326 3113 2483 3167 nullae
2532 3111 2778 3182 reprobat
2815 3112 3011 3166 animae
3057 3111 3491 3181 conjunguntur;

1919 3208 1985 3262 de
2006 3206 2328 3278 cognatione
2364 3211 2544 3259 autem
2571 3216 2798 3257 uxorem
2837 3202 2948 3256 ﬁlio
2993 3201 3261 3257 deducere
3307 3214 3496 3254 servus

1916 3296 2247 3366 praecipitur,
2277 3294 2402 3363 quia
2431 3292 2545 3347 sola
2573 3301 2760 3349 sancta
2786 3290 3085 3347 electorum
3109 3289 3349 3344 Ecclesia
3372 3288 3495 3342 uni-

1917 3384 2097 3455 genito
2125 3383 2235 3437 ﬁlio
2262 3381 2557 3452 copulanda
2579 3390 2717 3447 erat,
2747 3395 2911 3451 quam
2941 3381 3056 3449 ipse
3088 3379 3396 3449 unigenitus
3420 3391 3485 3431 ex

1916 3473 2386 3544 praedestinatione
2410 3471 2522 3539 jam
2561 3480 2618 3526 et
2654 3471 2991 3541 praescicntia
3037 3477 3348 3525 extraneum
3389 3482 3493 3522 non

1918 3562 2166 3619 habebat.
2184 3561 2318 3629 Quis
2336 3570 2567 3661 veerest
2592 3577 2746 3630 puer,
2767 3561 2858 3630 qui
2886 3564 2952 3615 ad
2974 3561 3339 3617 deducendam
3361 3575 3496 3613 uxo-

1918 3667 2035 3706 rem
2068 3650 2323 3715 mittitur,
2346 3649 2448 3705 nisi
2474 3650 2854 3720 prophetarum
2877 3649 3010 3707 ordo
3039 3656 3200 3718 atque
3227 3649 3497 3717 apostolo-

1918 3755 2039 3795 rum
2063 3740 2409 3808 omuiumque
2434 3738 2750 3794 doctorum?
2772 3738 2874 3804 Qui
2899 3738 3025 3796 dum
3051 3738 3270 3792 verbum
3298 3738 3493 3807 praedi-

1918 3829 2148 3885 cationis
2188 3827 2345 3887 bonis
2391 3827 2661 3881 mentibus
2694 3826 2926 3889 faciunt,
2960 3826 3037 3881 ad
3060 3840 3497 3895 unamquamque

1918 3919 2155 3975 animam
2182 3917 2462 3987 unigenito
2488 3916 2597 3972 ﬁlio
2625 3914 3049 3985 cmijungentlant
3076 3915 3230 3984 quasi
3254 3915 3497 3983 proviso-

1919 4024 2008 4065 res
2052 4007 2207 4062 ﬁunt.
2256 4007 2357 4073 Qui
2402 4021 2670 4078 pergens,
2714 4022 2897 4062 secum
2934 4007 3000 4061 de
3043 4006 3200 4063 bonis
3245 4006 3497 4063 carnibus

1919 4095 2121 4151 domini
2151 4095 2233 4150 sui
2265 4094 2486 4161 detulit,
2531 4094 2657 4166 quia
2702 4102 2757 4148 et
2799 4096 2853 4148 in
2902 4094 2986 4149 his
3015 4110 3136 4163 qua:
3178 4095 3242 4151 de
3268 4094 3504 4147 Domino.

1920 4186 2231 4255 loquuntur,
2263 4185 2317 4238 in
2340 4184 2642 4253 semetipsis
2667 4183 2922 4237 virtutum
2951 4183 3166 4237 divitias
3183 4184 3495 4244 ostendunt,

1921 4284 1975 4331 et
2029 4284 2176 4329 lauto
2218 4275 2378 4330 citius
2425 4275 2493 4329 ad
2540 4273 2870 4343 sequendum
2919 4272 3087 4327 Deum
3141 4274 3495 4341 protrahunt,

1921 4374 2183 4437 quantum
2212 4364 2549 4421 auditoribus
2595 4364 2706 4417 suis
2754 4362 2810 4415 in
2845 4362 3152 4431 semetipsis
3195 4369 3497 4416 monstrant

1923 4475 2043 4529 quae
2064 4468 2310 4519 narrant.
2339 4458 2515 4528 Atque
2541 4458 2684 4512 idem
2709 4470 2844 4526 puer
2866 4456 3021 4526 juxta
3066 4454 3268 4510 fontem
3316 4456 3497 4518 stetit,

1922 4556 2084 4617 atque
2113 4563 2179 4602 cx
2203 4546 2423 4617 praeﬁxa
2453 4546 2719 4601 sententia
2749 4560 2868 4615 quae
2888 4544 3062 4614 puella
3090 4545 3333 4615 eligenda
3355 4553 3499 4599 esset

1921 4641 2232 4712 proposuit,
2283 4640 2423 4713 quia
2461 4639 2844 4709 praedicatores
2890 4637 3060 4692 sancti
3105 4638 3245 4692 sacri
3299 4637 3498 4706 eloquii

1923 4730 2135 4785 linenda
2165 4731 2532 4795 considerant,
2555 4737 2718 4798 atque
2744 4744 2809 4783 ex
2837 4728 2967 4797 ipsis
2993 4727 3247 4798 colligunt
3272 4742 3391 4796 qua:
3413 4726 3501 4781 vel

1930 4819 2117 4888 quibus
2161 4818 2561 4888 prtcdicationis
2607 4834 2717 4881 sua:
2748 4818 2915 4873 verba
2942 4817 3321 4881 committant,
3346 4823 3402 4870 et
3428 4830 3493 4869 ex

1921 4908 2118 4976 quibus
2158 4907 2492 4962 auditoribus
2531 4906 2787 4961 ﬁduciam
2810 4907 3151 4963 certitudinis
3197 4913 3498 4962 assumant.

1922 4999 2113 5055 Polum
2142 5014 2271 5054 vero
2313 4999 2496 5067 petiit,
2544 4999 2669 5069 quia
2715 4998 3038 5069 praedicator
3057 4998 3231 5059 omnis
3261 4998 3493 5049 animam

1923 5093 2006 5148 sui
2032 5093 2292 5149 auditoris
2321 5093 2454 5148 sitit.
2483 5092 2587 5148 Sed
2614 5093 2859 5149 Rebecca
2887 5103 3072 5162 potum
3102 5092 3349 5161 prazhuit,
3370 5092 3496 5159 quia

1921 5191 2109 5238 sancta
2133 5182 2428 5237 electorum
2451 5184 2710 5248 Ecclesia,
2736 5170 3143 5254 praedicatorum
3168 5194 3386 5235 suorum
3409 5179 3507 5231 dc-

1925 5274 2158 5340 siderio,
2200 5290 2266 5328 ex
2290 5275 2495 5329 Jvirtute
2534 5290 2647 5330 suae
2690 5274 2814 5331 ﬁdei
2859 5271 3144 5328 satisfacit.
3181 5269 3310 5335 Qua:
3351 5269 3504 5323 enim

1924 5362 2092 5420 Deu'm
2139 5380 2300 5435 quem
2348 5365 2552 5420 audivit
2582 5364 2827 5420 confessa
2864 5369 2978 5426 est,
3023 5359 3357 5429 prmdieatori
3400 5372 3508 5411 suo

1925 5471 2120 5526 aquam
2156 5454 2466 5509 refectionis
2492 5454 2716 5515 obtulit,
2751 5452 2972 5522 ejusque
3000 5449 3235 5504 animam
3274 5447 3489 5517 refrige-

1926 5545 2080 5599 ravit.
2121 5544 2189 5597 Et
2236 5544 2533 5597 notandum
2580 5541 2722 5612 quod
2769 5540 3017 5610 bydriam
3060 5537 3131 5593 ab
3179 5537 3405 5592 humero
3444 5535 3497 5590 in

1922 5634 2076 5687 ulnas
2100 5631 2316 5701 posuit,
2338 5631 2482 5702 ‘quia
2509 5630 2600 5685 illa
2643 5636 2728 5685 est
2753 5627 2960 5700 placita
2985 5625 3252 5683 confessio
3269 5664 3285 5691 ,
3314 5640 3435 5696 quae
3466 5639 3500 5678 s

1922 5726 2060 5780 bono
2084 5737 2247 5793 opere
2277 5721 2550 5792 procedit;
2580 5719 2665 5775 vel
2688 5727 2835 5775 certe
2859 5731 3052 5787 aquam
3090 5716 3339 5787 praebuit,
3374 5714 3501 5785 quia
