3958 6204
425 364 532 423 575

1071 361 1133 416 Β.
1173 358 1425 415 RABANI
1462 352 1682 412 MAURI
1719 351 2039 410 ARCHIEP.
2082 350 2391 411 MOGUNT.
2431 350 2715 412 OPERUM
2756 355 2935 409 PARS
2974 355 3013 409 l.

3584 357 3694 413 5ἷ6

425 480 480 535 in
509 489 576 535 eo
603 476 748 549 quod
773 474 1003 534 credidit
1023 515 1038 541 ,
1067 489 1237 530 vacua
1257 488 1367 528 non
1394 471 1677 527 remansit.
1709 468 1844 523 Nam
1881 481 2004 521 mox
2034 466 2084 526 A
2105 454 2176 521 {ex
2230 469 2615 538 temporalibus
2662 467 2947 537 stipendiis
2991 465 3273 521 continere
3325 468 3502 536 parati
3539 479 3700 539 sunt,

424 569 721 642 praedicare
744 567 950 623 studuit
970 566 1112 635 quod
1133 564 1355 629 audivit,
1369 569 1437 619 .et
1455 560 1699 617 docendo
1722 559 1922 614 multos
1942 572 2008 611 ex

428 679 492 719 se
516 661 903 733 praedicatores
949 656 1193 733 protulit.
1221 654 1377 725 Aqua
1400 650 1599 724 quippe
1628 652 1682 706 in
1710 651 1901 722 hydria
1925 657 2013 704 est

429 728 657 811 scientia
682 728 1083 823 praedicationis
1109 749 1165 804 in
1195 759 1481 809 mensura,
1518 744 1657 813 quia.
1688 749 1875 797 sancta
1910 740 2013 795 Ec-

429 841 804 899 clesiastudet
827 856 932 895 non
948 836 1066 909 plus
1092 851 1273 905 sapere
1298 849 1454 905 quam
1479 840 1677 903 oportet
1699 845 1901 901 sapere,
1921 828 2012 882 sed

426 952 611 1005 sapere
655 934 724 989 ad
764 931 1114 987 sobrietatem.
1160 928 1229 981 Et
1257 924 1449 997 hydria
1488 938 1643 993 aquae
1677 922 1733 976 in
1775 921 1901 976 ulna
1928 927 2015 975 est

430 1026 679 1083 doctrina
700 1021 1103 1095 praedicationis
1131 1020 1187 1073 in
1209 1033 1373 1088 opere
1391 1058 1405 1083 ,
1434 1032 1555 1087 qua:
1576 1030 1683 1070 non
1704 1014 1878 1071 solum
1897 1011 2015 1082 ejus

428 1116 739 1178 comitibus,
770 1112 865 1168 sed
890 1119 1076 1182 potum
1101 1110 1265 1165 etiam
1286 1107 1510 1163 camelis
1531 1106 1755 1175 praebet,
1774 1103 1866 1172 qui
1887 1119 2012 1159 ver-

348 1226 370 1247 ›
428 1208 558 1261 bum
590 1205 715 1258 vitae
744 1218 854 1257 non
885 1202 1061 1257 solum
1090 1199 1444 1269 prudentibus
1463 1197 1604 1258 .'sed
1645 1196 1810 1264 etiam
1835 1194 2016 1249 stultis

428 1296 747 1366 praedicant,
778 1292 933 1362 juxta
959 1291 1112 1347 Pauli
1147 1305 1337 1347 vocem
1380 1288 1610 1344 dicentis
1636 1304 1650 1340 :
1681 1284 2015 1356 Sapientibus

430 1398 487 1443 et.
508 1386 870 1457 insipientibus
904 1385 1107 1439 debitor
1126 1399 1244 1438 sum
1265 1381 1445 1453 (Rom.
1473 1380 1535 1451 ι).
1569 1378 1667 1434 Vel
1691 1387 1841 1433 certe
1875 1392 2016 1446 aqua

431 1480 596 1535 etiam
621 1478 885 1549 jumentis
907 1475 1085 1540 datur,
1110 1474 1328 1544 quando
1366 1486 1499 1526 cura
1534 1469 1718 1525 carnis
1746 1466 2017 1538 quomodo

433 1569 508 1624 sit
540 1566 785 1622 habenda
814 1564 1138 1635 disponitur,
1162 1571 1222 1617 ut
1245 1578 1312 1617 ex
1339 1561 1612 1630 voluptate
1647 1558 1881 1628 impendi
1910 1573 2017 1612 non

433 1657 650 1721 debeat,
679 1662 734 1711 et
764 1663 944 1710 tamen
966 1655 1018 1708 in
1046 1652 1459 1708 necessitatibus
1477 1666 1583 1706 non
1611 1656 1855 1718 negetur,
1880 1648 2019 1703 sicut

435 1746 699 1815 scriptum
729 1753 814 1800 est
838 1759 852 1798 :
883 1744 1073 1798 Carnis
1099 1760 1280 1797 curam
1305 1760 1366 1796 ne
1407 1742 1634 1810 feceritis
1670 1741 1725 1795 in
1744 1740 2017 1794 desideriis

2111 560 2205 615 sed
2259 562 2646 629 praedicatores
2701 560 2919 625 sancti,
2978 560 3259 630 percipere
3320 559 3512 615 nolunt
3558 572 3705 619 tem-

2109 651 2351 722 poralia,
2390 653 2495 707 nisi
2540 652 2693 723 prius
2730 652 3010 707 obtineant
3059 660 3280 706 aeterna.
3333 650 3391 706 Si
3446 653 3593 726 enim
3640 654 3701 709 in

2113 742 2397 797 animabus
2426 741 2662 797 fructum
2708 758 2816 795 non
2859 740 3180 805 inveniunt,
3235 756 3451 797 sumere
3503 743 3703 813 stipen-

2113 833 2201 888 dia
2262 834 2579 904 corporibus
2625 840 3018 898 contemnunt,
3078 848 3179 887 nec
3216 834 3382 902 pedes
3430 849 3567 904 aqua
3616 835 3700 890 la-

2115 933 2261 991 vant,
2293 926 2417 995 quia
2445 925 2649 980 laboris
2681 925 2763 980 sui
2789 924 3117 980 desiderium
3155 924 3300 978 nulla
3325 926 3700 982 consolatione

2114 1015 2374 1069 relevant.
2433 1014 2556 1070 Mox
2606 1030 2739 1070 vero
2802 1022 2865 1068 ut
2925 1029 3146 1070 causam
3205 1014 3438 1086 coniugii
3497 1016 3701 1072 domini

2104 1103 2200 1158 sui
2248 1118 2383 1174 puer
2423 1103 2690 1169 obtinuit,
2742 1119 2873 1158 vasa
2919 1117 3085 1158 aurea
3128 1112 3288 1175 atque
3334 1116 3592 1178 argentea
3635 1124 3702 1164 ac

2114 1202 2295 1249 vestes
2326 1194 2577 1264 protulit,
2621 1209 2756 1264 quas
2791 1194 3050 1249 Rebecca:
3082 1194 3248 1262 dedit,
3294 1197 3418 1266 quia
3451 1198 3704 1255 doctores

2116 1285 2219 1339 viri
2259 1292 2462 1340 sanctae
2505 1284 2759 1340 Ecclesiae
2799 1293 2877 1341 tot
2904 1296 3225 1342 ornamenta
3262 1288 3526 1358 prmbent,
3570 1298 3706 1360 quot

2116 1376 2377 1429 virtutum
2421 1377 2562 1431 bona
2592 1377 2907 1455 docuerunt.
2939 1376 3069 1445 Qute
3107 1378 3252 1433 enim
3282 1379 3434 1448 prius
3458 1378 3515 1432 in
3544 1394 3703 1436 aures

2118 1472 2174 1520 et
2200 1465 2438 1520 armillas
2465 1474 2770 1536 acceperat,
2811 1467 2922 1537 jam
2952 1483 3095 1522 nunc
3138 1483 3267 1523 vasa
3314 1483 3479 1523 aurea
3523 1477 3578 1523 et
3618 1485 3703 1524 ar-

2119 1565 2311 1626 gentea
2353 1572 2417 1612 ac
2464 1566 2642 1613 vestes
2672 1559 2884 1629 accipit,
2920 1559 3048 1629 quia
3091 1571 3277 1616 sancta
3305 1561 3546 1617 Ecclesia
3584 1578 3705 1633 quae

2120 1653 2246 1701 ante
2269 1662 2370 1717 per
2396 1646 2554 1702 ﬁdem
2575 1648 2935 1703 obedientiam
2963 1657 3021 1703 et
3051 1652 3421 1721 operationem
3448 1654 3699 1724 percipit,

2122 1752 2465 1805 excrescens,
2508 1740 2852 1810 postmodum
2891 1742 3055 1795 etiam
3102 1741 3171 1796 ad
3220 1743 3519 1812 spiritualia
3564 1744 3703 1800 dona

435 1812 611 1903 (Rom.
641 1834 786 1906 xm).
821 1834 923 1903 Qui
957 1834 1101 1890 enim
1128 1835 1271 1888 hanc
1299 1834 1353 1887 in
1381 1833 1664 1889 desideriis
1694 1832 1811 1886 ﬁeri
1842 1831 2022 1901 prohi-
2045 1812 2095 1872 Β
2122 1830 2479 1897 convalescit,
2508 1840 2567 1886 ut
2596 1831 2892 1902 prophetia:
2921 1833 3110 1903 spiritu
3150 1840 3204 1887 et
3229 1834 3493 1888 virtutum
3534 1837 3705 1905 gratia

432 1927 570 1993 buit,
594 1927 780 1997 procul
802 1927 966 1982 dubio
993 1925 1045 1979 in
1078 1924 1406 1980 necessitate
1432 1922 1709 1987 concedit,
1733 1922 1888 1992 juxta
1917 1921 2020 1977 hoc

433 2019 580 2089 quod
605 2034 821 2075 rursum
852 2018 1088 2073 dicitur:
1123 2015 1293 2070 Nemo
1329 2031 1539 2069 carnem
1576 2029 1727 2068 suam
1764 2013 1886 2067 odio
1921 2012 2021 2066 ha-

433 2112 551 2176 bet,
591 2110 681 2166 sed
727 2108 893 2165 nutrit
918 2119 969 2165 et
1002 2109 1139 2179 fovet
1173 2125 1289 2163 eam
1325 2107 1540 2179 (Ephes.
1570 2106 1646 2177 v).
1673 2105 1816 2159 Puer
1838 2112 2022 2159 autem

434 2202 697 2259 Rebeccae
725 2203 943 2258 inaures
975 2209 1030 2257 et
1053 2200 1292 2256 armillas
1324 2199 1506 2265 dedit,
1542 2199 1671 2269 quia
1699 2197 2024 2268 praedicator

434 2293 663 2363 quisque
709 2300 765 2348 et
807 2291 1054 2348 auditum
1101 2297 1305 2347 sanctae
1343 2288 1601 2345 Ecclesia:
1640 2302 1738 2358 per
1769 2287 2023 2343 obedien-

435 2384 593 2449 tiam,
615 2391 670 2438 et
695 2397 888 2438 manus
915 2398 1016 2452 per
1042 2383 1199 2437 bonae
1227 2380 1558 2452 operationis
1580 2380 1832 2434 meritum
1865 2388 2025 2432 exor-

437 2485 551 2530 nat.
606 2474 712 2530 Sed
757 2475 976 2530 inaures
1006 2475 1235 2530 duorum
1286 2473 1539 2528 siclorum
1587 2476 1745 2537 sunt,
1798 2468 2026 2524 armilla

436 2579 617 2624 autem
645 2569 898 2624 siclorum
928 2568 1139 2635 decem,
1162 2568 1286 2638 quia
1317 2567 1492 2635 prima
1511 2565 1684 2620 virtus
1704 2561 2025 2620 obedientite

437 2661 493 2716 in
522 2661 786 2717 charitate
827 2669 913 2717 est
942 2680 955 2714 :
986 2675 1108 2731 quae
1148 2659 1399 2715 videlicet
1441 2659 1681 2714 charitas
1725 2658 1781 2712 in
1816 2656 2026 2712 duobus
2056 2694 2061 2700 ς

438 2754 723 2823 prteccptis
750 2753 1120 2822 distinguitur,
1153 2759 1215 2806 ut
1254 2751 1396 2806 Deus
1431 2758 1486 2804 et
1528 2750 1810 2819 proximus
1836 2746 2025 2817 diliga—

438 2851 548 2908 tur,
576 2853 631 2897 et
661 2850 811 2898 recta
837 2843 1083 2913 operatio
1115 2857 1182 2896 ex
1207 2840 1450 2911 decalogi
1487 2839 1844 2911 completione
1865 2837 2026 2909 perﬁ-

439 2934 638 2998 ciatur,
682 2943 745 2987 ut
790 2949 913 2989 cum
944 2934 1085 2989 bona
1117 2933 1202 3003 agi
1232 2933 1528 3002 coeperint,
1574 2931 1715 2986 mala
1736 2930 1851 3000 jam
1880 2930 2025 2985 nulla

440 3031 842 3092 perpetrantur.
872 3022 1116 3079 Rebecca
1137 3031 1321 3078 autem
1346 3038 1467 3078 esse
1490 3023 1546 3077 in
1571 3024 1731 3078 domo
1749 3022 1923 3092 patris
1943 3021 2025 3077 sui

440 3108 621 3164 locum
663 3112 960 3181 spatiosum
1001 3112 1069 3166 ad
1096 3113 1445 3167 manendum
1492 3113 1784 3183 perhibuit,
1825 3113 1952 3183 quia
1994 3128 2025 3167 a

441 3201 625 3269 priore
647 3200 759 3270 jam
790 3202 987 3273 populo
1014 3211 1224 3259 natura;
1252 3203 1426 3275 legem
1467 3213 1655 3260 sancta
1688 3205 1930 3261 Ecclesia
1967 3221 2025 3261 se

441 3290 612 3345 scisse
650 3293 1003 3358 monstravit,
1040 3300 1098 3347 et
1124 3294 1524 3362 praedicationis
1550 3295 1716 3350 verba
1758 3294 1814 3349 in
1849 3296 2028 3366 amplo

443 3382 727 3438 cbaritatis
745 3383 954 3452 gremio
976 3386 1230 3454 suscepit.
1255 3385 1473 3441 Doctori
1498 3387 1640 3440 enim
1670 3386 1939 3456 spatiosus
1959 3387 2027 3441 ad

443 3473 770 3529 manendum
799 3474 949 3529 locus
979 3483 1064 3529 est
1093 3476 1147 3529 in
1174 3476 1440 3530 auditoris
1463 3477 1653 3541 corde,
1681 3475 1908 3531 latitudo
1933 3477 2029 3531 bo-

443 3564 652 3619 nitatis.
680 3564 834 3620 Unde
862 3574 918 3621 et
943 3566 1264 3635 quibusdam
1294 3566 1526 3622 dicitur:
1552 3566 1735 3637 Capite
1760 3583 1852 3621 nos
1876 3581 1894 3618 :
1920 3567 2030 3621 Ne-

441 3655 634 3708 minem
661 3653 913 3721 ltesimus,
940 3657 1195 3710 neminem
1238 3657 1589 3726 corrupimus,
1615 3656 2026 3727 Angustiamim',

442 3759 548 3796 non
571 3744 627 3797 in
653 3745 800 3799 nobis
820 3758 839 3796 :
861 3746 1242 3816 angustiamini
1270 3755 1448 3800 autent
1468 3747 1523 3800 in
1544 3747 1825 3802 visceribus
1845 3749 2030 3802 vestris

447 3831 534 3903 (II
557 3831 683 3890 Cor.
713 3834 812 3905 vt).
847 3833 927 3889 Ac
957 3835 1004 3890 si
1042 3844 1229 3905 aperte
1271 3835 1582 3892 diceretur:
1607 3837 1689 3892 Ad
1733 3838 2031 3908 suscipien~

444 3922 569 3976 dam
599 3923 900 3979 doctrinam
930 3926 1231 3994 spatiosum
1260 3928 1457 3983 mentis
1481 3928 1660 3984 locum
1708 3929 1869 3984 facite
1888 3970 1902 3994 ,
1935 3928 2029 3985 sed

444 4014 511 4067 ad
532 4014 820 4084 cogitanda
841 4015 1100 4080 carnalia,
1122 4018 1336 4088 angusti
1357 4020 1651 4075 remanete.
1676 4019 1829 4087 Quod
1852 4019 2038 4089 palea-'

445 4119 567 4157 rum
597 4120 662 4159 ac
689 4104 797 4159 feni
820 4106 1110 4176 plurimum
1135 4107 1361 4162 haberet
1382 4108 1660 4176 indicavit,
1690 4109 1815 4181 quia
1843 4116 2030 4165 sancta

447 4194 688 4249 Ecclesia
720 4196 884 4252 verba
910 4197 1037 4251 vita:
1068 4198 1324 4263 audiens,
1357 4207 1572 4254 terrena
1601 4199 1866 4270 stipendia
1896 4215 2033 4270 prte-

445 4284 778 4341 dicatoribus
802 4287 1069 4354 reddidit;
1103 4303 1225 4357 quae
1251 4288 1377 4343 dum
1399 4288 1598 4345 Paulus
1625 4290 1777 4360 quasi
1814 4305 1913 4359 pro
1950 4289 2033 4343 ni-

442 4375 557 4430 hilo
588 4376 893 4446 acciperet,
923 4378 1094 4432 dixit:
1133 4376 1193 4432 Si
1235 4395 1329 4433 nos
1359 4379 1500 4434 vobis
1545 4379 1846 4450 spiritualia
1880 4380 2033 4433 semi-

2053 3162 2100 3228 C

2126 1921 2348 1992 repleta,
2378 1922 2647 1991 ampliatis
2668 1921 2781 1991 jam
2809 1924 3125 1980 muneribus
3154 1934 3382 1981 crescat.
3412 1926 3555 1981 Puer
3578 1944 3704 1984 vero

2123 2012 2285 2067 matri
2327 2010 2442 2080 ejus
2468 2028 2532 2069 ac
2560 2012 2820 2069 fratribus
2854 2012 2993 2069 dona
3022 2015 3246 2081 obtulit,
3276 2017 3402 2086 quia
3435 2019 3706 2090 gentilitas

2123 2119 2190 2160 ex
2221 2119 2328 2175 quo
2354 2104 2590 2159 Ecclesia
2633 2107 2701 2160 ad
2735 2105 2895 2163 ﬁdem
2927 2107 3096 2173 venit,
3136 2118 3257 2178 post
3298 2110 3707 2164 conversionem

2124 2192 2241 2262 ejus
2287 2195 2342 2248 in
2392 2194 2563 2265 gloria
2607 2196 2889 2265 temporali
2929 2196 3232 2263 convaluit,
3283 2197 3421 2253 sicut
3465 2206 3523 2254 et
3566 2214 3712 2254 nunc

2125 2284 2417 2350 cernimus,
2462 2286 2587 2356 quia
2626 2286 2827 2357 ubique
2856 2287 3151 2344 Christiani
3201 2288 3547 2346 aillictionem
3589 2306 3712 2346 sen—

2125 2378 2286 2432 tiuut.
2334 2377 2402 2432 Et
2427 2377 2655 2449 gentiles
2680 2379 2880 2451 quique
2907 2381 2962 2435 in
3002 2388 3216 2437 terrena
3245 2383 3444 2439 virtute
3477 2383 3712 2455 glorian-

2127 2479 2233 2525 tur.
2265 2469 2374 2525 Sed
2403 2479 2458 2525 et
2478 2469 2676 2526 fratres
2697 2470 2814 2541 ejus
2853 2473 2991 2527 dona
3021 2473 3346 2545 percipiunt,
3377 2476 3506 2545 quia
3534 2475 3588 2529 hi
3617 2475 3710 2544 qui

2125 2560 2180 2615 in
2201 2576 2266 2615 ea
2297 2559 2454 2615 ﬁdem
2480 2562 2808 2617 verbotenus
2847 2571 3054 2630 tenent,
3084 2566 3176 2620 sed
3209 2573 3387 2619 tamen
3415 2564 3715 2636 professio-

2126 2667 2249 2707 nem
2293 2668 2445 2707 suam
2500 2653 2743 2709 moribus
2800 2670 2907 2708 non
2959 2665 3246 2725 sequentes
3293 2656 3583 2712 carnaliter
3627 2657 3714 2711 vi-

2128 2750 2277 2808 vunt,
2318 2743 2549 2817 benigne
2592 2758 2625 2797 a
2671 2744 2920 2800 ﬁdelibus
2963 2746 3219 2801 honorari
3277 2746 3453 2803 solent
3499 2764 3601 2818 pro
3648 2761 3717 2801 eo

2126 2837 2271 2906 quod
2311 2850 2434 2891 esse
2467 2837 2724 2891 videntur
2761 2837 2965 2893 ﬁdeles.
3015 2836 3186 2893 Mater
3234 2852 3361 2908 ergo
3403 2847 3460 2892 et
3514 2839 3715 2895 fratres

2127 2928 2267 2984 dona
2312 2929 2637 2999 percipiunt,
2674 2945 2703 2984 a
2741 2939 2887 2986 sorte
2920 2938 3102 2985 tamen
3143 2931 3477 2987 luereditatis
3525 2930 3712 2999 alieni,

2127 3020 2252 3090 quia
2288 3022 2400 3077 sive
2429 3021 2672 3077 infideles
2721 3037 2816 3077 seu
2848 3023 3091 3077 carnales
3120 3022 3212 3092 qui
3250 3022 3393 3077 intra
3426 3022 3549 3078 ﬁdei
3589 3036 3718 3095 pro-

2132 3109 2421 3167 fessionem
2454 3104 2708 3166 fenentur
2749 3113 2818 3167 ad
2862 3114 3194 3169 haereditalis
3240 3123 3460 3169 aeternae
3508 3125 3717 3170 sortem

2132 3216 2239 3256 non
2270 3202 2512 3267 veniunt,
2551 3202 2647 3259 sed
2685 3210 2866 3258 tamen
2896 3220 3143 3275 superna:
3168 3203 3440 3275 largitatis
3481 3203 3716 3276 gloriam

2129 3292 2498 3361 temporaliter
2546 3301 2974 3364 consequuntur.
3036 3294 3281 3350 Rebecca
3339 3302 3523 3349 autem
3584 3310 3719 3349 cum

2126 3384 2319 3454 puellis
2358 3385 2471 3440 suis
2504 3385 2680 3439 virum
2721 3392 2906 3440 secuta
2944 3393 3049 3452 est,
3079 3386 3204 3456 quia
3236 3393 3424 3440 sancta
3466 3385 3717 3441 Ecclesia

2128 3475 2289 3529 habet
2318 3490 2500 3529 secum
2525 3475 2751 3530 minoris
2780 3474 2959 3530 meriti
2985 3476 3195 3530 animas
3220 3475 3435 3531 sodales
3478 3491 3632 3542 suas,
3662 3485 3720 3531 et

2128 3564 2183 3619 in
2211 3565 2531 3634 quibusdam
2569 3580 2666 3636 per
2696 3581 2982 3621 ascensum
3033 3565 3232 3620 mentis
3281 3567 3541 3620 thronum
3587 3582 3723 3619 con-

2129 3654 2495 3724 templationis
2535 3670 2640 3709 non
2671 3656 2853 3710 habet.
2889 3655 3019 3723 Quae
3057 3654 3308 3709 videlicet
3341 3655 3476 3709 tales
3519 3655 3721 3712 anima:

2129 3749 2284 3819 quasi
2314 3747 2504 3818 puella:
2550 3746 2811 3803 Rebecca:
2851 3755 2994 3812 sunt,
3041 3747 3166 3817 quia
3211 3755 3515 3818 sequuntur
3552 3748 3724 3802 mori-

2128 3838 2247 3901 bus,
2288 3839 2380 3892 sed
2410 3847 2588 3891 tamen
2619 3836 2686 3890 ad
2712 3835 3184 3905 contemplationis
3214 3835 3469 3889 thronum
3497 3833 3726 3888 minime

2131 3929 2450 3984 ascendunt.
2501 3927 2637 3983 Nam
2678 3936 2735 3982 et
2772 3927 2913 3983 idem
2944 3943 3081 3998 puer
3116 3927 3376 3998 quosdam
3425 3925 3622 3981 habuit
3664 3927 3719 3980 in

2132 4020 2411 4082 comitatu,
2461 4018 2584 4087 quia
2618 4034 2741 4072 cum
2792 4019 2995 4074 sanctis
3039 4018 3319 4089 prophetis
3360 4017 3591 4088 quidam
3632 4018 3723 4088 qui

2130 4110 2270 4165 bene
2315 4109 2579 4174 viverent,
2628 4109 2721 4164 sed
2764 4110 3060 4181 prophetia:
3101 4110 3349 4181 spiritum
3398 4124 3515 4183 non
3548 4109 3723 4165 habe-

2131 4206 2274 4253 rent.
2323 4197 2457 4254 Cum
2492 4199 2666 4254 beatis
2696 4199 2954 4267 apostolis
2986 4198 3206 4255 fuerunt
3240 4200 3485 4271 plerique
3514 4202 3610 4271 qui
3644 4203 3722 4256 vi-

2135 4300 2243 4346 tam
2282 4293 2523 4347 moribus
2549 4300 2817 4357 tenerent,
2858 4292 2952 4347 sed
2987 4293 3385 4362 praedicationis
3413 4295 3585 4349 verba
3614 4308 3723 4349 non

2131 4390 2462 4452 promerent.
2496 4381 2748 4438 Festinus
2779 4393 2959 4438 autem
2988 4398 3123 4454 puer
3149 4383 3217 4438 ad
3247 4382 3529 4440 dominum
3562 4383 3723 4444 redit,

445 4467 705 4530 navimus,
754 4484 1001 4536 magnum
1047 4477 1121 4521 est
1168 4470 1215 4522 si
1255 4487 1288 4522 a
1333 4469 1473 4523 vobis
1507 4469 1745 4522 carnalia
1773 4477 2029 4523 metamus
2056 4505 2110 4564 Ι)
2135 4472 2261 4543 quia
2308 4472 2692 4543 praedicatores
2735 4474 2931 4540 sancti,
2979 4489 3102 4528 cum
3154 4473 3503 4545 praedicando
3550 4474 3724 4528 vitam

449 4552 502 4622 (1
533 4550 657 4607 Cor.
689 4555 804 4624 rx)?
832 4555 1023 4610 Frater
1052 4564 1233 4610 autem
1259 4556 1520 4612 Rebecca:
1541 4565 1657 4610 erat
1688 4556 1872 4612 Laban
1892 4598 1906 4623 ,
1935 4560 2027 4628 qui

445 4645 657 4701 concite
697 4660 982 4718 egressus,
1028 4648 1243 4702 inaures
1286 4656 1344 4704 et
1383 4648 1624 4704 armillas
1650 4650 1853 4705 sororis
1880 4652 2029 4721 aSpi-

444 4733 796 4799 ciens,'intus
823 4749 1048 4804 puerum
1073 4736 1304 4803 vocavit,
1335 4736 1460 4806 quia
1490 4747 1617 4792 sunt
1642 4737 1885 4793 carnales
1911 4738 2030 4808 qui-

443 4843 550 4897 que
574 4827 823 4884 ﬁdelibus
857 4828 1128 4898 conjuncti
1151 4870 1166 4895 ,
1198 4830 1290 4901 qui
1326 4831 1452 4885 dum
1489 4830 1851 4900 Spiritualium
1882 4832 2025 4886 dona

444 4922 808 4992 conspiciunt,
832 4922 886 4976 in
911 4922 1271 4977 admiratione
1294 4923 1563 4992 suspensi.
1586 4932 1640 4978 et
1659 4924 1703 4978 si
1729 4938 1835 4978 non
1858 4938 2028 4991 usque

447 5011 516 5065 ad
542 5026 728 5080 opera,
760 5022 946 5067 tamen
970 5012 1023 5066 in
1056 5012 1298 5067 animum
1330 5028 1501 5082 usque
1529 5013 1596 5067 ad
1630 5012 2027 5082 suscipiendam

447 5100 606 5157 fidem
641 5102 868 5155 verbum
911 5100 1310 5170 praedicationis
1353 5101 1661 5156 admittunt.
1702 5100 1836 5167 Quia
1882 5102 2027 5156 enim

444 5193 616 5248 bonos
643 5207 786 5262 saepe
813 5192 1090 5248 miraculis
1132 5191 1340 5264 fulgere
1378 5195 1755 5258 considerant,
1795 5208 1857 5248 ea
1910 5209 2030 5263 quae

445 5282 513 5335 de
536 5283 838 5337 aeternitate
853 5283 1079 5338 audiunt
1099 5299 1206 5338 non
1230 5294 1503 5349 recusant,
1520 5284 1767 5354 quamvis
1788 5292 2027 5338 sanctam

444 5372 741 5427 electorum
797 5372 1099 5428 Ecclesiam
1152 5375 1394 5429 moribus
1439 5390 1546 5429 non
1597 5381 1917 5444 sequentes,
1970 5374 2025 5428 in

445 5461 651 5514 carnali
702 5462 1018 5531 operatione
1065 5471 1399 5518 remaneant.
1443 5463 1546 5530 Qui
1578 5464 1761 5519 Laban
1809 5464 2027 5533 paleas,

448 5548 658 5612 fenum,
691 5565 919 5619 panem,
959 5567 1154 5621 aquam
1189 5553 1418 5618 obtulit,
1452 5554 1547 5608 sed
1579 5569 1711 5622 puer
1756 5555 1859 5610 nisi
1901 5571 2029 5611 cau-

449 5656 560 5693 sam
611 5643 763 5710 prius
817 5643 1057 5714 conjugii
1117 5647 1423 5711 obtineret,
1475 5655 1754 5717 acceptum
1797 5663 1856 5704 se
1905 5664 2028 5704 esse

448 5731 755 5794 recusavit,
804 5733 929 5800 quia
986 5739 1111 5789 Sunt
1158 5735 1402 5807 plerique
1447 5738 1537 5807 qui
1594 5738 1847 5795 doctores
1897 5756 2024 5797 suos

2132 4563 2465 4619 audientium
2509 4564 2776 4630 obtinent,
2824 4564 2903 4618 illi
2948 4580 3071 4619 mox
3119 4565 3322 4636 gratias
3359 4565 3618 4632 reddunt,
3661 4565 3726 4620 de

2133 4655 2287 4725 cujus
2316 4655 2421 4710 hoc
2453 4671 2679 4711 munere
2705 4664 3086 4726 perceperunt,
3118 4664 3177 4711 ut
3204 4656 3307 4712 sibi
3343 4656 3397 4710 in
3432 4672 3497 4711 ea
3529 4673 3723 4728 opera-

2133 4743 2278 4800 tione
2301 4746 2436 4800 nihil
2464 4747 2725 4812 tribuant,
2754 4749 2851 4802 sed
2877 4747 3105 4803 auctori.
3156 4747 3234 4801 Eo
3259 4755 3441 4802 autem
3479 4757 3729 4821 tempore

2129 4836 2280 4890 Isaac
2314 4835 2690 4892 deambulabat
2723 4853 2820 4907 per
2862 4839 3008 4892 viam
3041 4855 3159 4908 qua:
3190 4839 3339 4894 ducit
3369 4840 3437 4893 ad
3471 4850 3724 4910 puteum,

2132 4926 2284 4995 cujus
2312 4933 2393 4980 est
2423 4941 2619 4981 nomen
2654 4925 2883 4981 Viventis
2907 4937 2954 4982 et
2981 4928 3219 4981 videntis.
3262 4928 3395 4995 Quis
3423 4938 3512 4984 est
3535 4931 3729 4985 vivens

2128 5025 2183 5069 et
2212 5017 2418 5080 videns,
2463 5017 2567 5071 nisi
2616 5019 2963 5088 omnipotens
2991 5019 3130 5072 Deus
3151 5060 3166 5084 ,
3203 5020 3268 5074 de
3297 5036 3406 5089 quo
3455 5021 3728 5091 scriptum

2129 5114 2212 5161 est
2241 5120 2255 5157 :
2288 5104 2423 5160 Vivo
2454 5122 2554 5176 ego
2594 5107 2649 5161 in
2693 5118 2983 5175 aeternum,
3023 5109 3153 5164 dicit
3198 5106 3479 5175 Dominus,
3512 5112 3584 5167 de
3616 5116 3727 5183 quo

2131 5212 2344 5250 rursum
2373 5197 2572 5251 dicitur
2604 5216 2616 5250 :
2654 5195 2846 5251 Omnia
2891 5197 3033 5252 nuda
3070 5209 3119 5252 et
3163 5210 3344 5269 aperta
3384 5210 3509 5255 sunt
3556 5202 3725 5255 oculis

2130 5286 2245 5355 ejus
2269 5284 2465 5357 (Hebr.
2497 5287 2609 5359 tv)?
2650 5285 2854 5343 Putcus
2880 5302 3008 5343 vero
3032 5287 3272 5342 viventis
3292 5296 3349 5342 et
3376 5288 3615 5344 videntis
3644 5300 3729 5345 est

2133 5390 2302 5430 sacrae
2336 5374 2631 5445 Scriptura:
2666 5376 3029 5445 profunditas,
3081 5392 3247 5446 (piam
3290 5377 3449 5433 nobis
3491 5379 3561 5433 ad
3599 5380 3726 5434 irri-

2132 5469 2401 5538 gationem
2427 5467 2621 5521 mentis
2645 5465 2876 5537 praebuit
2900 5468 3244 5536 omnipotens
3272 5466 3436 5521 Deus.
3476 5467 3609 5535 Quae
3638 5476 3727 5524 est

2131 5568 2309 5614 autem
2333 5559 2419 5613 via
2456 5574 2577 5630 quae
2603 5558 2750 5613 ducit
2777 5558 2844 5612 ad
2880 5567 3101 5629 puteum
3127 5560 3359 5614 viventis
3387 5566 3443 5614 et
3465 5559 3735 5625 videntis,‘

2098 5649 2233 5704 -nisi
2276 5649 2553 5705 humilitas
2587 5649 2857 5719 passionis
2894 5650 3180 5721 unigeniti,
3228 5664 3329 5719 per
3355 5664 3521 5719 quam
3564 5649 3726 5706 nobis

2128 5751 2374 5811 apertum
2422 5750 2506 5798 est
2534 5743 2638 5798 hoc
2670 5742 2812 5813 quod
2840 5742 2990 5814 prius
3036 5741 3267 5799 latenter
3296 5741 3598 5815 Scriptura:
3636 5757 3725 5799 sa-
