  <div class='ocr_page' id='page_1' title='image "/cluster/home/n/w/nwhite01/storage/ocr_20150623/107/hvd.32044054759725/294.png"; bbox 0 0 3958 6204; ppageno 0'>
   <div class='ocr_carea' id='block_1_1' title="bbox 197 267 302 352">
    <p class='ocr_par' dir='ltr' id='par_1_1' title="bbox 197 267 302 352">
     <span class='ocr_line' id='line_1_1' title="bbox 197 267 302 352; baseline -0.01 -30"><span class='ocrx_word' id='word_1_1' title='bbox 197 267 302 352; x_wconf 68' lang='lat'><strong>577</strong></span> 
     </span>
    </p>
   </div>
   <div class='ocr_carea' id='block_1_2' title="bbox 191 658 1782 749">
    <p class='ocr_par' dir='ltr' id='par_1_2' title="bbox 191 658 1782 749">
     <span class='ocr_line' id='line_1_2' title="bbox 191 658 1782 749; baseline 0.018 -40"><span class='ocrx_word' id='word_1_2' title='bbox 191 658 354 713; x_wconf 90' lang='lat' dir='ltr'><strong>nobis</strong></span> <span class='ocrx_word' id='word_1_3' title='bbox 381 660 540 731; x_wconf 84' lang='lat' dir='ltr'><strong>hujus</strong></span> <span class='ocrx_word' id='word_1_4' title='bbox 566 666 739 734; x_wconf 86' lang='lat' dir='ltr'><strong>putei,</strong></span> <span class='ocrx_word' id='word_1_5' title='bbox 776 666 831 721; x_wconf 99' lang='lat' dir='ltr'><strong>id</strong></span> <span class='ocrx_word' id='word_1_6' title='bbox 858 678 944 724; x_wconf 89' lang='lat' dir='ltr'><strong>est</strong></span> <span class='ocrx_word' id='word_1_7' title='bbox 983 670 1277 743; x_wconf 70' lang='lat' dir='ltr'><strong>Scriptum</strong></span> <span class='ocrx_word' id='word_1_8' title='bbox 1303 692 1472 732; x_wconf 76' lang='lat' dir='ltr'><strong>sacra:</strong></span> <span class='ocrx_word' id='word_1_9' title='bbox 1505 680 1782 749; x_wconf 82' lang='lat' dir='ltr'><strong>profundi-</strong></span> 
     </span>
    </p>
   </div>
   <div class='ocr_carea' id='block_1_3' title="bbox 191 756 1780 843">
    <p class='ocr_par' dir='ltr' id='par_1_3' title="bbox 191 756 1780 843">
     <span class='ocr_line' id='line_1_3' title="bbox 191 756 1780 843; baseline 0.018 -42"><span class='ocrx_word' id='word_1_10' title='bbox 191 756 282 803; x_wconf 87' lang='lat' dir='ltr'><strong>tas</strong></span> <span class='ocrx_word' id='word_1_11' title='bbox 313 766 423 805; x_wconf 90' lang='lat' dir='ltr'><strong>non</strong></span> <span class='ocrx_word' id='word_1_12' title='bbox 454 761 685 822; x_wconf 89' lang='lat' dir='ltr'><strong>pateret.</strong></span> <span class='ocrx_word' id='word_1_13' title='bbox 729 759 868 826; x_wconf 82' lang='lat' dir='ltr'><strong>Quid</strong></span> <span class='ocrx_word' id='word_1_14' title='bbox 905 777 1038 832; x_wconf 88' lang='lat' dir='ltr'><strong>ergo</strong></span> <span class='ocrx_word' id='word_1_15' title='bbox 1075 764 1320 823; x_wconf 85' lang='lat' dir='ltr'><strong>ﬁdelibus</strong></span> <span class='ocrx_word' id='word_1_16' title='bbox 1354 770 1629 827; x_wconf 76' lang='lat' dir='ltr'><strong>humilitas</strong></span> <span class='ocrx_word' id='word_1_17' title='bbox 1656 789 1780 843; x_wconf 84' lang='lat' dir='ltr'><strong>pas-</strong></span> 
     </span>
    </p>
   </div>
   <div class='ocr_carea' id='block_1_4' title="bbox 189 838 1776 932">
    <p class='ocr_par' dir='ltr' id='par_1_4' title="bbox 189 838 1776 932">
     <span class='ocr_line' id='line_1_4' title="bbox 189 838 1776 932; baseline 0.018 -41"><span class='ocrx_word' id='word_1_18' title='bbox 189 838 366 895; x_wconf 89' lang='lat' dir='ltr'><strong>sionis</strong></span> <span class='ocrx_word' id='word_1_19' title='bbox 388 841 505 910; x_wconf 89' lang='lat' dir='ltr'><strong>ejus</strong></span> <span class='ocrx_word' id='word_1_20' title='bbox 531 842 672 898; x_wconf 84' lang='lat' dir='ltr'><strong>facta</strong></span> <span class='ocrx_word' id='word_1_21' title='bbox 698 854 804 913; x_wconf 88' lang='lat' dir='ltr'><strong>est,</strong></span> <span class='ocrx_word' id='word_1_22' title='bbox 833 850 934 905; x_wconf 87' lang='lat' dir='ltr'><strong>nisi</strong></span> <span class='ocrx_word' id='word_1_23' title='bbox 962 853 1130 909; x_wconf 83' lang='lat' dir='ltr'><strong>clavis</strong></span> <span class='ocrx_word' id='word_1_24' title='bbox 1155 858 1469 927; x_wconf 73' lang='lat' dir='ltr'><strong>apertionis,</strong></span> <span class='ocrx_word' id='word_1_25' title='bbox 1498 876 1597 931; x_wconf 90' lang='lat' dir='ltr'><strong>per</strong></span> <span class='ocrx_word' id='word_1_26' title='bbox 1613 879 1776 932; x_wconf 90' lang='lat' dir='ltr'><strong>quam</strong></span> 
     </span>
    </p>
   </div>
   <div class='ocr_carea' id='block_1_5' title="bbox 188 932 1776 1023">
    <p class='ocr_par' dir='ltr' id='par_1_5' title="bbox 188 932 1776 1023">
     <span class='ocr_line' id='line_1_5' title="bbox 188 932 1776 1023; baseline 0.02 -42"><span class='ocrx_word' id='word_1_27' title='bbox 188 932 578 1000; x_wconf 73' lang='lat' dir='ltr'><strong>mysteriorum</strong></span> <span class='ocrx_word' id='word_1_28' title='bbox 592 935 688 990; x_wconf 88' lang='lat' dir='ltr'><strong>Dei</strong></span> <span class='ocrx_word' id='word_1_29' title='bbox 706 948 927 1007; x_wconf 86' lang='lat' dir='ltr'><strong>puteum</strong></span> <span class='ocrx_word' id='word_1_30' title='bbox 955 943 1277 1015; x_wconf 77' lang='lat' dir='ltr'><strong>invenimus,</strong></span> <span class='ocrx_word' id='word_1_31' title='bbox 1309 958 1369 1003; x_wconf 88' lang='lat' dir='ltr'><strong>ut</strong></span> <span class='ocrx_word' id='word_1_32' title='bbox 1387 967 1580 1021; x_wconf 90' lang='lat' dir='ltr'><strong>aquam</strong></span> <span class='ocrx_word' id='word_1_33' title='bbox 1582 959 1776 1023; x_wconf 59' lang='lat' dir='ltr'><strong>ﬁcien-</strong></span> 
     </span>
    </p>
   </div>
   <div class='ocr_carea' id='block_1_6' title="bbox 189 1020 1769 1117">
    <p class='ocr_par' dir='ltr' id='par_1_6' title="bbox 189 1020 1769 1117">
     <span class='ocr_line' id='line_1_6' title="bbox 189 1020 1769 1117; baseline 0.018 -44"><span class='ocrx_word' id='word_1_34' title='bbox 189 1020 284 1075; x_wconf 72' lang='lat' dir='ltr'><strong>tite</strong></span> <span class='ocrx_word' id='word_1_35' title='bbox 310 1021 378 1076; x_wconf 88' lang='lat' dir='ltr'><strong>de</strong></span> <span class='ocrx_word' id='word_1_36' title='bbox 402 1022 675 1091; x_wconf 88' lang='lat' dir='ltr'><strong>profundo</strong></span> <span class='ocrx_word' id='word_1_37' title='bbox 719 1028 1049 1087; x_wconf 88' lang='lat' dir='ltr'><strong>libaremus?</strong></span> <span class='ocrx_word' id='word_1_38' title='bbox 1076 1020 1505 1097; x_wconf 84' lang='lat' dir='ltr'><strong>lncarnatiouem</strong></span> <span class='ocrx_word' id='word_1_39' title='bbox 1546 1020 1769 1117; x_wconf 82' lang='lat' dir='ltr'><strong>quippe,</strong></span> 
     </span>
    </p>
   </div>
   <div class='ocr_carea' id='block_1_7' title="bbox 185 1111 1771 1202">
    <p class='ocr_par' dir='ltr' id='par_1_7' title="bbox 185 1111 1771 1202">
     <span class='ocr_line' id='line_1_7' title="bbox 185 1111 1771 1202; baseline 0.021 -40"><span class='ocrx_word' id='word_1_40' title='bbox 185 1111 522 1180; x_wconf 76' lang='lat' dir='ltr'><strong>passionem,</strong></span> <span class='ocrx_word' id='word_1_41' title='bbox 547 1127 797 1183; x_wconf 89' lang='lat' dir='ltr'><strong>mortem,</strong></span> <span class='ocrx_word' id='word_1_42' title='bbox 832 1127 1287 1184; x_wconf 84' lang='lat' dir='ltr'><strong>resurrectionem</strong></span> <span class='ocrx_word' id='word_1_43' title='bbox 1310 1141 1471 1202; x_wconf 90' lang='lat' dir='ltr'><strong>atque</strong></span> <span class='ocrx_word' id='word_1_44' title='bbox 1500 1140 1771 1194; x_wconf 89' lang='lat' dir='ltr'><strong>ascensio-</strong></span> 
     </span>
    </p>
   </div>
   <div class='ocr_carea' id='block_1_8' title="bbox 184 1203 1768 1302">
    <p class='ocr_par' dir='ltr' id='par_1_8' title="bbox 184 1203 1768 1302">
     <span class='ocr_line' id='line_1_8' title="bbox 184 1203 1768 1302; baseline 0.022 -48"><span class='ocrx_word' id='word_1_45' title='bbox 184 1217 314 1256; x_wconf 87' lang='lat' dir='ltr'><strong>nem</strong></span> <span class='ocrx_word' id='word_1_46' title='bbox 344 1203 507 1272; x_wconf 89' lang='lat' dir='ltr'><strong>illius,</strong></span> <span class='ocrx_word' id='word_1_47' title='bbox 531 1210 673 1265; x_wconf 90' lang='lat' dir='ltr'><strong>sacri</strong></span> <span class='ocrx_word' id='word_1_48' title='bbox 703 1212 902 1283; x_wconf 90' lang='lat' dir='ltr'><strong>eloquii</strong></span> <span class='ocrx_word' id='word_1_49' title='bbox 925 1218 1135 1287; x_wconf 78' lang='lat' dir='ltr'><strong>pagina:</strong></span> <span class='ocrx_word' id='word_1_50' title='bbox 1161 1220 1472 1293; x_wconf 91' lang='lat' dir='ltr'><strong>loquuntur,</strong></span> <span class='ocrx_word' id='word_1_51' title='bbox 1497 1244 1617 1299; x_wconf 64' lang='lat' dir='ltr'><strong>quae</strong></span> <span class='ocrx_word' id='word_1_52' title='bbox 1641 1234 1768 1302; x_wconf 86' lang='lat' dir='ltr'><strong>quia</strong></span> 
     </span>
    </p>
   </div>
   <div class='ocr_carea' id='block_1_9' title="bbox 186 1290 1764 1386">
    <p class='ocr_par' dir='ltr' id='par_1_9' title="bbox 186 1290 1764 1386">
     <span class='ocr_line' id='line_1_9' title="bbox 186 1290 1764 1386; baseline 0.023 -43"><span class='ocrx_word' id='word_1_53' title='bbox 186 1290 329 1346; x_wconf 82' lang='lat' dir='ltr'><strong>facta</strong></span> <span class='ocrx_word' id='word_1_54' title='bbox 386 1300 769 1367; x_wconf 76' lang='lat' dir='ltr'><strong>cognovimus,</strong></span> <span class='ocrx_word' id='word_1_55' title='bbox 817 1304 930 1373; x_wconf 86' lang='lat' dir='ltr'><strong>jam</strong></span> <span class='ocrx_word' id='word_1_56' title='bbox 970 1323 1115 1365; x_wconf 93' lang='lat' dir='ltr'><strong>nunc</strong></span> <span class='ocrx_word' id='word_1_57' title='bbox 1158 1290 1532 1386; x_wconf 46' lang='lat' dir='ltr'><strong>intelligimus-</strong></span> <span class='ocrx_word' id='word_1_58' title='bbox 1560 1290 1764 1379; x_wconf 77' lang='lat' dir='ltr'><strong>audita.</strong></span> 
     </span>
    </p>
   </div>
   <div class='ocr_carea' id='block_1_10' title="bbox 186 1382 1767 1476">
    <p class='ocr_par' dir='ltr' id='par_1_10' title="bbox 186 1382 1767 1476">
     <span class='ocr_line' id='line_1_10' title="bbox 186 1382 1767 1476; baseline 0.022 -41"><span class='ocrx_word' id='word_1_59' title='bbox 186 1382 316 1438; x_wconf 68' lang='lat' dir='ltr'><strong>Hinc</strong></span> <span class='ocrx_word' id='word_1_60' title='bbox 359 1394 541 1442; x_wconf 91' lang='lat' dir='ltr'><strong>autem</strong></span> <span class='ocrx_word' id='word_1_61' title='bbox 591 1392 741 1459; x_wconf 90' lang='lat' dir='ltr'><strong>prius</strong></span> <span class='ocrx_word' id='word_1_62' title='bbox 792 1393 895 1464; x_wconf 83' lang='lat' dir='ltr'><strong>legi</strong></span> <span class='ocrx_word' id='word_1_63' title='bbox 937 1405 1218 1467; x_wconf 87' lang='lat' dir='ltr'><strong>poterant;</strong></span> <span class='ocrx_word' id='word_1_64' title='bbox 1252 1382 1354 1459; x_wconf 79' lang='lat' dir='ltr'><strong>sed</strong></span> <span class='ocrx_word' id='word_1_65' title='bbox 1383 1408 1507 1476; x_wconf 82' lang='lat' dir='ltr'><strong>quia</strong></span> <span class='ocrx_word' id='word_1_66' title='bbox 1538 1412 1767 1469; x_wconf 81' lang='lat' dir='ltr'><strong>necdum</strong></span> 
     </span>
    </p>
   </div>
   <div class='ocr_carea' id='block_1_11' title="bbox 179 1477 1768 1568">
    <p class='ocr_par' dir='ltr' id='par_1_11' title="bbox 179 1477 1768 1568">
     <span class='ocr_line' id='line_1_11' title="bbox 179 1477 1768 1568; baseline 0.023 -45"><span class='ocrx_word' id='word_1_67' title='bbox 179 1485 470 1540; x_wconf 75' lang='lat' dir='ltr'><strong>venerant,</strong></span> <span class='ocrx_word' id='word_1_68' title='bbox 504 1477 728 1550; x_wconf 80' lang='lat' dir='ltr'><strong>intelligi</strong></span> <span class='ocrx_word' id='word_1_69' title='bbox 757 1496 863 1537; x_wconf 92' lang='lat' dir='ltr'><strong>non</strong></span> <span class='ocrx_word' id='word_1_70' title='bbox 891 1484 1159 1543; x_wconf 89' lang='lat' dir='ltr'><strong>valebant.</strong></span> <span class='ocrx_word' id='word_1_71' title='bbox 1201 1490 1355 1549; x_wconf 89' lang='lat' dir='ltr'><strong>Unde</strong></span> <span class='ocrx_word' id='word_1_72' title='bbox 1389 1505 1444 1551; x_wconf 93' lang='lat' dir='ltr'><strong>et</strong></span> <span class='ocrx_word' id='word_1_73' title='bbox 1483 1515 1580 1568; x_wconf 89' lang='lat' dir='ltr'><strong>per</strong></span> <span class='ocrx_word' id='word_1_74' title='bbox 1604 1500 1768 1559; x_wconf 84' lang='lat' dir='ltr'><strong>Joan-</strong></span> 
     </span>
    </p>
   </div>
   <div class='ocr_carea' id='block_1_12' title="bbox 181 1565 1764 1655">
    <p class='ocr_par' dir='ltr' id='par_1_12' title="bbox 181 1565 1764 1655">
     <span class='ocr_line' id='line_1_12' title="bbox 181 1565 1764 1655; baseline 0.022 -41"><span class='ocrx_word' id='word_1_75' title='bbox 181 1578 309 1616; x_wconf 90' lang='lat' dir='ltr'><strong>nem</strong></span> <span class='ocrx_word' id='word_1_76' title='bbox 338 1565 538 1619; x_wconf 88' lang='lat' dir='ltr'><strong>dicitur</strong></span> <span class='ocrx_word' id='word_1_77' title='bbox 566 1585 580 1620; x_wconf 91' lang='lat'><strong>:</strong></span> <span class='ocrx_word' id='word_1_78' title='bbox 612 1566 747 1622; x_wconf 81' lang='lat' dir='ltr'><strong>Vicit</strong></span> <span class='ocrx_word' id='word_1_79' title='bbox 772 1570 853 1625; x_wconf 84' lang='lat' dir='ltr'><strong>leo</strong></span> <span class='ocrx_word' id='word_1_80' title='bbox 886 1574 952 1628; x_wconf 86' lang='lat' dir='ltr'><strong>de</strong></span> <span class='ocrx_word' id='word_1_81' title='bbox 971 1576 1110 1631; x_wconf 80' lang='lat' dir='ltr'><strong>tribu</strong></span> <span class='ocrx_word' id='word_1_82' title='bbox 1135 1578 1314 1647; x_wconf 75' lang='lat' dir='ltr'><strong>Iuda,</strong></span> <span class='ocrx_word' id='word_1_83' title='bbox 1343 1565 1546 1655; x_wconf 78' lang='lat' dir='ltr'><strong>aperire</strong></span> <span class='ocrx_word' id='word_1_84' title='bbox 1573 1590 1764 1649; x_wconf 86' lang='lat' dir='ltr'><strong>librum</strong></span> 
     </span>
    </p>
   </div>
   <div class='ocr_carea' id='block_1_13' title="bbox 180 1652 1855 1750">
    <p class='ocr_par' dir='ltr' id='par_1_13' title="bbox 180 1652 1855 1750">
     <span class='ocr_line' id='line_1_13' title="bbox 180 1652 1855 1750; baseline 0.024 -46"><span class='ocrx_word' id='word_1_85' title='bbox 180 1662 234 1705; x_wconf 82' lang='lat' dir='ltr'><strong>et</strong></span> <span class='ocrx_word' id='word_1_86' title='bbox 250 1652 452 1708; x_wconf 69' lang='lat' dir='ltr'><strong>solvere</strong></span> <span class='ocrx_word' id='word_1_87' title='bbox 476 1667 667 1726; x_wconf 81' lang='lat' dir='ltr'><strong>septem</strong></span> <span class='ocrx_word' id='word_1_88' title='bbox 691 1659 965 1730; x_wconf 76' lang='lat' dir='ltr'><strong>signacula</strong></span> <span class='ocrx_word' id='word_1_89' title='bbox 993 1666 1110 1736; x_wconf 78' lang='lat' dir='ltr'><strong>ejus</strong></span> <span class='ocrx_word' id='word_1_90' title='bbox 1133 1670 1154 1741; x_wconf 87' lang='lat'><strong>(</strong></span> <span class='ocrx_word' id='word_1_91' title='bbox 1174 1670 1333 1742; x_wconf 85' lang='lat' dir='ltr'><strong>Apoc.</strong></span> <span class='ocrx_word' id='word_1_92' title='bbox 1366 1652 1440 1746; x_wconf 81' lang='lat' dir='ltr'><strong>v).</strong></span> <span class='ocrx_word' id='word_1_93' title='bbox 1471 1678 1589 1750; x_wconf 90' lang='lat' dir='ltr'><strong>Ipse</strong></span> <span class='ocrx_word' id='word_1_94' title='bbox 1612 1686 1757 1740; x_wconf 90' lang='lat' dir='ltr'><strong>enim</strong></span> <span class='ocrx_word' id='word_1_95' title='bbox 1852 1688 1855 1689; x_wconf 55' lang='grc'><strong><em>⁷</em></strong></span> 
     </span>
    </p>
   </div>
   <div class='ocr_carea' id='block_1_14' title="bbox 178 1739 1841 1845">
    <p class='ocr_par' dir='ltr' id='par_1_14' title="bbox 178 1739 1841 1845">
     <span class='ocr_line' id='line_1_14' title="bbox 178 1739 1841 1845; baseline 0.026 -53"><span class='ocrx_word' id='word_1_96' title='bbox 178 1739 383 1797; x_wconf 77' lang='lat' dir='ltr'><strong>librum</strong></span> <span class='ocrx_word' id='word_1_97' title='bbox 409 1747 617 1814; x_wconf 87' lang='lat' dir='ltr'><strong>aperuit</strong></span> <span class='ocrx_word' id='word_1_98' title='bbox 639 1757 695 1803; x_wconf 91' lang='lat' dir='ltr'><strong>et</strong></span> <span class='ocrx_word' id='word_1_99' title='bbox 715 1751 991 1822; x_wconf 85' lang='lat' dir='ltr'><strong>signacula</strong></span> <span class='ocrx_word' id='word_1_100' title='bbox 1019 1739 1335 1831; x_wconf 87' lang='lat' dir='ltr'><strong>ejussolvit,</strong></span> <span class='ocrx_word' id='word_1_101' title='bbox 1359 1739 1449 1837; x_wconf 80' lang='lat' dir='ltr'><strong>qui</strong></span> <span class='ocrx_word' id='word_1_102' title='bbox 1472 1739 1760 1845; x_wconf 68' lang='lat' dir='ltr'><strong>nascendo,</strong></span> <span class='ocrx_word' id='word_1_103' title='bbox 1796 1764 1841 1824; x_wconf 78' lang='grc' dir='ltr'>Β</span> 
     </span>
    </p>
   </div>
   <div class='ocr_carea' id='block_1_15' title="bbox 177 1833 1758 1938">
    <p class='ocr_par' dir='ltr' id='par_1_15' title="bbox 177 1833 1758 1938">
     <span class='ocr_line' id='line_1_15' title="bbox 177 1833 1758 1938; baseline 0.023 -51"><span class='ocrx_word' id='word_1_104' title='bbox 177 1833 485 1904; x_wconf 83' lang='lat' dir='ltr'><strong>moriendo,</strong></span> <span class='ocrx_word' id='word_1_105' title='bbox 534 1844 864 1913; x_wconf 86' lang='lat' dir='ltr'><strong>resurgendo</strong></span> <span class='ocrx_word' id='word_1_106' title='bbox 899 1854 1063 1919; x_wconf 89' lang='lat' dir='ltr'><strong>atque</strong></span> <span class='ocrx_word' id='word_1_107' title='bbox 1099 1854 1167 1908; x_wconf 90' lang='lat' dir='ltr'><strong>ad</strong></span> <span class='ocrx_word' id='word_1_108' title='bbox 1202 1833 1758 1938; x_wconf 42' lang='lat' dir='ltr'><strong>cados-ascendendo,</strong></span> 
     </span>
    </p>
   </div>
   <div class='ocr_carea' id='block_1_16' title="bbox 177 1923 1760 2015">
    <p class='ocr_par' dir='ltr' id='par_1_16' title="bbox 177 1923 1760 2015">
     <span class='ocr_line' id='line_1_16' title="bbox 177 1923 1760 2015; baseline 0.023 -36"><span class='ocrx_word' id='word_1_109' title='bbox 177 1923 479 1998; x_wconf 75' lang='lat' dir='ltr'><strong>Scriptura:</strong></span> <span class='ocrx_word' id='word_1_110' title='bbox 521 1945 692 1988; x_wconf 68' lang='lat' dir='ltr'><strong>sacrm</strong></span> <span class='ocrx_word' id='word_1_111' title='bbox 730 1936 886 1993; x_wconf 89' lang='lat' dir='ltr'><strong>nobis</strong></span> <span class='ocrx_word' id='word_1_112' title='bbox 911 1954 1111 1997; x_wconf 88' lang='lat' dir='ltr'><strong>arcana</strong></span> <span class='ocrx_word' id='word_1_113' title='bbox 1145 1947 1419 2014; x_wconf 82' lang='lat' dir='ltr'><strong>patefecit.</strong></span> <span class='ocrx_word' id='word_1_114' title='bbox 1467 1952 1535 2008; x_wconf 88' lang='lat' dir='ltr'><strong>Et</strong></span> <span class='ocrx_word' id='word_1_115' title='bbox 1564 1923 1760 2015; x_wconf 52' lang='lat' dir='ltr'><strong>notan:</strong></span> 
     </span>
    </p>
   </div>
   <div class='ocr_carea' id='block_1_17' title="bbox 166 2020 1760 2118">
    <p class='ocr_par' dir='ltr' id='par_1_17' title="bbox 166 2020 1760 2118">
     <span class='ocr_line' id='line_1_17' title="bbox 166 2020 1760 2118; baseline 0.021 -45"><span class='ocrx_word' id='word_1_116' title='bbox 166 2020 304 2074; x_wconf 83' lang='lat' dir='ltr'><strong>dum</strong></span> <span class='ocrx_word' id='word_1_117' title='bbox 353 2022 497 2092; x_wconf 88' lang='lat' dir='ltr'><strong>quod</strong></span> <span class='ocrx_word' id='word_1_118' title='bbox 535 2038 643 2080; x_wconf 93' lang='lat' dir='ltr'><strong>non</strong></span> <span class='ocrx_word' id='word_1_119' title='bbox 687 2026 924 2085; x_wconf 90' lang='lat' dir='ltr'><strong>dicitur:</strong></span> <span class='ocrx_word' id='word_1_120' title='bbox 957 2031 1282 2093; x_wconf 85' lang='lat' dir='ltr'><strong>Ambulabat</strong></span> <span class='ocrx_word' id='word_1_121' title='bbox 1317 2055 1415 2110; x_wconf 90' lang='lat' dir='ltr'><strong>per</strong></span> <span class='ocrx_word' id='word_1_122' title='bbox 1450 2045 1592 2101; x_wconf 84' lang='lat' dir='ltr'><strong>viam</strong></span> <span class='ocrx_word' id='word_1_123' title='bbox 1640 2064 1760 2118; x_wconf 75' lang='lat' dir='ltr'><strong>quze</strong></span> 
     </span>
    </p>
   </div>
   <div class='ocr_carea' id='block_1_18' title="bbox 170 2112 1759 2198">
    <p class='ocr_par' dir='ltr' id='par_1_18' title="bbox 170 2112 1759 2198">
     <span class='ocr_line' id='line_1_18' title="bbox 170 2112 1759 2198; baseline 0.022 -35"><span class='ocrx_word' id='word_1_124' title='bbox 170 2112 328 2167; x_wconf 85' lang='lat' dir='ltr'><strong>ducit</strong></span> <span class='ocrx_word' id='word_1_125' title='bbox 384 2115 452 2168; x_wconf 91' lang='lat' dir='ltr'><strong>ad</strong></span> <span class='ocrx_word' id='word_1_126' title='bbox 506 2125 764 2185; x_wconf 86' lang='lat' dir='ltr'><strong>puteum,</strong></span> <span class='ocrx_word' id='word_1_127' title='bbox 841 2122 937 2177; x_wconf 88' lang='lat' dir='ltr'><strong>sed</strong></span> <span class='ocrx_word' id='word_1_128' title='bbox 992 2125 1381 2188; x_wconf 83' lang='lat' dir='ltr'><strong>deambulabat.</strong></span> <span class='ocrx_word' id='word_1_129' title='bbox 1440 2112 1759 2198; x_wconf 79' lang='lat' dir='ltr'><strong>Deambulat</strong></span> 
     </span>
    </p>
   </div>
   <div class='ocr_carea' id='block_1_19' title="bbox 168 2203 1758 2287">
    <p class='ocr_par' dir='ltr' id='par_1_19' title="bbox 168 2203 1758 2287">
     <span class='ocr_line' id='line_1_19' title="bbox 168 2203 1758 2287; baseline 0.022 -33"><span class='ocrx_word' id='word_1_130' title='bbox 168 2203 373 2274; x_wconf 84' lang='lat' dir='ltr'><strong>quippe</strong></span> <span class='ocrx_word' id='word_1_131' title='bbox 418 2207 510 2277; x_wconf 90' lang='lat' dir='ltr'><strong>qui</strong></span> <span class='ocrx_word' id='word_1_132' title='bbox 543 2209 685 2264; x_wconf 87' lang='lat' dir='ltr'><strong>viam</strong></span> <span class='ocrx_word' id='word_1_133' title='bbox 730 2226 827 2282; x_wconf 91' lang='lat' dir='ltr'><strong>per</strong></span> <span class='ocrx_word' id='word_1_134' title='bbox 854 2230 1016 2285; x_wconf 89' lang='lat' dir='ltr'><strong>quam</strong></span> <span class='ocrx_word' id='word_1_135' title='bbox 1062 2221 1304 2279; x_wconf 87' lang='lat' dir='ltr'><strong>ambulat</strong></span> <span class='ocrx_word' id='word_1_136' title='bbox 1334 2228 1511 2283; x_wconf 90' lang='lat' dir='ltr'><strong>eundo</strong></span> <span class='ocrx_word' id='word_1_137' title='bbox 1551 2240 1606 2285; x_wconf 89' lang='lat' dir='ltr'><strong>et</strong></span> <span class='ocrx_word' id='word_1_138' title='bbox 1637 2234 1758 2287; x_wconf 87' lang='lat' dir='ltr'><strong>red-</strong></span> 
     </span>
    </p>
   </div>
   <div class='ocr_carea' id='block_1_20' title="bbox 164 2296 1756 2384">
    <p class='ocr_par' dir='ltr' id='par_1_20' title="bbox 164 2296 1756 2384">
     <span class='ocr_line' id='line_1_20' title="bbox 164 2296 1756 2384; baseline 0.023 -39"><span class='ocrx_word' id='word_1_139' title='bbox 164 2296 351 2349; x_wconf 83' lang='lat' dir='ltr'><strong>eundo</strong></span> <span class='ocrx_word' id='word_1_140' title='bbox 392 2299 696 2356; x_wconf 81' lang='lat' dir='ltr'><strong>concaleat.</strong></span> <span class='ocrx_word' id='word_1_141' title='bbox 737 2302 793 2357; x_wconf 91' lang='lat' dir='ltr'><strong>In</strong></span> <span class='ocrx_word' id='word_1_142' title='bbox 842 2305 1146 2367; x_wconf 90' lang='lat' dir='ltr'><strong>humilitate</strong></span> <span class='ocrx_word' id='word_1_143' title='bbox 1191 2317 1457 2384; x_wconf 87' lang='lat' dir='ltr'><strong>passionis</strong></span> <span class='ocrx_word' id='word_1_144' title='bbox 1496 2321 1756 2381; x_wconf 87' lang='lat' dir='ltr'><strong>Dominus</strong></span> 
     </span>
    </p>
   </div>
   <div class='ocr_carea' id='block_1_21' title="bbox 166 2381 1754 2470">
    <p class='ocr_par' dir='ltr' id='par_1_21' title="bbox 166 2381 1754 2470">
     <span class='ocr_line' id='line_1_21' title="bbox 166 2381 1754 2470; baseline 0.024 -36"><span class='ocrx_word' id='word_1_145' title='bbox 166 2381 559 2455; x_wconf 88' lang='lat' dir='ltr'><strong>deambulavit,</strong></span> <span class='ocrx_word' id='word_1_146' title='bbox 609 2392 732 2461; x_wconf 89' lang='lat' dir='ltr'><strong>quia</strong></span> <span class='ocrx_word' id='word_1_147' title='bbox 771 2397 932 2452; x_wconf 90' lang='lat' dir='ltr'><strong>modo</strong></span> <span class='ocrx_word' id='word_1_148' title='bbox 960 2415 988 2453; x_wconf 89' lang='lat' dir='ltr'><strong>a</strong></span> <span class='ocrx_word' id='word_1_149' title='bbox 1016 2381 1215 2460; x_wconf 55' lang='lat' dir='ltr'><strong>ludatis</strong></span> <span class='ocrx_word' id='word_1_150' title='bbox 1244 2409 1530 2466; x_wconf 84' lang='lat' dir='ltr'><strong>verborum</strong></span> <span class='ocrx_word' id='word_1_151' title='bbox 1563 2425 1754 2470; x_wconf 89' lang='lat' dir='ltr'><strong>contu-</strong></span> 
     </span>
    </p>
   </div>
   <div class='ocr_carea' id='block_1_22' title="bbox 167 2476 1753 2574">
    <p class='ocr_par' dir='ltr' id='par_1_22' title="bbox 167 2476 1753 2574">
     <span class='ocr_line' id='line_1_22' title="bbox 167 2476 1753 2574; baseline 0.026 -48"><span class='ocrx_word' id='word_1_152' title='bbox 167 2476 383 2544; x_wconf 88' lang='lat' dir='ltr'><strong>melias,</strong></span> <span class='ocrx_word' id='word_1_153' title='bbox 418 2482 578 2538; x_wconf 92' lang='lat' dir='ltr'><strong>modo</strong></span> <span class='ocrx_word' id='word_1_154' title='bbox 607 2495 793 2542; x_wconf 90' lang='lat' dir='ltr'><strong>contra</strong></span> <span class='ocrx_word' id='word_1_155' title='bbox 822 2505 882 2547; x_wconf 89' lang='lat' dir='ltr'><strong>se</strong></span> <span class='ocrx_word' id='word_1_156' title='bbox 916 2492 1110 2551; x_wconf 84' lang='lat' dir='ltr'><strong>falsum</strong></span> <span class='ocrx_word' id='word_1_157' title='bbox 1147 2500 1545 2574; x_wconf 91' lang='lat' dir='ltr'><strong>testimonium,</strong></span> <span class='ocrx_word' id='word_1_158' title='bbox 1593 2511 1753 2567; x_wconf 88' lang='lat' dir='ltr'><strong>modo</strong></span> 
     </span>
    </p>
   </div>
   <div class='ocr_carea' id='block_1_23' title="bbox 165 2566 1751 2658">
    <p class='ocr_par' dir='ltr' id='par_1_23' title="bbox 165 2566 1751 2658">
     <span class='ocr_line' id='line_1_23' title="bbox 165 2566 1751 2658; baseline 0.024 -39"><span class='ocrx_word' id='word_1_159' title='bbox 165 2566 371 2639; x_wconf 82' lang='lat' dir='ltr'><strong>alapas,</strong></span> <span class='ocrx_word' id='word_1_160' title='bbox 405 2573 568 2629; x_wconf 90' lang='lat' dir='ltr'><strong>modo</strong></span> <span class='ocrx_word' id='word_1_161' title='bbox 602 2586 778 2647; x_wconf 89' lang='lat' dir='ltr'><strong>sputa,</strong></span> <span class='ocrx_word' id='word_1_162' title='bbox 819 2584 979 2640; x_wconf 91' lang='lat' dir='ltr'><strong>modo</strong></span> <span class='ocrx_word' id='word_1_163' title='bbox 1012 2601 1251 2658; x_wconf 87' lang='lat' dir='ltr'><strong>crucem,</strong></span> <span class='ocrx_word' id='word_1_164' title='bbox 1293 2596 1452 2651; x_wconf 89' lang='lat' dir='ltr'><strong>modo</strong></span> <span class='ocrx_word' id='word_1_165' title='bbox 1492 2613 1751 2657; x_wconf 87' lang='lat' dir='ltr'><strong>coronam</strong></span> 
     </span>
    </p>
   </div>
   <div class='ocr_carea' id='block_1_24' title="bbox 164 2659 1748 2762">
    <p class='ocr_par' dir='ltr' id='par_1_24' title="bbox 164 2659 1748 2762">
     <span class='ocr_line' id='line_1_24' title="bbox 164 2659 1748 2762; baseline 0.025 -53"><span class='ocrx_word' id='word_1_166' title='bbox 164 2659 411 2727; x_wconf 83' lang='lat' dir='ltr'><strong>spineam</strong></span> <span class='ocrx_word' id='word_1_167' title='bbox 442 2663 722 2723; x_wconf 87' lang='lat' dir='ltr'><strong>tolerando</strong></span> <span class='ocrx_word' id='word_1_168' title='bbox 772 2674 1046 2731; x_wconf 84' lang='lat' dir='ltr'><strong>sustinuit.</strong></span> <span class='ocrx_word' id='word_1_169' title='bbox 1099 2677 1482 2742; x_wconf 87' lang='lat' dir='ltr'><strong>Deambulasse</strong></span> <span class='ocrx_word' id='word_1_170' title='bbox 1525 2702 1655 2762; x_wconf 90' lang='lat' dir='ltr'><strong>ergo</strong></span> <span class='ocrx_word' id='word_1_171' title='bbox 1693 2693 1748 2747; x_wconf 89' lang='lat' dir='ltr'><strong>in</strong></span> 
     </span>
    </p>
   </div>
   <div class='ocr_carea' id='block_1_25' title="bbox 164 2753 1749 2851">
    <p class='ocr_par' dir='ltr' id='par_1_25' title="bbox 164 2753 1749 2851">
     <span class='ocr_line' id='line_1_25' title="bbox 164 2753 1749 2851; baseline 0.021 -46"><span class='ocrx_word' id='word_1_172' title='bbox 164 2753 475 2812; x_wconf 85' lang='lat' dir='ltr'><strong>humilitate</strong></span> <span class='ocrx_word' id='word_1_173' title='bbox 520 2762 786 2830; x_wconf 82' lang='lat' dir='ltr'><strong>passionis</strong></span> <span class='ocrx_word' id='word_1_174' title='bbox 828 2774 913 2822; x_wconf 92' lang='lat' dir='ltr'><strong>est</strong></span> <span class='ocrx_word' id='word_1_175' title='bbox 950 2776 1030 2823; x_wconf 90' lang='lat' dir='ltr'><strong>tot</strong></span> <span class='ocrx_word' id='word_1_176' title='bbox 1076 2773 1431 2834; x_wconf 87' lang='lat' dir='ltr'><strong>adversitatcs</strong></span> <span class='ocrx_word' id='word_1_177' title='bbox 1462 2788 1517 2835; x_wconf 90' lang='lat' dir='ltr'><strong>et</strong></span> <span class='ocrx_word' id='word_1_178' title='bbox 1552 2753 1749 2851; x_wconf 64' lang='lat' dir='ltr'><strong>probra</strong></span> 
     </span>
    </p>
   </div>
   <div class='ocr_carea' id='block_1_26' title="bbox 161 2846 1746 2936">
    <p class='ocr_par' dir='ltr' id='par_1_26' title="bbox 161 2846 1746 2936">
     <span class='ocr_line' id='line_1_26' title="bbox 161 2846 1746 2936; baseline 0.021 -37"><span class='ocrx_word' id='word_1_179' title='bbox 161 2846 396 2903; x_wconf 88' lang='lat' dir='ltr'><strong>diversis</strong></span> <span class='ocrx_word' id='word_1_180' title='bbox 442 2851 616 2908; x_wconf 89' lang='lat' dir='ltr'><strong>modis</strong></span> <span class='ocrx_word' id='word_1_181' title='bbox 661 2855 907 2914; x_wconf 90' lang='lat' dir='ltr'><strong>iterando</strong></span> <span class='ocrx_word' id='word_1_182' title='bbox 957 2865 1259 2932; x_wconf 86' lang='lat' dir='ltr'><strong>pertulisse.</strong></span> <span class='ocrx_word' id='word_1_183' title='bbox 1300 2868 1401 2936; x_wconf 86' lang='lat' dir='ltr'><strong>Qui</strong></span> <span class='ocrx_word' id='word_1_184' title='bbox 1440 2846 1592 2931; x_wconf 71' lang='lat' dir='ltr'><strong>Isaac</strong></span> <span class='ocrx_word' id='word_1_185' title='bbox 1637 2876 1746 2933; x_wconf 85' lang='lat' dir='ltr'><strong>Re-</strong></span> 
     </span>
    </p>
   </div>
   <div class='ocr_carea' id='block_1_27' title="bbox 160 2942 1747 3034">
    <p class='ocr_par' dir='ltr' id='par_1_27' title="bbox 160 2942 1747 3034">
     <span class='ocr_line' id='line_1_27' title="bbox 160 2942 1747 3034; baseline 0.023 -46"><span class='ocrx_word' id='word_1_186' title='bbox 160 2942 326 2992; x_wconf 84' lang='lat' dir='ltr'><strong>becca</strong></span> <span class='ocrx_word' id='word_1_187' title='bbox 355 2942 607 2997; x_wconf 83' lang='lat' dir='ltr'><strong>veniente</strong></span> <span class='ocrx_word' id='word_1_188' title='bbox 640 2945 695 2999; x_wconf 90' lang='lat' dir='ltr'><strong>in</strong></span> <span class='ocrx_word' id='word_1_189' title='bbox 730 2954 874 3003; x_wconf 88' lang='lat' dir='ltr'><strong>terra</strong></span> <span class='ocrx_word' id='word_1_190' title='bbox 902 2950 1142 3010; x_wconf 84' lang='lat' dir='ltr'><strong>Australi</strong></span> <span class='ocrx_word' id='word_1_191' title='bbox 1188 2957 1413 3027; x_wconf 88' lang='lat' dir='ltr'><strong>habitat,</strong></span> <span class='ocrx_word' id='word_1_192' title='bbox 1463 2965 1590 3034; x_wconf 90' lang='lat' dir='ltr'><strong>quia</strong></span> <span class='ocrx_word' id='word_1_193' title='bbox 1620 2969 1747 3023; x_wconf 90' lang='lat' dir='ltr'><strong>uni-</strong></span> 
     </span>
    </p>
   </div>
   <div class='ocr_carea' id='block_1_28' title="bbox 156 3028 1743 3117">
    <p class='ocr_par' dir='ltr' id='par_1_28' title="bbox 156 3028 1743 3117">
     <span class='ocr_line' id='line_1_28' title="bbox 156 3028 1743 3117; baseline 0.023 -39"><span class='ocrx_word' id='word_1_194' title='bbox 156 3028 378 3096; x_wconf 83' lang='lat' dir='ltr'><strong>genitus</strong></span> <span class='ocrx_word' id='word_1_195' title='bbox 402 3030 663 3090; x_wconf 80' lang='lat' dir='ltr'><strong>Dominus</strong></span> <span class='ocrx_word' id='word_1_196' title='bbox 688 3052 754 3092; x_wconf 88' lang='lat' dir='ltr'><strong>ac</strong></span> <span class='ocrx_word' id='word_1_197' title='bbox 794 3040 1123 3113; x_wconf 85' lang='lat' dir='ltr'><strong>Redemptor</strong></span> <span class='ocrx_word' id='word_1_198' title='bbox 1160 3057 1366 3117; x_wconf 89' lang='lat' dir='ltr'><strong>noster,</strong></span> <span class='ocrx_word' id='word_1_199' title='bbox 1394 3028 1643 3111; x_wconf 77' lang='lat' dir='ltr'><strong>veniente</strong></span> <span class='ocrx_word' id='word_1_200' title='bbox 1675 3059 1743 3114; x_wconf 90' lang='lat' dir='ltr'><strong>ad</strong></span> 
     </span>
    </p>
   </div>
   <div class='ocr_carea' id='block_1_29' title="bbox 154 3117 1814 3214">
    <p class='ocr_par' dir='ltr' id='par_1_29' title="bbox 154 3117 1814 3214">
     <span class='ocr_line' id='line_1_29' title="bbox 154 3117 1814 3214; baseline 0.02 -43"><span class='ocrx_word' id='word_1_201' title='bbox 154 3132 215 3173; x_wconf 88' lang='lat' dir='ltr'><strong>se</strong></span> <span class='ocrx_word' id='word_1_202' title='bbox 246 3119 512 3188; x_wconf 79' lang='lat' dir='ltr'><strong>Ecclesia,</strong></span> <span class='ocrx_word' id='word_1_203' title='bbox 545 3124 598 3179; x_wconf 92' lang='lat' dir='ltr'><strong>in</strong></span> <span class='ocrx_word' id='word_1_204' title='bbox 628 3126 841 3184; x_wconf 90' lang='lat' dir='ltr'><strong>illorum</strong></span> <span class='ocrx_word' id='word_1_205' title='bbox 869 3135 1143 3191; x_wconf 87' lang='lat' dir='ltr'><strong>mentibus</strong></span> <span class='ocrx_word' id='word_1_206' title='bbox 1169 3131 1368 3195; x_wconf 82' lang='lat' dir='ltr'><strong>mansit</strong></span> <span class='ocrx_word' id='word_1_207' title='bbox 1396 3158 1533 3214; x_wconf 91' lang='lat' dir='ltr'><strong>quos</strong></span> <span class='ocrx_word' id='word_1_208' title='bbox 1560 3160 1627 3201; x_wconf 81' lang='lat' dir='ltr'><strong>ex</strong></span> <span class='ocrx_word' id='word_1_209' title='bbox 1647 3146 1742 3203; x_wconf 85' lang='lat' dir='ltr'><strong>Ju—</strong></span> <span class='ocrx_word' id='word_1_210' title='bbox 1769 3117 1814 3181; x_wconf 66' lang='grc' dir='ltr'><strong>Ο</strong></span> 
     </span>
    </p>
   </div>
   <div class='ocr_carea' id='block_1_30' title="bbox 152 3208 1743 3360">
    <p class='ocr_par' dir='ltr' id='par_1_30' title="bbox 152 3208 1743 3360">
     <span class='ocr_line' id='line_1_30' title="bbox 152 3208 1743 3360; baseline 0.021 -96"><span class='ocrx_word' id='word_1_211' title='bbox 152 3208 267 3265; x_wconf 69' lang='lat' dir='ltr'><strong>ritca</strong></span> <span class='ocrx_word' id='word_1_212' title='bbox 300 3213 499 3280; x_wconf 89' lang='lat' dir='ltr'><strong>editos,</strong></span> <span class='ocrx_word' id='word_1_213' title='bbox 517 3232 630 3360; x_wconf 48' lang='lat' dir='ltr'><strong>Pen</strong></span> <span class='ocrx_word' id='word_1_214' title='bbox 657 3211 890 3292; x_wconf 78' lang='lat' dir='ltr'><strong>torporis</strong></span> <span class='ocrx_word' id='word_1_215' title='bbox 916 3224 1102 3296; x_wconf 87' lang='lat' dir='ltr'><strong>frigus,</strong></span> <span class='ocrx_word' id='word_1_216' title='bbox 1130 3231 1226 3285; x_wconf 90' lang='lat' dir='ltr'><strong>sed</strong></span> <span class='ocrx_word' id='word_1_217' title='bbox 1255 3231 1436 3290; x_wconf 78' lang='lat' dir='ltr'><strong>fervor</strong></span> <span class='ocrx_word' id='word_1_218' title='bbox 1462 3238 1743 3299; x_wconf 86' lang='lat' dir='ltr'><strong>cbaritatis</strong></span> 
     </span>
     <span class='ocr_line' id='line_1_31' title="bbox 155 3303 1736 3360; baseline 0.005 -7"><span class='ocrx_word' id='word_1_219' title='bbox 155 3303 349 3357; x_wconf 71' lang='lat' dir='ltr'><strong>letluit.</strong></span> <span class='ocrx_word' id='word_1_220' title='bbox 387 3305 465 3360; x_wconf 80' lang='lat' dir='ltr'><strong>Ex</strong></span> <span class='ocrx_word' id='word_1_221' title='bbox 496 3308 512 3360; x_wconf 84' lang='lat' dir='ltr'><strong>i</strong></span> <span class='ocrx_word' id='word_1_222' title='bbox 537 3308 588 3360; x_wconf 91' lang='lat' dir='ltr'><strong>lo</strong></span> <span class='ocrx_word' id='word_1_223' title='bbox 616 3312 813 3360; x_wconf 71' lang='lat' dir='ltr'><strong>animm</strong></span> <span class='ocrx_word' id='word_1_224' title='bbox 846 3317 1042 3360; x_wconf 85' lang='lat' dir='ltr'><strong>nnnnln</strong></span> <span class='ocrx_word' id='word_1_225' title='bbox 1073 3319 1220 3360; x_wconf 75' lang='lat' dir='ltr'><strong>Amm</strong></span> <span class='ocrx_word' id='word_1_226' title='bbox 1264 3326 1600 3360; x_wconf 67' lang='grc' dir='ltr'><strong>ηνηηιιοιεορ..</strong></span> <span class='ocrx_word' id='word_1_227' title='bbox 1673 3347 1736 3360; x_wconf 60' lang='grc' dir='ltr'><strong>Α-</strong></span> 
     </span>
    </p>
   </div>
   <div class='ocr_carea' id='block_1_31' title="bbox 155 3303 1739 3398">
    <p class='ocr_par' dir='ltr' id='par_1_31' title="bbox 155 3303 1739 3398">
     <span class='ocr_line' id='line_1_32' title="bbox 155 3303 1739 3398; baseline 0.022 -45"><span class='ocrx_word' id='word_1_228' title='bbox 155 3303 349 3357; x_wconf 88' lang='lat' dir='ltr'><strong>tenuit.</strong></span> <span class='ocrx_word' id='word_1_229' title='bbox 387 3305 465 3360; x_wconf 80' lang='lat' dir='ltr'><strong>Ex</strong></span> <span class='ocrx_word' id='word_1_230' title='bbox 496 3303 588 3364; x_wconf 85' lang='lat' dir='ltr'><strong>illo</strong></span> <span class='ocrx_word' id='word_1_231' title='bbox 616 3312 813 3383; x_wconf 89' lang='lat' dir='ltr'><strong>quippe</strong></span> <span class='ocrx_word' id='word_1_232' title='bbox 846 3317 1042 3386; x_wconf 91' lang='lat' dir='ltr'><strong>populo</strong></span> <span class='ocrx_word' id='word_1_233' title='bbox 1067 3319 1222 3375; x_wconf 86' lang='lat' dir='ltr'><strong>Anna</strong></span> <span class='ocrx_word' id='word_1_234' title='bbox 1264 3326 1624 3398; x_wconf 88' lang='lat' dir='ltr'><strong>prophetissa,</strong></span> <span class='ocrx_word' id='word_1_235' title='bbox 1671 3347 1739 3387; x_wconf 77' lang='lat' dir='ltr'><strong>ex</strong></span> 
     </span>
    </p>
   </div>
   <div class='ocr_carea' id='block_1_32' title="bbox 153 3388 1739 3491">
    <p class='ocr_par' dir='ltr' id='par_1_32' title="bbox 153 3388 1739 3491">
     <span class='ocr_line' id='line_1_33' title="bbox 153 3388 1739 3491; baseline 0.023 -50"><span class='ocrx_word' id='word_1_236' title='bbox 153 3388 243 3445; x_wconf 91' lang='lat' dir='ltr'><strong>illo</strong></span> <span class='ocrx_word' id='word_1_237' title='bbox 272 3391 494 3451; x_wconf 88' lang='lat' dir='ltr'><strong>Simeon</strong></span> <span class='ocrx_word' id='word_1_238' title='bbox 523 3400 746 3468; x_wconf 79' lang='lat' dir='ltr'><strong>exstitit,</strong></span> <span class='ocrx_word' id='word_1_239' title='bbox 789 3404 880 3473; x_wconf 90' lang='lat' dir='ltr'><strong>qui</strong></span> <span class='ocrx_word' id='word_1_240' title='bbox 911 3406 965 3459; x_wconf 90' lang='lat' dir='ltr'><strong>in</strong></span> <span class='ocrx_word' id='word_1_241' title='bbox 1006 3407 1161 3464; x_wconf 90' lang='lat' dir='ltr'><strong>ulnas</strong></span> <span class='ocrx_word' id='word_1_242' title='bbox 1200 3388 1491 3471; x_wconf 79' lang='lat' dir='ltr'><strong>Dominum</strong></span> <span class='ocrx_word' id='word_1_243' title='bbox 1532 3422 1739 3491; x_wconf 88' lang='lat' dir='ltr'><strong>accepit</strong></span> 
     </span>
    </p>
   </div>
   <div class='ocr_carea' id='block_1_33' title="bbox 151 3481 1737 3569">
    <p class='ocr_par' dir='ltr' id='par_1_33' title="bbox 151 3481 1737 3569">
     <span class='ocr_line' id='line_1_34' title="bbox 151 3481 1737 3569; baseline 0.022 -34"><span class='ocrx_word' id='word_1_244' title='bbox 151 3481 323 3550; x_wconf 87' lang='lat' dir='ltr'><strong>(Luc.</strong></span> <span class='ocrx_word' id='word_1_245' title='bbox 357 3489 454 3557; x_wconf 86' lang='lat' dir='ltr'><strong>tt).</strong></span> <span class='ocrx_word' id='word_1_246' title='bbox 492 3488 757 3561; x_wconf 79' lang='lat' dir='ltr'><strong>Egressus</strong></span> <span class='ocrx_word' id='word_1_247' title='bbox 782 3503 961 3551; x_wconf 90' lang='lat' dir='ltr'><strong>autem</strong></span> <span class='ocrx_word' id='word_1_248' title='bbox 988 3496 1166 3555; x_wconf 89' lang='lat' dir='ltr'><strong>fuerat</strong></span> <span class='ocrx_word' id='word_1_249' title='bbox 1194 3504 1261 3559; x_wconf 90' lang='lat' dir='ltr'><strong>ad</strong></span> <span class='ocrx_word' id='word_1_250' title='bbox 1289 3481 1737 3569; x_wconf 49' lang='lat' dir='ltr'><strong>meditandum-in</strong></span> 
     </span>
    </p>
   </div>
   <div class='ocr_carea' id='block_1_34' title="bbox 148 3578 1733 3668">
    <p class='ocr_par' dir='ltr' id='par_1_34' title="bbox 148 3578 1733 3668">
     <span class='ocr_line' id='line_1_35' title="bbox 148 3578 1733 3668; baseline 0.023 -43"><span class='ocrx_word' id='word_1_251' title='bbox 148 3588 301 3644; x_wconf 86' lang='lat' dir='ltr'><strong>agro,</strong></span> <span class='ocrx_word' id='word_1_252' title='bbox 349 3578 477 3647; x_wconf 88' lang='lat' dir='ltr'><strong>quia</strong></span> <span class='ocrx_word' id='word_1_253' title='bbox 506 3596 636 3651; x_wconf 88' lang='lat' dir='ltr'><strong>ager</strong></span> <span class='ocrx_word' id='word_1_254' title='bbox 665 3586 897 3642; x_wconf 90' lang='lat' dir='ltr'><strong>mundus</strong></span> <span class='ocrx_word' id='word_1_255' title='bbox 925 3589 1206 3660; x_wconf 90' lang='lat' dir='ltr'><strong>accipitur.</strong></span> <span class='ocrx_word' id='word_1_256' title='bbox 1251 3594 1370 3666; x_wconf 86' lang='lat' dir='ltr'><strong>Ipse</strong></span> <span class='ocrx_word' id='word_1_257' title='bbox 1398 3613 1497 3668; x_wconf 90' lang='lat' dir='ltr'><strong>per</strong></span> <span class='ocrx_word' id='word_1_258' title='bbox 1537 3616 1596 3657; x_wconf 86' lang='lat' dir='ltr'><strong>se</strong></span> <span class='ocrx_word' id='word_1_259' title='bbox 1627 3604 1733 3661; x_wconf 87' lang='lat' dir='ltr'><strong>Do-</strong></span> 
     </span>
    </p>
   </div>
   <div class='ocr_carea' id='block_1_35' title="bbox 148 3666 1730 3776">
    <p class='ocr_par' dir='ltr' id='par_1_35' title="bbox 148 3666 1730 3776">
     <span class='ocr_line' id='line_1_36' title="bbox 148 3666 1730 3776; baseline 0.021 -58"><span class='ocrx_word' id='word_1_260' title='bbox 148 3666 328 3722; x_wconf 89' lang='lat' dir='ltr'><strong>minus</strong></span> <span class='ocrx_word' id='word_1_261' title='bbox 349 3673 572 3740; x_wconf 85' lang='lat' dir='ltr'><strong>exponit</strong></span> <span class='ocrx_word' id='word_1_262' title='bbox 593 3675 807 3732; x_wconf 87' lang='lat' dir='ltr'><strong>dicens:</strong></span> <span class='ocrx_word' id='word_1_263' title='bbox 827 3682 963 3750; x_wconf 85' lang='lat' dir='ltr'><strong>Ager</strong></span> <span class='ocrx_word' id='word_1_264' title='bbox 982 3693 1155 3738; x_wconf 85' lang='lat' dir='ltr'><strong>autem</strong></span> <span class='ocrx_word' id='word_1_265' title='bbox 1169 3696 1245 3740; x_wconf 85' lang='lat' dir='ltr'><strong>est</strong></span> <span class='ocrx_word' id='word_1_266' title='bbox 1269 3666 1493 3748; x_wconf 78' lang='lat' dir='ltr'><strong>mundus</strong></span> <span class='ocrx_word' id='word_1_267' title='bbox 1518 3693 1730 3776; x_wconf 76' lang='lat' dir='ltr'><strong>(Manli.</strong></span> 
     </span>
    </p>
   </div>
   <div class='ocr_carea' id='block_1_36' title="bbox 144 3756 1734 3854">
    <p class='ocr_par' dir='ltr' id='par_1_36' title="bbox 144 3756 1734 3854">
     <span class='ocr_line' id='line_1_37' title="bbox 144 3756 1734 3854; baseline 0.023 -47"><span class='ocrx_word' id='word_1_268' title='bbox 144 3756 288 3827; x_wconf 76' lang='lat' dir='ltr'><strong>xm).</strong></span> <span class='ocrx_word' id='word_1_269' title='bbox 323 3759 459 3826; x_wconf 86' lang='lat' dir='ltr'><strong>Quia</strong></span> <span class='ocrx_word' id='word_1_270' title='bbox 493 3762 546 3817; x_wconf 93' lang='lat' dir='ltr'><strong>in</strong></span> <span class='ocrx_word' id='word_1_271' title='bbox 575 3763 680 3820; x_wconf 89' lang='lat' dir='ltr'><strong>hoc</strong></span> <span class='ocrx_word' id='word_1_272' title='bbox 706 3782 991 3838; x_wconf 86' lang='lat' dir='ltr'><strong>egressus,</strong></span> <span class='ocrx_word' id='word_1_273' title='bbox 1034 3776 1178 3844; x_wconf 89' lang='lat' dir='ltr'><strong>quod</strong></span> <span class='ocrx_word' id='word_1_274' title='bbox 1208 3779 1437 3837; x_wconf 86' lang='lat' dir='ltr'><strong>visibilis</strong></span> <span class='ocrx_word' id='word_1_275' title='bbox 1473 3756 1734 3854; x_wconf 81' lang='lat' dir='ltr'><strong>apparere</strong></span> 
     </span>
    </p>
   </div>
   <div class='ocr_carea' id='block_1_37' title="bbox 144 3847 1731 3932">
    <p class='ocr_par' dir='ltr' id='par_1_37' title="bbox 144 3847 1731 3932">
     <span class='ocr_line' id='line_1_38' title="bbox 144 3847 1731 3932; baseline 0.021 -33"><span class='ocrx_word' id='word_1_276' title='bbox 144 3847 401 3918; x_wconf 87' lang='lat' dir='ltr'><strong>dignatus</strong></span> <span class='ocrx_word' id='word_1_277' title='bbox 430 3862 535 3918; x_wconf 86' lang='lat' dir='ltr'><strong>est,</strong></span> <span class='ocrx_word' id='word_1_278' title='bbox 580 3855 721 3910; x_wconf 91' lang='lat' dir='ltr'><strong>sicut</strong></span> <span class='ocrx_word' id='word_1_279' title='bbox 751 3860 1010 3929; x_wconf 89' lang='lat' dir='ltr'><strong>scriptum</strong></span> <span class='ocrx_word' id='word_1_280' title='bbox 1051 3876 1135 3920; x_wconf 85' lang='lat' dir='ltr'><strong>est</strong></span> <span class='ocrx_word' id='word_1_281' title='bbox 1176 3883 1190 3920; x_wconf 89' lang='lat'><strong>:</strong></span> <span class='ocrx_word' id='word_1_282' title='bbox 1220 3867 1396 3925; x_wconf 76' lang='lat' dir='ltr'><strong>Exislt&#39;</strong></span> <span class='ocrx_word' id='word_1_283' title='bbox 1424 3873 1478 3927; x_wconf 84' lang='lat' dir='ltr'><strong>in</strong></span> <span class='ocrx_word' id='word_1_284' title='bbox 1508 3876 1731 3932; x_wconf 78' lang='lat' dir='ltr'><strong>salutent</strong></span> 
     </span>
    </p>
   </div>
   <div class='ocr_carea' id='block_1_38' title="bbox 139 3943 1727 4023">
    <p class='ocr_par' dir='ltr' id='par_1_38' title="bbox 139 3943 1727 4023">
     <span class='ocr_line' id='line_1_39' title="bbox 139 3943 1727 4023; baseline 0.02 -31"><span class='ocrx_word' id='word_1_285' title='bbox 139 3943 321 4009; x_wconf 82' lang='lat' dir='ltr'><strong>populi</strong></span> <span class='ocrx_word' id='word_1_286' title='bbox 365 3946 468 4009; x_wconf 88' lang='lat' dir='ltr'><strong>lui,</strong></span> <span class='ocrx_word' id='word_1_287' title='bbox 502 3956 556 3999; x_wconf 87' lang='lat' dir='ltr'><strong>at</strong></span> <span class='ocrx_word' id='word_1_288' title='bbox 586 3947 759 4004; x_wconf 81' lang='lat' dir='ltr'><strong>salvos</strong></span> <span class='ocrx_word' id='word_1_289' title='bbox 802 3952 969 4021; x_wconf 75' lang='lat' dir='ltr'><strong>facias</strong></span> <span class='ocrx_word' id='word_1_290' title='bbox 1001 3954 1221 4013; x_wconf 78' lang='lat' dir='ltr'><strong>c/tristos</strong></span> <span class='ocrx_word' id='word_1_291' title='bbox 1248 3970 1386 4017; x_wconf 74' lang='lat' dir='ltr'><strong>tuos.</strong></span> <span class='ocrx_word' id='word_1_292' title='bbox 1416 3963 1605 4021; x_wconf 90' lang='lat' dir='ltr'><strong>Solent</strong></span> <span class='ocrx_word' id='word_1_293' title='bbox 1629 3984 1727 4023; x_wconf 89' lang='lat' dir='ltr'><strong>au-</strong></span> 
     </span>
    </p>
   </div>
   <div class='ocr_carea' id='block_1_39' title="bbox 141 4040 1724 4117">
    <p class='ocr_par' dir='ltr' id='par_1_39' title="bbox 141 4040 1724 4117">
     <span class='ocr_line' id='line_1_40' title="bbox 141 4040 1724 4117; baseline 0.021 -32"><span class='ocrx_word' id='word_1_294' title='bbox 141 4041 250 4087; x_wconf 89' lang='lat' dir='ltr'><strong>tem</strong></span> <span class='ocrx_word' id='word_1_295' title='bbox 290 4040 577 4095; x_wconf 80' lang='lat' dir='ltr'><strong>exercitati</strong></span> <span class='ocrx_word' id='word_1_296' title='bbox 624 4040 851 4110; x_wconf 86' lang='lat' dir='ltr'><strong>juvenes</strong></span> <span class='ocrx_word' id='word_1_297' title='bbox 898 4047 952 4103; x_wconf 93' lang='lat' dir='ltr'><strong>in</strong></span> <span class='ocrx_word' id='word_1_298' title='bbox 989 4064 1263 4108; x_wconf 85' lang='lat' dir='ltr'><strong>armorum</strong></span> <span class='ocrx_word' id='word_1_299' title='bbox 1308 4072 1408 4111; x_wconf 85' lang='lat' dir='ltr'><strong>usu</strong></span> <span class='ocrx_word' id='word_1_300' title='bbox 1457 4061 1724 4117; x_wconf 85' lang='lat' dir='ltr'><strong>meditari.</strong></span> 
     </span>
    </p>
   </div>
   <div class='ocr_carea' id='block_1_40' title="bbox 137 4122 1726 4219">
    <p class='ocr_par' dir='ltr' id='par_1_40' title="bbox 137 4122 1726 4219">
     <span class='ocr_line' id='line_1_41' title="bbox 137 4122 1726 4219; baseline 0.021 -44"><span class='ocrx_word' id='word_1_301' title='bbox 137 4122 288 4180; x_wconf 85' lang='lat' dir='ltr'><strong>Isaac</strong></span> <span class='ocrx_word' id='word_1_302' title='bbox 316 4143 449 4199; x_wconf 87' lang='lat' dir='ltr'><strong>ergo</strong></span> <span class='ocrx_word' id='word_1_303' title='bbox 486 4131 555 4186; x_wconf 90' lang='lat' dir='ltr'><strong>ad</strong></span> <span class='ocrx_word' id='word_1_304' title='bbox 589 4135 957 4194; x_wconf 88' lang='lat' dir='ltr'><strong>meditandum</strong></span> <span class='ocrx_word' id='word_1_305' title='bbox 1003 4141 1055 4194; x_wconf 89' lang='lat' dir='ltr'><strong>in</strong></span> <span class='ocrx_word' id='word_1_306' title='bbox 1104 4158 1232 4214; x_wconf 88' lang='lat' dir='ltr'><strong>agro</strong></span> <span class='ocrx_word' id='word_1_307' title='bbox 1269 4148 1423 4214; x_wconf 63' lang='lat' dir='ltr'><strong>exiit,</strong></span> <span class='ocrx_word' id='word_1_308' title='bbox 1465 4151 1589 4219; x_wconf 88' lang='lat' dir='ltr'><strong>quia</strong></span> <span class='ocrx_word' id='word_1_309' title='bbox 1616 4152 1726 4209; x_wconf 91' lang='lat' dir='ltr'><strong>Re-</strong></span> 
     </span>
    </p>
   </div>
   <div class='ocr_carea' id='block_1_41' title="bbox 1238 282 2450 364">
    <p class='ocr_par' dir='ltr' id='par_1_41' title="bbox 1238 282 2450 364">
     <span class='ocr_line' id='line_1_42' title="bbox 1238 282 2450 364; baseline 0.023 -27"><span class='ocrx_word' id='word_1_310' title='bbox 1238 282 1586 342; x_wconf 75' lang='grc' dir='ltr'><strong>ΟΟΜΜΕΝΤ.</strong></span> <span class='ocrx_word' id='word_1_311' title='bbox 1629 290 1693 343; x_wconf 75' lang='lat' dir='ltr'><strong>IN</strong></span> <span class='ocrx_word' id='word_1_312' title='bbox 1735 291 2053 351; x_wconf 73' lang='lat' dir='ltr'><strong>GENESIM.</strong></span> <span class='ocrx_word' id='word_1_313' title='bbox 2094 330 2154 343; x_wconf 89' lang='lat'><strong>-—</strong></span> <span class='ocrx_word' id='word_1_314' title='bbox 2201 304 2326 361; x_wconf 78' lang='lat' dir='ltr'><strong>LIB.</strong></span> <span class='ocrx_word' id='word_1_315' title='bbox 2369 309 2450 364; x_wconf 90' lang='lat' dir='ltr'><strong>III.</strong></span> 
     </span>
    </p>
   </div>
   <div class='ocr_carea' id='block_1_42' title="bbox 196 377 2507 483">
    <p class='ocr_par' dir='ltr' id='par_1_42' title="bbox 196 377 2507 483">
     <span class='ocr_line' id='line_1_43' title="bbox 196 377 2507 483; baseline 0.021 -47"><span class='ocrx_word' id='word_1_316' title='bbox 196 377 308 438; x_wconf 71' lang='lat' dir='ltr'><strong>cra:</strong></span> <span class='ocrx_word' id='word_1_317' title='bbox 352 384 552 443; x_wconf 76' lang='lat' dir='ltr'><strong>ﬂuenta</strong></span> <span class='ocrx_word' id='word_1_318' title='bbox 599 388 995 460; x_wconf 86' lang='lat' dir='ltr'><strong>loquebantur?</strong></span> <span class='ocrx_word' id='word_1_319' title='bbox 1034 396 1151 454; x_wconf 86' lang='lat' dir='ltr'><strong>Nisi</strong></span> <span class='ocrx_word' id='word_1_320' title='bbox 1177 401 1322 457; x_wconf 88' lang='lat' dir='ltr'><strong>enim</strong></span> <span class='ocrx_word' id='word_1_321' title='bbox 1350 404 1657 475; x_wconf 88' lang='lat' dir='ltr'><strong>unigenitus</strong></span> <span class='ocrx_word' id='word_1_322' title='bbox 1694 406 1787 463; x_wconf 89' lang='lat' dir='ltr'><strong>Dei</strong></span> <span class='ocrx_word' id='word_1_323' title='bbox 1818 412 1867 470; x_wconf 80' lang='grc' dir='ltr'><strong>Α</strong></span> <span class='ocrx_word' id='word_1_324' title='bbox 1893 418 1947 465; x_wconf 90' lang='lat' dir='ltr'><strong>et</strong></span> <span class='ocrx_word' id='word_1_325' title='bbox 1970 428 2071 483; x_wconf 89' lang='lat' dir='ltr'><strong>per</strong></span> <span class='ocrx_word' id='word_1_326' title='bbox 2121 423 2387 479; x_wconf 89' lang='lat' dir='ltr'><strong>camelum</strong></span> <span class='ocrx_word' id='word_1_327' title='bbox 2421 428 2507 483; x_wconf 93' lang='lat' dir='ltr'><strong>cui</strong></span> 
     </span>
    </p>
   </div>
   <div class='ocr_carea' id='block_1_43' title="bbox 196 473 2391 570">
    <p class='ocr_par' dir='ltr' id='par_1_43' title="bbox 196 473 2391 570">
     <span class='ocr_line' id='line_1_44' title="bbox 196 473 2391 570; baseline 0.019 -43"><span class='ocrx_word' id='word_1_328' title='bbox 196 473 390 540; x_wconf 83' lang='lat' dir='ltr'><strong>Filius,</strong></span> <span class='ocrx_word' id='word_1_329' title='bbox 434 478 769 547; x_wconf 86' lang='lat' dir='ltr'><strong>incarnatus,</strong></span> <span class='ocrx_word' id='word_1_330' title='bbox 820 492 1081 553; x_wconf 86' lang='lat' dir='ltr'><strong>tentatus,</strong></span> <span class='ocrx_word' id='word_1_331' title='bbox 1112 473 1500 562; x_wconf 75' lang='lat' dir='ltr'><strong>apprehensus,</strong></span> <span class='ocrx_word' id='word_1_332' title='bbox 1540 498 1784 570; x_wconf 88' lang='lat' dir='ltr'><strong>colaphis</strong></span> <span class='ocrx_word' id='word_1_333' title='bbox 1886 504 2097 561; x_wconf 91' lang='lat' dir='ltr'><strong>onustis</strong></span> <span class='ocrx_word' id='word_1_334' title='bbox 2123 508 2391 569; x_wconf 87' lang='lat' dir='ltr'><strong>idolorum</strong></span> 
     </span>
    </p>
   </div>
   <div class='ocr_carea' id='block_1_44' title="bbox 3372 334 3477 393">
    <p class='ocr_par' dir='ltr' id='par_1_44' title="bbox 3372 334 3477 393">
     <span class='ocr_line' id='line_1_45' title="bbox 3372 334 3477 393; baseline 0.048 -5"><span class='ocrx_word' id='word_1_335' title='bbox 3372 334 3477 393; x_wconf 79' lang='grc'><strong>378</strong></span> 
     </span>
    </p>
   </div>
   <div class='ocr_carea' id='block_1_45' title="bbox 2552 416 3471 522">
    <p class='ocr_par' dir='ltr' id='par_1_45' title="bbox 2552 416 3471 522">
     <span class='ocr_line' id='line_1_46' title="bbox 2552 416 3471 522; baseline 0.034 -36"><span class='ocrx_word' id='word_1_336' title='bbox 2552 416 2804 501; x_wconf 68' lang='lat' dir='ltr'><strong>praesedit</strong></span> <span class='ocrx_word' id='word_1_337' title='bbox 2842 443 2999 501; x_wconf 85' lang='lat' dir='ltr'><strong>tortis</strong></span> <span class='ocrx_word' id='word_1_338' title='bbox 3044 450 3283 512; x_wconf 89' lang='lat' dir='ltr'><strong>motibus</strong></span> <span class='ocrx_word' id='word_1_339' title='bbox 3306 464 3471 522; x_wconf 72' lang='lat' dir='ltr'><strong>atque</strong></span> 
     </span>
    </p>
   </div>
   <div class='ocr_carea' id='block_1_46' title="bbox 2433 518 3468 611">
    <p class='ocr_par' dir='ltr' id='par_1_46' title="bbox 2433 518 3468 611">
     <span class='ocr_line' id='line_1_47' title="bbox 2433 518 3468 611; baseline 0.031 -41"><span class='ocrx_word' id='word_1_340' title='bbox 2433 518 2664 579; x_wconf 89' lang='lat' dir='ltr'><strong>cultibus</strong></span> <span class='ocrx_word' id='word_1_341' title='bbox 2689 525 2901 586; x_wconf 90' lang='lat' dir='ltr'><strong>deditus</strong></span> <span class='ocrx_word' id='word_1_342' title='bbox 2925 537 3207 605; x_wconf 82' lang='lat' dir='ltr'><strong>gentilium</strong></span> <span class='ocrx_word' id='word_1_343' title='bbox 3239 518 3468 611; x_wconf 78' lang='lat' dir='ltr'><strong>populus</strong></span> 
     </span>
    </p>
   </div>
   <div class='ocr_carea' id='block_1_47' title="bbox 1884 592 3471 698">
    <p class='ocr_par' dir='ltr' id='par_1_47' title="bbox 1884 592 3471 698">
     <span class='ocr_line' id='line_1_48' title="bbox 1884 592 3471 698; baseline 0.032 -53"><span class='ocrx_word' id='word_1_344' title='bbox 1884 592 2240 666; x_wconf 86' lang='lat' dir='ltr'><strong>designatur?</strong></span> <span class='ocrx_word' id='word_1_345' title='bbox 2282 604 2385 672; x_wconf 92' lang='lat' dir='ltr'><strong>Qui</strong></span> <span class='ocrx_word' id='word_1_346' title='bbox 2414 610 2555 665; x_wconf 91' lang='lat' dir='ltr'><strong>enim</strong></span> <span class='ocrx_word' id='word_1_347' title='bbox 2585 629 2651 669; x_wconf 81' lang='lat' dir='ltr'><strong>ex</strong></span> <span class='ocrx_word' id='word_1_348' title='bbox 2681 623 2989 693; x_wconf 88' lang='lat' dir='ltr'><strong>semetipsis</strong></span> <span class='ocrx_word' id='word_1_349' title='bbox 3016 627 3121 684; x_wconf 87' lang='lat' dir='ltr'><strong>sibi</strong></span> <span class='ocrx_word' id='word_1_350' title='bbox 3149 632 3471 698; x_wconf 88' lang='lat' dir='ltr'><strong>invenerunt</strong></span> 
     </span>
    </p>
   </div>
   <div class='ocr_carea' id='block_1_48' title="bbox 1883 683 3467 786">
    <p class='ocr_par' dir='ltr' id='par_1_48' title="bbox 1883 683 3467 786">
     <span class='ocr_line' id='line_1_49' title="bbox 1883 683 3467 786; baseline 0.032 -49"><span class='ocrx_word' id='word_1_351' title='bbox 1883 683 2015 740; x_wconf 89' lang='lat' dir='ltr'><strong>deos</strong></span> <span class='ocrx_word' id='word_1_352' title='bbox 2034 704 2172 759; x_wconf 90' lang='lat' dir='ltr'><strong>quos</strong></span> <span class='ocrx_word' id='word_1_353' title='bbox 2197 693 2457 765; x_wconf 91' lang='lat' dir='ltr'><strong>colerent,</strong></span> <span class='ocrx_word' id='word_1_354' title='bbox 2485 705 2637 771; x_wconf 88' lang='lat' dir='ltr'><strong>quasi</strong></span> <span class='ocrx_word' id='word_1_355' title='bbox 2662 722 2691 761; x_wconf 91' lang='lat' dir='ltr'><strong>a</strong></span> <span class='ocrx_word' id='word_1_356' title='bbox 2714 717 3020 784; x_wconf 87' lang='lat' dir='ltr'><strong>semetipsis</strong></span> <span class='ocrx_word' id='word_1_357' title='bbox 3048 736 3190 779; x_wconf 89' lang='lat' dir='ltr'><strong>onus</strong></span> <span class='ocrx_word' id='word_1_358' title='bbox 3215 725 3270 780; x_wconf 89' lang='lat' dir='ltr'><strong>in</strong></span> <span class='ocrx_word' id='word_1_359' title='bbox 3301 727 3467 786; x_wconf 88' lang='lat' dir='ltr'><strong>dorso</strong></span> 
     </span>
    </p>
   </div>
   <div class='ocr_carea' id='block_1_49' title="bbox 1878 786 3470 884">
    <p class='ocr_par' dir='ltr' id='par_1_49' title="bbox 1878 786 3470 884">
     <span class='ocr_line' id='line_1_50' title="bbox 1878 786 3470 884; baseline 0.034 -58"><span class='ocrx_word' id='word_1_360' title='bbox 1878 786 2202 836; x_wconf 77' lang='lat' dir='ltr'><strong>excreverat</strong></span> <span class='ocrx_word' id='word_1_361' title='bbox 2245 787 2387 854; x_wconf 91' lang='lat' dir='ltr'><strong>quod</strong></span> <span class='ocrx_word' id='word_1_362' title='bbox 2416 799 2714 857; x_wconf 88' lang='lat' dir='ltr'><strong>portarent.</strong></span> <span class='ocrx_word' id='word_1_363' title='bbox 2766 800 3012 873; x_wconf 76' lang='lat' dir='ltr'><strong>Rebecca</strong></span> <span class='ocrx_word' id='word_1_364' title='bbox 3045 826 3174 884; x_wconf 88' lang='lat' dir='ltr'><strong>ergo</strong></span> <span class='ocrx_word' id='word_1_365' title='bbox 3218 819 3287 875; x_wconf 92' lang='lat' dir='ltr'><strong>ad</strong></span> <span class='ocrx_word' id='word_1_366' title='bbox 3316 819 3470 878; x_wconf 88' lang='lat' dir='ltr'><strong>Isaac</strong></span> 
     </span>
    </p>
   </div>
   <div class='ocr_carea' id='block_1_50' title="bbox 1881 865 3469 974">
    <p class='ocr_par' dir='ltr' id='par_1_50' title="bbox 1881 865 3469 974">
     <span class='ocr_line' id='line_1_51' title="bbox 1881 865 3469 974; baseline 0.033 -58"><span class='ocrx_word' id='word_1_367' title='bbox 1881 865 2123 934; x_wconf 92' lang='lat' dir='ltr'><strong>veniens,</strong></span> <span class='ocrx_word' id='word_1_368' title='bbox 2153 870 2318 928; x_wconf 91' lang='lat' dir='ltr'><strong>dorso</strong></span> <span class='ocrx_word' id='word_1_369' title='bbox 2338 880 2532 934; x_wconf 88' lang='lat' dir='ltr'><strong>cameli</strong></span> <span class='ocrx_word' id='word_1_370' title='bbox 2576 883 2877 958; x_wconf 88' lang='lat' dir='ltr'><strong>deducitur,</strong></span> <span class='ocrx_word' id='word_1_371' title='bbox 2913 896 3037 964; x_wconf 89' lang='lat' dir='ltr'><strong>quia</strong></span> <span class='ocrx_word' id='word_1_372' title='bbox 3067 865 3138 955; x_wconf 57' lang='grc' dir='ltr'><strong>εἷ</strong></span> <span class='ocrx_word' id='word_1_373' title='bbox 3161 909 3469 974; x_wconf 87' lang='lat' dir='ltr'><strong>gentilitate</strong></span> 
     </span>
    </p>
   </div>
   <div class='ocr_carea' id='block_1_51' title="bbox 1875 955 3464 1059">
    <p class='ocr_par' dir='ltr' id='par_1_51' title="bbox 1875 955 3464 1059">
     <span class='ocr_line' id='line_1_52' title="bbox 1875 955 3464 1059; baseline 0.031 -50"><span class='ocrx_word' id='word_1_374' title='bbox 1875 955 2117 1016; x_wconf 89' lang='lat' dir='ltr'><strong>Ecclesia</strong></span> <span class='ocrx_word' id='word_1_375' title='bbox 2138 978 2448 1036; x_wconf 71' lang='lat' dir='ltr'><strong>properans</strong></span> <span class='ocrx_word' id='word_1_376' title='bbox 2475 972 2529 1026; x_wconf 94' lang='lat' dir='ltr'><strong>in</strong></span> <span class='ocrx_word' id='word_1_377' title='bbox 2563 979 2719 1034; x_wconf 88' lang='lat' dir='ltr'><strong>tortis</strong></span> <span class='ocrx_word' id='word_1_378' title='bbox 2747 983 3064 1059; x_wconf 91' lang='lat' dir='ltr'><strong>vitiosisque</strong></span> <span class='ocrx_word' id='word_1_379' title='bbox 3110 955 3234 1051; x_wconf 37' lang='lat' dir='ltr'><strong>vitia:</strong></span> <span class='ocrx_word' id='word_1_380' title='bbox 3264 1004 3464 1057; x_wconf 88' lang='lat' dir='ltr'><strong>veteris</strong></span> 
     </span>
    </p>
   </div>
   <div class='ocr_carea' id='block_1_52' title="bbox 1874 1054 3467 1156">
    <p class='ocr_par' dir='ltr' id='par_1_52' title="bbox 1874 1054 3467 1156">
     <span class='ocr_line' id='line_1_53' title="bbox 1874 1054 3467 1156; baseline 0.03 -55"><span class='ocrx_word' id='word_1_381' title='bbox 1874 1054 2380 1114; x_wconf 88' lang='lat' dir='ltr'><strong>eonversationibus</strong></span> <span class='ocrx_word' id='word_1_382' title='bbox 2413 1061 2703 1121; x_wconf 88' lang='lat' dir='ltr'><strong>invenitur.</strong></span> <span class='ocrx_word' id='word_1_383' title='bbox 2746 1070 2875 1139; x_wconf 89' lang='lat' dir='ltr'><strong>Quae</strong></span> <span class='ocrx_word' id='word_1_384' title='bbox 2906 1054 3143 1139; x_wconf 47' lang='lat' dir='ltr'><strong>ut—Isaac</strong></span> <span class='ocrx_word' id='word_1_385' title='bbox 3179 1087 3350 1156; x_wconf 88' lang='lat' dir='ltr'><strong>vidit,</strong></span> <span class='ocrx_word' id='word_1_386' title='bbox 3398 1091 3467 1146; x_wconf 88' lang='lat' dir='ltr'><strong>de</strong></span> 
     </span>
    </p>
   </div>
   <div class='ocr_carea' id='block_1_53' title="bbox 1870 1140 3459 1244">
    <p class='ocr_par' dir='ltr' id='par_1_53' title="bbox 1870 1140 3459 1244">
     <span class='ocr_line' id='line_1_54' title="bbox 1870 1140 3459 1244; baseline 0.03 -53"><span class='ocrx_word' id='word_1_387' title='bbox 1870 1140 2081 1196; x_wconf 89' lang='lat' dir='ltr'><strong>camelo</strong></span> <span class='ocrx_word' id='word_1_388' title='bbox 2109 1144 2405 1216; x_wconf 89' lang='lat' dir='ltr'><strong>descendit,</strong></span> <span class='ocrx_word' id='word_1_389' title='bbox 2434 1154 2558 1223; x_wconf 88' lang='lat' dir='ltr'><strong>quia</strong></span> <span class='ocrx_word' id='word_1_390' title='bbox 2593 1169 2779 1216; x_wconf 88' lang='lat' dir='ltr'><strong>sancta</strong></span> <span class='ocrx_word' id='word_1_391' title='bbox 2806 1164 3069 1237; x_wconf 87' lang='lat' dir='ltr'><strong>Ecclesia,</strong></span> <span class='ocrx_word' id='word_1_392' title='bbox 3120 1189 3321 1244; x_wconf 89' lang='lat' dir='ltr'><strong>quanto</strong></span> <span class='ocrx_word' id='word_1_393' title='bbox 3336 1140 3459 1236; x_wconf 46' lang='lat' dir='ltr'><strong>&#39;Re-</strong></span> 
     </span>
    </p>
   </div>
   <div class='ocr_carea' id='block_1_54' title="bbox 1871 1228 3461 1328">
    <p class='ocr_par' dir='ltr' id='par_1_54' title="bbox 1871 1228 3461 1328">
     <span class='ocr_line' id='line_1_55' title="bbox 1871 1228 3461 1328; baseline 0.03 -46"><span class='ocrx_word' id='word_1_394' title='bbox 1871 1228 2203 1301; x_wconf 90' lang='lat' dir='ltr'><strong>demptorem</strong></span> <span class='ocrx_word' id='word_1_395' title='bbox 2239 1253 2394 1294; x_wconf 91' lang='lat' dir='ltr'><strong>suum</strong></span> <span class='ocrx_word' id='word_1_396' title='bbox 2438 1246 2688 1304; x_wconf 87' lang='lat' dir='ltr'><strong>subtilius</strong></span> <span class='ocrx_word' id='word_1_397' title='bbox 2721 1259 2984 1326; x_wconf 88' lang='lat' dir='ltr'><strong>agnoscit,</strong></span> <span class='ocrx_word' id='word_1_398' title='bbox 3032 1228 3183 1320; x_wconf 60' lang='lat' dir='ltr'><strong>lanio</strong></span> <span class='ocrx_word' id='word_1_399' title='bbox 3224 1272 3461 1328; x_wconf 88' lang='lat' dir='ltr'><strong>carnalis</strong></span> 
     </span>
    </p>
   </div>
   <div class='ocr_carea' id='block_1_55' title="bbox 1869 1321 3455 1433">
    <p class='ocr_par' dir='ltr' id='par_1_55' title="bbox 1869 1321 3455 1433">
     <span class='ocr_line' id='line_1_56' title="bbox 1869 1321 3455 1433; baseline 0.028 -60"><span class='ocrx_word' id='word_1_400' title='bbox 1869 1321 1994 1376; x_wconf 66' lang='lat' dir='ltr'><strong>vitae</strong></span> <span class='ocrx_word' id='word_1_401' title='bbox 2041 1328 2219 1382; x_wconf 88' lang='lat' dir='ltr'><strong>studia</strong></span> <span class='ocrx_word' id='word_1_402' title='bbox 2272 1331 2526 1389; x_wconf 88' lang='lat' dir='ltr'><strong>humilius</strong></span> <span class='ocrx_word' id='word_1_403' title='bbox 2556 1321 2777 1410; x_wconf 72' lang='lat' dir='ltr'><strong>deserit,</strong></span> <span class='ocrx_word' id='word_1_404' title='bbox 2833 1321 2995 1419; x_wconf 83' lang='lat' dir='ltr'><strong>atque</strong></span> <span class='ocrx_word' id='word_1_405' title='bbox 3052 1354 3107 1409; x_wconf 89' lang='lat' dir='ltr'><strong>in</strong></span> <span class='ocrx_word' id='word_1_406' title='bbox 3164 1364 3455 1433; x_wconf 86' lang='lat' dir='ltr'><strong>semetipsa</strong></span> 
     </span>
     <span class='ocr_line' id='line_1_57' title="bbox 1869 1409 2679 1433; baseline 0 0"><span class='ocrx_word' id='word_1_407' title='bbox 1869 1409 2169 1433; x_wconf 69' lang='lat' dir='ltr'><strong>1&#39;._.:.__1_-o</strong></span> <span class='ocrx_word' id='word_1_408' title='bbox 2674 1432 2679 1433; x_wconf 63' lang='lat'><strong>,</strong></span> 
     </span>
    </p>
   </div>
   <div class='ocr_carea' id='block_1_56' title="bbox 1868 1409 3455 1510">
    <p class='ocr_par' dir='ltr' id='par_1_56' title="bbox 1868 1409 3455 1510">
     <span class='ocr_line' id='line_1_58' title="bbox 1868 1409 3455 1510; baseline 0.028 -45"><span class='ocrx_word' id='word_1_409' title='bbox 1868 1409 2170 1471; x_wconf 88' lang='lat' dir='ltr'><strong>fortitudini</strong></span> <span class='ocrx_word' id='word_1_410' title='bbox 2217 1421 2423 1478; x_wconf 74' lang='lat' dir='ltr'><strong>vitiosae</strong></span> <span class='ocrx_word' id='word_1_411' title='bbox 2463 1409 2803 1491; x_wconf 85' lang='lat' dir='ltr'><strong>contradicit.</strong></span> <span class='ocrx_word' id='word_1_412' title='bbox 2845 1409 3013 1510; x_wconf 80' lang='lat' dir='ltr'><strong>Igitur</strong></span> <span class='ocrx_word' id='word_1_413' title='bbox 3040 1444 3191 1502; x_wconf 89' lang='lat' dir='ltr'><strong>Isaac</strong></span> <span class='ocrx_word' id='word_1_414' title='bbox 3217 1450 3331 1506; x_wconf 90' lang='lat' dir='ltr'><strong>viso</strong></span> <span class='ocrx_word' id='word_1_415' title='bbox 3356 1409 3455 1510; x_wconf 61' lang='lat' dir='ltr'><strong>de-</strong></span> 
     </span>
    </p>
   </div>
   <div class='ocr_carea' id='block_1_57' title="bbox 1868 1506 3457 1614">
    <p class='ocr_par' dir='ltr' id='par_1_57' title="bbox 1868 1506 3457 1614">
     <span class='ocr_line' id='line_1_59' title="bbox 1868 1506 3457 1614; baseline 0.03 -56"><span class='ocrx_word' id='word_1_416' title='bbox 1868 1506 2096 1573; x_wconf 82' lang='lat' dir='ltr'><strong>scendit,</strong></span> <span class='ocrx_word' id='word_1_417' title='bbox 2130 1513 2276 1581; x_wconf 91' lang='lat' dir='ltr'><strong>quia,</strong></span> <span class='ocrx_word' id='word_1_418' title='bbox 2302 1516 2530 1576; x_wconf 93' lang='lat' dir='ltr'><strong>Domino</strong></span> <span class='ocrx_word' id='word_1_419' title='bbox 2560 1529 2792 1596; x_wconf 88' lang='lat' dir='ltr'><strong>cognito,</strong></span> <span class='ocrx_word' id='word_1_420' title='bbox 2824 1506 2964 1589; x_wconf 73' lang='lat' dir='ltr'><strong>viam</strong></span> <span class='ocrx_word' id='word_1_421' title='bbox 2995 1551 3146 1595; x_wconf 88' lang='lat' dir='ltr'><strong>suam</strong></span> <span class='ocrx_word' id='word_1_422' title='bbox 3184 1548 3457 1614; x_wconf 75' lang='lat' dir='ltr'><strong>gentilitas</strong></span> 
     </span>
    </p>
   </div>
   <div class='ocr_carea' id='block_1_58' title="bbox 1866 1594 3453 1697">
    <p class='ocr_par' dir='ltr' id='par_1_58' title="bbox 1866 1594 3453 1697">
     <span class='ocr_line' id='line_1_60' title="bbox 1866 1594 3453 1697; baseline 0.031 -49"><span class='ocrx_word' id='word_1_423' title='bbox 1866 1594 2121 1666; x_wconf 88' lang='lat' dir='ltr'><strong>deseruit,</strong></span> <span class='ocrx_word' id='word_1_424' title='bbox 2160 1612 2217 1658; x_wconf 91' lang='lat' dir='ltr'><strong>et</strong></span> <span class='ocrx_word' id='word_1_425' title='bbox 2242 1607 2310 1661; x_wconf 92' lang='lat' dir='ltr'><strong>ab</strong></span> <span class='ocrx_word' id='word_1_426' title='bbox 2335 1609 2567 1668; x_wconf 85' lang='lat' dir='ltr'><strong>elatione</strong></span> <span class='ocrx_word' id='word_1_427' title='bbox 2606 1594 2941 1683; x_wconf 74' lang='lat' dir='ltr'><strong>celsitudinis</strong></span> <span class='ocrx_word' id='word_1_428' title='bbox 2980 1629 3089 1687; x_wconf 89' lang='lat' dir='ltr'><strong>ima</strong></span> <span class='ocrx_word' id='word_1_429' title='bbox 3131 1594 3453 1697; x_wconf 53' lang='lat' dir='ltr'><strong>htrmilitatis</strong></span> 
     </span>
    </p>
   </div>
   <div class='ocr_carea' id='block_1_59' title="bbox 1866 1691 3449 1793">
    <p class='ocr_par' dir='ltr' id='par_1_59' title="bbox 1866 1691 3449 1793">
     <span class='ocr_line' id='line_1_61' title="bbox 1866 1691 3449 1793; baseline 0.031 -50"><span class='ocrx_word' id='word_1_430' title='bbox 1866 1691 2039 1759; x_wconf 90' lang='lat' dir='ltr'><strong>petiit.</strong></span> <span class='ocrx_word' id='word_1_431' title='bbox 2067 1694 2205 1762; x_wconf 88' lang='lat' dir='ltr'><strong>Quid</strong></span> <span class='ocrx_word' id='word_1_432' title='bbox 2231 1709 2315 1755; x_wconf 92' lang='lat' dir='ltr'><strong>est</strong></span> <span class='ocrx_word' id='word_1_433' title='bbox 2355 1713 2532 1761; x_wconf 88' lang='lat' dir='ltr'><strong>autem</strong></span> <span class='ocrx_word' id='word_1_434' title='bbox 2573 1714 2716 1778; x_wconf 88' lang='lat' dir='ltr'><strong>quod</strong></span> <span class='ocrx_word' id='word_1_435' title='bbox 2758 1716 2907 1774; x_wconf 88' lang='lat' dir='ltr'><strong>Isaac</strong></span> <span class='ocrx_word' id='word_1_436' title='bbox 2936 1722 2989 1776; x_wconf 93' lang='lat' dir='ltr'><strong>in</strong></span> <span class='ocrx_word' id='word_1_437' title='bbox 3015 1727 3223 1783; x_wconf 89' lang='lat' dir='ltr'><strong>camelo</strong></span> <span class='ocrx_word' id='word_1_438' title='bbox 3251 1733 3449 1793; x_wconf 78' lang='lat' dir='ltr'><strong>sedens</strong></span> 
     </span>
    </p>
   </div>
   <div class='ocr_carea' id='block_1_60' title="bbox 1872 1779 3451 1884">
    <p class='ocr_par' dir='ltr' id='par_1_60' title="bbox 1872 1779 3451 1884">
     <span class='ocr_line' id='line_1_62' title="bbox 1872 1779 3451 1884; baseline 0.03 -50"><span class='ocrx_word' id='word_1_439' title='bbox 1872 1779 2115 1841; x_wconf 88' lang='lat' dir='ltr'><strong>Rebecca</strong></span> <span class='ocrx_word' id='word_1_440' title='bbox 2160 1794 2456 1861; x_wconf 81' lang='lat' dir='ltr'><strong>conspexit,</strong></span> <span class='ocrx_word' id='word_1_441' title='bbox 2515 1799 2615 1854; x_wconf 89' lang='lat' dir='ltr'><strong>nisi</strong></span> <span class='ocrx_word' id='word_1_442' title='bbox 2654 1805 2795 1871; x_wconf 89' lang='lat' dir='ltr'><strong>quod</strong></span> <span class='ocrx_word' id='word_1_443' title='bbox 2826 1808 3242 1884; x_wconf 85' lang='lat' dir='ltr'><strong>Redemptorem</strong></span> <span class='ocrx_word' id='word_1_444' title='bbox 3289 1837 3451 1881; x_wconf 91' lang='lat' dir='ltr'><strong>suum</strong></span> 
     </span>
    </p>
   </div>
   <div class='ocr_carea' id='block_1_61' title="bbox 1865 1871 3451 1974">
    <p class='ocr_par' dir='ltr' id='par_1_61' title="bbox 1865 1871 3451 1974">
     <span class='ocr_line' id='line_1_63' title="bbox 1865 1871 3451 1974; baseline 0.031 -49"><span class='ocrx_word' id='word_1_445' title='bbox 1865 1871 2105 1931; x_wconf 87' lang='lat' dir='ltr'><strong>Ecclesia</strong></span> <span class='ocrx_word' id='word_1_446' title='bbox 2143 1895 2208 1934; x_wconf 84' lang='lat' dir='ltr'><strong>ex</strong></span> <span class='ocrx_word' id='word_1_447' title='bbox 2248 1885 2498 1953; x_wconf 86' lang='lat' dir='ltr'><strong>gentibus</strong></span> <span class='ocrx_word' id='word_1_448' title='bbox 2535 1895 2777 1963; x_wconf 80' lang='lat' dir='ltr'><strong>veniens,</strong></span> <span class='ocrx_word' id='word_1_449' title='bbox 2812 1898 2941 1956; x_wconf 88' lang='lat' dir='ltr'><strong>dum</strong></span> <span class='ocrx_word' id='word_1_450' title='bbox 2984 1906 3160 1965; x_wconf 88' lang='lat' dir='ltr'><strong>adhuc</strong></span> <span class='ocrx_word' id='word_1_451' title='bbox 3184 1912 3330 1970; x_wconf 88' lang='lat' dir='ltr'><strong>vitiis</strong></span> <span class='ocrx_word' id='word_1_452' title='bbox 3356 1932 3451 1974; x_wconf 78' lang='lat' dir='ltr'><strong>es—</strong></span> 
     </span>
    </p>
   </div>
   <div class='ocr_carea' id='block_1_62' title="bbox 1862 1967 3452 2067">
    <p class='ocr_par' dir='ltr' id='par_1_62' title="bbox 1862 1967 3452 2067">
     <span class='ocr_line' id='line_1_64' title="bbox 1862 1967 3452 2067; baseline 0.031 -50"><span class='ocrx_word' id='word_1_453' title='bbox 1862 1973 1945 2019; x_wconf 90' lang='lat' dir='ltr'><strong>set</strong></span> <span class='ocrx_word' id='word_1_454' title='bbox 1973 1967 2177 2037; x_wconf 81' lang='lat' dir='ltr'><strong>innixa,</strong></span> <span class='ocrx_word' id='word_1_455' title='bbox 2216 1982 2271 2028; x_wconf 88' lang='lat' dir='ltr'><strong>et</strong></span> <span class='ocrx_word' id='word_1_456' title='bbox 2297 1980 2524 2035; x_wconf 89' lang='lat' dir='ltr'><strong>necdum</strong></span> <span class='ocrx_word' id='word_1_457' title='bbox 2554 1985 2955 2061; x_wconf 84' lang='lat' dir='ltr'><strong>spiritualibus,</strong></span> <span class='ocrx_word' id='word_1_458' title='bbox 3004 1999 3098 2054; x_wconf 91' lang='lat' dir='ltr'><strong>sed</strong></span> <span class='ocrx_word' id='word_1_459' title='bbox 3124 2003 3452 2067; x_wconf 84' lang='lat' dir='ltr'><strong>animalibus</strong></span> 
     </span>
    </p>
   </div>
   <div class='ocr_carea' id='block_1_63' title="bbox 1861 2055 3452 2157">
    <p class='ocr_par' dir='ltr' id='par_1_63' title="bbox 1861 2055 3452 2157">
     <span class='ocr_line' id='line_1_65' title="bbox 1861 2055 3452 2157; baseline 0.032 -52"><span class='ocrx_word' id='word_1_460' title='bbox 1861 2055 2093 2113; x_wconf 91' lang='lat' dir='ltr'><strong>motibus</strong></span> <span class='ocrx_word' id='word_1_461' title='bbox 2142 2060 2452 2131; x_wconf 67' lang='lat' dir='ltr'><strong>inhaareret,</strong></span> <span class='ocrx_word' id='word_1_462' title='bbox 2506 2077 2825 2145; x_wconf 82' lang='lat' dir='ltr'><strong>conspexit?</strong></span> <span class='ocrx_word' id='word_1_463' title='bbox 2870 2055 2978 2139; x_wconf 82' lang='lat' dir='ltr'><strong>Nec</strong></span> <span class='ocrx_word' id='word_1_464' title='bbox 3028 2055 3245 2148; x_wconf 84' lang='lat' dir='ltr'><strong>movere</strong></span> <span class='ocrx_word' id='word_1_465' title='bbox 3286 2092 3452 2157; x_wconf 85' lang='lat' dir='ltr'><strong>debet</strong></span> 
     </span>
    </p>
   </div>
   <div class='ocr_carea' id='block_1_64' title="bbox 1859 2145 3449 2255">
    <p class='ocr_par' dir='ltr' id='par_1_64' title="bbox 1859 2145 3449 2255">
     <span class='ocr_line' id='line_1_66' title="bbox 1859 2145 3449 2255; baseline 0.03 -59"><span class='ocrx_word' id='word_1_466' title='bbox 1859 2145 2002 2213; x_wconf 91' lang='lat' dir='ltr'><strong>quod</strong></span> <span class='ocrx_word' id='word_1_467' title='bbox 2031 2163 2167 2217; x_wconf 89' lang='lat' dir='ltr'><strong>puer</strong></span> <span class='ocrx_word' id='word_1_468' title='bbox 2199 2167 2413 2225; x_wconf 88' lang='lat' dir='ltr'><strong>quoque</strong></span> <span class='ocrx_word' id='word_1_469' title='bbox 2459 2175 2581 2216; x_wconf 92' lang='lat' dir='ltr'><strong>cum</strong></span> <span class='ocrx_word' id='word_1_470' title='bbox 2621 2168 2845 2224; x_wconf 82' lang='lat' dir='ltr'><strong>camelis</strong></span> <span class='ocrx_word' id='word_1_471' title='bbox 2888 2186 3112 2233; x_wconf 88' lang='lat' dir='ltr'><strong>venerat</strong></span> <span class='ocrx_word' id='word_1_472' title='bbox 3153 2181 3209 2236; x_wconf 87' lang='lat' dir='ltr'><strong>in</strong></span> <span class='ocrx_word' id='word_1_473' title='bbox 3250 2187 3449 2255; x_wconf 70' lang='lat' dir='ltr'><strong>quibus</strong></span> 
     </span>
    </p>
   </div>
   <div class='ocr_carea' id='block_1_65' title="bbox 1857 2241 3445 2355">
    <p class='ocr_par' dir='ltr' id='par_1_65' title="bbox 1857 2241 3445 2355">
     <span class='ocr_line' id='line_1_67' title="bbox 1857 2241 3445 2355; baseline 0.03 -62"><span class='ocrx_word' id='word_1_474' title='bbox 1857 2241 1938 2295; x_wconf 90' lang='lat' dir='ltr'><strong>sui</strong></span> <span class='ocrx_word' id='word_1_475' title='bbox 1966 2244 2167 2302; x_wconf 86' lang='lat' dir='ltr'><strong>domini</strong></span> <span class='ocrx_word' id='word_1_476' title='bbox 2198 2250 2413 2309; x_wconf 87' lang='lat' dir='ltr'><strong>divitias</strong></span> <span class='ocrx_word' id='word_1_477' title='bbox 2443 2255 2672 2328; x_wconf 87' lang='lat' dir='ltr'><strong>ferebat,</strong></span> <span class='ocrx_word' id='word_1_478' title='bbox 2699 2266 2824 2334; x_wconf 90' lang='lat' dir='ltr'><strong>quia</strong></span> <span class='ocrx_word' id='word_1_479' title='bbox 2862 2269 2967 2350; x_wconf 23' lang='lat' dir='ltr'><strong>ipsi.</strong></span> <span class='ocrx_word' id='word_1_480' title='bbox 2994 2241 3445 2355; x_wconf 82' lang='lat' dir='ltr'><strong>quoque</strong></span> 
     </span>
    </p>
   </div>
   <div class='ocr_carea' id='block_1_66' title="bbox 1855 2338 3441 2432">
    <p class='ocr_par' dir='ltr' id='par_1_66' title="bbox 1855 2338 3441 2432">
     <span class='ocr_line' id='line_1_68' title="bbox 1855 2338 3441 2432; baseline 0.031 -50"><span class='ocrx_word' id='word_1_481' title='bbox 1855 2338 2068 2389; x_wconf 89' lang='lat' dir='ltr'><strong>catores</strong></span> <span class='ocrx_word' id='word_1_482' title='bbox 2099 2340 2293 2404; x_wconf 87' lang='lat' dir='ltr'><strong>sancti,</strong></span> <span class='ocrx_word' id='word_1_483' title='bbox 2349 2349 2595 2413; x_wconf 87' lang='lat' dir='ltr'><strong>quamvis</strong></span> <span class='ocrx_word' id='word_1_484' title='bbox 2630 2351 2746 2420; x_wconf 87' lang='lat' dir='ltr'><strong>jam</strong></span> <span class='ocrx_word' id='word_1_485' title='bbox 2799 2358 2867 2413; x_wconf 88' lang='lat' dir='ltr'><strong>ad</strong></span> <span class='ocrx_word' id='word_1_486' title='bbox 2911 2344 3190 2432; x_wconf 86' lang='lat' dir='ltr'><strong>superiora</strong></span> <span class='ocrx_word' id='word_1_487' title='bbox 3243 2338 3441 2430; x_wconf 76' lang='lat' dir='ltr'><strong>intelli-</strong></span> 
     </span>
    </p>
   </div>
   <div class='ocr_carea' id='block_1_67' title="bbox 1853 2423 3441 2523">
    <p class='ocr_par' dir='ltr' id='par_1_67' title="bbox 1853 2423 3441 2523">
     <span class='ocr_line' id='line_1_69' title="bbox 1853 2423 3441 2523; baseline 0.033 -51"><span class='ocrx_word' id='word_1_488' title='bbox 1853 2423 2026 2491; x_wconf 88' lang='lat' dir='ltr'><strong>genda</strong></span> <span class='ocrx_word' id='word_1_489' title='bbox 2069 2434 2231 2497; x_wconf 90' lang='lat' dir='ltr'><strong>atque</strong></span> <span class='ocrx_word' id='word_1_490' title='bbox 2272 2434 2616 2508; x_wconf 86' lang='lat' dir='ltr'><strong>proferenda,</strong></span> <span class='ocrx_word' id='word_1_491' title='bbox 2661 2454 2715 2501; x_wconf 89' lang='lat' dir='ltr'><strong>et</strong></span> <span class='ocrx_word' id='word_1_492' title='bbox 2749 2423 3019 2509; x_wconf 73' lang='lat' dir='ltr'><strong>intellectu</strong></span> <span class='ocrx_word' id='word_1_493' title='bbox 3069 2466 3125 2512; x_wconf 89' lang='lat' dir='ltr'><strong>et</strong></span> <span class='ocrx_word' id='word_1_494' title='bbox 3150 2460 3261 2516; x_wconf 89' lang='lat' dir='ltr'><strong>vita</strong></span> <span class='ocrx_word' id='word_1_495' title='bbox 3304 2467 3441 2523; x_wconf 85' lang='lat' dir='ltr'><strong>emi-</strong></span> 
     </span>
    </p>
   </div>
   <div class='ocr_carea' id='block_1_68' title="bbox 1852 2518 3497 2614">
    <p class='ocr_par' dir='ltr' id='par_1_68' title="bbox 1852 2518 3497 2614">
     <span class='ocr_line' id='line_1_70' title="bbox 1852 2518 3497 2614; baseline 0.031 -50"><span class='ocrx_word' id='word_1_496' title='bbox 1852 2520 1995 2579; x_wconf 89' lang='lat' dir='ltr'><strong>cent,</strong></span> <span class='ocrx_word' id='word_1_497' title='bbox 2051 2518 2452 2582; x_wconf 62' lang='lat' dir='ltr'><strong>adhuctamen</strong></span> <span class='ocrx_word' id='word_1_498' title='bbox 2496 2530 2551 2584; x_wconf 92' lang='lat' dir='ltr'><strong>in</strong></span> <span class='ocrx_word' id='word_1_499' title='bbox 2602 2539 2905 2608; x_wconf 89' lang='lat' dir='ltr'><strong>semetipsis</strong></span> <span class='ocrx_word' id='word_1_500' title='bbox 2953 2548 3435 2614; x_wconf 84' lang='lat' dir='ltr'><strong>contradictionem</strong></span> <span class='ocrx_word' id='word_1_501' title='bbox 3490 2580 3497 2587; x_wconf 51' lang='grc' dir='ltr'>κ</span> 
     </span>
    </p>
   </div>
   <div class='ocr_carea' id='block_1_69' title="bbox 1852 2603 3436 2706">
    <p class='ocr_par' dir='ltr' id='par_1_69' title="bbox 1852 2603 3436 2706">
     <span class='ocr_line' id='line_1_71' title="bbox 1852 2603 3436 2706; baseline 0.031 -52"><span class='ocrx_word' id='word_1_502' title='bbox 1852 2603 2030 2659; x_wconf 88' lang='lat' dir='ltr'><strong>carnis</strong></span> <span class='ocrx_word' id='word_1_503' title='bbox 2077 2610 2335 2667; x_wconf 89' lang='lat' dir='ltr'><strong>sentiunt.</strong></span> <span class='ocrx_word' id='word_1_504' title='bbox 2368 2614 2503 2673; x_wconf 88' lang='lat' dir='ltr'><strong>Nam</strong></span> <span class='ocrx_word' id='word_1_505' title='bbox 2551 2622 2734 2680; x_wconf 85' lang='lat' dir='ltr'><strong>vident</strong></span> <span class='ocrx_word' id='word_1_506' title='bbox 2772 2628 2928 2686; x_wconf 88' lang='lat' dir='ltr'><strong>aliam</strong></span> <span class='ocrx_word' id='word_1_507' title='bbox 2962 2633 3135 2706; x_wconf 87' lang='lat' dir='ltr'><strong>legem</strong></span> <span class='ocrx_word' id='word_1_508' title='bbox 3176 2641 3230 2696; x_wconf 93' lang='lat' dir='ltr'><strong>in</strong></span> <span class='ocrx_word' id='word_1_509' title='bbox 3263 2660 3436 2701; x_wconf 88' lang='lat' dir='ltr'><strong>mem-</strong></span> 
     </span>
    </p>
   </div>
   <div class='ocr_carea' id='block_1_70' title="bbox 1848 2690 3436 2803">
    <p class='ocr_par' dir='ltr' id='par_1_70' title="bbox 1848 2690 3436 2803">
     <span class='ocr_line' id='line_1_72' title="bbox 1848 2690 3436 2803; baseline 0.031 -59"><span class='ocrx_word' id='word_1_510' title='bbox 1848 2690 1963 2747; x_wconf 88' lang='lat' dir='ltr'><strong>bris</strong></span> <span class='ocrx_word' id='word_1_511' title='bbox 1990 2697 2102 2752; x_wconf 91' lang='lat' dir='ltr'><strong>suis</strong></span> <span class='ocrx_word' id='word_1_512' title='bbox 2142 2715 2531 2773; x_wconf 87' lang='lat' dir='ltr'><strong>repugnanlcm</strong></span> <span class='ocrx_word' id='word_1_513' title='bbox 2573 2711 2675 2783; x_wconf 91' lang='lat' dir='ltr'><strong>legi</strong></span> <span class='ocrx_word' id='word_1_514' title='bbox 2714 2721 2909 2776; x_wconf 88' lang='lat' dir='ltr'><strong>mentis</strong></span> <span class='ocrx_word' id='word_1_515' title='bbox 2941 2739 3070 2790; x_wconf 86' lang='lat' dir='ltr'><strong>suae,</strong></span> <span class='ocrx_word' id='word_1_516' title='bbox 3102 2739 3155 2783; x_wconf 92' lang='lat' dir='ltr'><strong>et</strong></span> <span class='ocrx_word' id='word_1_517' title='bbox 3194 2735 3436 2803; x_wconf 85' lang='lat' dir='ltr'><strong>captivos</strong></span> 
     </span>
    </p>
   </div>
   <div class='ocr_carea' id='block_1_71' title="bbox 1851 2785 3432 2890">
    <p class='ocr_par' dir='ltr' id='par_1_71' title="bbox 1851 2785 3432 2890">
     <span class='ocr_line' id='line_1_73' title="bbox 1851 2785 3432 2890; baseline 0.031 -55"><span class='ocrx_word' id='word_1_518' title='bbox 1851 2785 2197 2845; x_wconf 89' lang='lat' dir='ltr'><strong>seducentem</strong></span> <span class='ocrx_word' id='word_1_519' title='bbox 2227 2794 2279 2848; x_wconf 93' lang='lat' dir='ltr'><strong>in</strong></span> <span class='ocrx_word' id='word_1_520' title='bbox 2307 2797 2422 2869; x_wconf 87' lang='lat' dir='ltr'><strong>lege</strong></span> <span class='ocrx_word' id='word_1_521' title='bbox 2467 2807 2672 2872; x_wconf 84' lang='lat' dir='ltr'><strong>peccati</strong></span> <span class='ocrx_word' id='word_1_522' title='bbox 2715 2807 2901 2882; x_wconf 86' lang='lat' dir='ltr'><strong>(Rom.</strong></span> <span class='ocrx_word' id='word_1_523' title='bbox 2934 2785 3068 2890; x_wconf 46' lang='lat' dir='ltr'><strong>vn):</strong></span> <span class='ocrx_word' id='word_1_524' title='bbox 3116 2820 3183 2876; x_wconf 90' lang='lat' dir='ltr'><strong>Et</strong></span> <span class='ocrx_word' id='word_1_525' title='bbox 3212 2785 3432 2883; x_wconf 57' lang='lat' dir='ltr'><strong>dirvitias</strong></span> 
     </span>
    </p>
   </div>
   <div class='ocr_carea' id='block_1_72' title="bbox 1848 2871 3428 2974">
    <p class='ocr_par' dir='ltr' id='par_1_72' title="bbox 1848 2871 3428 2974">
     <span class='ocr_line' id='line_1_74' title="bbox 1848 2871 3428 2974; baseline 0.03 -48"><span class='ocrx_word' id='word_1_526' title='bbox 1848 2871 1902 2926; x_wconf 91' lang='lat' dir='ltr'><strong>in</strong></span> <span class='ocrx_word' id='word_1_527' title='bbox 1926 2877 2145 2935; x_wconf 89' lang='lat' dir='ltr'><strong>camelis</strong></span> <span class='ocrx_word' id='word_1_528' title='bbox 2180 2894 2377 2951; x_wconf 90' lang='lat' dir='ltr'><strong>portat,</strong></span> <span class='ocrx_word' id='word_1_529' title='bbox 2423 2871 2547 2959; x_wconf 89' lang='lat' dir='ltr'><strong>quia</strong></span> <span class='ocrx_word' id='word_1_530' title='bbox 2574 2910 2642 2950; x_wconf 92' lang='lat' dir='ltr'><strong>ne</strong></span> <span class='ocrx_word' id='word_1_531' title='bbox 2689 2902 2999 2971; x_wconf 88' lang='lat' dir='ltr'><strong>magnitudo</strong></span> <span class='ocrx_word' id='word_1_532' title='bbox 3024 2871 3428 2974; x_wconf 49' lang='lat' dir='ltr'><strong>lrevelationum</strong></span> 
     </span>
    </p>
   </div>
   <div class='ocr_carea' id='block_1_73' title="bbox 1848 2964 3434 3064">
    <p class='ocr_par' dir='ltr' id='par_1_73' title="bbox 1848 2964 3434 3064">
     <span class='ocr_line' id='line_1_75' title="bbox 1848 2964 3434 3064; baseline 0.031 -49"><span class='ocrx_word' id='word_1_533' title='bbox 1848 2964 2073 3022; x_wconf 78' lang='lat' dir='ltr'><strong>extollat</strong></span> <span class='ocrx_word' id='word_1_534' title='bbox 2109 2984 2223 3038; x_wconf 90' lang='lat' dir='ltr'><strong>eos,</strong></span> <span class='ocrx_word' id='word_1_535' title='bbox 2253 2974 2412 3032; x_wconf 86' lang='lat' dir='ltr'><strong>datur</strong></span> <span class='ocrx_word' id='word_1_536' title='bbox 2438 2982 2519 3038; x_wconf 92' lang='lat' dir='ltr'><strong>eis</strong></span> <span class='ocrx_word' id='word_1_537' title='bbox 2553 2985 2800 3046; x_wconf 89' lang='lat' dir='ltr'><strong>stimulus</strong></span> <span class='ocrx_word' id='word_1_538' title='bbox 2844 2996 3024 3052; x_wconf 84' lang='lat' dir='ltr'><strong>carnis</strong></span> <span class='ocrx_word' id='word_1_539' title='bbox 3054 3014 3184 3056; x_wconf 73' lang='lat' dir='ltr'><strong>suae.</strong></span> <span class='ocrx_word' id='word_1_540' title='bbox 3221 3004 3434 3064; x_wconf 85' lang='lat' dir='ltr'><strong>Habent</strong></span> 
     </span>
    </p>
   </div>
   <div class='ocr_carea' id='block_1_74' title="bbox 1847 3056 3430 3156">
    <p class='ocr_par' dir='ltr' id='par_1_74' title="bbox 1847 3056 3430 3156">
     <span class='ocr_line' id='line_1_76' title="bbox 1847 3056 3430 3156; baseline 0.031 -49"><span class='ocrx_word' id='word_1_541' title='bbox 1847 3056 1990 3110; x_wconf 87' lang='lat' dir='ltr'><strong>enim</strong></span> <span class='ocrx_word' id='word_1_542' title='bbox 2022 3059 2332 3120; x_wconf 87' lang='lat' dir='ltr'><strong>thesaurum</strong></span> <span class='ocrx_word' id='word_1_543' title='bbox 2366 3068 2523 3127; x_wconf 90' lang='lat' dir='ltr'><strong>istum</strong></span> <span class='ocrx_word' id='word_1_544' title='bbox 2549 3074 2601 3129; x_wconf 90' lang='lat' dir='ltr'><strong>in</strong></span> <span class='ocrx_word' id='word_1_545' title='bbox 2625 3081 2770 3137; x_wconf 88' lang='lat' dir='ltr'><strong>vasis</strong></span> <span class='ocrx_word' id='word_1_546' title='bbox 2794 3082 3071 3156; x_wconf 86' lang='lat' dir='ltr'><strong>fictilibus,</strong></span> <span class='ocrx_word' id='word_1_547' title='bbox 3103 3100 3161 3147; x_wconf 92' lang='lat' dir='ltr'><strong>ut</strong></span> <span class='ocrx_word' id='word_1_548' title='bbox 3187 3096 3430 3155; x_wconf 85' lang='lat' dir='ltr'><strong>sublimi-</strong></span> 
     </span>
    </p>
   </div>
   <div class='ocr_carea' id='block_1_75' title="bbox 1849 3148 3430 3256">
    <p class='ocr_par' dir='ltr' id='par_1_75' title="bbox 1849 3148 3430 3256">
     <span class='ocr_line' id='line_1_77' title="bbox 1849 3148 3430 3256; baseline 0.032 -58"><span class='ocrx_word' id='word_1_549' title='bbox 1849 3155 1931 3201; x_wconf 90' lang='lat' dir='ltr'><strong>tas</strong></span> <span class='ocrx_word' id='word_1_550' title='bbox 1961 3148 2031 3203; x_wconf 90' lang='lat' dir='ltr'><strong>sit</strong></span> <span class='ocrx_word' id='word_1_551' title='bbox 2055 3153 2272 3209; x_wconf 89' lang='lat' dir='ltr'><strong>virtutis</strong></span> <span class='ocrx_word' id='word_1_552' title='bbox 2302 3156 2414 3225; x_wconf 91' lang='lat' dir='ltr'><strong>Dei,</strong></span> <span class='ocrx_word' id='word_1_553' title='bbox 2453 3173 2509 3217; x_wconf 89' lang='lat' dir='ltr'><strong>et</strong></span> <span class='ocrx_word' id='word_1_554' title='bbox 2532 3181 2638 3223; x_wconf 88' lang='lat' dir='ltr'><strong>non</strong></span> <span class='ocrx_word' id='word_1_555' title='bbox 2665 3184 2731 3224; x_wconf 76' lang='lat' dir='ltr'><strong>ex</strong></span> <span class='ocrx_word' id='word_1_556' title='bbox 2759 3173 2859 3228; x_wconf 92' lang='lat' dir='ltr'><strong>eis.</strong></span> <span class='ocrx_word' id='word_1_557' title='bbox 2900 3176 2999 3244; x_wconf 91' lang='lat' dir='ltr'><strong>Qui</strong></span> <span class='ocrx_word' id='word_1_558' title='bbox 3030 3195 3161 3255; x_wconf 89' lang='lat' dir='ltr'><strong>ergo</strong></span> <span class='ocrx_word' id='word_1_559' title='bbox 3182 3202 3283 3256; x_wconf 89' lang='lat' dir='ltr'><strong>per</strong></span> <span class='ocrx_word' id='word_1_560' title='bbox 3308 3206 3430 3247; x_wconf 80' lang='lat' dir='ltr'><strong>car-</strong></span> 
     </span>
    </p>
   </div>
   <div class='ocr_carea' id='block_1_76' title="bbox 1845 3240 3425 3341">
    <p class='ocr_par' dir='ltr' id='par_1_76' title="bbox 1845 3240 3425 3341">
     <span class='ocr_line' id='line_1_78' title="bbox 1845 3240 3425 3341; baseline 0.033 -53"><span class='ocrx_word' id='word_1_561' title='bbox 1845 3251 1968 3291; x_wconf 90' lang='lat' dir='ltr'><strong>nem</strong></span> <span class='ocrx_word' id='word_1_562' title='bbox 2000 3240 2241 3299; x_wconf 88' lang='lat' dir='ltr'><strong>coclestia</strong></span> <span class='ocrx_word' id='word_1_563' title='bbox 2288 3247 2595 3321; x_wconf 90' lang='lat' dir='ltr'><strong>loquuntur,</strong></span> <span class='ocrx_word' id='word_1_564' title='bbox 2644 3269 2698 3314; x_wconf 91' lang='lat' dir='ltr'><strong>et</strong></span> <span class='ocrx_word' id='word_1_565' title='bbox 2743 3240 2942 3321; x_wconf 42' lang='lat' dir='ltr'><strong>tamen-</strong></span> <span class='ocrx_word' id='word_1_566' title='bbox 2965 3240 3141 3330; x_wconf 71' lang='lat' dir='ltr'><strong>adhuc</strong></span> <span class='ocrx_word' id='word_1_567' title='bbox 3172 3240 3231 3332; x_wconf 65' lang='lat' dir='ltr'><strong>in</strong></span> <span class='ocrx_word' id='word_1_568' title='bbox 3258 3295 3425 3341; x_wconf 86' lang='lat' dir='ltr'><strong>carne</strong></span> 
     </span>
    </p>
   </div>
   <div class='ocr_carea' id='block_1_77' title="bbox 1841 3331 3424 3443">
    <p class='ocr_par' dir='ltr' id='par_1_77' title="bbox 1841 3331 3424 3443">
     <span class='ocr_line' id='line_1_79' title="bbox 1841 3331 3424 3443; baseline 0.033 -65"><span class='ocrx_word' id='word_1_569' title='bbox 1841 3331 2319 3392; x_wconf 87' lang='lat' dir='ltr'><strong>contradictionem</strong></span> <span class='ocrx_word' id='word_1_570' title='bbox 2354 3340 2420 3398; x_wconf 88' lang='lat' dir='ltr'><strong>de</strong></span> <span class='ocrx_word' id='word_1_571' title='bbox 2455 3345 2586 3401; x_wconf 88' lang='lat' dir='ltr'><strong>vitio</strong></span> <span class='ocrx_word' id='word_1_572' title='bbox 2613 3353 2874 3422; x_wconf 91' lang='lat' dir='ltr'><strong>sentiunt,</strong></span> <span class='ocrx_word' id='word_1_573' title='bbox 2904 3362 3033 3430; x_wconf 91' lang='lat' dir='ltr'><strong>quid</strong></span> <span class='ocrx_word' id='word_1_574' title='bbox 3070 3365 3216 3424; x_wconf 88' lang='lat' dir='ltr'><strong>aliud</strong></span> <span class='ocrx_word' id='word_1_575' title='bbox 3259 3387 3424 3443; x_wconf 88' lang='lat' dir='ltr'><strong>quam</strong></span> 
     </span>
    </p>
   </div>
   <div class='ocr_carea' id='block_1_78' title="bbox 1841 3431 3425 3523">
    <p class='ocr_par' dir='ltr' id='par_1_78' title="bbox 1841 3431 3425 3523">
     <span class='ocr_line' id='line_1_80' title="bbox 1841 3431 3425 3523; baseline 0.032 -50"><span class='ocrx_word' id='word_1_576' title='bbox 1841 3432 2005 3489; x_wconf 91' lang='lat' dir='ltr'><strong>super</strong></span> <span class='ocrx_word' id='word_1_577' title='bbox 2034 3431 2285 3485; x_wconf 83' lang='lat' dir='ltr'><strong>tortuosa</strong></span> <span class='ocrx_word' id='word_1_578' title='bbox 2298 3436 2629 3495; x_wconf 89' lang='lat' dir='ltr'><strong>camelorum</strong></span> <span class='ocrx_word' id='word_1_579' title='bbox 2652 3444 2811 3502; x_wconf 90' lang='lat' dir='ltr'><strong>dorsa</strong></span> <span class='ocrx_word' id='word_1_580' title='bbox 2834 3450 3050 3510; x_wconf 87' lang='lat' dir='ltr'><strong>divitias</strong></span> <span class='ocrx_word' id='word_1_581' title='bbox 3078 3431 3294 3519; x_wconf 66' lang='lat' dir='ltr'><strong>ferenti</strong></span> <span class='ocrx_word' id='word_1_582' title='bbox 3320 3466 3425 3523; x_wconf 86' lang='lat' dir='ltr'><strong>Re-</strong></span> 
     </span>
    </p>
   </div>
   <div class='ocr_carea' id='block_1_79' title="bbox 1836 3508 3424 3623">
    <p class='ocr_par' dir='ltr' id='par_1_79' title="bbox 1836 3508 3424 3623">
     <span class='ocr_line' id='line_1_81' title="bbox 1836 3508 3424 3623; baseline 0.031 -59"><span class='ocrx_word' id='word_1_583' title='bbox 1836 3508 2003 3568; x_wconf 89' lang='lat' dir='ltr'><strong>becca</strong></span> <span class='ocrx_word' id='word_1_584' title='bbox 2043 3530 2172 3572; x_wconf 90' lang='lat' dir='ltr'><strong>vero</strong></span> <span class='ocrx_word' id='word_1_585' title='bbox 2199 3519 2349 3577; x_wconf 85' lang='lat' dir='ltr'><strong>Isaac</strong></span> <span class='ocrx_word' id='word_1_586' title='bbox 2375 3526 2510 3594; x_wconf 90' lang='lat' dir='ltr'><strong>viso,</strong></span> <span class='ocrx_word' id='word_1_587' title='bbox 2552 3532 2674 3600; x_wconf 90' lang='lat' dir='ltr'><strong>quis</strong></span> <span class='ocrx_word' id='word_1_588' title='bbox 2711 3535 2799 3593; x_wconf 90' lang='lat' dir='ltr'><strong>ille</strong></span> <span class='ocrx_word' id='word_1_589' title='bbox 2842 3540 3006 3600; x_wconf 90' lang='lat' dir='ltr'><strong>homo</strong></span> <span class='ocrx_word' id='word_1_590' title='bbox 3030 3547 3120 3613; x_wconf 87' lang='lat' dir='ltr'><strong>sit,</strong></span> <span class='ocrx_word' id='word_1_591' title='bbox 3154 3554 3424 3623; x_wconf 86' lang='lat' dir='ltr'><strong>requisito</strong></span> 
     </span>
    </p>
   </div>
   <div class='ocr_carea' id='block_1_80' title="bbox 1835 3613 3423 3704">
    <p class='ocr_par' dir='ltr' id='par_1_80' title="bbox 1835 3613 3423 3704">
     <span class='ocr_line' id='line_1_82' title="bbox 1835 3613 3423 3704; baseline 0.034 -53"><span class='ocrx_word' id='word_1_592' title='bbox 1835 3613 2023 3669; x_wconf 87' lang='lat' dir='ltr'><strong>puero,</strong></span> <span class='ocrx_word' id='word_1_593' title='bbox 2075 3614 2435 3680; x_wconf 88' lang='lat' dir='ltr'><strong>recognoscit,</strong></span> <span class='ocrx_word' id='word_1_594' title='bbox 2480 3620 2607 3687; x_wconf 90' lang='lat' dir='ltr'><strong>quia</strong></span> <span class='ocrx_word' id='word_1_595' title='bbox 2656 3627 2895 3694; x_wconf 89' lang='lat' dir='ltr'><strong>quotidie</strong></span> <span class='ocrx_word' id='word_1_596' title='bbox 2941 3647 3128 3693; x_wconf 87' lang='lat' dir='ltr'><strong>sancta</strong></span> <span class='ocrx_word' id='word_1_597' title='bbox 3179 3613 3423 3704; x_wconf 72' lang='lat' dir='ltr'><strong>Ecclesia</strong></span> 
     </span>
    </p>
   </div>
   <div class='ocr_carea' id='block_1_81' title="bbox 1836 3692 3421 3806">
    <p class='ocr_par' dir='ltr' id='par_1_81' title="bbox 1836 3692 3421 3806">
     <span class='ocr_line' id='line_1_83' title="bbox 1836 3692 3421 3806; baseline 0.032 -62"><span class='ocrx_word' id='word_1_598' title='bbox 1836 3692 2008 3751; x_wconf 85' lang='lat' dir='ltr'><strong>adhuc</strong></span> <span class='ocrx_word' id='word_1_599' title='bbox 2032 3712 2128 3766; x_wconf 86' lang='lat' dir='ltr'><strong>per</strong></span> <span class='ocrx_word' id='word_1_600' title='bbox 2148 3703 2530 3771; x_wconf 88' lang='lat' dir='ltr'><strong>prophetarum</strong></span> <span class='ocrx_word' id='word_1_601' title='bbox 2554 3692 2715 3784; x_wconf 83' lang='lat' dir='ltr'><strong>atque</strong></span> <span class='ocrx_word' id='word_1_602' title='bbox 2742 3692 3421 3806; x_wconf 52' lang='lat' dir='ltr'><strong>apostolorumdiht:</strong></span> 
     </span>
    </p>
   </div>
   <div class='ocr_carea' id='block_1_82' title="bbox 1835 3781 3420 3894">
    <p class='ocr_par' dir='ltr' id='par_1_82' title="bbox 1835 3781 3420 3894">
     <span class='ocr_line' id='line_1_84' title="bbox 1835 3781 3420 3894; baseline 0.032 -59"><span class='ocrx_word' id='word_1_603' title='bbox 1835 3781 1901 3838; x_wconf 86' lang='lat' dir='ltr'><strong>de</strong></span> <span class='ocrx_word' id='word_1_604' title='bbox 1949 3787 2292 3859; x_wconf 87' lang='lat' dir='ltr'><strong>redemptore</strong></span> <span class='ocrx_word' id='word_1_605' title='bbox 2339 3811 2437 3851; x_wconf 90' lang='lat' dir='ltr'><strong>suo</strong></span> <span class='ocrx_word' id='word_1_606' title='bbox 2467 3781 2691 3860; x_wconf 73' lang='lat' dir='ltr'><strong>credere</strong></span> <span class='ocrx_word' id='word_1_607' title='bbox 2734 3781 2928 3867; x_wconf 76' lang='lat' dir='ltr'><strong>debeat</strong></span> <span class='ocrx_word' id='word_1_608' title='bbox 2975 3816 3240 3892; x_wconf 88' lang='lat' dir='ltr'><strong>intelligit.</strong></span> <span class='ocrx_word' id='word_1_609' title='bbox 3288 3781 3420 3894; x_wconf 70' lang='lat' dir='ltr'><strong>Qum</strong></span> 
     </span>
    </p>
   </div>
   <div class='ocr_carea' id='block_1_83' title="bbox 130 4212 1727 4303">
    <p class='ocr_par' dir='ltr' id='par_1_83' title="bbox 130 4212 1727 4303">
     <span class='ocr_line' id='line_1_85' title="bbox 130 4212 1727 4303; baseline 0.022 -37"><span class='ocrx_word' id='word_1_610' title='bbox 130 4212 387 4286; x_wconf 84' lang='lat' dir='ltr'><strong>dempter</strong></span> <span class='ocrx_word' id='word_1_611' title='bbox 437 4230 626 4277; x_wconf 90' lang='lat' dir='ltr'><strong>noster</strong></span> <span class='ocrx_word' id='word_1_612' title='bbox 662 4239 721 4280; x_wconf 91' lang='lat' dir='ltr'><strong>se</strong></span> <span class='ocrx_word' id='word_1_613' title='bbox 755 4232 1104 4297; x_wconf 88' lang='lat' dir='ltr'><strong>sequentibus</strong></span> <span class='ocrx_word' id='word_1_614' title='bbox 1131 4212 1357 4292; x_wconf 72' lang='lat' dir='ltr'><strong>formam</strong></span> <span class='ocrx_word' id='word_1_615' title='bbox 1405 4212 1727 4303; x_wconf 88' lang='lat' dir='ltr'><strong>humilitatis</strong></span> 
     </span>
    </p>
   </div>
   <div class='ocr_carea' id='block_1_84' title="bbox 128 4306 1721 4401">
    <p class='ocr_par' dir='ltr' id='par_1_84' title="bbox 128 4306 1721 4401">
     <span class='ocr_line' id='line_1_86' title="bbox 128 4306 1721 4401; baseline 0.022 -45"><span class='ocrx_word' id='word_1_616' title='bbox 128 4306 403 4373; x_wconf 63' lang='lat' dir='ltr'><strong>praebens,</strong></span> <span class='ocrx_word' id='word_1_617' title='bbox 434 4325 535 4379; x_wconf 88' lang='lat' dir='ltr'><strong>per</strong></span> <span class='ocrx_word' id='word_1_618' title='bbox 559 4314 875 4393; x_wconf 50' lang='lat' dir='ltr'><strong>cgercitium</strong></span> <span class='ocrx_word' id='word_1_619' title='bbox 906 4318 1331 4392; x_wconf 86' lang='lat' dir='ltr'><strong>Ionganimitatis</strong></span> <span class='ocrx_word' id='word_1_620' title='bbox 1366 4343 1478 4384; x_wconf 68' lang='lat' dir='ltr'><strong>sua:</strong></span> <span class='ocrx_word' id='word_1_621' title='bbox 1510 4336 1721 4401; x_wconf 89' lang='lat' dir='ltr'><strong>passio-</strong></span> 
     </span>
    </p>
   </div>
   <div class='ocr_carea' id='block_1_85' title="bbox 126 4386 1719 4487">
    <p class='ocr_par' dir='ltr' id='par_1_85' title="bbox 126 4386 1719 4487">
     <span class='ocr_line' id='line_1_87' title="bbox 126 4386 1719 4487; baseline 0.023 -40"><span class='ocrx_word' id='word_1_622' title='bbox 126 4395 326 4465; x_wconf 88' lang='lat' dir='ltr'><strong>nisque</strong></span> <span class='ocrx_word' id='word_1_623' title='bbox 356 4400 409 4454; x_wconf 91' lang='lat' dir='ltr'><strong>in</strong></span> <span class='ocrx_word' id='word_1_624' title='bbox 443 4416 503 4457; x_wconf 92' lang='lat' dir='ltr'><strong>se</strong></span> <span class='ocrx_word' id='word_1_625' title='bbox 541 4386 907 4475; x_wconf 33' lang='lat' dir='ltr'><strong>et‘patientiae</strong></span> <span class='ocrx_word' id='word_1_626' title='bbox 941 4386 1185 4487; x_wconf 70' lang='lat' dir='ltr'><strong>exempla</strong></span> <span class='ocrx_word' id='word_1_627' title='bbox 1217 4425 1557 4479; x_wconf 89' lang='lat' dir='ltr'><strong>monstravit.</strong></span> <span class='ocrx_word' id='word_1_628' title='bbox 1606 4426 1719 4484; x_wconf 82' lang='lat' dir='ltr'><strong>Me-</strong></span> 
     </span>
    </p>
   </div>
   <div class='ocr_carea' id='block_1_86' title="bbox 122 4488 1715 4586">
    <p class='ocr_par' dir='ltr' id='par_1_86' title="bbox 122 4488 1715 4586">
     <span class='ocr_line' id='line_1_88' title="bbox 122 4488 1715 4586; baseline 0.023 -47"><span class='ocrx_word' id='word_1_629' title='bbox 122 4488 319 4545; x_wconf 83' lang='lat' dir='ltr'><strong>ditatio</strong></span> <span class='ocrx_word' id='word_1_630' title='bbox 348 4493 549 4563; x_wconf 86' lang='lat' dir='ltr'><strong>quippe</strong></span> <span class='ocrx_word' id='word_1_631' title='bbox 578 4513 853 4563; x_wconf 88' lang='lat' dir='ltr'><strong>armorum</strong></span> <span class='ocrx_word' id='word_1_632' title='bbox 882 4514 962 4561; x_wconf 88' lang='lat' dir='ltr'><strong>est</strong></span> <span class='ocrx_word' id='word_1_633' title='bbox 985 4507 1344 4578; x_wconf 89' lang='lat' dir='ltr'><strong>frequentatio</strong></span> <span class='ocrx_word' id='word_1_634' title='bbox 1385 4518 1715 4586; x_wconf 88' lang='lat' dir='ltr'><strong>passionum.</strong></span> 
     </span>
    </p>
   </div>
   <div class='ocr_carea' id='block_1_87' title="bbox 120 4578 1721 4679">
    <p class='ocr_par' dir='ltr' id='par_1_87' title="bbox 120 4578 1721 4679">
     <span class='ocr_line' id='line_1_89' title="bbox 120 4578 1721 4679; baseline 0.022 -47"><span class='ocrx_word' id='word_1_635' title='bbox 120 4578 225 4645; x_wconf 83' lang='lat' dir='ltr'><strong>Qui</strong></span> <span class='ocrx_word' id='word_1_636' title='bbox 258 4582 405 4636; x_wconf 84' lang='lat' dir='ltr'><strong>enim</strong></span> <span class='ocrx_word' id='word_1_637' title='bbox 440 4584 668 4643; x_wconf 75' lang='lat' dir='ltr'><strong>verbera</strong></span> <span class='ocrx_word' id='word_1_638' title='bbox 715 4607 1007 4664; x_wconf 86' lang='lat' dir='ltr'><strong>manuum,</strong></span> <span class='ocrx_word' id='word_1_639' title='bbox 1054 4597 1317 4669; x_wconf 87' lang='lat' dir='ltr'><strong>lanceam,</strong></span> <span class='ocrx_word' id='word_1_640' title='bbox 1348 4621 1565 4663; x_wconf 90' lang='lat' dir='ltr'><strong>crucem</strong></span> <span class='ocrx_word' id='word_1_641' title='bbox 1598 4624 1721 4679; x_wconf 90' lang='lat' dir='ltr'><strong>per-</strong></span> 
     </span>
    </p>
   </div>
   <div class='ocr_carea' id='block_1_88' title="bbox 119 4671 1718 4771">
    <p class='ocr_par' dir='ltr' id='par_1_88' title="bbox 119 4671 1718 4771">
     <span class='ocr_line' id='line_1_90' title="bbox 119 4671 1718 4771; baseline 0.024 -50"><span class='ocrx_word' id='word_1_642' title='bbox 119 4671 267 4733; x_wconf 83' lang='lat' dir='ltr'><strong>tulit,</strong></span> <span class='ocrx_word' id='word_1_643' title='bbox 308 4675 619 4742; x_wconf 84' lang='lat' dir='ltr'><strong>passionem</strong></span> <span class='ocrx_word' id='word_1_644' title='bbox 673 4697 826 4739; x_wconf 90' lang='lat' dir='ltr'><strong>suam</strong></span> <span class='ocrx_word' id='word_1_645' title='bbox 871 4701 1042 4758; x_wconf 88' lang='lat' dir='ltr'><strong>usque</strong></span> <span class='ocrx_word' id='word_1_646' title='bbox 1091 4692 1158 4746; x_wconf 89' lang='lat' dir='ltr'><strong>ad</strong></span> <span class='ocrx_word' id='word_1_647' title='bbox 1199 4704 1426 4752; x_wconf 90' lang='lat' dir='ltr'><strong>mortem</strong></span> <span class='ocrx_word' id='word_1_648' title='bbox 1462 4700 1718 4771; x_wconf 88' lang='lat' dir='ltr'><strong>frequen-</strong></span> 
     </span>
    </p>
   </div>
   <div class='ocr_carea' id='block_1_89' title="bbox 117 4765 1714 4862">
    <p class='ocr_par' dir='ltr' id='par_1_89' title="bbox 117 4765 1714 4862">
     <span class='ocr_line' id='line_1_91' title="bbox 117 4765 1714 4862; baseline 0.025 -53"><span class='ocrx_word' id='word_1_649' title='bbox 117 4766 238 4814; x_wconf 67' lang='lat' dir='ltr'><strong>tare</strong></span> <span class='ocrx_word' id='word_1_650' title='bbox 269 4765 544 4831; x_wconf 88' lang='lat' dir='ltr'><strong>permisit.</strong></span> <span class='ocrx_word' id='word_1_651' title='bbox 597 4767 885 4829; x_wconf 88' lang='lat' dir='ltr'><strong>Passiones</strong></span> <span class='ocrx_word' id='word_1_652' title='bbox 929 4793 1055 4832; x_wconf 76' lang='lat' dir='ltr'><strong>vero</strong></span> <span class='ocrx_word' id='word_1_653' title='bbox 1094 4796 1244 4837; x_wconf 86' lang='lat' dir='ltr'><strong>arma</strong></span> <span class='ocrx_word' id='word_1_654' title='bbox 1295 4786 1544 4857; x_wconf 90' lang='lat' dir='ltr'><strong>dicimus,</strong></span> <span class='ocrx_word' id='word_1_655' title='bbox 1589 4795 1714 4862; x_wconf 92' lang='lat' dir='ltr'><strong>quia</strong></span> 
     </span>
    </p>
   </div>
   <div class='ocr_carea' id='block_1_90' title="bbox 113 4852 1717 4956">
    <p class='ocr_par' dir='ltr' id='par_1_90' title="bbox 113 4852 1717 4956">
     <span class='ocr_line' id='line_1_92' title="bbox 113 4852 1717 4956; baseline 0.024 -53"><span class='ocrx_word' id='word_1_656' title='bbox 113 4867 213 4918; x_wconf 73' lang='lat' dir='ltr'><strong>per</strong></span> <span class='ocrx_word' id='word_1_657' title='bbox 244 4852 398 4923; x_wconf 81' lang='lat' dir='ltr'><strong>ipsas</strong></span> <span class='ocrx_word' id='word_1_658' title='bbox 426 4856 498 4910; x_wconf 89' lang='lat' dir='ltr'><strong>ab</strong></span> <span class='ocrx_word' id='word_1_659' title='bbox 529 4859 842 4920; x_wconf 85' lang='lat' dir='ltr'><strong>adversario</strong></span> <span class='ocrx_word' id='word_1_660' title='bbox 868 4869 1082 4925; x_wconf 86' lang='lat' dir='ltr'><strong>occulto</strong></span> <span class='ocrx_word' id='word_1_661' title='bbox 1114 4872 1424 4945; x_wconf 87' lang='lat' dir='ltr'><strong>liberamur,</strong></span> <span class='ocrx_word' id='word_1_662' title='bbox 1454 4881 1595 4937; x_wconf 88' lang='lat' dir='ltr'><strong>sicut</strong></span> <span class='ocrx_word' id='word_1_663' title='bbox 1618 4901 1717 4956; x_wconf 90' lang='lat' dir='ltr'><strong>per</strong></span> 
     </span>
    </p>
   </div>
   <div class='ocr_carea' id='block_1_91' title="bbox 110 4944 1711 5041">
    <p class='ocr_par' dir='ltr' id='par_1_91' title="bbox 110 4944 1711 5041">
     <span class='ocr_line' id='line_1_93' title="bbox 110 4944 1711 5041; baseline 0.023 -48"><span class='ocrx_word' id='word_1_664' title='bbox 110 4944 362 5012; x_wconf 83' lang='lat' dir='ltr'><strong>scipsum</strong></span> <span class='ocrx_word' id='word_1_665' title='bbox 387 4946 651 5004; x_wconf 89' lang='lat' dir='ltr'><strong>Dominus</strong></span> <span class='ocrx_word' id='word_1_666' title='bbox 675 4952 807 5008; x_wconf 88' lang='lat' dir='ltr'><strong>dicit</strong></span> <span class='ocrx_word' id='word_1_667' title='bbox 835 4971 848 5009; x_wconf 90' lang='lat'><strong>:</strong></span> <span class='ocrx_word' id='word_1_668' title='bbox 877 4955 945 5011; x_wconf 80' lang='lat' dir='ltr'><strong>lu</strong></span> <span class='ocrx_word' id='word_1_669' title='bbox 979 4962 1231 5029; x_wconf 75' lang='lat' dir='ltr'><strong>patientia</strong></span> <span class='ocrx_word' id='word_1_670' title='bbox 1276 4944 1443 5024; x_wconf 76' lang='lat' dir='ltr'><strong>vestra</strong></span> <span class='ocrx_word' id='word_1_671' title='bbox 1473 4944 1711 5041; x_wconf 65' lang='lat' dir='ltr'><strong>posside-</strong></span> 
     </span>
    </p>
   </div>
   <div class='ocr_carea' id='block_1_92' title="bbox 107 5034 1711 5124">
    <p class='ocr_par' dir='ltr' id='par_1_92' title="bbox 107 5034 1711 5124">
     <span class='ocr_line' id='line_1_94' title="bbox 107 5034 1711 5124; baseline 0.026 -42"><span class='ocrx_word' id='word_1_672' title='bbox 107 5034 233 5086; x_wconf 75' lang='lat' dir='ltr'><strong>bitis</strong></span> <span class='ocrx_word' id='word_1_673' title='bbox 263 5035 477 5092; x_wconf 78' lang='lat' dir='ltr'><strong>animus</strong></span> <span class='ocrx_word' id='word_1_674' title='bbox 511 5052 710 5097; x_wconf 76' lang='lat' dir='ltr'><strong>vestras</strong></span> <span class='ocrx_word' id='word_1_675' title='bbox 738 5044 899 5117; x_wconf 83' lang='lat' dir='ltr'><strong>(Luc.</strong></span> <span class='ocrx_word' id='word_1_676' title='bbox 944 5051 1091 5124; x_wconf 73' lang='lat' dir='ltr'><strong>XXI).</strong></span> <span class='ocrx_word' id='word_1_677' title='bbox 1118 5053 1217 5121; x_wconf 91' lang='lat' dir='ltr'><strong>Qui</strong></span> <span class='ocrx_word' id='word_1_678' title='bbox 1245 5058 1311 5112; x_wconf 90' lang='lat' dir='ltr'><strong>ad</strong></span> <span class='ocrx_word' id='word_1_679' title='bbox 1344 5062 1711 5122; x_wconf 87' lang='lat' dir='ltr'><strong>meditandum</strong></span> 
     </span>
    </p>
   </div>
   <div class='ocr_carea' id='block_1_93' title="bbox 106 5121 1710 5220">
    <p class='ocr_par' dir='ltr' id='par_1_93' title="bbox 106 5121 1710 5220">
     <span class='ocr_line' id='line_1_95' title="bbox 106 5121 1710 5220; baseline 0.024 -47"><span class='ocrx_word' id='word_1_680' title='bbox 106 5121 159 5174; x_wconf 85' lang='lat' dir='ltr'><strong>iu</strong></span> <span class='ocrx_word' id='word_1_681' title='bbox 212 5139 360 5194; x_wconf 83' lang='lat' dir='ltr'><strong>agro</strong></span> <span class='ocrx_word' id='word_1_682' title='bbox 412 5127 671 5186; x_wconf 87' lang='lat' dir='ltr'><strong>inclinata</strong></span> <span class='ocrx_word' id='word_1_683' title='bbox 721 5133 836 5203; x_wconf 86' lang='lat' dir='ltr'><strong>jam</strong></span> <span class='ocrx_word' id='word_1_684' title='bbox 884 5138 971 5195; x_wconf 89' lang='lat' dir='ltr'><strong>die</strong></span> <span class='ocrx_word' id='word_1_685' title='bbox 1018 5143 1167 5209; x_wconf 78' lang='lat' dir='ltr'><strong>exiit,</strong></span> <span class='ocrx_word' id='word_1_686' title='bbox 1220 5147 1345 5217; x_wconf 91' lang='lat' dir='ltr'><strong>quia</strong></span> <span class='ocrx_word' id='word_1_687' title='bbox 1398 5154 1710 5220; x_wconf 87' lang='lat' dir='ltr'><strong>passionum</strong></span> 
     </span>
    </p>
   </div>
   <div class='ocr_carea' id='block_1_94' title="bbox 104 5215 1781 5314">
    <p class='ocr_par' dir='ltr' id='par_1_94' title="bbox 104 5215 1781 5314">
     <span class='ocr_line' id='line_1_96' title="bbox 104 5215 1781 5314; baseline 0.024 -49"><span class='ocrx_word' id='word_1_688' title='bbox 104 5215 380 5269; x_wconf 74' lang='lat' dir='ltr'><strong>exercitia</strong></span> <span class='ocrx_word' id='word_1_689' title='bbox 400 5215 555 5285; x_wconf 81' lang='lat' dir='ltr'><strong>juxta</strong></span> <span class='ocrx_word' id='word_1_690' title='bbox 586 5223 745 5280; x_wconf 83' lang='lat' dir='ltr'><strong>finem</strong></span> <span class='ocrx_word' id='word_1_691' title='bbox 775 5231 960 5285; x_wconf 84' lang='lat' dir='ltr'><strong>mundi</strong></span> <span class='ocrx_word' id='word_1_692' title='bbox 1002 5215 1257 5305; x_wconf 81' lang='lat' dir='ltr'><strong>suscepit,</strong></span> <span class='ocrx_word' id='word_1_693' title='bbox 1283 5239 1421 5296; x_wconf 87' lang='lat' dir='ltr'><strong>sicut</strong></span> <span class='ocrx_word' id='word_1_694' title='bbox 1441 5259 1536 5314; x_wconf 86' lang='lat' dir='ltr'><strong>per</strong></span> <span class='ocrx_word' id='word_1_695' title='bbox 1562 5230 1781 5301; x_wconf 44' lang='lat' dir='ltr'><strong>Psal-m</strong></span> 
     </span>
    </p>
   </div>
   <div class='ocr_carea' id='block_1_95' title="bbox 103 5305 1712 5404">
    <p class='ocr_par' dir='ltr' id='par_1_95' title="bbox 103 5305 1712 5404">
     <span class='ocr_line' id='line_1_97' title="bbox 103 5305 1712 5404; baseline 0.023 -49"><span class='ocrx_word' id='word_1_696' title='bbox 103 5305 338 5359; x_wconf 61' lang='lat' dir='ltr'><strong>aristam</strong></span> <span class='ocrx_word' id='word_1_697' title='bbox 389 5307 458 5363; x_wconf 89' lang='lat' dir='ltr'><strong>de</strong></span> <span class='ocrx_word' id='word_1_698' title='bbox 507 5313 876 5374; x_wconf 80' lang='lat' dir='ltr'><strong>cruciﬁxionis</strong></span> <span class='ocrx_word' id='word_1_699' title='bbox 924 5336 1036 5378; x_wconf 66' lang='lat' dir='ltr'><strong>suae</strong></span> <span class='ocrx_word' id='word_1_700' title='bbox 1074 5330 1422 5394; x_wconf 80' lang='lat' dir='ltr'><strong>expressione</strong></span> <span class='ocrx_word' id='word_1_701' title='bbox 1471 5333 1712 5404; x_wconf 89' lang='lat' dir='ltr'><strong>loquitur</strong></span> 
     </span>
    </p>
   </div>
   <div class='ocr_carea' id='block_1_96' title="bbox 100 5396 1708 5493">
    <p class='ocr_par' dir='ltr' id='par_1_96' title="bbox 100 5396 1708 5493">
     <span class='ocr_line' id='line_1_98' title="bbox 100 5396 1708 5493; baseline 0.024 -46"><span class='ocrx_word' id='word_1_702' title='bbox 100 5396 306 5452; x_wconf 77' lang='lat' dir='ltr'><strong>dicens</strong></span> <span class='ocrx_word' id='word_1_703' title='bbox 338 5417 352 5451; x_wconf 89' lang='lat'><strong>:</strong></span> <span class='ocrx_word' id='word_1_704' title='bbox 379 5399 620 5460; x_wconf 76' lang='lat' dir='ltr'><strong>Eleralio</strong></span> <span class='ocrx_word' id='word_1_705' title='bbox 673 5423 925 5466; x_wconf 85' lang='lat' dir='ltr'><strong>manuum</strong></span> <span class='ocrx_word' id='word_1_706' title='bbox 984 5431 1218 5473; x_wconf 87' lang='lat' dir='ltr'><strong>mearum</strong></span> <span class='ocrx_word' id='word_1_707' title='bbox 1256 5424 1575 5493; x_wconf 78' lang='lat' dir='ltr'><strong>sacriﬁcium</strong></span> <span class='ocrx_word' id='word_1_708' title='bbox 1620 5447 1708 5485; x_wconf 76' lang='lat' dir='ltr'><strong>ve-</strong></span> 
     </span>
    </p>
   </div>
   <div class='ocr_carea' id='block_1_97' title="bbox 95 5492 1705 5586">
    <p class='ocr_par' dir='ltr' id='par_1_97' title="bbox 95 5492 1705 5586">
     <span class='ocr_line' id='line_1_99' title="bbox 95 5492 1705 5586; baseline 0.024 -47"><span class='ocrx_word' id='word_1_709' title='bbox 95 5492 403 5555; x_wconf 69' lang='lat' dir='ltr'><strong>spertinum</strong></span> <span class='ocrx_word' id='word_1_710' title='bbox 452 5493 640 5564; x_wconf 71' lang='lat' dir='ltr'><strong>(Paul.</strong></span> <span class='ocrx_word' id='word_1_711' title='bbox 695 5501 852 5574; x_wconf 74' lang='lat' dir='ltr'><strong>cn).</strong></span> <span class='ocrx_word' id='word_1_712' title='bbox 888 5504 1025 5571; x_wconf 87' lang='lat' dir='ltr'><strong>Quid</strong></span> <span class='ocrx_word' id='word_1_713' title='bbox 1061 5517 1144 5563; x_wconf 89' lang='lat' dir='ltr'><strong>est</strong></span> <span class='ocrx_word' id='word_1_714' title='bbox 1183 5522 1361 5569; x_wconf 89' lang='lat' dir='ltr'><strong>autem</strong></span> <span class='ocrx_word' id='word_1_715' title='bbox 1400 5492 1549 5586; x_wconf 89' lang='lat' dir='ltr'><strong>quod</strong></span> <span class='ocrx_word' id='word_1_716' title='bbox 1600 5523 1705 5577; x_wconf 85' lang='lat' dir='ltr'><strong>Re-</strong></span> 
     </span>
    </p>
   </div>
   <div class='ocr_carea' id='block_1_98' title="bbox 95 5579 1706 5682">
    <p class='ocr_par' dir='ltr' id='par_1_98' title="bbox 95 5579 1706 5682">
     <span class='ocr_line' id='line_1_100' title="bbox 95 5579 1706 5682; baseline 0.022 -49"><span class='ocrx_word' id='word_1_717' title='bbox 95 5579 270 5636; x_wconf 83' lang='lat' dir='ltr'><strong>becca</strong></span> <span class='ocrx_word' id='word_1_718' title='bbox 312 5583 382 5637; x_wconf 83' lang='lat' dir='ltr'><strong>ad</strong></span> <span class='ocrx_word' id='word_1_719' title='bbox 420 5582 573 5642; x_wconf 77' lang='lat' dir='ltr'><strong>Isaac</strong></span> <span class='ocrx_word' id='word_1_720' title='bbox 605 5590 768 5647; x_wconf 88' lang='lat' dir='ltr'><strong>dorso</strong></span> <span class='ocrx_word' id='word_1_721' title='bbox 811 5584 1002 5651; x_wconf 88' lang='lat' dir='ltr'><strong>cameli</strong></span> <span class='ocrx_word' id='word_1_722' title='bbox 1053 5598 1364 5670; x_wconf 89' lang='lat' dir='ltr'><strong>deducitur,</strong></span> <span class='ocrx_word' id='word_1_723' title='bbox 1419 5579 1524 5663; x_wconf 77' lang='lat' dir='ltr'><strong>nisi</strong></span> <span class='ocrx_word' id='word_1_724' title='bbox 1565 5615 1706 5682; x_wconf 86' lang='lat' dir='ltr'><strong>quod</strong></span> 
     </span>
    </p>
   </div>
   <div class='ocr_carea' id='block_1_99' title="bbox 89 5666 1704 5773">
    <p class='ocr_par' dir='ltr' id='par_1_99' title="bbox 89 5666 1704 5773">
     <span class='ocr_line' id='line_1_101' title="bbox 89 5666 1704 5773; baseline 0.024 -52"><span class='ocrx_word' id='word_1_725' title='bbox 89 5666 205 5733; x_wconf 80' lang='lat' dir='ltr'><strong>iam</strong></span> <span class='ocrx_word' id='word_1_726' title='bbox 233 5685 349 5743; x_wconf 82' lang='lat' dir='ltr'><strong>per</strong></span> <span class='ocrx_word' id='word_1_727' title='bbox 375 5672 703 5747; x_wconf 77' lang='lat' dir='ltr'><strong>Rebeccam,</strong></span> <span class='ocrx_word' id='word_1_728' title='bbox 756 5684 893 5740; x_wconf 87' lang='lat' dir='ltr'><strong>sicut</strong></span> <span class='ocrx_word' id='word_1_729' title='bbox 936 5687 1145 5758; x_wconf 75' lang='lat' dir='ltr'><strong>prmfati</strong></span> <span class='ocrx_word' id='word_1_730' title='bbox 1178 5708 1386 5763; x_wconf 92' lang='lat' dir='ltr'><strong>sumus,</strong></span> <span class='ocrx_word' id='word_1_731' title='bbox 1440 5697 1704 5773; x_wconf 86' lang='lat' dir='ltr'><strong>Ecclesia,</strong></span> 
     </span>
    </p>
   </div>
   <div class='ocr_carea' id='block_1_100' title="bbox 1826 4324 3414 4432">
    <p class='ocr_par' dir='ltr' id='par_1_100' title="bbox 1826 4324 3414 4432">
     <span class='ocr_line' id='line_1_102' title="bbox 1826 4324 3414 4432; baseline 0.028 -44"><span class='ocrx_word' id='word_1_732' title='bbox 1826 4350 1945 4404; x_wconf 83' lang='lat' dir='ltr'><strong>quae</strong></span> <span class='ocrx_word' id='word_1_733' title='bbox 1976 4340 2126 4417; x_wconf 81' lang='lat' dir='ltr'><strong>prius</strong></span> <span class='ocrx_word' id='word_1_734' title='bbox 2171 4343 2224 4398; x_wconf 90' lang='lat' dir='ltr'><strong>in</strong></span> <span class='ocrx_word' id='word_1_735' title='bbox 2256 4349 2465 4405; x_wconf 87' lang='lat' dir='ltr'><strong>camelo</strong></span> <span class='ocrx_word' id='word_1_736' title='bbox 2495 4324 2662 4410; x_wconf 86' lang='lat' dir='ltr'><strong>libere</strong></span> <span class='ocrx_word' id='word_1_737' title='bbox 2698 4361 3033 4432; x_wconf 86' lang='lat' dir='ltr'><strong>gestabatur,</strong></span> <span class='ocrx_word' id='word_1_738' title='bbox 3078 4368 3414 4432; x_wconf 83' lang='lat' dir='ltr'><strong>descendens</strong></span> 
     </span>
    </p>
   </div>
   <div class='ocr_carea' id='block_1_101' title="bbox 1745 4430 3414 4529">
    <p class='ocr_par' dir='ltr' id='par_1_101' title="bbox 1745 4430 3414 4529">
     <span class='ocr_line' id='line_1_103' title="bbox 1745 4430 3414 4529; baseline 0.03 -54"><span class='ocrx_word' id='word_1_739' title='bbox 1745 4469 1800 4529; x_wconf 70' lang='grc' dir='ltr'><strong>Β</strong></span> <span class='ocrx_word' id='word_1_740' title='bbox 1823 4430 2189 4496; x_wconf 88' lang='lat' dir='ltr'><strong>postmodum,</strong></span> <span class='ocrx_word' id='word_1_741' title='bbox 2226 4441 2547 4497; x_wconf 88' lang='lat' dir='ltr'><strong>verecundia</strong></span> <span class='ocrx_word' id='word_1_742' title='bbox 2577 4447 2793 4516; x_wconf 86' lang='lat' dir='ltr'><strong>tegitur.</strong></span> <span class='ocrx_word' id='word_1_743' title='bbox 2831 4451 2982 4511; x_wconf 87' lang='lat' dir='ltr'><strong>Unde</strong></span> <span class='ocrx_word' id='word_1_744' title='bbox 3007 4430 3182 4516; x_wconf 84' lang='lat' dir='ltr'><strong>eidem</strong></span> 
     </span>
    </p>
   </div>
   <div class='ocr_carea' id='block_1_102' title="bbox 1827 4519 3410 4619">
    <p class='ocr_par' dir='ltr' id='par_1_102' title="bbox 1827 4519 3410 4619">
     <span class='ocr_line' id='line_1_104' title="bbox 1827 4519 3410 4619; baseline 0.028 -46"><span class='ocrx_word' id='word_1_745' title='bbox 1827 4519 1920 4575; x_wconf 76' lang='lat' dir='ltr'><strong>sia:</strong></span> <span class='ocrx_word' id='word_1_746' title='bbox 1943 4538 1974 4577; x_wconf 92' lang='lat' dir='ltr'><strong>a</strong></span> <span class='ocrx_word' id='word_1_747' title='bbox 1995 4525 2179 4594; x_wconf 88' lang='lat' dir='ltr'><strong>priore</strong></span> <span class='ocrx_word' id='word_1_748' title='bbox 2203 4529 2436 4601; x_wconf 90' lang='lat' dir='ltr'><strong>elatione</strong></span> <span class='ocrx_word' id='word_1_749' title='bbox 2462 4551 2758 4607; x_wconf 83' lang='lat' dir='ltr'><strong>conversae,</strong></span> <span class='ocrx_word' id='word_1_750' title='bbox 2790 4560 2902 4615; x_wconf 73' lang='lat' dir='ltr'><strong>,per</strong></span> <span class='ocrx_word' id='word_1_751' title='bbox 2932 4554 3284 4619; x_wconf 83' lang='lat' dir='ltr'><strong>apostolicam</strong></span> <span class='ocrx_word' id='word_1_752' title='bbox 3311 4577 3410 4616; x_wconf 89' lang='lat' dir='ltr'><strong>vo-</strong></span> 
     </span>
    </p>
   </div>
   <div class='ocr_carea' id='block_1_103' title="bbox 1825 4618 3412 4723">
    <p class='ocr_par' dir='ltr' id='par_1_103' title="bbox 1825 4618 3412 4723">
     <span class='ocr_line' id='line_1_105' title="bbox 1825 4618 3412 4723; baseline 0.026 -60"><span class='ocrx_word' id='word_1_753' title='bbox 1825 4624 1966 4677; x_wconf 89' lang='lat' dir='ltr'><strong>cem,</strong></span> <span class='ocrx_word' id='word_1_754' title='bbox 1994 4618 2146 4685; x_wconf 91' lang='lat' dir='ltr'><strong>quasi</strong></span> <span class='ocrx_word' id='word_1_755' title='bbox 2170 4618 2428 4679; x_wconf 83' lang='lat' dir='ltr'><strong>Rebeccae</strong></span> <span class='ocrx_word' id='word_1_756' title='bbox 2452 4626 2518 4682; x_wconf 91' lang='lat' dir='ltr'><strong>de</strong></span> <span class='ocrx_word' id='word_1_757' title='bbox 2546 4632 2754 4688; x_wconf 87' lang='lat' dir='ltr'><strong>camelo</strong></span> <span class='ocrx_word' id='word_1_758' title='bbox 2790 4618 3164 4713; x_wconf 79' lang='lat' dir='ltr'><strong>descendenti,</strong></span> <span class='ocrx_word' id='word_1_759' title='bbox 3198 4649 3412 4723; x_wconf 81' lang='lat' dir='ltr'><strong>sibique</strong></span> 
     </span>
     <span class='ocr_line' id='line_1_106' title="bbox 1825 4701 2641 4723; baseline 0.027 -12"><span class='ocrx_word' id='word_1_760' title='bbox 1825 4701 2036 4723; x_wconf 36' lang='lat' dir='ltr'><strong>mn,”</strong></span> <span class='ocrx_word' id='word_1_761' title='bbox 2097 4721 2105 4723; x_wconf 14' lang='grc' dir='ltr'>ξ</span> <span class='ocrx_word' id='word_1_762' title='bbox 2272 4712 2286 4723; x_wconf 89' lang='grc'>.</span> <span class='ocrx_word' id='word_1_763' title='bbox 2455 4717 2466 4723; x_wconf 93' lang='grc'><strong>-</strong></span> <span class='ocrx_word' id='word_1_764' title='bbox 2557 4719 2591 4723; x_wconf 81' lang='grc'><strong>--</strong></span> <span class='ocrx_word' id='word_1_765' title='bbox 2635 4722 2641 4723; x_wconf 41' lang='grc' dir='ltr'><em>κ</em></span> 
     </span>
    </p>
   </div>
   <div class='ocr_carea' id='block_1_104' title="bbox 1823 4701 3407 4808">
    <p class='ocr_par' dir='ltr' id='par_1_104' title="bbox 1823 4701 3407 4808">
     <span class='ocr_line' id='line_1_107' title="bbox 1823 4701 3407 4808; baseline 0.03 -57"><span class='ocrx_word' id='word_1_766' title='bbox 1823 4701 2042 4768; x_wconf 83' lang='lat' dir='ltr'><strong>pallium</strong></span> <span class='ocrx_word' id='word_1_767' title='bbox 2089 4712 2489 4782; x_wconf 88' lang='lat' dir='ltr'><strong>superducenti,</strong></span> <span class='ocrx_word' id='word_1_768' title='bbox 2540 4719 2969 4792; x_wconf 83' lang='lat' dir='ltr'><strong>dicitur:Qucm</strong></span> <span class='ocrx_word' id='word_1_769' title='bbox 3002 4701 3407 4808; x_wconf 47' lang='lat' dir='ltr'><strong>enim&#39;fructum</strong></span> 
     </span>
    </p>
   </div>
   <div class='ocr_carea' id='block_1_105' title="bbox 1822 4791 3414 4890">
    <p class='ocr_par' dir='ltr' id='par_1_105' title="bbox 1822 4791 3414 4890">
     <span class='ocr_line' id='line_1_108' title="bbox 1822 4791 3414 4890; baseline 0.03 -46"><span class='ocrx_word' id='word_1_770' title='bbox 1822 4791 2077 4851; x_wconf 77' lang='lat' dir='ltr'><strong>habuistis</strong></span> <span class='ocrx_word' id='word_1_771' title='bbox 2119 4809 2243 4856; x_wconf 84' lang='lat' dir='ltr'><strong>tunc</strong></span> <span class='ocrx_word' id='word_1_772' title='bbox 2284 4805 2341 4859; x_wconf 82' lang='lat' dir='ltr'><strong>in</strong></span> <span class='ocrx_word' id='word_1_773' title='bbox 2389 4807 2518 4874; x_wconf 71' lang='lat' dir='ltr'><strong>illis,</strong></span> <span class='ocrx_word' id='word_1_774' title='bbox 2570 4813 2623 4868; x_wconf 87' lang='lat' dir='ltr'><strong>in</strong></span> <span class='ocrx_word' id='word_1_775' title='bbox 2670 4791 2857 4886; x_wconf 61' lang='lat' dir='ltr'><strong>quibus</strong></span> <span class='ocrx_word' id='word_1_776' title='bbox 2897 4832 3021 4878; x_wconf 82' lang='lat' dir='ltr'><strong>tunc</strong></span> <span class='ocrx_word' id='word_1_777' title='bbox 3064 4791 3414 4890; x_wconf 52' lang='lat' dir='ltr'><strong>erubescit“?</strong></span> 
     </span>
    </p>
   </div>
   <div class='ocr_carea' id='block_1_106' title="bbox 1823 4880 3403 4983">
    <p class='ocr_par' dir='ltr' id='par_1_106' title="bbox 1823 4880 3403 4983">
     <span class='ocr_line' id='line_1_109' title="bbox 1823 4880 3403 4983; baseline 0.03 -50"><span class='ocrx_word' id='word_1_778' title='bbox 1823 4880 2005 4951; x_wconf 83' lang='lat' dir='ltr'><strong>(Rom.</strong></span> <span class='ocrx_word' id='word_1_779' title='bbox 2052 4889 2169 4959; x_wconf 71' lang='lat' dir='ltr'><strong>vn.)</strong></span> <span class='ocrx_word' id='word_1_780' title='bbox 2221 4892 2393 4960; x_wconf 88' lang='lat' dir='ltr'><strong>Quam</strong></span> <span class='ocrx_word' id='word_1_781' title='bbox 2422 4897 2578 4956; x_wconf 88' lang='lat' dir='ltr'><strong>Isaac</strong></span> <span class='ocrx_word' id='word_1_782' title='bbox 2614 4903 2668 4958; x_wconf 91' lang='lat' dir='ltr'><strong>in</strong></span> <span class='ocrx_word' id='word_1_783' title='bbox 2699 4906 3103 4972; x_wconf 90' lang='lat' dir='ltr'><strong>tabernaculum</strong></span> <span class='ocrx_word' id='word_1_784' title='bbox 3144 4934 3256 4979; x_wconf 60' lang='lat' dir='ltr'><strong>sua:</strong></span> <span class='ocrx_word' id='word_1_785' title='bbox 3280 4940 3403 4983; x_wconf 83' lang='lat' dir='ltr'><strong>ma-</strong></span> 
     </span>
    </p>
   </div>
   <div class='ocr_carea' id='block_1_107' title="bbox 1821 4973 3407 5087">
    <p class='ocr_par' dir='ltr' id='par_1_107' title="bbox 1821 4973 3407 5087">
     <span class='ocr_line' id='line_1_110' title="bbox 1821 4973 3407 5087; baseline 0.031 -63"><span class='ocrx_word' id='word_1_786' title='bbox 1821 4973 1917 5028; x_wconf 90' lang='lat' dir='ltr'><strong>tris</strong></span> <span class='ocrx_word' id='word_1_787' title='bbox 1946 4975 2245 5037; x_wconf 83' lang='lat' dir='ltr'><strong>introduxit</strong></span> <span class='ocrx_word' id='word_1_788' title='bbox 2273 4994 2436 5056; x_wconf 88' lang='lat' dir='ltr'><strong>atque</strong></span> <span class='ocrx_word' id='word_1_789' title='bbox 2469 5006 2691 5049; x_wconf 79' lang='lat' dir='ltr'><strong>uxorem</strong></span> <span class='ocrx_word' id='word_1_790' title='bbox 2721 5004 2959 5072; x_wconf 87' lang='lat' dir='ltr'><strong>accepit,</strong></span> <span class='ocrx_word' id='word_1_791' title='bbox 3006 5009 3131 5078; x_wconf 90' lang='lat' dir='ltr'><strong>quia</strong></span> <span class='ocrx_word' id='word_1_792' title='bbox 3158 5010 3278 5068; x_wconf 88' lang='lat' dir='ltr'><strong>loco</strong></span> <span class='ocrx_word' id='word_1_793' title='bbox 3304 5015 3407 5087; x_wconf 81' lang='lat' dir='ltr'><strong>Sy-</strong></span> 
     </span>
    </p>
   </div>
   <div class='ocr_carea' id='block_1_108' title="bbox 1816 5070 3403 5164">
    <p class='ocr_par' dir='ltr' id='par_1_108' title="bbox 1816 5070 3403 5164">
     <span class='ocr_line' id='line_1_111' title="bbox 1816 5070 3403 5164; baseline 0.029 -46"><span class='ocrx_word' id='word_1_794' title='bbox 1816 5080 2036 5139; x_wconf 72' lang='lat' dir='ltr'><strong>nagoga:</strong></span> <span class='ocrx_word' id='word_1_795' title='bbox 2079 5070 2336 5134; x_wconf 89' lang='lat' dir='ltr'><strong>Dominus</strong></span> <span class='ocrx_word' id='word_1_796' title='bbox 2377 5096 2443 5135; x_wconf 84' lang='lat' dir='ltr'><strong>ex</strong></span> <span class='ocrx_word' id='word_1_797' title='bbox 2467 5099 2573 5153; x_wconf 90' lang='lat' dir='ltr'><strong>qua</strong></span> <span class='ocrx_word' id='word_1_798' title='bbox 2600 5104 2699 5157; x_wconf 89' lang='lat' dir='ltr'><strong>per</strong></span> <span class='ocrx_word' id='word_1_799' title='bbox 2738 5107 2954 5152; x_wconf 87' lang='lat' dir='ltr'><strong>carnem</strong></span> <span class='ocrx_word' id='word_1_800' title='bbox 2981 5110 3143 5160; x_wconf 87' lang='lat' dir='ltr'><strong>natus</strong></span> <span class='ocrx_word' id='word_1_801' title='bbox 3167 5115 3254 5161; x_wconf 87' lang='lat' dir='ltr'><strong>est</strong></span> <span class='ocrx_word' id='word_1_802' title='bbox 3277 5122 3403 5164; x_wconf 85' lang='lat' dir='ltr'><strong>san-</strong></span> 
     </span>
    </p>
   </div>
   <div class='ocr_carea' id='block_1_109' title="bbox 1815 5159 3400 5254">
    <p class='ocr_par' dir='ltr' id='par_1_109' title="bbox 1815 5159 3400 5254">
     <span class='ocr_line' id='line_1_112' title="bbox 1815 5159 3400 5254; baseline 0.03 -45"><span class='ocrx_word' id='word_1_803' title='bbox 1815 5164 1959 5212; x_wconf 86' lang='lat' dir='ltr'><strong>ctam</strong></span> <span class='ocrx_word' id='word_1_804' title='bbox 2017 5159 2312 5222; x_wconf 80' lang='lat' dir='ltr'><strong>Ecclesiatn</strong></span> <span class='ocrx_word' id='word_1_805' title='bbox 2360 5172 2577 5245; x_wconf 89' lang='lat' dir='ltr'><strong>delegit,</strong></span> <span class='ocrx_word' id='word_1_806' title='bbox 2629 5194 2858 5253; x_wconf 85' lang='lat' dir='ltr'><strong>eamque</strong></span> <span class='ocrx_word' id='word_1_807' title='bbox 2895 5188 2998 5245; x_wconf 89' lang='lat' dir='ltr'><strong>sibi</strong></span> <span class='ocrx_word' id='word_1_808' title='bbox 3025 5192 3079 5247; x_wconf 90' lang='lat' dir='ltr'><strong>in</strong></span> <span class='ocrx_word' id='word_1_809' title='bbox 3122 5159 3312 5253; x_wconf 74' lang='lat' dir='ltr'><strong>artiore</strong></span> <span class='ocrx_word' id='word_1_810' title='bbox 3345 5210 3400 5254; x_wconf 86' lang='lat' dir='ltr'><strong>et</strong></span> 
     </span>
    </p>
   </div>
   <div class='ocr_carea' id='block_1_110' title="bbox 1782 5251 3396 5359">
    <p class='ocr_par' dir='ltr' id='par_1_110' title="bbox 1782 5251 3396 5359">
     <span class='ocr_line' id='line_1_113' title="bbox 1782 5251 3396 5359; baseline 0.03 -62"><span class='ocrx_word' id='word_1_811' title='bbox 1782 5251 2270 5320; x_wconf 70' lang='lat' dir='ltr'><strong>contemplatione</strong></span> <span class='ocrx_word' id='word_1_812' title='bbox 2318 5263 2615 5338; x_wconf 69' lang='lat' dir='ltr'><strong>conj&#39;ungit,</strong></span> <span class='ocrx_word' id='word_1_813' title='bbox 2663 5282 2722 5328; x_wconf 89' lang='lat' dir='ltr'><strong>ut</strong></span> <span class='ocrx_word' id='word_1_814' title='bbox 2755 5251 2876 5344; x_wconf 66' lang='lat' dir='ltr'><strong>quae</strong></span> <span class='ocrx_word' id='word_1_815' title='bbox 2903 5280 3053 5348; x_wconf 88' lang='lat' dir='ltr'><strong>prius</strong></span> <span class='ocrx_word' id='word_1_816' title='bbox 3095 5300 3163 5339; x_wconf 83' lang='lat' dir='ltr'><strong>ex</strong></span> <span class='ocrx_word' id='word_1_817' title='bbox 3191 5302 3396 5359; x_wconf 87' lang='lat' dir='ltr'><strong>cogna-</strong></span> 
     </span>
    </p>
   </div>
   <div class='ocr_carea' id='block_1_111' title="bbox 1814 5338 3396 5437">
    <p class='ocr_par' dir='ltr' id='par_1_111' title="bbox 1814 5338 3396 5437">
     <span class='ocr_line' id='line_1_114' title="bbox 1814 5338 3396 5437; baseline 0.029 -46"><span class='ocrx_word' id='word_1_818' title='bbox 1814 5338 1959 5396; x_wconf 87' lang='lat' dir='ltr'><strong>tione</strong></span> <span class='ocrx_word' id='word_1_819' title='bbox 1981 5345 2244 5414; x_wconf 87' lang='lat' dir='ltr'><strong>proxima,</strong></span> <span class='ocrx_word' id='word_1_820' title='bbox 2278 5350 2329 5405; x_wconf 93' lang='lat' dir='ltr'><strong>id</strong></span> <span class='ocrx_word' id='word_1_821' title='bbox 2361 5364 2463 5419; x_wconf 90' lang='lat' dir='ltr'><strong>est,</strong></span> <span class='ocrx_word' id='word_1_822' title='bbox 2495 5360 2710 5428; x_wconf 85' lang='lat' dir='ltr'><strong>cognita</strong></span> <span class='ocrx_word' id='word_1_823' title='bbox 2739 5338 2836 5434; x_wconf 74' lang='lat' dir='ltr'><strong>per</strong></span> <span class='ocrx_word' id='word_1_824' title='bbox 2863 5338 3396 5437; x_wconf 47' lang='lat' dir='ltr'><strong>praedestinatio&#39;item</strong></span> 
     </span>
    </p>
   </div>
   <div class='ocr_carea' id='block_1_112' title="bbox 1815 5428 3396 5525">
    <p class='ocr_par' dir='ltr' id='par_1_112' title="bbox 1815 5428 3396 5525">
     <span class='ocr_line' id='line_1_115' title="bbox 1815 5428 3396 5525; baseline 0.027 -42"><span class='ocrx_word' id='word_1_825' title='bbox 1815 5428 2011 5498; x_wconf 87' lang='lat' dir='ltr'><strong>fuerat,</strong></span> <span class='ocrx_word' id='word_1_826' title='bbox 2042 5441 2387 5507; x_wconf 90' lang='lat' dir='ltr'><strong>postmodum</strong></span> <span class='ocrx_word' id='word_1_827' title='bbox 2421 5444 2534 5513; x_wconf 86' lang='lat' dir='ltr'><strong>jam</strong></span> <span class='ocrx_word' id='word_1_828' title='bbox 2572 5428 2947 5522; x_wconf 50' lang='lat' dir='ltr'><strong>conjuncta-in</strong></span> <span class='ocrx_word' id='word_1_829' title='bbox 2990 5475 3176 5521; x_wconf 79' lang='lat' dir='ltr'><strong>amore</strong></span> <span class='ocrx_word' id='word_1_830' title='bbox 3213 5472 3396 5525; x_wconf 82' lang='lat' dir='ltr'><strong>conti-</strong></span> 
     </span>
    </p>
   </div>
   <div class='ocr_carea' id='block_1_113' title="bbox 1814 5527 3409 5629">
    <p class='ocr_par' dir='ltr' id='par_1_113' title="bbox 1814 5527 3409 5629">
     <span class='ocr_line' id='line_1_116' title="bbox 1814 5527 3409 5629; baseline 0.029 -56"><span class='ocrx_word' id='word_1_831' title='bbox 1814 5537 1920 5577; x_wconf 87' lang='lat' dir='ltr'><strong>nuo</strong></span> <span class='ocrx_word' id='word_1_832' title='bbox 1947 5541 2085 5580; x_wconf 80' lang='lat' dir='ltr'><strong>uxor</strong></span> <span class='ocrx_word' id='word_1_833' title='bbox 2108 5527 2223 5584; x_wconf 82' lang='lat' dir='ltr'><strong>fiat.</strong></span> <span class='ocrx_word' id='word_1_834' title='bbox 2258 5531 2430 5599; x_wconf 89' lang='lat' dir='ltr'><strong>Quam</strong></span> <span class='ocrx_word' id='word_1_835' title='bbox 2462 5538 2514 5595; x_wconf 85' lang='lat' dir='ltr'><strong>in</strong></span> <span class='ocrx_word' id='word_1_836' title='bbox 2548 5548 2756 5598; x_wconf 90' lang='lat' dir='ltr'><strong>tantum</strong></span> <span class='ocrx_word' id='word_1_837' title='bbox 2798 5548 3008 5618; x_wconf 83' lang='lat' dir='ltr'><strong>dilexit.</strong></span> <span class='ocrx_word' id='word_1_838' title='bbox 3059 5563 3118 5610; x_wconf 92' lang='lat' dir='ltr'><strong>ut</strong></span> <span class='ocrx_word' id='word_1_839' title='bbox 3149 5557 3409 5629; x_wconf 59' lang='lat' dir='ltr'><strong>dolorem~</strong></span> 
     </span>
    </p>
   </div>
   <div class='ocr_carea' id='block_1_114' title="bbox 1812 5614 3393 5722">
    <p class='ocr_par' dir='ltr' id='par_1_114' title="bbox 1812 5614 3393 5722">
     <span class='ocr_line' id='line_1_117' title="bbox 1812 5614 3393 5722; baseline 0.03 -58"><span class='ocrx_word' id='word_1_840' title='bbox 1812 5614 1901 5682; x_wconf 89' lang='lat' dir='ltr'><strong>qui</strong></span> <span class='ocrx_word' id='word_1_841' title='bbox 1931 5629 1997 5668; x_wconf 77' lang='lat' dir='ltr'><strong>ex</strong></span> <span class='ocrx_word' id='word_1_842' title='bbox 2045 5629 2221 5673; x_wconf 86' lang='lat' dir='ltr'><strong>morte</strong></span> <span class='ocrx_word' id='word_1_843' title='bbox 2267 5628 2457 5681; x_wconf 89' lang='lat' dir='ltr'><strong>matris</strong></span> <span class='ocrx_word' id='word_1_844' title='bbox 2505 5644 2830 5703; x_wconf 88' lang='lat' dir='ltr'><strong>accesserat,</strong></span> <span class='ocrx_word' id='word_1_845' title='bbox 2868 5647 3213 5713; x_wconf 81' lang='lat' dir='ltr'><strong>temperaret,</strong></span> <span class='ocrx_word' id='word_1_846' title='bbox 3266 5654 3393 5722; x_wconf 84' lang='lat' dir='ltr'><strong>quia</strong></span> 
     </span>
    </p>
   </div>
   <div class='ocr_carea' id='block_1_115' title="bbox 1810 5707 3393 5807">
    <p class='ocr_par' dir='ltr' id='par_1_115' title="bbox 1810 5707 3393 5807">
     <span class='ocr_line' id='line_1_118' title="bbox 1810 5707 3393 5807; baseline 0.031 -48"><span class='ocrx_word' id='word_1_847' title='bbox 1810 5723 1875 5760; x_wconf 72' lang='lat' dir='ltr'><strong>ex</strong></span> <span class='ocrx_word' id='word_1_848' title='bbox 1923 5707 2075 5767; x_wconf 85' lang='lat' dir='ltr'><strong>lucro</strong></span> <span class='ocrx_word' id='word_1_849' title='bbox 2112 5724 2316 5773; x_wconf 78' lang='lat' dir='ltr'><strong>sancta:</strong></span> <span class='ocrx_word' id='word_1_850' title='bbox 2365 5718 2620 5781; x_wconf 71' lang='lat' dir='ltr'><strong>Ecclesiae</strong></span> <span class='ocrx_word' id='word_1_851' title='bbox 2671 5726 2999 5807; x_wconf 83' lang='lat' dir='ltr'><strong>Redemptor</strong></span> <span class='ocrx_word' id='word_1_852' title='bbox 3046 5749 3393 5806; x_wconf 42' lang='lat' dir='ltr'><strong>nosterreant</strong></span> 
     </span>
    </p>
   </div>
  </div>
