3962 6198
520 215 625 272 579

1189 217 1249 270 Β.
1295 218 1546 274 RABANI
1586 218 1804 275 MAURI
1841 219 2158 276 ARCHIEP.
2202 218 2511 277 MOGUNT.
2552 218 2835 276 OPERUM
2877 216 3055 272 PARS
3094 215 3135 271 ῐ.

3688 222 3794 278 586

520 346 678 402 quam
709 344 773 384 ex
802 329 1103 399 perditione
1144 329 1440 401 Synagoga:
1480 330 1730 386 accidere
1771 332 1966 401 potuit,
2000 331 2093 384 tri—
2122 335 2171 394 Α
2267 331 2421 388 Dedit
2481 342 2658 387 autem
2717 340 2908 387 cuncta
2974 330 3242 386 Abraham
3296 344 3416 403 qua:
3478 324 3793 404 possidebat

519 420 723 496 stitiam
773 419 1017 475 detersit.
1070 418 1205 474 Dum
1252 420 1396 475 enim
1436 412 1683 476 Rebecca
1731 419 2094 491 coniungitur,

517 511 670 565 dolor
686 510 753 565 de
783 510 973 565 matris
998 519 1172 567 morte
1208 519 1537 583 amputatur,
1562 510 1701 591 quia
1739 513 1866 567 dum
1906 520 2096 571 sancta

516 599 759 655 Ecclesia
801 615 867 654 ex
896 601 1210 671 gentilitate
1252 601 1477 658 veniens
1514 615 1683 671 usque
1724 601 1793 656 ad
1840 601 2094 659 thronum

516 693 990 762 contemplationis
1024 694 1354 765 perducitur,
1387 692 1570 749 Iudaea
1599 708 1698 763 pro
1734 692 1902 748 nihilo
1932 693 2095 749 habe—

516 790 622 836 tur.
654 781 753 850 Qui
779 783 824 838 si
854 784 1197 854 interpretari
1226 783 1337 855 ipsa
1364 799 1551 840 eorum
1581 784 1797 847 nomina
1820 799 2091 849 curamus,

514 875 664 928 Isaac
694 876 850 939 risus,
905 874 1149 930 Rebecca
1179 884 1356 929 autem
1380 875 1634 944 patientia
1666 874 1881 929 dicitur.
1932 872 2096 928 Risus

512 982 642 1021 vero
667 983 734 1021 ex
761 966 945 1020 laetitia
970 974 1074 1031 est,
1111 958 1369 1035 patientia
1399 974 1578 1019 autem
1610 964 1677 1017 de
1720 964 2089 1018 tribulatione.

512 1056 579 1109 Et
613 1057 862 1123 quamvis
887 1064 1072 1110 sancta
1100 1054 1337 1109 Ecclesia
1375 1053 1613 1109 cwlestis
1640 1053 1713 1106 sit
1740 1053 1926 1121 gaudii
1965 1069 2094 1107 can-

512 1145 855 1214 templatione
886 1159 1141 1214 suspensa
1160 1185 1174 1208 ,
1200 1138 1378 1200 habet
1402 1152 1581 1197 tamen
1628 1143 1803 1198 adhuc
1826 1143 1968 1213 quod
1997 1144 2093 1201 tri-

511 1247 591 1288 ste
621 1237 687 1289 de
716 1235 961 1290 mortalis
987 1235 1166 1289 carnis
1190 1236 1426 1305 pondere
1452 1234 1663 1289 toleret.
1702 1234 1851 1288 lsaac
1881 1249 2010 1288 vero
2037 1242 2093 1289 et

508 1328 753 1382 Rebecca
785 1327 1157 1397 conjungitur,
1187 1327 1243 1381 id
1282 1333 1392 1390 est,
1431 1325 1572 1378 risus
1601 1332 1655 1378 et
1683 1324 1942 1394 patientia
1969 1338 2091 1392 per-

2196 420 2354 476 Isaac
2387 422 2504 491 ﬁlio
2542 438 2665 476 suo.
2707 419 2754 472 F
2757 420 2864 475 iliis
2887 431 3063 475 autem
3091 422 3507 477 cunrubinarum
3559 421 3791 492 largitas

2195 520 2542 576 estmuuera,
2583 520 2632 566 et
2657 511 2919 582 separavit
2946 527 3036 565 eos
3062 510 3138 564 .ab
3170 510 3327 565 Isaac
3354 511 3468 580 ﬁlio
3508 527 3638 578 suo,
3680 522 3791 569 etc.

2196 600 2339 668 Quid
2395 601 2497 655 hoc
2543 598 2833 671 signiﬁcat,
2889 601 3154 671 nisiquia
3198 601 3396 657 dantur
3434 612 3489 657 et
3527 602 3794 658 nonnulla

2197 706 2423 746 munera
2442 690 2569 746 ﬁliis
2597 692 3045 757 concubinarum,
3092 692 3147 747 id
3170 701 3277 758 est,
3304 693 3656 749 eamalium?
3687 692 3793 751 Sed

2195 796 2301 835 non
2326 780 2647 851 perveniunt
2667 781 2735 834 ad
2768 797 2991 852 regnum
3012 785 3363 852 promissum,
3387 801 3488 841 nec
3519 786 3790 852 hzeretici,

2197 885 2295 924 nec
2320 867 2529 934 Judtei,
2582 869 2710 939 quia
2751 871 2989 926 carnalia
3032 871 3179 939 lucra
3227 882 3528 928 sectantur.
3587 872 3795 930 Prmter

2138 974 2147 983 '
2192 957 2521 1013 lsaaccnim
2563 958 2740 1013 nullus
2767 970 2852 1014 est
2899 934 3110 1026 haeres,
3156 961 3343 1030 utique
3375 964 3503 1031 quia
3558 978 3670 1017 non
3698 964 3789 1021 ﬁlii

2192 1048 2393 1112 carnis,
2417 1047 2510 1103 sed
2534 1048 2625 1101 lilii
2648 1049 3025 1121 promissionis
3049 1050 3373 1120 deputantur
3397 1054 3451 1108 in
3474 1054 3723 1111 semine.

2562 1204 2563 1207 η
2784 1158 3011 1217 CAPUT
3046 1162 3177 1216 Vill.

2389 1226 2469 1281 De
2496 1239 2661 1283 morte
2693 1229 2919 1284 Abrahae.
2944 1242 2993 1286 et
3026 1231 3269 1287 Ismaelis
3293 1240 3573 1304 progenie.

2261 1317 2329 1371 Et
2374 1330 2610 1373 mortuus
2646 1330 2719 1374 est
2751 1320 3015 1374 Abraham
3050 1323 3107 1375 in
3133 1326 3390 1389 Senectute
3422 1326 3597 1391 bona,
3629 1344 3782 1382 senex

508 1418 785 1482 miscetur,
819 1417 945 1486 quia
977 1417 1037 1469 ﬁt
1068 1416 1121 1469 in
1156 1424 1343 1471 sancta
1372 1415 1623 1470 Ecclesia
1645 1415 1748 1469 hoc
1773 1415 1916 1483 quod
1949 1415 2087 1470 scri‘
2188 1418 2235 1460 el
2257 1407 2437 1477 plenus
2462 1396 2681 1475 dictum,
2714 1420 2760 1462 et
2784 1410 3029 1464 collectus
3053 1421 3126 1466 est
3158 1414 3225 1466 ad
3253 1414 3504 1483 populum
3520 1433 3713 1483 suum,
3737 1429 3785 1472 et

505 1519 656 1578 ptum
676 1518 791 1563 est:
817 1509 921 1580 Spe
938 1519 1111 1562 autem
1131 1507 1504 1578 gaudentes,in
1526 1505 1863 1559 tribulatione
1883 1505 2087 1575 patieu-
2187 1498 2413 1568 reliqua.
2462 1499 2596 1554 Male
2630 1500 2681 1554 in
2718 1498 3069 1570 Septuaginta
3101 1502 3488 1572 interpretibus
3536 1507 3779 1562 additum

506 1609 580 1652 tes
607 1596 790 1670 (Rom.
832 1598 968 1669 xu),
1004 1608 1065 1652 ut
1091 1599 1234 1653 hanc
1281 1606 1337 1652 et
1378 1611 1638 1667 prospera
1667 1596 1731 1653 de
1757 1592 2089 1664 contempla-
2186 1596 2268 1642 est
2291 1603 2304 1641 :
2327 1587 2394 1642 Et
2422 1588 2664 1657 deﬁciens
2692 1599 2927 1644 mortuus
2950 1592 3336 1659 esttAbraham,
3358 1596 3484 1663 quia
3513 1612 3635 1651 non
3657 1614 3781 1653 cou-

504 1689 653 1743 tione
700 1687 993 1755 laetiﬁcent,
1044 1696 1098 1743 et
1146 1687 1321 1741 adhuc
1365 1687 1586 1740 adversa
1630 1683 1699 1739 de
1744 1684 2088 1740 tribulatione
2120 1683 2162 1741 Β
2190 1677 2337 1732 venit
2386 1672 2619 1732 Abraha:
2672 1677 2904 1734 deﬁcere
2949 1687 3006 1734 ct
3055 1680 3315 1736 imminui.
3370 1682 3509 1739 Illud
3565 1702 3778 1756 quoque

504 1776 838 1846 perturbent.
1468 1804 1473 1807 >

1108 1861 1334 1919 CAPUT
1378 1863 1486 1918 VII.

910 1952 989 2007 De
1015 1951 1208 2007 Cetura
1240 1969 1402 2006 uxore
1431 1952 1676 2006 Abrahae.

574 2024 736 2120 (ΕΑιῖ
759 2048 922 2117 xxv.)
945 2038 1209 2098 Abraham
1236 2060 1354 2098 vero
1384 2044 1545 2098 aliam
1572 2044 1722 2099 duxit
1745 2062 1959 2099 uxorem
1989 2062 2083 2099 no-

501 2140 640 2194 mine
664 2138 930 2201 Ceturam,
960 2152 1077 2207 qua:
1107 2136 1301 2206 peperit
1327 2136 1375 2188 ei
1409 2133 1680 2201 Zamram,
1712 2146 1759 2191 et
1784 2134 1997 2200 Jecsan,
2034 2145 2082 2191 et

502 2227 723 2291 Madan,
749 2236 797 2279 et
827 2224 1067 2288 Madian,
1102 2234 1149 2277 et
1175 2223 1386 2289 Jesboe,
1424 2235 1471 2277 et
1504 2222 1627 2278 Sue.
1662 2224 1853 2279 Jecsan
1880 2241 2081 2295 quoque

499 2319 677 2388 genuit
726 2315 886 2380 Saba,
927 2325 974 2368 et
1016 2314 1227 2367 Dadan.
1275 2312 1408 2367 Filii
1443 2314 1632 2369 Dadau
1665 2315 1880 2384 fuerunt
1913 2316 2081 2370 Assu-

498 2413 624 2475 rim,
656 2419 701 2463 et
737 2409 991 2472 Latusim,
1021 2417 1070 2463 et
1101 2407 1354 2461 Laomim.
1380 2409 1446 2461 At
1478 2424 1593 2461 vero
1614 2448 1628 2473 ,
1656 2424 1721 2462 ea:
1751 2407 1971 2463 Madian
1997 2425 2081 2462 or-

484 2509 583 2567 ,tus
615 2507 690 2553 est
715 2498 884 2568 Epha,
928 2506 975 2550 et
1011 2496 1204 2567 Opiter,
1249 2507 1297 2550 et
1329 2495 1566 2562 Ilenoch,
1601 2506 1648 2551 et
1684 2497 1873 2563 Abida,
1905 2508 1952 2552 et
1986 2497 2080 2551 El-

497 2592 623 2644 daa.
659 2590 852 2644 Omnes
876 2590 930 2643 hi
960 2588 1057 2657 ﬁlii
1083 2587 1308 2645 Ceturw.
1359 2587 1555 2643 Cetura
1584 2589 1808 2643 Hebraeo
1831 2603 2080 2644 sermone

496 2680 744 2750 copulata
774 2679 1163 2748 interpretatur
1188 2686 1282 2731 aut
1310 2675 1617 2745 conjuncta.
1657 2677 1827 2744 Quam
1853 2678 1921 2732 ob
1947 2693 2074 2733 cau-

496 2789 613 2827 sam
652 2772 995 2841 suspicantur
1028 2770 1258 2837 Hebraei,
1295 2778 1502 2824 mutato
1547 2771 1793 2834 nomine,
1830 2769 2077 2824 eamdem

495 2879 617 2918 esse
652 2864 795 2933 Agar
817 2878 955 2930 quae,
991 2860 1125 2915 Sara
1155 2869 1386 2923 mortua,
1417 2860 1482 2912 de
1507 2861 1805 2914 concubina
1845 2860 2075 2914 transie-

499 2953 571 3005 rit
607 2952 660 3005 in
692 2966 936 3005 uxorem.
980 2951 1045 3003 Et
1072 2950 1286 3004 videtur
1308 2950 1564 3018 decrepiti
1586 2950 1697 3019 jam
1725 2948 1955 3004 Abrahae
1983 2965 2077 3004 cx-

2190 1767 2330 1837 quod
2355 1782 2452 1822 nos
2473 1768 2771 1839 posuimus,
2793 1770 2847 1823 in
2869 1780 3125 1826 senectute
3145 1771 3300 1837 bona,
3314 1790 3468 1830 Asenes
3486 1775 3774 1847 ιτςριηιη,

2190 1858 2242 1912 in
2272 1855 2475 1915 Graecis
2516 1859 2796 1915 codicibus
2832 1861 3071 1932 ponitur,
3116 1862 3299 1932 plenus
3339 1865 3576 1922 dierum.
3623 1868 3775 1935 Quod

2187 1964 2308 2025 cum
2344 1965 2560 2007 sensum
2591 1951 2839 2007 videatur
2880 1967 3151 2024 exponere
3175 1994 3191 2020 ,
3234 1970 3306 2010 eo
3330 1958 3472 2026 quod
3502 1957 3638 2014 luce
3670 1960 3774 2017 diei

2185 2044 2436 2114 operibus
2456 2043 2646 2114 plenus
2669 2044 3004 2109 occubuerit,
3035 2054 3215 2101 tamen
3254 2049 3427 2118 magis
3460 2051 3540 2105 ad
3566 2066 3771 2125 anagn-

2184 2152 2285 2208 gen
2313 2134 2460 2201 facit,
2499 2137 2543 2191 si
2574 2137 2889 2207 simpliciter
2916 2146 3148 2211 ponatur
3170 2138 3374 2208 plenus.

2255 2225 2323 2279 Et
2364 2227 2476 2281 hate
2507 2227 2718 2280 nomina
2739 2226 2972 2301 ﬁliorum
3015 2227 3206 2284 Ismael
3231 2231 3284 2283 in
3322 2232 3637 2287 nominibus
3665 2236 3774 2290 satis

2183 2326 2229 2370 et
2249 2308 2668 2386 generationibus
2710 2318 2839 2370 suis.
2874 2315 3258 2387 Primogenitus
3286 2319 3532 2374 Ismaelis
3586 2322 3777 2379 Naba-

2173 2407 2291 2476 Jotb
2323 2417 2368 2459 et
2397 2404 2590 2471 Cedar,
2635 2414 2689 2461 et
2728 2405 2921 2477 reliqui
2955 2422 3127 2477 usque
3170 2409 3240 2463 ad
3274 2425 3402 2465 eum
3439 2411 3634 2467 locum
3681 2414 3775 2469 ubi

2182 2498 2259 2550 ait
2288 2515 2300 2549 :
2333 2496 2399 2549 Et
2443 2496 2806 2551 habitaverunt
2840 2498 2916 2552 ub
2958 2497 3111 2553 Evila
3153 2516 3312 2571 usque
3357 2501 3489 2568 Sur,
3518 2522 3664 2574 .qute
3700 2515 3775 2560 est

2181 2598 2363 2642 contra
2414 2587 2601 2658 facient
2649 2584 2867 2660 {Egypli
2908 2591 3223 2647 uenientibus
3261 2595 3316 2648 in
3365 2594 3646 2665 Assyrios.
3707 2596 3772 2651 In

2181 2687 2457 2747 conspectu
2504 2677 2736 2732 omnium
2762 2679 2990 2757 fratrum
3026 2698 3245 2737 suorum
3273 2684 3417 2747 obiit,
3450 2694 3567 2741 etc.
3620 2688 3773 2743 Duo-

2179 2766 2354 2820 decim
2391 2765 2485 2819 ﬁlii
2511 2766 2622 2821 nati
2658 2776 2782 2821 sunt
2806 2767 3114 2835 lsmaelitae,
3151 2774 3394 2842 equibus
3422 2775 3772 2847 primogeni-

2177 2860 2264 2908 tus
2290 2853 2392 2910 fuit
2436 2852 2720 2925 Nabajoth,
2766 2871 2797 2910 a
2837 2872 2944 2926 quo
2973 2860 3149 2913 omnis
3186 2862 3334 2932 regio
3370 2864 3438 2917 ab
3486 2864 3777 2934 Euphrate

2176 2958 2349 3015 usque
2380 2944 2448 3000 ad
2474 2961 2620 3000 mare
2648 2945 2890 3002 Rubrum
2919 2948 3232 3006 Nabathena
3274 2968 3445 3023 usque
3474 2955 3650 3012 hodie
3686 2958 3771 3012 di-

496 3044 672 3098 cusari
714 3052 865 3107 nitas,
916 3057 983 3095 ne
1016 3057 1179 3096 senex
1220 3048 1344 3111 post
1388 3050 1618 3096 mortem
1664 3042 1849 3095 uxoris
1884 3041 2075 3096 vetulas
2102 3027 2147 3090 C
2177 3037 2340 3102 citur,
2367 3052 2486 3107 quas
2510 3052 2635 3106 pars
2654 3038 2868 3094 Arabia:
2890 3049 2992 3096 est.
3028 3041 3161 3097 Nam
3188 3052 3243 3098 et
3272 3044 3492 3101 familia:
3514 3049 3775 3118 ipsorum

496 3136 653 3189 novis
699 3142 956 3203 arguatur
984 3133 1182 3201 nuptiis
1220 3133 1514 3187 lascivisse.
1563 3132 1671 3189 Nos
1716 3132 1857 3202 quod
1903 3132 2075 3188 incer-

497 3238 611 3281 tum
643 3231 726 3277 est
758 3223 1150 3292 relinquentes,
1183 3222 1287 3275 hoc
1318 3221 1569 3286 dicimus,
1600 3222 1742 3289 quod
1782 3223 1846 3276 de
1876 3220 2072 3277 Cetura

498 3317 614 3371 nati
649 3316 739 3369 lilii
770 3316 1041 3368 Abraham
1088 3313 1244 3382 juxta
1271 3313 1559 3368 historicos
1586 3312 1953 3379 chrmorum,
1984 3329 2075 3368 oc-

495 3414 825 3474 cupaverunt
869 3401 1230 3478 Τρωγλοδύτην
1266 3409 1319 3456 et
1348 3402 1625 3466 Arabiam,
1662 3418 1781 3472 quas
1810 3419 1951 3459 nunc
1980 3418 2075 3458 vo-

495 3506 650 3549 catur
678 3482 965 3561 Εὐδαὶμὶυν.
994 3509 1163 3560 usque
1188 3494 1253 3545 ad
1289 3492 1454 3547 maris
1477 3491 1646 3546 Rubri
1682 3493 1961 3548 terminos.
1985 3494 2074 3548 Di-

493 3589 634 3641 citur
659 3594 838 3639 autem
878 3600 1017 3637 unus
1043 3599 1107 3637 ex
1128 3582 1366 3653 posteris
1394 3581 1626 3637 Abrahae
1653 3582 1742 3653 qui
1774 3581 2074 3653 appellatur

492 3678 676 3747 Apher
722 3675 939 3729 duxisse
981 3676 1242 3727 adversus
1280 3671 1503 3743 Libyam
1545 3674 1876 3740 exercitum,
1919 3683 1973 3727 et
1999 3673 2072 3730 ibi

490 3767 649 3822 victis
679 3764 924 3819 hostibus
964 3762 1306 3828 consedisse,
1349 3761 1571 3832 ejusque
1599 3771 1847 3834 posteros
1876 3778 1943 3819 ex
1977 3777 2074 3818 no-

494 3859 638 3913 mine
667 3855 833 3919 atavi,
876 3851 1114 3910 Africam
1171 3866 1530 3921 nuncupasse.
1572 3852 1722 3918 Quod
1748 3860 1928 3908 autem
1954 3853 2068 3908 ait:

496 3951 564 4004 Et
591 3948 689 4018 ﬁlii
715 3946 907 4000 Dadan
932 3945 1167 4014 fuerunt,
1193 3945 1452 4008 Assurint,
1484 3954 1530 3997 et
1554 3942 1813 4011 Latusim,
1840 3956 1888 4000 et
1929 3944 2071 3999 Lao-

488 4043 638 4106 mim,
674 4038 923 4095 Assurim
947 4036 1001 4090 in
1028 4032 1374 4106 negotiatores
1419 4032 1703 4089 transferri
1728 4042 1941 4106 putant,
1969 4034 2072 4089 La-

490 4131 651 4187 tnsim
679 4130 802 4184 teris
835 4127 1073 4199 ferrique
1106 4124 1319 4179 metallo
1350 4122 1615 4190 cadentes,
1669 4123 1913 4179 Laomim
1940 4140 2071 4180 vero

491 4223 782 4294 φωαρχος,
833 4219 886 4273 id
910 4228 1012 4284 est,
1043 4217 1279 4287 princeps
1325 4215 1614 4270 multarum
1655 4216 1883 4270 tribuum
1917 4224 2070 4287 atque

489 4316 818 4387 populorum.
851 4312 956 4365 Alli
982 4313 1051 4366 ab
1079 4311 1181 4365 hoc
1221 4309 1468 4365 Assurim
1494 4316 1712 4364 vocatos
1743 4308 1910 4379 Syros
1946 4323 2070 4363 esse

2176 3126 2478 3199 oppidaque
2504 3140 2557 3183 et
2589 3131 2712 3201 pagi
2740 3147 2799 3186 ac
2839 3134 3049 3188 munita
3072 3137 3303 3192 castella
3339 3146 3392 3192 et
3421 3141 3627 3207 tribus,
3674 3145 3775 3200 ho-

2176 3233 2297 3271 rum
2336 3218 2692 3288 appellatione
2727 3220 3088 3277 celebrantur.
3122 3224 3205 3280 Ab
3224 3242 3338 3279 uno
3363 3242 3429 3282 ex
3459 3227 3549 3283 his
3587 3229 3774 3285 Cedar

2176 3306 2231 3359 in
2261 3305 2495 3371 deserto,
2547 3315 2604 3364 et
2637 3307 2809 3362 Duma
2861 3310 2964 3366 alia
2996 3313 3164 3384 regio,
3206 3323 3258 3368 et
3282 3315 3492 3371 Thema
3534 3319 3609 3373 ad
3652 3320 3768 3374 Au-

2175 3403 2372 3463 strum,
2422 3406 2478 3451 et
2527 3397 2726 3454 Cedma
2769 3403 2838 3456 ad
2888 3398 3218 3459 Orientalem
3269 3406 3479 3477 plagam
3537 3409 3767 3465 dicitur.

2175 3484 2329 3552 Quod
2357 3497 2537 3543 autem
2572 3490 2623 3545 in
2645 3500 2890 3548 extremo
2904 3490 3075 3563 hujus
3099 3497 3315 3566 capituli
3336 3498 3492 3568 juxta
3518 3500 3767 3571 Septua-

2176 3578 2321 3648 ginta
2364 3578 2610 3651 legimus,
2661 3593 2847 3636 contra
2878 3581 3067 3638 faciem
3098 3587 3337 3641 omnium
3366 3588 3605 3645 ffatrum
3633 3609 3764 3647 suo-

2174 3681 2293 3720 rum
2333 3669 2624 3736 babitavit,
2672 3672 2855 3727 verius
2882 3682 2961 3728 est
2992 3674 3123 3730 illud
3153 3678 3296 3745 quod
3320 3692 3422 3733 nos
3449 3682 3763 3749 posuimus,

2174 3754 2363 3811 Coram
2414 3760 2649 3814 omnibus
2685 3761 2938 3830 fratribus
2978 3764 3087 3818 suis
3137 3766 3395 3831 occubuit,
3444 3769 3505 3823 id
3551 3779 3665 3833 est,
3706 3772 3763 3826 in

2173 3848 2421 3903 manibus
2458 3851 2700 3905 omnium
2728 3851 2958 3906 ﬁliorum
2989 3870 3208 3909 suorum
3238 3866 3485 3914 mortuus
3524 3869 3636 3925 est,
3667 3877 3765 3915 su-

2171 3939 2484 4009 perstitibus
2512 3940 2712 4007 liberis,
2755 3952 2810 3997 et
2851 3944 2998 3999 nullo
3040 3946 3191 4015 prius
3241 3958 3414 4003 morte
3460 3962 3761 4021 prmrepto.

2171 4030 2390 4085 Fratres
2417 4041 2602 4087 autem
2640 4047 2740 4102 pro
2770 4032 2895 4090 ﬁliis
2936 4036 3194 4107 appellari
3242 4036 3411 4094 Jacob
3438 4056 3662 4111 quoque
3687 4043 3761 4099 ad

2169 4123 2353 4179 Laban
2381 4120 2715 4181 demonstrat
2737 4128 2956 4185 dicens:
2986 4129 3138 4197 Quod
3161 4141 3234 4185 est
3255 4143 3529 4202 peccatum
3554 4150 3762 4201 meum,

2167 4217 2290 4287 quia
2318 4228 2613 4287 persecutus
2636 4236 2687 4273 es
2716 4230 2830 4291 post
2856 4238 2955 4287 me,
2978 4231 3026 4276 et
3056 4223 3181 4294 quia
3209 4234 3476 4279 scrutatus
3496 4242 3551 4279 es
3572 4227 3763 4281 omnia

2167 4308 2291 4362 vasa
2326 4310 2482 4364 mea?
2515 4308 2655 4376 Quid
2693 4312 2935 4366 invenisti
2976 4312 3041 4367 de
3082 4314 3334 4369 universis
3383 4317 3523 4377 vasis
3567 4316 3766 4371 domus

488 4376 839 4468 contendunt,
868 4410 924 4457 et
959 4418 991 4456 a
1022 4401 1294 4471 plerisque
1332 4399 1457 4455 ﬁliis
1501 4399 1733 4454 Abrahae
1772 4376 1840 4454 ex
1868 4396 2065 4454 Cetura
2090 4376 2146 4436 Ῑ)
2169 4396 2316 4450 tute?
2342 4394 2583 4451 Ponatur
2614 4415 2792 4453 coram
2820 4399 3073 4470 fratribus
3105 4402 3233 4456 meis
3261 4412 3311 4456 et
3338 4402 3595 4473 fratribus
3624 4407 3766 4473 tuis,

488 4504 780 4562 occupatas
826 4492 988 4546 ludia;
1018 4490 1291 4559 regiones.
1350 4488 1566 4561 (Is'id.)
1610 4488 1749 4556 Quid
1792 4498 1876 4545 est
1908 4490 2066 4560 quod

490 4586 763 4640 Abraham
809 4592 928 4653 post
968 4583 1174 4638 obitum
1217 4580 1398 4646 Sarro,
1447 4581 1700 4636 Ceturam
1749 4582 1902 4637 duxit
1936 4596 2067 4638 uxo-

492 4678 643 4734 rem?
694 4676 945 4746 Nunquid
979 4677 1049 4730 ob
1093 4675 1559 4741 incontinentiam,
1606 4675 1732 4732 dum
1770 4684 1913 4732 esset
1949 4675 2064 4744 jam

489 4780 650 4826 rotate
690 4769 1042 4841 grandaevus?
1084 4768 1258 4822 Absit.
1297 4766 1380 4821 An
1424 4777 1642 4839 prapter
1672 4767 1901 4827 ﬁliorum
1934 4784 2062 4839 pro-

489 4863 842 4927 creationem,
894 4861 1022 4917 dum
1068 4858 1141 4914 illi
1190 4873 1375 4914 semen
1414 4859 1568 4929 quasi
1617 4860 1784 4915 stella:
1826 4859 1950 4915 cmli
1996 4874 2063 4914 ex

489 4952 643 5008 Isaac
664 4950 774 5006 ﬁlio
808 4949 1242 5021 promitteretur?
1280 4948 1418 5004 Non.
1464 4949 1606 5020 Ergo
1650 4950 1781 5019 quid
1806 4949 1905 5004 sibi
1950 4950 2060 5004 vult

490 5044 595 5098 ista
616 5042 835 5107 Cotum,
869 5041 974 5096 nisi
1003 5042 1127 5111 quia
1154 5041 1296 5096 sicut
1326 5041 1472 5112 Agar
1488 5051 1542 5097 et
1563 5041 1753 5096 lsmael
1794 5042 2065 5113 signiﬁca-

487 5142 684 5188 verunt
698 5131 946 5187 carnales
970 5131 1179 5187 Veteris
1206 5131 1558 5197 Testamenti,
1604 5133 1684 5188 sic
1706 5141 1760 5186 et
1785 5132 1979 5189 Cetura
2011 5141 2066 5189 et

489 5224 583 5277 lilii
619 5222 738 5293 ejus
772 5223 1149 5295 signiﬁcabant
1194 5222 1495 5288 hzcreticos,
1549 5223 1639 5292 qui
1681 5238 1739 5277 se
1778 5223 1842 5277 ad
1870 5222 2060 5279 Testa-

488 5324 729 5369 mentum
760 5312 967 5370 Novum
994 5313 1308 5367 existimant
1344 5315 1651 5383 pertinere?
1698 5314 1804 5369 Sed
1838 5324 2063 5385 utraque

486 5404 801 5459 concubinas
833 5403 1105 5469 dicuntur,
1149 5402 1262 5457 sola
1291 5402 1426 5457 Sara
1455 5418 1668 5473 semper
1698 5420 1832 5459 uxor
1857 5420 2062 5460 nuncu-

487 5502 663 5563 patur,
711 5493 853 5549 sicut
904 5494 1166 5564 scriptum
1203 5502 1323 5547 est:
1351 5490 1468 5547 Una
1518 5504 1593 5547 est
1636 5496 1774 5549 enim
1821 5494 2060 5550 columba

490 5597 623 5646 mea,
650 5585 879 5651 perfecta
911 5600 1024 5636 mea
1052 5582 1246 5653 (Cant.
1278 5583 1372 5651 Vt).

2167 4497 2217 4543 et
2232 4484 2520 4558 dijudicent
2553 4490 2690 4546 inter
2723 4509 2837 4546 nos.
2877 4490 2987 4547 Nec
3014 4494 3159 4548 enim
3185 4509 3471 4565 possumus
3500 4497 3765 4564 credere,

2167 4586 2228 4631 ut
2261 4576 2540 4648 Scriptura
2571 4591 2982 4649 commemorat,
3011 4584 3157 4656 quod
3196 4582 3363 4640 Jacob
3410 4587 3662 4657 exceptis
3687 4587 3763 4642 li-

2166 4667 2334 4732 beris,
2354 4683 2536 4724 secum
2561 4668 2759 4728 fratres
2785 4672 2996 4744 aliquos
3019 4674 3292 4730 habuerit.

2777 4782 3007 4842 CAPUT
3041 4786 3134 4841 IX.

2162 4888 2242 4942 De
2279 4900 2527 4961 conceptu
2555 4891 2794 4948 Rebecca:
2833 4905 2880 4949 et
2921 4896 3193 4975 nativitate
3238 4895 3464 4950 duorum
3511 4896 3761 4966 ﬁliorum

2883 4982 2912 5019 ε
2938 4982 3019 5019 us.

2234 5046 2650 5120 Deprecatusque
2687 5061 2763 5104 est
2793 4981 2950 5115 Isad’c
2992 5054 3277 5109 Dominum
3314 5072 3411 5126 pro
3452 5071 3624 5111 uxore
3648 5074 3759 5110 sua

2163 5155 2223 5192 eo
2256 5139 2392 5209 quod
2429 5150 2558 5193 esset
2607 5140 2822 5196 sterilis.
2878 5141 2983 5208 Qui
3013 5146 3276 5199 exaudivit
3324 5162 3469 5211 um,
3514 5155 3564 5199 et
3603 5148 3759 5200 dedit

2166 5239 2465 5299 conceptum
2496 5228 2762 5286 Rebecctc.
2806 5230 2911 5288 Sed
2942 5233 3324 5289 collidebantur
3363 5234 3421 5289 in
3450 5244 3603 5290 utero
3628 5236 3757 5305 ejus

2163 5319 2384 5389 parvuli,
2432 5329 2488 5374 et
2513 5321 2735 5392 reliqua.
2768 5318 2873 5378 Pro
2910 5328 3292 5391 commotione,
3331 5327 3420 5381 vel
3442 5326 3751 5392 collisione.

2167 5409 2517 5480 Septuaginta
2546 5412 2868 5483 interpretes
2893 5425 3209 5493 posuerunt,
3253 5418 3520 5493 ἐσκίρτων,
3552 5416 3612 5472 id
3638 5424 3752 5481 est.

2163 5499 2432 5566 ludebant,
2460 5502 2573 5558 sive
2601 5490 2964 5569 calcitrabant‘,
3013 5509 3159 5577 quod
3184 5490 3380 5577 Aquila
3421 5506 3702 5565 transtulit
3730 5523 3753 5560 :

2164 5590 2637 5662 Confringebantur
2661 5593 2761 5661 ﬁlii
2784 5594 2840 5649 in
2863 5605 3010 5651 utero
3043 5597 3177 5667 ejus,
3225 5596 3587 5663 Symmachus
3606 5610 3755 5656 vero
