3958 6204
187 369 288 423 ssi
1236 352 1582 413 COMMENT.
1624 351 1690 405 IN
1726 349 2048 407 cenesm.
2090 385 2160 395 —
2196 308 2321 411 uin.
2361 356 2444 412 ιιι.
2776 337 2805 355 ‘
3351 367 3455 421 es:

222 470 483 542 δείκνυσιν,
500 470 557 529 id
582 478 685 538 est,
712 472 766 526 in
787 456 1195 527 similitudinem
1225 472 1381 526 navis
1408 456 1773 541 insuperlieie
1801 470 1852 529 Α
1877 481 2066 523 norem
2095 485 2194 539 pro
2221 471 2424 542 majore
2450 472 2745 530 benedixit.
2778 473 2890 532 Hoc
2928 477 3073 532 enim
3111 477 3247 533 dixit
3281 479 3457 536 eidem

213 573 534 627 tuebantur.
564 546 788 639 (Gregi)
812 566 889 621 Ea
925 581 1045 635 qua:
1075 565 1247 620 sancti
1293 564 1394 617 viri
1436 563 1642 618 orando
1665 561 1777 617 eiii-

194 663 369 719 (iunt.
400 659 477 713 ita
524 657 904 728 prtedestinata
945 663 1093 720 sunt,
1126 661 1187 709 ut
1210 655 1461 725 precibus
1487 654 1774 709 obtinean-

192 761 305 803 tur.
358 748 490 803 Nam
520 748 632 816 ipsa
658 760 873 816 quoque
901 744 1153 815 perennis
1187 743 1335 814 regni
1378 742 1777 813 prmdestinatio

192 844 269 894 ita
305 849 391 895 est
437 840 503 892 ab
554 837 925 906 omnipotente
972 835 1083 890 Deo
1129 834 1411 903 disposita,
1458 842 1518 887 ut
1560 833 1627 888 ad
1674 834 1777 888 hcc

196 929 359 984 electi
404 943 469 983 ex
514 927 703 981 labore
748 925 1087 995 perveniant,
1140 932 1407 996 quatenus
1457 921 1776 993 postulando

192 1027 515 1074 mereantur
548 1018 793 1087 accipere
822 1017 964 1085 quod
992 1016 1071 1069 eis
1101 1013 1440 1083 omnipotens
1483 1011 1624 1067 Deus
1651 1020 1775 1067 aute

198 1102 397 1163 saecula
446 1106 710 1176 disposuit
752 1107 971 1160 donare.
1022 1103 1174 1171 Quod
1207 1115 1384 1157 utrum
1413 1102 1485 1155 ita
1525 1102 1612 1159 sit.
1646 1118 1776 1156 con-

198 1208 307 1254 cite.
332 1197 478 1252 valet
512 1196 752 1266 probari.
795 1194 954 1250 Certe
994 1194 1191 1248 etenim
1229 1193 1495 1258 novimus,
1538 1191 1676 1261 quod
1709 1190 1779 1246 ad

198 1290 480 1343 Abraham
536 1287 795 1343 Dominus’
846 1283 1118 1340 dixit:ln
1172 1283 1327 1337 Isaac
1378 1284 1645 1338 vocabitur
1687 1283 1780 1337 tibi

197 1396 394 1432 semen.
427 1376 525 1432 Cui
547 1377 707 1430 etiam
731 1376 974 1428 dixerat:
1004 1371 1211 1427 Patrem
1238 1372 1522 1427 multarum
1549 1375 1778 1443 gentium

197 1469 453 1523 constitui
473 1478 540 1521 te.
572 1468 668 1521 Cui
696 1481 907 1520 rursum
932 1465 1182 1534 promisit
1209 1465 1394 1519 dicens
1426 1484 1439 1518 :
1465 1463 1776 1518 Bcnedicum

197 1559 313 1623 tibi,
341 1568 389 1612 et
417 1555 768 1627 multiplicabo
811 1572 985 1609 semen
1031 1566 1177 1608 tuum
1206 1556 1339 1609 sicut
1366 1553 1540 1609 stellas
1570 1554 1702 1621 caali,
1730 1563 1778 1608 et

197 1649 337 1703 velut
392 1664 611 1701 arenam
658 1663 774 1717 qua:
803 1655 876 1699 est
918 1645 973 1699 in
1019 1644 1189 1699 littore
1233 1644 1415 1700 maris.
1452 1645 1531 1701 Ex
1580 1661 1683 1715 qua
1721 1660 1781 1701 re

198 1746 387 1808 aperte
407 1744 619 1792 constat
655 1737 782 1806 quia
802 1736 1140 1806 omnipotens
1167 1737 1307 1792 Deus
1336 1750 1520 1792 semen
1547 1737 1777 1793 Abrahae

1846 615 1851 621 ,
1876 558 2089 628 majori,
2115 576 2237 616 eum
2265 572 2321 617 et
2352 563 2528 635 ipsum
2555 575 2741 634 postea
2777 567 3141 623 benediceret.

1945 650 2068 704 Iam
2098 660 2296 722 tempus
2323 654 2565 722 pariendi
2605 655 2908 723 advenerat,
2938 668 2987 712 et
3032 675 3147 714 ecce
3181 662 3372 730 gemini
3401 663 3457 718 in

1875 752 2026 794 utero
2055 741 2170 811 ejus
2198 745 2386 811 reperti
2408 756 2548 798 sunt.
2574 745 2677 811 Qui
2704 747 2903 817 primus
2928 766 3163 819 egressus
3188 761 3283 816 est,
3305 752 3457 822 rufus

1873 841 2079 901 erattet
2110 842 2246 885 totus
2268 833 2321 886 in
2348 850 2541 887 morem
2568 835 2719 905 pellis
2743 838 2999 908 hispidus,
3022 852 3365 912 vocatumque
3378 853 3457 897 est

1876 937 2060 974 nomen
2080 922 2194 990 ejus
2224 922 2390 976 Esau.
2419 924 2517 979 Ubi
2541 942 2641 980 nos
2664 928 2893 997 pilosum
2920 932 3217 1000 posuimus,
3250 934 3310 988 in
3344 933 3454 990 lie-

1873 1008 2019 1063 braeo
2043 1009 2206 1066 habet
2233 1010 2367 1065 Sear
2393 1024 2542 1079 nam,
2574 1018 2715 1071 unde
2754 1027 2807 1072 et
2839 1019 3003 1088 Esau,
3049 1022 3187 1078 sicut
3218 1032 3275 1078 et
3327 1024 3457 1082 alibi

1875 1097 2125 1170 legimus,
2156 1100 2298 1169 Seir,
2330 1104 2383 1157 id
2410 1112 2514 1170 est,
2538 1105 2740 1175 pilosus
2769 1117 2853 1165 est
2877 1110 3071 1165 dictus.

1948 1187 2199 1245 Protinus
2226 1192 2360 1245 alter
2390 1196 2656 1264 egrediens
2679 1237 2696 1261 ,
2742 1197 2978 1267 plantam
3023 1202 3203 1271 fratris
3254 1204 3455 1259 tenebat

1876 1295 2058 1346 manu,
2086 1290 2134 1334 et
2166 1282 2361 1338 idcirco
2391 1283 2668 1355 appellavit
2689 1304 2806 1340 eum
2833 1287 3021 1343 Iacob.
3074 1290 3254 1363 (lsid.)
3304 1294 3458 1360 Quod

1879 1370 2179 1439 ﬁguraliter
2202 1371 2401 1428 factum
2424 1376 2587 1430 etiam
2616 1376 2745 1447 ipsis
2765 1376 2964 1435 Iudicis
2985 1396 3091 1436 non
3114 1384 3460 1441 credentibus

1878 1466 2063 1511 notum
2092 1468 2196 1524 est,
2226 1461 2457 1530 qualiter
2476 1465 2704 1534 populus
2736 1466 2991 1524 Ecclesia:
3018 1468 3315 1544 Synagoga:
3362 1490 3459 1544 po—

1877 1546 2063 1615 pulum
2086 1551 2379 1618 superavit,
2409 1560 2463 1606 et
2491 1556 2760 1623 quomodo
2781 1557 2931 1626 plebs
2968 1558 3278 1617 Iudaeorum
3323 1573 3460 1620 tem-

1877 1652 2007 1707 pore
2032 1637 2203 1708 major
2229 1643 2398 1697 servit
2420 1644 2614 1699 minori
2643 1648 2837 1717 p0pulo
2870 1648 3320 1707 Christianorum.
3364 1652 3456 1709 Si-

1878 1731 2094 1800 quidem
2120 1740 2175 1785 et
2204 1733 2428 1803 singulis
2451 1737 2606 1792 nobis
2632 1737 2737 1794 hoc
2763 1739 2870 1794 dici
2909 1751 3121 1810 potest,
3162 1745 3308 1814 quod
3341 1746 3461 1803 dua:

198 1826 565 1897 multiplicare
608 1840 707 1896 per
747 1823 896 1880 lsaac
940 1825 1439 1894 prtedestinaverat,
1491 1834 1548 1881 et
1594 1835 1772 1881 tamen
1802 1818 1849 1880 B
1876 1827 2064 1890 gentes
2096 1830 2149 1876 et
2176 1821 2284 1877 duo
2311 1820 2491 1894 populi
2527 1825 2633 1880 sint
2655 1827 2795 1882 inter
2831 1845 2947 1895 nos,
2973 1832 3229 1887 vitiorum
3252 1836 3459 1893 scilicet

197 1921 463 1989 animum
507 1927 610 1982 est,
658 1916 976 1988 Deprecatus
1024 1927 1096 1971 est
1145 1916 1426 1970 Dominum
1479 1916 1635 1971 Isaac
1682 1934 1775 1988 pro

197 2028 361 2065 uxore
383 2027 505 2076 sua,
549 2027 609 2066 eo
633 2012 771 2081 quod
809 2020 939 2088 esset
965 2009 1174 2065 sterilis.
1219 2008 1322 2075 Qui
1350 2009 1612 2064 exaudivit
1636 2026 1776 2075 eum,
1806 2088 1811 2093 Ι

200 2112 246 2155 et
291 2101 440 2154 dedit
479 2110 780 2172 conceptum
831 2099 1093 2156 Rebecca.
1142 2100 1201 2155 Si
1232 2117 1361 2173 ergo
1406 2099 1779 2170 multiplicatio

202 2191 419 2262 generis
469 2190 701 2247 Abrahae
745 2207 843 2261 per
890 2191 1039 2247 Isaac
1080 2194 1462 2264 pmdestinata
1510 2192 1631 2260 fuit,
1681 2208 1779 2249 cur
1816 2238 1821 2251 .

200 2282 484 2352 coniugem
537 2269 778 2336 sterilem
823 2284 1072 2354 accepit?
1121 2283 1227 2341 Sed
1257 2285 1518 2343 nimirum
1564 2292 1780 2340 constat

202 2377 325 2445 quia
354 2377 764 2446 prmdestinatio
790 2375 1040 2446 precibus
1074 2376 1346 2447 impletur,
1395 2378 1608 2448 quando
1644 2379 1693 2433 is
1721 2378 1776 2433 in

202 2485 308 2540 quo
355 2471 500 2527 Deus
549 2468 906 2541 multiplicare
944 2485 1129 2526 semen
1167 2470 1399 2526 Abrahae
1432 2470 1778 2542 praedestina-

203 2568 381 2626 verat,
417 2562 666 2616 oratione
687 2561 919 2617 obtinuit
952 2570 1011 2615 ut
1032 2559 1170 2617 ﬁlios
1198 2560 1398 2617 habere
1425 2560 1703 2631 potuisset.

271 2694 615 2766 Perrexitque
653 2693 889 2749 Rebecca
916 2702 974 2746 ut
1002 2692 1294 2747 consuleret
1337 2691 1642 2758 Dominum,
1689 2693 1779 2763 qui

202 2782 522 2852 respondens
546 2783 660 2837 ait:
688 2782 821 2837 Date
847 2790 1022 2852 gentes
1044 2782 1100 2836 in
1128 2791 1276 2837 utero
1308 2792 1399 2837 tuo
1422 2791 1566 2848 sunt,
1598 2791 1650 2836 et
1672 2782 1779 2841 duo

201 2870 378 2943 populi
420 2887 485 2925 ea:
528 2882 676 2925 utero
704 2881 793 2926 tuo
824 2872 1146 2938 dividentur,
1168 2872 1496 2944 populusque
1530 2873 1780 2943 populum

204 2961 492 3032 superabit,
522 2972 573 3014 et
606 2961 780 3030 major
800 2960 989 3016 seruiet
1031 2962 1243 3017 minori.
1292 2960 1472 3035 (Αιιρ.)
1510 2961 1781 3029 ρυωι-ἱιοι

206 3066 310 3127 quo
339 3053 491 3120 ierit,
520 3069 627 3109 non
650 3054 794 3110 enim
824 3063 981 3111 erant
1017 3056 1446 3126 tuncpropheta:
1472 3064 1568 3111 aut
1599 3071 1780 3112 sacer-

205 3145 358 3201 dotes
400 3146 700 3236 secundum
737 3146 985 3202 ordinem
1032 3146 1360 3202 tabernaculi
1394 3145 1479 3201 vel
1522 3147 1777 3216 templum
1806 3168 1850 3231 ρ
1881 3145 1987 3236 ml".

205 3234 443 3289 Domini.
474 3235 590 3301 Quo
622 3251 749 3306 ergo
780 3236 905 3293 ierit
930 3237 1126 3293 merito
1150 3246 1348 3300 movet,
1400 3236 1505 3292 nisi
1533 3237 1672 3291 forte
1709 3237 1778 3291 ad

206 3325 386 3383 locum
424 3327 514 3382 ubi
561 3342 711 3383 aram
764 3329 1120 3385 constituerat
1164 3328 1471 3393 Abraham;
1525 3328 1620 3384 sed
1670 3328 1778 3385 illic

205 3418 479 3488 quomodo
516 3434 772 3490 responsa
811 3420 1024 3484 dentur,
1052 3419 1272 3474 omnino
1300 3427 1445 3475 tacet
1473 3419 1776 3488 Scriptura,

209 3519 386 3564 utrum
438 3526 536 3580 per
583 3510 816 3581 aliquem
856 3511 1219 3577 sacerdotem,
1273 3511 1439 3581 quod-
1465 3510 1780 3566 incredibile

206 3606 310 3661 est,
350 3598 396 3654 si
452 3609 572 3652 erat
614 3616 720 3657 non
764 3598 927 3654 fuisse
963 3599 1319 3663 nominatum,
1362 3605 1420 3652 et
1457 3598 1658 3653 nullam
1704 3598 1776 3653 ibi

208 3689 430 3743 omnino
458 3690 797 3747 safel'tloltllli
836 3688 1137 3758 aliquorum
1166 3689 1365 3743 factam
1398 3704 1519 3744 esse
1545 3690 1778 3744 mentio-

209 3796 348 3833 nem.
382 3781 466 3832 Au
501 3765 739 3839 forieihi
775 3795 896 3834 cum
917 3781 1121 3835 orando
1161 3779 1467 3850 alligassem
1512 3781 1779 3836 desideria

210 3883 327 3933 sua,
372 3868 715 3924 dormiebant
742 3870 791 3922 in
830 3867 970 3933 locu,
1004 3879 1062 3923 ut
1083 3884 1179 3937 per
1205 3869 1472 3923 somnium
1497 3883 1780 3924 moneren-

211 3959 332 4015 tur?
382 3975 452 4013 an
493 3960 668 4019 adhuc
704 3960 915 4015 vivebat
960 3958 1387 4015 Melchisedech?
1430 3959 1587 4029 cujus
1629 3968 1779 4014 tanta

210 4048 311 4106 fuit
365 4050 717 4117 excellentia,
771 4060 829 4105 ut
872 4066 902 4105 a
948 4050 1220 4107 nonnullis
1272 4049 1546 4105 dubitatur
1599 4060 1779 4104 utrum

206 4142 369 4198 homo
397 4159 467 4197 an
493 4142 716 4213 angelus
744 4141 923 4198 fuerit.
963 4142 1046 4196 An
1077 4150 1235 4197 erant
1260 4141 1426 4210 aliqui
1448 4141 1587 4196 tales
1613 4142 1779 4197 etiam

208 4234 302 4287 illo
329 4235 383 4289 in
415 4243 660 4304 tempore
686 4234 932 4290 homines
957 4234 1078 4300 Dei,
1107 4234 1162 4288 in
1195 4233 1390 4303 quibus
1417 4241 1597 4303 posset
1640 4234 1782 4289 Deus

204 4320 568 4393 interrogari?
604 4322 872 4397 Quidquid
915 4324 1107 4378 horum
1149 4332 1253 4389 est,
1279 4333 1336 4379 et
1375 4323 1420 4379 si
1461 4324 1588 4393 quid
1635 4323 1781 4397 aliud

202 4414 351 4484 quod
382 4430 468 4467 me
493 4412 634 4469 forte
658 4429 729 4470 ne
753 4394 1231 4470 commemorarem
1252 4416 1596 4486 praeterierit,
1626 4390 1781 4470 tiien-

207 4497 301 4560 tiri
349 4513 529 4561 tamen
562 4504 840 4575 Scriptura
874 4522 981 4561 non
1010 4515 1210 4577 potest,
1246 4522 1366 4578 quin
1402 4508 1537 4564 dicit
1576 4508 1781 4564 Rebec-
1802 4526 1859 4588 D

201 4612 324 4653 eam
354 4597 460 4663 isse
495 4596 562 4653 ad
591 4598 1025 4668 interrogandum
1067 4598 1370 4663 Dominum,
1405 4600 1565 4670 eique
1593 4599 1778 4654 Domi-

203 4704 334 4741 num
379 4687 740 4764 resppndisse.
795 4688 852 4742 lu
904 4705 971 4744 eo
1011 4689 1155 4759 quod
1199 4689 1456 4745 Dominus
1504 4690 1781 4758 respondit

202 4774 467 4830 Rebecca
488 4788 506 4830 τ

269 4908 410 4961 υκαι
439 4919 619 4979 gentes
644 4910 697 4964 in
727 4921 874 4966 utero
905 4922 995 4966 tuo
1016 4922 1157 4977 sunt,
1183 4922 1229 4966 et
1251 4912 1355 4967 duo
1380 4911 1558 4984 pepuli
1582 4912 1646 4967 de
1672 4931 1786 4969 uen-

196 5008 274 5053 tre
322 4999 728 5070 separabantur,
754 5010 804 5055 et
847 5002 1069 5072 populus
1109 5004 1357 5072 populum
1406 5003 1695 5074 superabit,
1731 5014 1781 5060 et

195 5104 381 5159 major
402 5090 589 5144 serviet
617 5091 839 5156 minori,
869 5091 1120 5146 historica
1169 5092 1499 5160 proprietate
1549 5094 1651 5149 hoc
1698 5108 1783 5148 re-

194 5194 462 5251 sponsum
512 5182 789 5237 invenitur
833 5197 952 5238 esse
1001 5182 1367 5257 completum,
1415 5183 1505 5237 ubi
1555 5183 1782 5253 populus

192 5272 389 5335 isracl,
438 5272 544 5326 hoc
588 5281 696 5337 est,
736 5273 902 5327 Iacob
944 5273 1123 5326 minor
1166 5272 1328 5339 ﬁlius,
1357 5273 1629 5343 superavit
1662 5272 1782 5328 ldu-

195 5376 391 5424 προς,
424 5362 527 5418 hoc
552 5372 657 5427 est,
687 5372 899 5432 gentem
929 5378 1091 5433 quam
1120 5365 1435 5432 propagavit
1465 5363 1627 5427 Esau,
1662 5378 1783 5419 eos-

194 5466 301 5519 q-ie
340 5449 587 5505 iecerunt
612 5452 923 5507 tributarios
942 5467 1040 5521 per
1067 5450 1257 5518 David,
1284 5452 1425 5521 quod
1454 5452 1542 5507 diu
1567 5451 1783 5508 fuerunt

192 5558 376 5614 usque
411 5541 479 5597 ad
512 5558 692 5615 regem
739 5544 839 5598 sub
867 5560 975 5613 quo
1006 5545 1222 5599 ωυωωί
1281 5545 1705 5611 rebellaverunt,
1729 5552 1789 5600 ρι’

191 5635 390 5705 iugum
416 5630 1029 5690 lsraelitarum‘idummi
1057 5651 1087 5689 a
1118 5637 1330 5692 cervice
1372 5653 1467 5691 sua
1518 5637 1780 5707 deposue-

195 5736 349 5789 runt,
376 5727 669 5781 secundum
698 5727 1025 5797 prophetiam
1047 5727 1217 5797 ipsius
1238 5729 1387 5785 isaac
1405 5770 1418 5788 .
1445 5730 1658 5799 quando
1680 5731 1780 5784 mi-

1878 1917 2041 1980 atque
2066 1912 2344 1980 virtutum,
2373 1916 2466 1971 sed
2494 1917 2597 1972 iste
2622 1918 2801 1975 minor
2823 1929 2926 1984 est,
2952 1922 3042 1977 ille
3079 1924 3272 1994 major.
3306 1926 3460 1982 Sem-

1875 2018 1973 2073 per
1994 2003 2136 2057 enim
2166 2004 2345 2075 plures
2376 2016 2500 2063 sunt
2531 2009 2655 2064 mali
2679 2027 2854 2081 quam.
2868 2013 3015 2080 boni,
3039 2023 3095 2069 et
3114 2016 3241 2070 vitia
3270 2033 3460 2073 nume-

1878 2095 2087 2151 rosiora
2116 2108 2245 2152 sunt
2268 2100 2589 2165 virtutibus;
2634 2103 2730 2158 sed
2757 2112 2936 2159 tamen
2963 2114 3017 2161 et
3050 2108 3103 2161 in
3137 2109 3293 2165 nobis
3332 2124 3457 2180 gra-

1879 2184 1951 2240 tia
1996 2184 2090 2241 Dei
2130 2188 2359 2258 populus
2395 2190 2650 2260 populum
2692 2201 2941 2262 superat,
2970 2204 3027 2250 et
3069 2196 3242 2265 major
3289 2200 3460 2255 servit

1876 2274 2094 2330 minori.
2128 2276 2310 2332 Servit
2332 2279 2531 2333 etenim
2578 2295 2705 2336 caro
2737 2282 2981 2352 spiritui,
3006 2294 3060 2340 et
3085 2286 3215 2340 vitia
3246 2287 3461 2343 virtuti-

1875 2364 1976 2419 bus
1998 2364 2218 2423 cedunt.
2245 2362 2498 2424 Procedit
2543 2378 2724 2427 autem
2773 2372 2913 2428 Esau
2955 2375 3161 2446 primus
3206 2376 3459 2443 rulus,ct

1879 2460 2025 2509 totus
2054 2463 2311 2525 tanquam
2350 2456 2507 2528 pellis
2547 2458 2819 2527 hirsutus;
2868 2461 3064 2519 deinde
3111 2465 3243 2520 exiit
3289 2466 3461 2535 frater

1876 2545 1995 2616 ejus
2013 2542 2200 2612 Iacob,
2216 2555 2270 2602 et
2294 2563 2485 2605 manus
2502 2547 2619 2619 ejus
2642 2550 2873 2621 implexa
2892 2554 3275 2611 eratcalcanco
3293 2556 3459 2614 Esau.

1878 2633 1985 2689 Sed
2012 2650 2110 2690 cur
2133 2636 2221 2691 ille
2248 2644 2391 2693 totus
2415 2638 2614 2695 rubcus
2642 2649 2695 2695 et
2718 2640 2980 2721 hispidus,
3005 2643 3107 2699 nisi
3132 2645 3257 2715 quia
3285 2662 3455 2718 popu-

1877 2727 1960 2782 lus
1987 2729 2136 2799 prior
2155 2731 2537 2800 prophetarum
2562 2739 2615 2807 et
2636 2731 2835 2788 Christi
2859 2749 3051 2789 cruore
3075 2733 3175 2789 fuit
3197 2737 3455 2807 pollutus,

1878 2837 1943 2875 ac
1970 2821 2174 2877 peccati
2196 2830 2252 2877 et
2280 2823 2532 2893 nequitiae
2552 2824 2802 2895 squalore
2822 2826 3032 2881 exstitit
3059 2826 3461 2886 circumdatus?

1877 2910 2044 2982 Cujus
2074 2912 2192 2966 ideo
2218 2911 2393 2967 minor
2437 2913 2750 2970 calcaneum
2804 2915 2997 2982 tenuit,
3048 2918 3174 2988 quia
3229 2921 3458 2991 mystice

1879 3001 2137 3069 majorem
2156 3003 2412 3074 populum
2441 3005 2618 3060 minor
2636 3015 2990 3077 superaturus
3012 3019 3176 3065 esset.

1952 3090 2339 3163 Sexageuarius
2364 3104 2477 3149 erat
2503 3093 2659 3150 Isaac
2683 3097 2891 3168 quando
2918 3099 3029 3152 nati
3066 3110 3215 3168 sunt,
3237 3102 3285 3156 ei
3334 3120 3457 3173 par-

2016 3197 2036 3234 .'
2092 3183 2276 3255 quibus
2310 3185 2505 3239 adultis
2546 3185 2716 3255 factus
2740 3198 2813 3243 est
2849 3188 2994 3244 Esau
3033 3191 3109 3244 vir
3139 3208 3338 3262 gnarus
3373 3209 3461 3247 ve-

1878 3272 2039 3326 nandi
2070 3282 2116 3326 et
2146 3275 2299 3329 homo
2325 3275 2586 3346 agricola,
2614 3275 2781 3332 Iacob
2810 3290 2984 3333 autem
3013 3281 3092 3334 vir
3118 3282 3337 3347 simplex
3363 3283 3456 3337 Ita-

1884 3363 2083 3419 bitabat
2115 3365 2169 3419 in
2190 3366 2562 3435 tabernaculis,
2587 3377 2691 3424 etc.
2718 3370 2898 3442 (Aug.)
2930 3371 3082 3443 Quod
3109 3371 3294 3430 Graece
3327 3374 3461 3430 dici-

1879 3464 1977 3531 tur;
1996 3455 2275 3522 ἄπλαστος,
2301 3460 2405 3514 hoc
2424 3457 2603 3514 Latini
2638 3461 2924 3533 simplicem
2953 3463 3288 3534 interpretati
3311 3477 3458 3521 sunt.

1878 3542 2102 3616 Proprie
2128 3557 2329 3612 autem,
2353 3546 2633 3614 ἄπλαστος,
2665 3568 2767 3604 ηοη
2787 3552 2961 3620 ﬁctus.
2992 3551 3140 3609 Unde
3164 3555 3331 3626 aliqui
3358 3555 3457 3612 La-

1880 3641 1980 3695 tini
2004 3641 2351 3711 interpretes,
2375 3643 2485 3697 sine
2505 3643 2625 3698 dolo
2646 3642 2985 3714 interpretati
3014 3654 3161 3712 sunt,
3175 3648 3417 3704 dicentes
3440 3668 3455 3705 :

1880 3729 2013 3787 Erat
2042 3732 2206 3788 Iacob
2241 3735 2353 3788 sine
2400 3734 2541 3801 dolo,
2573 3735 2813 3790 habitans
2840 3738 2896 3791 in
2930 3738 3105 3804 domo,
3153 3753 3213 3795 ut
3262 3756 3458 3812 magna

1880 3823 1951 3879 sit
1974 3826 2234 3894 quaestio,
2263 3820 2531 3895 quomodo
2579 3842 2677 3895 per
2717 3826 2898 3882 dolum
2935 3831 3204 3901 acceperit
3234 3832 3459 3887 benedi-

1881 3916 2136 3982 ctionem,
2163 3916 2255 3987 qui
2282 3923 2400 3971 erat
2434 3918 2548 3971 sine
2588 3916 2729 3971 dolo.
2780 3916 2885 3974 Sed
2931 3920 2998 3976 ad
3045 3921 3460 3992 signiﬁcandum

1882 4023 2134 4079 magnum
2185 4006 2406 4077 aliquid,
2456 4008 2598 4077 quod
2656 4005 2936 4078 Scriptura
2983 4013 3265 4080 pmmisit.
3319 4011 3461 4069 Hinc

1880 4097 2025 4152 enim
2051 4096 2283 4151 maxime
2312 4096 2554 4168 cogimur
2584 4098 2652 4151 ad
2692 4098 3036 4171 intelligenda
3073 4101 3166 4157 illo
3190 4102 3310 4157 loco
3344 4104 3462 4173 spi-

1882 4184 2114 4249 ritualia,
2140 4184 2265 4254 quia
2299 4184 2415 4238 sine
2441 4184 2564 4239 dolo
2596 4194 2715 4240 erat
2746 4186 2834 4256 qui
2875 4187 3054 4243 dolum
3081 4189 3227 4244 fecit.
3256 4190 3464 4265 (Greg.)

1884 4274 2022 4343 Quid
2043 4291 2142 4345 per
2160 4274 2502 4329 venationem
2526 4272 2687 4341 Esau,
2704 4277 2807 4331 nisi
2828 4289 3018 4332 eorm
3041 4279 3150 4333 vita
3174 4280 3466 4350 ﬁguratur,
3534 4270 3557 4295 ί

1883 4365 1976 4434 qui
1995 4364 2343 4419 interioribus
2365 4363 2726 4433 voluptatibus
2758 4363 2861 4431 ﬁsi,
2883 4380 3101 4422 carnem
3132 4371 3463 4438 sequuntur?

1886 4449 1987 4520 Qui
2014 4453 2180 4508 etiam
2218 4451 2452 4524 agricola
2487 4467 2609 4508 esse
2648 4452 3004 4523 describitur,
3035 4457 3160 4526 quia
3188 4467 3467 4517 amatores

1884 4544 2044 4614 hujus
2071 4543 2278 4611 saeculi,
2308 4552 2455 4600 tanto
2475 4544 2647 4616 magis
2668 4544 2939 4601 exteriora
2965 4546 3229 4615 incolunt,
3255 4559 3462 4620 quanto

1882 4632 2142 4692 interiora
2173 4653 2271 4693 sua
2300 4638 2354 4693 in
2388 4637 2545 4708 culpa
2584 4636 2979 4708 derelinquunt.
3004 4637 3172 4698 Iacob
3215 4656 3345 4697 vero
3376 4642 3462 4697 vir

1882 4726 2108 4797 simplex
2138 4726 2194 4781 in
2231 4725 2592 4783 tabernaculis
2626 4726 2713 4783 vel
2733 4728 2787 4782 in
2814 4729 2973 4785 domo
3002 4730 3249 4787 habitare
3278 4730 3462 4803 perbi-

1882 4817 2060 4884 betur,
2086 4818 2212 4886 quia
2237 4817 2493 4872 nimirum
2519 4818 2697 4874 omnis
2727 4819 2819 4888 qui
2845 4818 2899 4874 in
2928 4820 3077 4877 curis
3103 4822 3463 4879 exterioribus

1885 4909 2064 4980 spargi
2087 4908 2380 4978 refugiunt,
2408 4910 2679 4982 simplices
2708 4913 2763 4967 in
2794 4911 3121 4984 cogitatione
3139 4954 3157 4982 ,
3206 4924 3370 4986 atque
3400 4917 3458 4971 in

1884 5001 2230 5057 conscientiae
2275 5016 2386 5057 sua:
2429 5001 2765 5059 habitatione
2816 5006 3137 5061 consistunt.
3172 5004 3459 5076 (Ambros.)

1882 5089 1940 5147 In
1972 5089 2339 5145 tabernaculis
2376 5091 2521 5145 enim
2568 5100 2660 5146 aut
2696 5093 2749 5147 in
2790 5094 2950 5149 domo
2978 5095 3243 5160 habitare,
3285 5106 3369 5153 est
3398 5108 3459 5149 se

1884 5181 2028 5235 intra
2064 5181 2260 5236 mentis
2285 5190 2495 5235 secreta
2520 5182 2846 5252 restringere
2864 5224 2879 5249 ,
2901 5193 2959 5238 et
2988 5196 3325 5251 nequaquam
3365 5194 3462 5233 ex»

1885 5272 2056 5327 terius
2074 5286 2171 5342 per
2194 5271 2461 5325 desideria
2484 5268 2766 5342 dissipare,
2794 5288 2861 5326 ne
2881 5272 3008 5326 dum
3031 5272 3098 5326 ad
3122 5269 3287 5325 multa
3315 5267 3460 5323 foras

1885 5369 2116 5435 inhiant,
2145 5383 2177 5422 a
2206 5367 2420 5447 seipsis,
2444 5366 2689 5422 alienatis
2718 5366 3156 5437 cogitationibus,
3183 5371 3454 5419 recedant.

2508 5477 2735 5534 CAPUT
2772 5477 2816 5532 Χ
2829 5514 2842 5529 .

1890 5552 1966 5605 De
2005 5568 2063 5604 eo
2104 5550 2243 5621 quod
2284 5548 2432 5603 Esau
2468 5546 2633 5601 Iacob
2682 5547 2910 5601 uendidit
2951 5546 3292 5616 primogenita
3335 5560 3456 5601 sua.

1960 5640 2113 5695 Coxit
2138 5651 2311 5693 autem
2331 5637 2495 5691 Iacob
2516 5636 2854 5705 pulmentum.
2874 5636 2953 5689 Ad
2978 5653 3130 5707 quem
3156 5651 3272 5690 cum
3293 5652 3461 5691 unu-

1891 5744 1963 5785 set
1997 5732 2133 5785 Esau
2159 5731 2223 5783 de
2244 5747 2369 5800 agro
2398 5730 2589 5793 lassus,
2619 5727 2691 5780 ait
2721 5742 2739 5781 :
2767 5726 2848 5782 Da
2875 5728 3003 5783 mihi
3024 5728 3088 5781 de
3111 5736 3342 5784 coctioue
3363 5730 3460 5784 hac

3116 6004 3146 6029 ,ί

3587 4530 3615 4550 ἐ
