3958 6204
555 289 658 344 585

1216 282 1274 337 Β.
1319 282 1565 337 RABANI
1606 284 1819 340 MAURI
1861 284 2123 338 ARCllllil

2226 285 2527 342 ΜΟΟΕΝΤ.
2568 286 2850 343 ΟΡΕῐὶυΜ
2891 286 3068 342 PARS
3107 287 3145 341 l.

3705 296 3808 355 585

553 404 697 472 rufa,
721 406 845 474 quia
870 386 1056 474 oppido
1084 400 1254 453 lassus
1279 416 1414 454 sum.
1448 398 1621 481 Quam
1644 401 1706 454 ob
1732 417 1943 454 causam
1973 417 2124 454 voca-
2154 404 2201 462 Α
2230 408 2348 466 stis,
2380 407 2503 473 quia
2532 422 2637 459 non
2668 407 2875 471 cibum,
2912 409 3005 463 scd
3034 408 3137 464 cibi
3165 412 3657 481 concupiscentiam
3692 428 3811 473 esse

550 501 663 545 tum
711 499 787 545 est
830 507 1014 544 nomen
1051 490 1167 559 ejus
1222 488 1413 542 Edam.
1466 484 1711 543 Rubeum
1764 489 1877 544 sive
1923 488 2127 544 fulvum

550 581 733 652 lingua
767 575 992 634 Hebraea
1022 578 1220 633 dicitur
1242 576 1428 631 Edom.
1460 576 1542 630 Ab
1569 593 1634 632 eo
1672 579 1833 646 igitur
1860 577 2001 648 quod
2032 594 2127 631 ru-

550 671 653 727 beo
673 671 795 726 cibo
819 668 1123 724 vendiderit
1149 668 1421 738 primitiva
1449 683 1567 733 sua,
1592 667 1745 735 fulvi,
1766 669 1819 723 id
1840 678 1939 734 est,
1958 669 2127 724 Edom

552 762 774 816 sortitus
805 768 890 815 est
909 774 1123 814 nomen.

619 850 717 907 Cui
739 853 874 905 dixit
894 850 1061 905 Jacob
1087 864 1105 902 :
1140 848 1313 903 Vende
1343 849 1470 902 mihi
1504 849 1851 920 primogenita
1880 860 1992 903 tua.
2028 848 2128 903 Ille

552 941 813 1011 respondit
855 955 873 993 :
918 940 1001 994 En
1031 940 1248 1004 morior,
1275 941 1401 1010 quid
1441 940 1569 993 mihi
1597 941 1881 1009 proderunt
1927 939 2125 1010 primo-

550 1032 767 1100 genita?
796 1032 883 1085 Ait
908 1028 1074 1084 Jacob
1097 1045 1116 1084 :
1142 1029 1277 1084 Jura
1307 1046 1427 1099 ergo
1458 1030 1605 1082 mihi.
1635 1030 1841 1084 Iuravit
1882 1029 2050 1093 Esau,
2077 1037 2127 1082 et

548 1122 774 1176 vendidit
796 1122 1157 1192 primogenita,
1182 1129 1231 1173 et
1252 1122 1327 1173 sic
1357 1130 1566 1190 accepto
1586 1137 1720 1191 pane
1748 1129 1796 1174 et
1826 1119 1978 1174 lentis
1998 1120 2128 1174 edu-

547 1212 638 1279 lio,
662 1213 881 1267 comedit
913 1223 960 1267 et
993 1213 1149 1277 bibit,
1173 1222 1222 1266 et
1252 1212 1415 1277 abiit,
1450 1212 1825 1283 parvipendens
1853 1211 1992 1283 quod
2019 1213 2128 1282 pri-

549 1306 808 1374 mogenita
837 1304 1166 1358 vendidisset.
1202 1301 1385 1374 (Isid.)
1417 1301 1570 1367 Quod
1596 1302 1699 1357 iste
1744 1302 1887 1358 Esau
1929 1302 2130 1371 primo-

550 1396 731 1464 genita
758 1410 853 1449 sua
884 1402 1104 1465 propter
1140 1406 1320 1448 escam
1369 1392 1545 1447 eidem
1592 1389 1745 1446 fratri
1795 1405 1898 1471 suo
1922 1389 2126 1459 juniori

550 1484 914 1549 venundavit,
963 1497 1028 1537 ac
1079 1484 1419 1552 postmodum
1470 1490 1697 1551 paterna
1749 1481 2128 1538 benedictione

547 1577 647 1632 sibi
674 1576 939 1645 promissa
961 1575 1205 1646 privatus
1226 1581 1329 1641 est,
1355 1574 1625 1646 signiﬁcat
1646 1574 1895 1629 eumdem
1915 1572 2127 1629 Israeli-

550 1667 713 1721 ticum
751 1665 1003 1735 populum
1043 1666 1134 1737 qui
1185 1683 1215 1721 a
1248 1666 1378 1732 Deo,
1424 1675 1483 1720 ut
1516 1664 1685 1721 Exodi
1728 1664 1866 1720 liber
1899 1664 2124 1730 indicat,

548 1754 937 1825 primogenitus
959 1754 1100 1809 ﬁlius
1129 1763 1469 1824 nuncupatus
1494 1764 1598 1819 est,
1622 1755 1714 1824 qui
1736 1761 1955 1824 propter
1984 1770 2121 1825 pra:-
2149 1754 2193 1814 B

549 1846 720 1899 sentis
739 1844 915 1899 saeculi
941 1844 1112 1910 lucra,
1135 1860 1240 1899 non
1273 1845 1445 1898 solum
1468 1844 1731 1913 primatus
1756 1845 1839 1899 sui
1864 1845 2123 1899 honorem

550 1936 751 2000 amisit,
788 1948 976 1989 verum
1002 1936 1166 1989 etiam
1200 1935 1350 2005 regni
1380 1934 1615 1989 cmlestis
1660 1935 1943 2005 praemium
1987 1949 2125 2005 pra:-

551 2032 795 2095 paratum
832 2024 1056 2095 adipisci
1090 2040 1197 2079 non
1226 2023 1446 2088 meruit,
1474 2024 1700 2079 Domino
1732 2025 2125 2094 quodammodo

551 2115 603 2167 id
646 2113 816 2168 eidem
858 2114 1238 2183 exprobrante,
1279 2130 1402 2169 cum
1445 2114 1576 2169 dicit
1621 2131 1635 2167 :
1678 2113 2045 2182 Transferetur
2091 2133 2125 2170 a

548 2205 688 2259 vobis
723 2223 935 2276 regnum
973 2205 1088 2273 Dei,
1128 2213 1175 2259 et
1214 2206 1424 2259 dabitur
1459 2206 1598 2275 genti
1638 2204 1849 2275 facienti
1897 2204 2125 2275 fructum

547 2295 660 2364 ejus
711 2292 924 2367 (Matth.
967 2295 1125 2365 xxii).
1175 2293 1540 2365 Primogenita
1587 2302 1766 2348 autem
1809 2292 1925 2364 ipsa
1957 2293 2126 2348 vestis

547 2396 666 2442 erat
687 2386 1056 2451 sacerdotalis,
1089 2401 1251 2456 quam
1284 2384 1515 2455 majores
1560 2395 1689 2440 natu
1738 2401 1861 2440 cum
1906 2384 2127 2440 benedi-

546 2479 727 2535 ctione
765 2479 934 2549 patris
976 2478 1167 2544 induti,
1213 2479 1462 2533 victimas
1508 2479 1620 2533 Deo
1661 2478 1810 2534 velut
1845 2479 2125 2548 pontiﬁces

504 2554 523 2560 ’
547 2570 861 2626 oll‘erebant.
891 2570 1003 2626 lloc
1028 2570 1170 2625 dono
1192 2572 1392 2627 terreni
1414 2571 1618 2626 amoris
1643 2571 1912 2627 desiderio
1937 2586 2126 2628 carue-

549 2669 674 2715 runt
696 2660 862 2715 Jluiaei
885 2677 1043 2727 ,cum
1073 2661 1241 2732 gloria
1281 2662 1432 2732 regni
1471 2661 1671 2716 futura.
1709 2660 2001 2716 Sciendum
2043 2669 2129 2718 est

550 2751 685 2820 quia
720 2751 957 2821 quinque
1005 2752 1178 2806 modis
1222 2766 1321 2806 nos
1358 2752 1510 2822 Ogulaa
1553 2752 1743 2806 vitium
1787 2758 1973 2807 tentat.
2014 2751 2126 2807 Ali-

552 2840 764 2911 quando
789 2855 1022 2911 namque
1053 2842 1314 2911 praavenit
1351 2850 1590 2912 tempora
1638 2842 2002 2913 indulgentiae,
2029 2843 2128 2897 ali-

548 2934 762 3004 quando
787 2946 916 2988 vero
949 2941 1159 3003 tempus
1200 2948 1308 2987 non
1351 2934 1636 3003 prmvenit,
1665 2932 1757 2988 sed
1810 2934 1961 2989 cibos
2010 2933 2126 2989 lau-

554 3028 718 3083 tiores
749 3024 942 3095 quterit
971 3043 983 3077 :
1016 3023 1302 3093 aliquando
1342 3039 1461 3093 qua:
1489 3025 1745 3079 sumenda
1772 3024 1883 3078 sint
1904 3039 2120 3080 accura-

2227 507 2443 547 causam
2473 493 2835 551 damnationis
2865 497 3138 566 intelligit,
3161 506 3217 554 et
3246 498 3481 569 primum
3504 502 3607 558 sibi
3635 502 3812 559 homi-

2227 595 2350 635 nem
2374 598 2480 637 non
2511 600 2674 639 carne
2701 586 2794 640 sed
2821 602 2982 657 pomo
3009 589 3264 655 subdidit,
3288 599 3344 645 et
3379 576 3679 649 secundum
3706 611 3807 653 non

2226 684 2409 736 carne,
2436 673 2528 727 sed
2556 690 2692 743 pane
2721 677 2963 731 tentavit.
3011 676 3147 733 Hinc
3187 687 3272 735 est
3310 680 3453 750 quod
3490 681 3815 757 plerumque

2225 759 2396 815 Adam
2423 763 2577 833 culpa
2599 768 2973 834 committitur,
3004 770 3168 825 etiam
3203 787 3327 827 cum
3357 773 3563 844 abiecta
3594 787 3653 834 et
3684 779 3809 837 vilia

2226 856 2531 905 sumuntur.
2581 851 2764 923 Neque
2794 855 2967 910 Adam
3014 858 3178 925 solus,
3212 869 3272 915 ut
3302 876 3332 915 a
3366 865 3534 919 vetito
3561 881 3622 921 se
3648 882 3811 935 pomo

2225 940 2599 1009 suspenderet,
2632 955 2959 1016 prmeeptum
2990 950 3366 1017 probibitionis
3407 957 3636 1027 accepit.
3671 957 3808 1016 Nam

2225 1042 2348 1082 cum
2370 1029 2625 1086 alimenta
2654 1035 2895 1102 quaedam
2922 1037 3078 1092 saluti
3105 1048 3304 1096 nostrae
3347 1044 3488 1100 Deus
3530 1057 3806 1106 contraria

2225 1114 2445 1185 indicat,
2483 1121 2551 1175 ab
2577 1122 2663 1177 bis
2691 1137 2788 1178 nos
2816 1126 2969 1194 quasi
2999 1143 3096 1197 per
3132 1131 3474 1198 praesentiam
3520 1145 3709 1204 vetat;
3758 1150 3806 1195 et

2225 1221 2346 1260 cum
2371 1214 2813 1279 concupiscentes
2842 1215 3000 1269 noxia
3029 1217 3362 1290 attingimus,
3392 1223 3638 1293 profecto
3679 1228 3803 1296 quid

2224 1299 2368 1353 aliud
2395 1316 2556 1369 quam
2583 1303 2747 1358 vetita
2780 1305 3162 1374 degustamus?
3206 1309 3281 1364 Ea
3311 1311 3491 1383 itaque
3540 1320 3804 1375 sumenda

2224 1402 2349 1445 sunt
2399 1408 2520 1461 quae
2574 1403 2782 1450 natura:
2829 1401 3120 1455 necessitas
3174 1404 3386 1471 quarrit,
3437 1415 3491 1459 et
3532 1423 3639 1462 non
3691 1425 3807 1480 qua:

2224 1482 2413 1536 edendi
2445 1482 2609 1539 libido
2640 1489 2897 1557 suggerit,
2943 1505 3011 1544 ne
3064 1493 3228 1546 etiam
3271 1495 3315 1548 si
3370 1496 3485 1550 hinc
3525 1499 3805 1557 moderata

2223 1573 2478 1631 discretio
2503 1577 2681 1632 minus
2711 1587 2867 1635 caute
2902 1585 3260 1654 prOSpexerit,
3303 1585 3503 1643 illicitae
3543 1594 3799 1664 concupi-

2224 1664 2441 1719 scentiae
2477 1666 2599 1735 quis
2632 1667 2683 1721 in
2723 1671 3028 1741 voraginem
3065 1687 3276 1746 vergat.

2838 1778 3065 1839 CAPUT
3102 1785 3194 1841 XI.

2226 1862 2548 1953 Degt'ran'situ
2571 1867 2726 1923 Isaac
2755 1873 2824 1924 ad
2852 1873 3141 1930 Abimelech
3167 1894 3335 1948 regem
3367 1879 3800 1953 Palwstinorunt,

2296 1935 2697 2026 u‘bi‘liebeceam
2730 1957 2943 2026 uxorein
2981 1935 3408 2026 sorareutvsuam

2295 2014 2343 2058 et
2370 2005 2434 2059 tle
2459 2008 2628 2077 puteis
2661 2026 2790 2079 quos
2814 2011 2949 2080 fodit
2978 2014 3155 2070 Isaac.

2297 2114 2445 2186 (CAP.
2483 2118 2656 2189 xxvi.)
2690 2117 2820 2174 Orta
2850 2130 3023 2176 autem
3064 2123 3203 2193 [ante
3242 2145 3399 2200 super
3437 2141 3665 2203 terram,
3690 2148 3802 2208 post

2225 2219 2339 2259 eam
2365 2208 2692 2298 sterilitatem
2728 2229 2844 2283 quae
2887 2216 3150 2271 acciderat
3171 2219 3245 2298 in
3288 2222 3470 2279 diebus
3505 2226 3799 2298 Abraham,

2224 2294 2352 2348 abiit
2400 2294 2558 2351 Isaac
2616 2300 2686 2352 ad
2732 2302 3025 2359 Abimelech
3071 2296 3239 2379 regem
3286 2308 3703 2373 Palatstinoram
3751 2294 3803 2375 in

2226 2382 2461 2477 Genua;
2489 2392 2831 2477 apparuitque
2850 2394 2897 2446 ei
2917 2393 3172 2453 Dominus
3194 2409 3243 2453 et
3264 2402 3338 2455 ait
3363 2416 3382 2455 :
3409 2404 3464 2457 Ν
3466 2423 3493 2459 e
3514 2407 3804 2473 descendas

2224 2476 2279 2529 in
2308 2476 2617 2548 .Egyptum,
2644 2482 2735 2536 sed
2771 2486 2976 2554 quiesce
3020 2489 3075 2543 in
3122 2499 3264 2546 terra
3289 2510 3448 2566 quant
3478 2499 3661 2555 dixero
3689 2504 3801 2571 tibi,

2225 2575 2272 2619 et
2301 2571 2632 2639 peregrinare
2654 2573 2709 2627 in
2737 2590 2836 2639 ea;
2878 2593 3067 2648 eraque
3093 2589 3261 2637 tecum
3291 2597 3339 2638 et
3364 2585 3663 2646 benedicam
3692 2594 3802 2650 tibi.

2229 2652 2342 2708 Tibi
2367 2658 2503 2712 enim
2527 2667 2577 2713 et
2601 2662 2787 2717 semini
2808 2672 2900 2718 tuo
2924 2665 3059 2721 dabo
3097 2672 3363 2728 universas
3396 2677 3631 2748 regiones
3683 2682 3802 2750 Irus,

2225 2750 2484 2822 complens
2494 2756 2857 2823 juramentum
2889 2761 3028 2830 quod
3066 2767 3318 2836 spepondi
3356 2768 3624 2826 Abraham
3663 2777 3803 2845 patri

2226 2850 2337 2935 tuo,
2364 2854 2411 2898 et
2440 2847 2802 2919 multiplicabo
2829 2869 3004 2909 semen
3033 2864 3191 2919 tuum.
3217 2861 3351 2915 sicut
3386 2865 3564 2921 stellas
3588 2869 3727 2935 caeli,
3750 2880 3804 2926 et

2226 2932 2452 3002 reliqua.
2486 2937 2668 3011 (Aug.)
2695 2939 2752 2995 In
2783 2956 2848 2996 eo
2887 2946 3031 3013 quod
3068 2950 3331 3018 scriptum
3371 2962 3492 3009 est:
3519 2954 3688 3012 Facta
3712 2932 3802 3014 est

2226 3032 2400 3119 autem
2431 3024 2597 3093 fames
2616 3046 2772 3100 super
2790 3040 3007 3102 terram,
3020 3047 3136 3107 post
3162 3040 3353 3109 famem
3380 3061 3498 3114 qua:
3525 3057 3647 3102 ante
3660 3049 3802 3119 facta

549 3119 655 3174 tius
684 3119 885 3186 expetit
911 3117 1237 3189 praeparari,
1267 3116 1557 3186 aliquando
1584 3124 1764 3171 autem
1785 3125 1839 3169 et
1867 3116 2123 3186 qualitate
2149 3101 2193 3164 (ἶ
2223 3122 2299 3166 εει
2337 3114 2392 3169 in
2425 3125 2653 3188 tempore
2677 3122 2964 3181 Abraham.
2993 3101 3133 3185 Abiit
3161 3101 3334 3190 autem
3375 3101 3534 3194 ἰεααο
3571 3101 3803 3197 ag

547 3206 786 3263 ciborum
811 3216 867 3262 et
895 3215 1134 3277 tempore
1162 3208 1430 3278 cengruit,
1460 3207 1555 3262 sed
1584 3207 1639 3260 in
1671 3207 1785 3276 ipsa
1819 3208 2126 3277 quantitate

548 3299 788 3354 sumendi
817 3314 1123 3354 mensuram
1147 3298 1458 3356 refectionis
1477 3298 1707 3354 excedit.
1732 3297 2123 3367 Nonnunquam

548 3404 674 3444 vero
697 3398 751 3444 et
775 3389 1015 3458 abiectus
1038 3399 1121 3445 est
1151 3391 1294 3460 quod
1320 3391 1612 3456 desiderat,
1628 3399 1683 3444 et
1713 3398 1891 3446 tamen
1922 3390 1976 3444 in
2008 3391 2125 3461 ipso

546 3489 677 3536 testu
705 3481 950 3536 immensi
978 3481 1233 3537 desiderii
1266 3482 1503 3537 deterius
1535 3489 1744 3552 peccat.
1791 3480 2126 3549 Quaervitio-

548 3588 666 3626 rum
706 3579 946 3642 tempora
991 3571 1186 3627 melius
1223 3573 1576 3639 ostendimus,
1606 3574 1652 3629 si
1696 3573 1815 3629 bazc
1867 3574 2125 3645 exemplis

545 3664 967 3719 evidentioribus
995 3665 1371 3734 approbamus.
1429 3663 1615 3720 Mortis
1663 3667 1858 3737 quippe
1908 3678 2124 3724 senten-

549 3755 683 3808 tiam
706 3755 874 3824 patris
894 3768 988 3808 ore
1015 3752 1288 3809 Jonatban
1326 3756 1543 3822 meruit,
1574 3757 1700 3825 quia
1726 3758 1780 3812 in
1806 3765 1964 3828 gustu
1993 3757 2124 3814 mel—
2160 3760 2165 3769 ’

547 3847 613 3926 liis
627 3846 976 3901 constitutum
996 3846 1187 3901 edendi
1210 3853 1421 3917 tempus
1446 3849 1762 3904 antecessit.
1786 3849 1854 3903 Et
1873 3865 1941 3905 ex
1959 3849 2123 3926 Egy-

545 3925 634 4006 pto
654 3936 880 4007 populus
907 3935 1120 4001 ductus,
1151 3937 1205 3991 in
1229 3952 1412 3994 eremo
1438 3940 1709 4005 occubuit,
1734 3941 1848 4009 qui,
1874 3925 2124 4012 despecto

548 4041 766 4092 manna,
796 4026 946 4081 cibos
972 4025 1214 4079 carnium
1240 4028 1412 4096 petiit,
1442 4044 1577 4098 quos
1612 4028 1869 4085 lautiores
1891 4031 2120 4100 putavit.

547 4115 614 4169 Et
643 4117 816 4186 prima
846 4115 1091 4170 ﬁliorum
1116 4115 1233 4171 Heli
1265 4117 1420 4187 culpa
1457 4120 1675 4175 suborta
1707 4128 1809 4186 est,
1858 4121 2002 4190 quod
2055 4138 2120 4178 ex

492 4264 505 4269 ,
545 4219 730 4260 eorum
756 4214 878 4260 voto
897 4207 1194 4264 sacerdotis
1219 4222 1353 4277 puer
1380 4224 1487 4263 non
1517 4211 1737 4281 antiquo
1767 4227 1917 4268 more
1943 4222 2124 4270 coctas

545 4297 705 4352 vellet
729 4297 794 4352 de
819 4297 1087 4353 sacriﬁcio
1116 4314 1309 4355 carnes
1337 4300 1606 4370 accipere,
1632 4302 1726 4357 sed
1748 4303 1947 4358 crudas
1977 4318 2123 4372 qua:-

546 4394 707 4451 reret,
734 4403 869 4456 quas
893 4389 1196 4444 accuratius
1218 4390 1515 4446 exhiberet.
1544 4391 1613 4445 Et
1640 4407 1763 4447 cum
1793 4394 1860 4448 ad
1903 4391 2123 4451 Jerusa-

2226 3201 2418 3297 melech
2442 3221 2611 3278 regem
2631 3208 3039 3274 Pallestinorum
3065 3222 3121 3277 in
3150 3221 3372 3282 Gerara.
3414 3230 3684 3297 Quaeritur
3703 3236 3804 3292 hoc

2224 3295 2438 3389 quando
2464 3298 2536 3389 sit
2562 3298 2762 3358 factum
2779 3345 2794 3371 ,
2819 3317 3000 3364 utrum
3040 3323 3225 3382 postea
3254 3295 3469 3389 quando
3498 3322 3639 3379 Esau
3668 3341 3800 3380 ven-

2226 3382 2361 3487 didit
2410 3388 2768 3487 primogenita
2829 3413 2927 3453 sua
2976 3402 3097 3458 cibo
3141 3382 3411 3465 lenticula
3459 3411 3617 3483 (post
3653 3414 3801 3470 illam

2226 3484 2799 3573 quippenarrationem
2835 3488 2939 3546 hoc
2973 3497 3187 3550 narrari
3210 3498 3443 3573 incipit),
3474 3517 3562 3569 an,
3597 3514 3658 3560 ut
3686 3506 3801 3561 ﬁeri

2226 3566 2384 3629 solet,
2408 3583 2508 3637 per
2523 3575 3019 3645 recapitulationem
3042 3596 3293 3643 narrator
3314 3566 3383 3646 ad
3403 3566 3525 3648 eam
3548 3566 3800 3652 reversus

2226 3659 2316 3725 sit,
2334 3676 2465 3758 cum
2492 3680 2811 3736 progressus
2836 3672 2904 3728 de
2931 3674 3056 3732 ﬁliis
3079 3676 3195 3746 eius
3221 3681 3289 3736 ad
3316 3697 3441 3750 eum
3472 3684 3650 3742 locum
3678 3702 3799 3758 per-

2224 3752 2462 3808 venisset
2485 3758 2577 3825 qui
2606 3758 2674 3813 de
2700 3759 2955 3820 lenticula
2992 3781 3447 3831 commemoratus
3489 3786 3591 3832 est.
3630 3752 3799 3835 movet

2225 3936 2624 4032 concupiverat,
2655 3941 2824 4011 ipsius
2857 3948 3000 4001 enim
3044 3957 3448 4026 paranymphus
3467 3970 3524 4013 et
3549 3962 3796 4032 princeps

2224 4023 2429 4081 militia:
2457 4029 2550 4097 qui
2581 4030 2655 4086 ibi
2688 4041 3097 4094 commemorati
3141 4023 3284 4109 sunt,
3307 4023 3490 4101 etiam
3531 4023 3619 4105 bic
3652 4023 3797 4105 com-

2222 4126 2594 4207 memorantur
2615 4162 2629 4189 ,
2684 4128 2955 4183 utrumvel
3020 4131 3201 4188 vivere
3256 4138 3515 4205 potuerit.
3576 4140 3796 4207 Quando

2223 4205 2368 4260 enim
2400 4207 2573 4267 factus
2601 4222 2682 4268 est
2708 4216 2914 4273 amicus
2940 4218 3172 4277 Abrahae
3190 4264 3205 4289 ,
3229 4226 3469 4282 nondum
3499 4205 3653 4285 natus
3678 4240 3797 4285 erat

2222 4294 2396 4364 Isaac,
2446 4302 2539 4356 sed
2575 4302 2687 4371 jam
2736 4309 3075 4379 promissus.
3103 4312 3374 4372 Ponamus
3423 4328 3550 4374 ante
3602 4334 3795 4375 annum

2225 4401 2386 4456 quam
2415 4402 2729 4450 nasceretur
2761 4397 2913 4454 Isaac
2953 4400 3080 4456 illud
3125 4404 3293 4460 fuisse
3331 4405 3536 4463 factum
3564 4428 3578 4464 :
3609 4411 3794 4465 deinde

549 4474 650 4529 lem
682 4476 916 4531 dicitur:
950 4477 1078 4532 Hice
1110 4479 1209 4548 fuit
1234 4479 1481 4551 iniquitas
1506 4480 1749 4536 Sodoma:
1773 4483 1970 4536 sororis
1990 4492 2114 4549 tum,
2146 4468 2197 4528 D
2222 4479 2372 4537 Isaac
2398 4488 2637 4557 suscepit
2674 4489 2832 4556 ﬁlios,
2854 4509 2977 4548 cum
3023 4505 3168 4551 esset
3195 4511 3457 4555 annorum
3497 4503 3790 4575 sexaginta.

474 4620 479 4631 l
546 4566 783 4633 superbia
798 4574 846 4619 et
861 4568 1109 4620 saturitas
1130 4570 1303 4636 panis,
1324 4579 1372 4623 et
1392 4569 1715 4623 abundantia
1740 4568 1955 4641 zech.
1979 4572 2114 4645 xvi),

547 4664 731 4724 aperte
757 4656 1055 4709 Ostenditur
1075 4658 1217 4726 quod
1246 4658 1446 4712 idcirco
1468 4658 1696 4713 salutem
1722 4660 1975 4728 perdidit,
1990 4662 2116 4732 quia

547 4759 667 4798 cum
699 4745 960 4814 superbire
983 4747 1118 4801 vitio
1147 4762 1454 4802 mensuram
1482 4749 1772 4806 moderatae
1806 4752 2118 4810 refectionis

547 4834 794 4889 excessit.
823 4833 958 4890 Hinc
987 4837 1462 4909 primogenitorum
1493 4839 1717 4910 gloriam
1746 4842 1887 4897 Esau
1914 4845 2113 4910 amisit,

545 4926 668 4996 quia
698 4940 888 4998 magno
923 4936 1055 4982 testu
1104 4928 1514 4986 desiderabilem
1549 4933 1751 5000 cibum,
1782 4934 1837 4988 id
1866 4945 1966 5001 est,
1996 4936 2113 4990 len-

546 5012 761 5068 ticulam
807 5015 1132 5085 concupivit,
1171 5030 1332 5087 quam
1375 5020 1609 5076 venditis
1657 5022 1819 5076 etiam
1847 5023 2116 5095 primoge-

545 5102 673 5157 uitis
692 5103 948 5175 praetulit,
966 5121 1073 5176 quo
1094 5106 1149 5162 in
1172 5106 1261 5162 illa
1284 5112 1520 5179 appetitu
1544 5112 1822 5168 anbelaret
1837 5112 2111 5169 indicavit.

542 5191 727 5262 Neque
759 5195 903 5249 enim
930 5195 1103 5262 cibus,
1134 5199 1228 5255 sed
1260 5202 1528 5270 appetitus
1555 5202 1607 5255 in
1638 5204 1766 5258 vitio
1805 5212 1907 5259 est.
1959 5204 2113 5261 Unde

540 5291 599 5336 nt
625 5285 881 5341 lautiores
907 5287 1055 5342 cibos
1083 5288 1399 5359 plerumque
1427 5294 1542 5347 sine
1568 5293 1726 5362 culpa
1746 5294 2030 5362 sumimus,
2056 5303 2111 5351 et

539 5372 858 5444 abiectiores
883 5392 990 5432 non
1025 5378 1142 5433 sine
1168 5388 1321 5435 reatu
1365 5384 1708 5439 conscientia:
1746 5386 2112 5455 degustamus.

540 5462 642 5517 ilic
668 5464 864 5535 quippe
887 5482 1047 5536 quem
1075 5469 1308 5524 diximus
1348 5471 1485 5526 Esau
1507 5512 1522 5539 ,
1547 5474 1839 5542 primatum
1866 5490 1964 5545 per
2002 5475 2118 5530 len-

545 5552 760 5608 ticulam
792 5557 1045 5625 perdidit,
1081 5567 1135 5613 et
1177 5560 1321 5616 Elias
1365 5562 1422 5616 in
1471 5577 1654 5619 eremo
1699 5566 1955 5621 virtutem
2000 5582 2118 5623 cor-

538 5645 685 5711 poris
713 5660 904 5704 carnes
928 5651 1133 5707 edendo
1169 5655 1420 5711 servavit.
1465 5655 1619 5713 Unde
1646 5666 1701 5713 et
1731 5659 1985 5731 antiquus
2017 5661 2115 5736 bo-

2223 4570 2301 4625 illi
2327 4582 2506 4628 autem
2528 4574 2757 4643 juvenes
2787 4591 2965 4649 erant,
2994 4588 3210 4654 quando
3240 4588 3382 4643 Esau
3415 4570 3652 4648 vendidit
3678 4595 3794 4663 pri-

2223 4667 2492 4736 mogenita
2538 4685 2655 4725 sua.
2695 4671 2964 4731 Ponamus
3012 4678 3176 4733 etiam
3235 4681 3380 4751 ipsos
3426 4684 3572 4739 circa
3610 4686 3788 4753 viginti

2223 4768 2393 4810 annos
2428 4756 2611 4826 fuisse,
2644 4760 2779 4816 ﬁunt
2803 4766 2931 4820 anni
2966 4769 3143 4825 aetatis
3171 4769 3321 4826 Isaac
3343 4789 3519 4843 usque
3552 4775 3617 4829 ad
3663 4774 3790 4830 illud

2222 4844 2424 4901 factum
2450 4848 2680 4905 ﬁliorum
2702 4853 2818 4923 ejus
2860 4857 3080 4913 circiter
3128 4862 3418 4932 octoginta.
3467 4864 3786 4921 Adolescen-

2224 4944 2332 4989 tem
2361 4938 2688 5008 accipiamus
2731 4941 2897 4999 fuisse
2925 4944 3260 5022 Abimeleeh,
3302 4954 3521 5020 quando
3565 4963 3787 5010 matrem

2221 5026 2387 5096 ipsius
2412 5031 2737 5100 concupivit,
2759 5040 2813 5087 et
2849 5034 3082 5091 Abrahae
3109 5039 3318 5095 amicus
3360 5039 3539 5097 iactus
3559 5050 3656 5097 est.
3684 5041 3790 5096 Po-

2221 5118 2321 5171 tuit
2343 5134 2472 5189 ergo
2493 5118 2604 5187 jam
2636 5137 2758 5177 esse
2803 5124 2956 5193 quasi
3005 5129 3366 5195 centenarius,
3413 5132 3458 5186 si
3501 5140 3620 5203 post
3656 5130 3788 5185 illud

2218 5206 2420 5263 factum
2444 5209 2672 5265 ﬁliorum
2696 5227 2913 5268 suorum
2935 5218 3174 5285 perrexit
3194 5217 3246 5271 in
3266 5233 3387 5273 eam
3409 5228 3604 5275 terram
3629 5218 3785 5273 famis

2218 5301 2537 5357 necessitate
2564 5302 2734 5358 Isaac.
2776 5304 2892 5359 Non
2919 5321 3049 5378 ergo
3075 5322 3141 5362 ex
3171 5309 3275 5364 hoc
3304 5311 3450 5381 cogit
3478 5311 3578 5365 ulla
3605 5324 3788 5365 necesv

2217 5392 2368 5457 sitas,
2393 5407 2490 5462 per
2529 5393 3027 5464 recapitulationem
3075 5405 3263 5466 putare
3301 5408 3575 5454 narratam
3612 5396 3789 5469 perfe-

2216 5484 2448 5537 ctionem
2485 5483 2638 5538 Isaac
2671 5484 2725 5539 in
2755 5483 2977 5539 Gerara.
3005 5485 3110 5541 Sed
3135 5487 3261 5557 quia
3282 5488 3355 5543 ibi
3384 5489 3626 5544 diuturno
3647 5495 3791 5540 tem-

2215 5587 2345 5641 pore
2376 5590 2494 5629 esse
2532 5575 2681 5630 Isaac
2704 5576 2959 5631 scribitur
2984 5586 3038 5632 et
3067 5587 3256 5647 puteos
3285 5578 3505 5644 fodisse,
3531 5587 3582 5634 et
3604 5577 3666 5633 de
3698 5576 3792 5631 his

2216 5667 2574 5733 contendisse,
2604 5676 2660 5724 et
2696 5668 2921 5724 ditatum
2950 5667 3114 5727 fuisse
3154 5671 3407 5742 pecunia,
3450 5670 3634 5726 mirum
3678 5668 3790 5723 nisi
