3962 6198
325 343 436 400 585

1365 328 1718 400 COMMENT.
1757 344 1825 402 l‘.\‘
1862 346 2188 405 caunsm.
2228 380 2295 390 -
2337 349 2587 433 ωιμι.

3506 352 3617 410 536

325 456 739 529 recapitulando
766 457 870 513 ista
896 468 1394 512 commemorantur
1423 473 1438 512 :
1483 473 1603 529 qum
1649 457 1769 513 ideo
1808 459 1923 515 fue-
1948 465 2002 526 Α
2027 458 2162 514 Ecce
2186 462 2506 532 relinquetur
2525 461 2666 517 vobis
2694 461 2879 515 domus
2927 469 3095 515 vestra
3139 461 3343 517 deserta
3394 464 3609 536 (Matth.

324 560 453 606 rant
480 550 873 622 praetermissa,
895 558 954 603 ut
989 549 1224 621 primum
1260 549 1327 605 de
1355 548 1480 605 ﬁliis
1514 549 1629 619 ejus
1658 567 1828 622 usque
1856 549 1922 606 ad

324 645 481 699 illum
512 643 692 699 locum
720 644 786 698 de
833 642 1087 697 lenticula
1136 643 1377 697 narratio
1421 645 1751 714 perveniret.
1800 643 1924 700 Ideo

321 736 471 806 quod
499 735 764 805 scriptum
790 744 875 790 est
901 734 966 789 de
986 733 1136 789 Isaac
1163 732 1655 790 :Benedixitautem
1681 753 1798 792 eum
1817 736 1923 791 Do-

318 826 525 891 minus,
541 834 589 879 et
611 824 872 879 cxaltatus
894 836 971 879 est
994 824 1150 880 homo
1173 835 1220 880 ct
1245 827 1529 897 procedens
1553 827 1727 898 major
1737 828 1916 897 ﬁebat,

316 917 668 989 quoadusque
696 934 916 988 magnus
939 915 1110 982 factus
1139 926 1213 971 est
1238 917 1404 978 valde.
1430 918 1724 973 secundum
1752 927 1920 974 terre-

317 1028 451 1066 nam
482 1009 797 1065 felicitatem
824 1009 1027 1065 dictum
1049 1011 1330 1081 sequentia
1352 1011 1565 1066 docent.
1592 1011 1920 1081 Exsequitur

311 1119 561 1174 namque
578 1113 833 1158 narrator
851 1103 1068 1158 easdem
1092 1102 1207 1171 ejus
1229 1103 1463 1168 divitias,
1480 1104 1674 1175 quibus
1692 1118 1918 1172 magnus

313 1196 498 1252 factus
528 1206 643 1260 est;
664 1206 720 1251 et
763 1196 892 1252 hinc
937 1206 1120 1252 motus
1164 1196 1498 1261 Abimclech,
1547 1197 1726 1251 timuit
1767 1196 1915 1250 illum

314 1288 388 1343 ibi
431 1304 577 1353 esse,
606 1303 674 1342 ne
709 1288 1005 1358 prmscnlia‘
1024 1285 1139 1356 ejus
1166 1288 1269 1344 sibi
1294 1299 1436 1345 esset
1479 1287 1693 1345 infesta.
1739 1287 1916 1356 Quan-

311 1396 485 1450 quam
530 1395 658 1450 ergo
692 1379 891 1449 aliquid
921 1379 1201 1449 spirituale
1234 1380 1339 1435 ista
1370 1379 1697 1450 signiﬁcent,
1729 1388 1912 1435 tamen

311 1470 619 1525 secundum
673 1468 728 1523 id
777 1469 921 1538 quod
974 1470 1343 1541 contigerunt,
1397 1471 1520 1527 ideo
1570 1471 1910 1541 praemissum

309 1571 439 1615 est:
472 1560 751 1615 Bcncdixit
780 1577 897 1615 eum
925 1561 1214 1627 Dominus,
1261 1570 1319 1617 ut
1368 1577 1503 1617 sana
1539 1562 1643 1617 ﬁde
1702 1563 1900 1618 intelli-

309 1666 510 1721 gamus
533 1652 697 1706 etiam
735 1651 837 1707 ista
885 1652 1201 1723 temporalia
1246 1652 1386 1708 dona
1433 1669 1534 1709 nec
1567 1653 1684 1709 dari
1720 1669 1900 1726 posse,

307 1757 417 1796 nec
449 1757 671 1813 sperare
699 1742 926 1810 debere,
952 1742 1116 1797 etiam
1145 1759 1267 1799 cum
1297 1744 1366 1799 ab
1393 1744 1781 1801 infirmioribus
1808 1760 1906 1817 ap-

2026 554 2209 625 xxm).
2241 553 2400 631 Fodit
2424 567 2553 623 ergo
2580 553 2729 607 Isaac
2779 567 2978 607 novum
3028 558 3273 621 puteum,
3312 553 3421 608 imo
3462 557 3614 625 pueri

2025 645 2176 699 Isaac
2206 644 2433 699 fodiunt.
2464 642 2620 698 Pueri
2661 651 2788 697 sunt
2826 641 2998 708 Isaac,
3025 641 3325 709 Matthzeus,
3378 642 3613 709 Marcus,

2025 733 2199 789 Lucas
2228 744 2281 789 et
2307 733 2563 800 Joannes,
2601 732 2796 788 Petrus
2830 741 2884 788 et
2916 732 3171 798 Jacobus,
3194 731 3363 791 Judas
3402 742 3465 799 et
3485 750 3616 805 ἕψον

2025 825 2195 881 stolas
2246 824 2467 892 Pa'ulus,
2505 826 2596 896 qui
2623 842 2814 882 omnes
2846 826 2981 881 Novi
3025 822 3360 882 Tcstamcnti
3390 836 3613 897 puteum

2022 916 2294 985 foderunt,
2318 922 2720 974 etinvencrunt
2759 934 2955 989 aquam
2985 918 3188 984 vivam,
3227 934 3346 988 quae
3387 918 3446 972 ﬁt
3491 918 3615 974 fons

2021 1027 2172 1082 aqua:
2199 1010 2432 1065 salientis
2462 1010 2517 1065 in
2552 1011 2710 1065 vitam
2751 1020 3021 1065 a'ternam.
3056 1008 3162 1066 Sed
3187 1026 3286 1082 pro
3315 1010 3400 1066 his
3434 1010 3612 1066 adhuc

2020 1101 2358 1156 altercamur
2388 1101 2463 1156 illi
2505 1103 2599 1171 qui
2640 1111 2854 1158 terrena
2888 1102 3127 1174 sapiunt,
3159 1117 3262 1157 nec
3286 1116 3423 1157 nova
3450 1101 3611 1158 condi

2017 1192 2327 1263 patiuntur,
2371 1207 2471 1247 nec
2522 1203 2701 1248 vetera
2754 1194 3003 1265 purgari,
3050 1194 3384 1267 evangelicis
3430 1195 3611 1266 puteis

2016 1283 2415 1349 contradicunt,
2465 1284 2722 1353 apostolis
2743 1285 3131 1352 adversantur;
3177 1297 3232 1342 et
3270 1286 3527 1356 quoniam
3551 1285 3608 1342 in

2017 1374 2270 1429 omnibus
2321 1375 2701 1431 contradicunt
2755 1376 3048 1448 litigantes,
3097 1377 3296 1433 dicitur
3336 1378 3404 1433 ad
3452 1392 3548 1433 eos
3589 1395 3604 1431 :

2015 1463 2278 1530 Quoniam
2304 1466 2543 1537 indignos
2570 1483 2660 1521 vos
2690 1468 2886 1538 fecistis
2912 1469 3096 1539 gratia:
3121 1468 3237 1535 Dei,
3268 1485 3333 1524 ea:
3368 1469 3465 1523 hoc
3485 1468 3607 1539 jam

2011 1554 2081 1608 ad
2099 1566 2273 1626 gentes
2296 1557 2486 1611 ibimus
2526 1556 2664 1630 (Act.
2696 1558 2872 1630 xvnt).

2081 1645 2209 1700 Post
2236 1648 2347 1701 [nec
2372 1648 2494 1718 jam
2514 1649 2647 1717 fodit
2672 1652 2882 1702 tertium
2902 1659 3119 1721 puteum
3146 1648 3325 1715 Isaac,
3348 1660 3396 1704 et
3420 1648 3601 1720 appel-

2008 1736 2132 1791 lavit
2167 1754 2354 1791 nomen
2391 1738 2494 1792 loci
2522 1737 2666 1793 iliius
2700 1739 2968 1805 Latitudo,
3002 1741 3178 1794 dicens
3209 1754 3226 1792 :
3271 1740 3428 1794 Nunc
3466 1738 3605 1794 dila-

308 1842 594 1902 petunlur,
631 1834 733 1888 nisi
759 1834 827 1888 ab
862 1850 968 1890 uno
990 1834 1120 1901 Deo,
1148 1844 1207 1890 ut
1233 1835 1327 1907 qui
1354 1836 1405 1891 in
1450 1838 1686 1893 minimis
1730 1836 1905 1894 ﬁdelis
1932 1848 1979 1906 Β
2007 1828 2133 1882 tavit
2161 1844 2253 1882 nos
2278 1827 2553 1893 Dominus,
2578 1839 2627 1883 et
2655 1829 2776 1899 fecit
2805 1846 3031 1885 crescere
3051 1847 3207 1901 super
3231 1840 3445 1884 terram.
3465 1831 3605 1887 Vere

307 1935 416 1989 est,
444 1933 497 1979 et
531 1928 584 1979 in
615 1925 825 1996 magnis
853 1925 1027 1982 ﬁdelis
1056 1926 1160 1993 sit;
1189 1935 1243 1981 ct
1268 1926 1360 1997 qui
1385 1928 1440 1982 in
1467 1943 1772 1985 mammona
1801 1928 1908 1984 ini-

306 2032 422 2087 quo
449 2015 624 2071 ﬁdelis
648 2016 897 2071 inventus
923 2026 1025 2081 est,
1051 2017 1215 2091 etiam
1260 2033 1453 2074 verum
1499 2020 1747 2091 accipere
1797 2036 1910 2076 me-

309 2084 520 2171 reatur,
535 2105 678 2161 sicut
696 2106 953 2162 Dominus
967 2108 1021 2161 in
1039 2084 1327 2180 Evangelio
1340 2109 1579 2181 loquitur
1596 2084 1750 2183 (Luc.
1770 2110 1904 2184 xw).

307 2196 466 2251 Talia
490 2196 634 2251 enim
658 2196 722 2252 de
742 2196 1018 2251 Abraham
1045 2198 1189 2253 dicta
1216 2207 1364 2265 sunt,
1397 2200 1540 2271 quod
1580 2201 1632 2255 ei
1680 2218 1907 2258 munera

307 2289 406 2343 Dei
444 2286 809 2357 provenerint.
855 2286 1007 2344 Unde
1049 2304 1158 2344 non
1205 2306 1393 2361 parum
1440 2291 1672 2349 aediﬁcat
1717 2309 1908 2349 sanam

307 2378 498 2444 ﬁdem,
529 2379 618 2449 pie
669 2378 1092 2449 intelligentibus
1134 2380 1238 2435 ista
1293 2383 1559 2449 narratio,
1586 2384 1799 2440 etiamsi
1841 2384 1908 2440 de

306 2473 394 2529 bis
422 2473 587 2528 rebus
614 2472 901 2542 allegorica
928 2471 1255 2544 signiﬁcatio
1277 2475 1422 2530 nulla
1438 2483 1621 2545 posset
1641 2475 1901 2547 exsculpi.

304 2563 450 2631 Quid
478 2571 661 2617 autem
690 2560 792 2616 sibi
822 2560 948 2616 velit
975 2562 1145 2631 quod,
1170 2570 1289 2617 orta
1324 2562 1468 2621 fame
1493 2580 1656 2636 super
1679 2574 1901 2632 terram,

304 2656 459 2711 Isaac
518 2655 586 2709 ad
647 2653 961 2709 Abimelecb
999 2655 1636 2724 regemPalmstinorum
1688 2658 1744 2712 in
1801 2658 1906 2714 Ge-

305 2761 434 2801 rara
460 2760 527 2800 es
556 2752 826 2814 praecepto
856 2753 912 2798 et
954 2745 1330 2802 benedictione
1373 2747 1585 2802 Domini
1637 2749 1902 2818 perrexit,

305 2837 489 2906 ibique
519 2834 822 2889 Rebcceam
852 2849 1076 2889 uxorem
1108 2849 1260 2889 suam
1297 2835 1507 2891 timoris
1548 2852 1713 2892 causa
1745 2836 1903 2894 ﬁnxit

302 2941 577 2991 sororem,
602 2940 765 2994 quam
801 2942 897 2981 rex
934 2925 1233 2997 alienigena
1279 2926 1431 2983 Isaae
1458 2927 1740 3000 coniugem
1775 2937 1904 2987 tunc

300 3033 427 3074 esse
471 3002 993 3088 cognovitfquando
1023 3033 1147 3073 eum
1181 3033 1304 3074 cum
1335 3036 1397 3075 ea
1433 3019 1706 3077 ludentem
1732 3021 1897 3091 vidit;

301 3110 435 3180 quid
460 3110 513 3164 in
545 3118 887 3165 sacramento
917 3108 1118 3165 Christi
1148 3118 1202 3165 et
1228 3110 1504 3177 Ecclesia,
1534 3113 1676 3183 quod
1714 3123 1900 3173 tantus

2012 1918 2266 1975 dilatatus
2286 1931 2371 1975 est
2389 1921 2560 1986 Isaac,
2576 1929 2631 1976 et
2652 1920 2893 1990 implevit
2912 1936 3130 1976 omnem
3157 1930 3357 1975 terram
3376 1920 3601 1976 scientia

2011 2008 2318 2075 Trinitatis,
2350 2009 2487 2064 et—in
2522 2018 2636 2066 toto
2671 2011 2804 2065 orbe
2835 2009 3171 2064 latitudinem
3209 2008 3466 2067 Ecclesia:
3491 2010 3601 2065 col-

2009 2097 2223 2153 locavit.
2252 2098 2410 2155 Prius
2431 2109 2641 2155 tantum
2671 2101 2725 2154 in
2752 2099 2945 2155 Juda'a
2972 2108 3125 2153 notus
3148 2109 3259 2153 erat
3281 2098 3445 2164 Deus,
3470 2107 3518 2154 et
3543 2099 3598 2152 in

2007 2188 2178 2244 Israel
2232 2191 2606 2245 nominabatur
2653 2189 2826 2264 (Paul.
2867 2189 3061 2263 vav);
3125 2204 3271 2245 nunc
3315 2198 3496 2245 autem
3542 2191 3599 2245 in

2007 2298 2209 2339 omnem
2232 2294 2426 2339 terram
2456 2285 2767 2339 exiitsonus
2810 2300 3023 2347 eorum,
3074 2293 3122 2337 et
3178 2282 3232 2336 in
3274 2282 3408 2353 ﬁnes
3457 2283 3597 2338 orbis

2006 2382 2160 2429 terra:
2182 2372 2335 2428 verba
2358 2390 2538 2429 eorum
2568 2371 2743 2447 (I’sal.
2776 2374 2952 2442 xvnt).
2976 2374 3248 2428 Exeuntes
3272 2374 3416 2428 enim
3440 2376 3591 2445 pueri

2005 2463 2158 2521 Isaac
2190 2480 2287 2537 per
2324 2466 2636 2522 universum
2681 2468 2869 2522 orbem
2900 2476 3077 2532 terrre,
3104 2467 3353 2522 foderunt
3380 2476 3591 2537 puteos,

2005 2567 2060 2613 et
2085 2573 2283 2629 aquam
2309 2558 2557 2614 omnibus
2586 2560 2942 2615 ostenderunt
2970 2601 2984 2625 ,
3045 2560 3369 2631 baptizuntes
3416 2577 3593 2616 omnes

2003 2659 2200 2720 gentes,
2227 2650 2281 2705 in
2312 2651 2519 2705 nomine
2552 2650 2753 2716 Putris,
2776 2661 2824 2705 et
2856 2650 3006 2719 Filii,
3031 2663 3077 2705 et
3126 2651 3354 2739 Spiritus
3400 2655 3591 2708 sancti.

2006 2741 2115 2797 Sed
2146 2744 2273 2814 quid
2320 2753 2403 2799 est
2451 2745 2594 2815 quod
2642 2753 2834 2815 puteos
2878 2745 3150 2800 Abraham
3199 2760 3338 2815 quos
3381 2745 3594 2816 aperuit

2002 2834 2187 2902 Isaac,
2215 2836 2296 2892 sic
2324 2838 2541 2892 vocavit
2563 2852 2658 2893 eos
2688 2838 2829 2893 sicut
2864 2845 2918 2892 et
2954 2846 3109 2906 pater
3147 2838 3286 2908 ejus,
3317 2837 3421 2892 nisi
3463 2827 3623 2907 quia.

2004 2923 2215 2997 Moyses
2251 2926 2393 2995 apud
2428 2942 2534 2993 nos
2572 2927 2737 2981 etiam
2780 2926 2992 2998 Moyses
3031 2926 3350 2997 appellatur,
3379 2937 3433 2983 et
3472 2943 3595 2998 pro-

2001 3014 2179 3086 phetae
2232 3017 2605 3089 unusquisque
2652 3034 2751 3074 suo
2807 3018 3025 3073 nomine
3071 3018 3444 3089 appellantur?
3492 3034 3595 3074 nec

2003 3117 2284 3163 mutantur
2310 3110 2464 3180 quasi
2487 3110 2800 3166 earumdem
2828 3109 3088 3165 vocabula
3111 3120 3417 3180 puteorum.
3467 3110 3595 3168 lla‘e

302 3199 617 3271 patriarcha
647 3214 769 3255 cum
808 3196 1035 3271 conjuge
1064 3200 1283 3266 luserit,
1316 3203 1733 3276 conjugiumque
1765 3207 1896 3265 illud
1923 3200 1969 3264 C
2000 3202 2244 3274 mystice.
2270 3201 2547 3257 Moraliter
2570 3210 2752 3258 autem
2778 3201 2930 3257 Isaac
2959 3202 3100 3273 apud
3122 3188 3354 3257 alienam
3376 3213 3591 3275 gentem

303 3290 432 3344 inde
474 3292 549 3345 sit
576 3291 874 3362 cognitum;
898 3292 1047 3346 videt
1084 3290 1345 3362 profecto,
1380 3295 1647 3365 quisquis,
1688 3313 1757 3354 ne
1802 3299 1902 3354 ali—

303 3381 433 3452 quid
448 3382 720 3436 narrando
739 3382 792 3436 in
814 3380 1110 3437 Ecclesium
1139 3393 1349 3452 peccet,
1377 3395 1643 3441 secretum
1667 3389 1768 3444 viri
1784 3387 1901 3458 ejus

304 3471 359 3525 in
403 3471 706 3542 Scripturis
729 3474 934 3528 sanctis
979 3472 1262 3545 diligenter
1311 3476 1570 3543 intuetur,
1598 3488 1652 3534 et
1697 3480 1902 3539 invenit

302 3575 428 3616 eum
457 3561 797 3631 majestatcm
830 3579 983 3619 suam
1013 3579 1121 3634 qua
1157 3564 1212 3619 in
1243 3561 1415 3622 forma
1445 3567 1540 3625 Dei
1568 3572 1791 3641 aequalis
1818 3582 1904 3629 est

302 3652 476 3717 Patri,
504 3654 775 3725 paulisper
804 3645 1155 3713 abscondisse
1184 3658 1238 3713 in
1270 3658 1444 3715 forma
1472 3663 1638 3730 servi,
1682 3674 1741 3722 ut
1784 3665 1903 3736 ejus

306 3763 479 3819 caan
513 3763 635 3804 esse
684 3750 918 3805 humana
967 3748 1254 3807 inﬁrmitas
1292 3762 1494 3822 posset,
1523 3768 1696 3826 eoque
1743 3758 1903 3814 modo

305 3855 364 3895 se
392 3838 630 3911 conjugii
659 3855 957 3912 congruum
988 3841 1090 3895 iter
1116 3847 1352 3912 aptaret.
1379 3843 1519 3911 Quid
1543 3845 1686 3902 enim
1717 3847 1905 3903 absur—

305 3934 436 3988 dum
459 3943 565 3998 est,
591 3933 699 3987 imo
721 3932 850 4002 quid
871 3932 1314 3990 inconvenienter
1335 3934 1643 3991 futurorum
1669 3953 1905 4008 pronun-

305 4022 533 4076 tiatione
594 4022 1089 4088 accommodatum,
1138 4024 1184 4078 si
1233 4025 1495 4094 propheta
1540 4026 1635 4083 Dei
1684 4029 1903 4084 carnale

304 4114 510 4182 aliquid
560 4112 713 4178 lusit,
748 4120 810 4167 ut
844 4127 970 4169 eum
1006 4123 1239 4184 caperet
1279 4115 1506 4172 allectus
1542 4119 1748 4184 uxoris,
1779 4136 1901 4174 cum

303 4204 482 4274 ipsum
517 4203 750 4258 Verbum
765 4201 861 4257 Dei
892 4219 1019 4259 caro
1036 4202 1234 4260 factum
1256 4206 1407 4261 situt
1434 4206 1706 4262 habitaret
1726 4208 1779 4263 in
1803 4226 1903 4265 no-

303 4296 425 4351 bis?
449 4292 632 4367 (Joan.
668 4294 731 4367 ι.)
769 4296 898 4350 I’ost
925 4296 1040 4351 haec
1069 4295 1238 4352 refert
1265 4296 1547 4366 Scriptura
1577 4299 1720 4369 quod

374 4384 538 4440 Isaac
560 4397 833 4456 postquam
862 4385 1120 4442 benedixit
1145 4387 1293 4442 illum
1307 4389 1566 4446 Dominus
1589 4400 1637 4446 et
1662 4392 1907 4463 magniﬁ-

304 4486 456 4530 catus
472 4485 545 4529 est
562 4474 735 4541 valde,
770 4492 1045 4546 aggressus
1067 4488 1140 4531 est
1159 4494 1289 4548 opus
1304 4488 1349 4532 et
1366 4480 1512 4549 ccepit
1531 4481 1559 4551 f
1556 4480 1708 4534 odere
1722 4492 1903 4551 puteos

2002 3301 2194 3364 puteos
2241 3292 2443 3349 fodisse
2499 3293 2843 3361 describitur,
2894 3309 3003 3365 quo
3048 3294 3301 3350 videlicet
3346 3294 3594 3366 exemplo

2003 3385 2282 3452 discimus,
2307 3384 2446 3439 utin
2480 3384 2584 3439 bac
2624 3383 3078 3456 peregrinationis
3122 3399 3362 3440 (erumna
3408 3385 3592 3456 positi,

2003 3478 2391 3549 cogitationum
2445 3484 2756 3532 nostrarum
2807 3476 3076 3546 profunda
3119 3485 3495 3547 penetremus;
3538 3485 3597 3531 et

2003 3583 2283 3638 quousque
2309 3566 2679 3639 intelligentia:
2702 3582 2831 3623 vere
2863 3568 3023 3623 nobis
3064 3583 3205 3637 aqua
3246 3567 3593 3637 respondeat,

2003 3674 2348 3730 nequaquam
2389 3665 2589 3713 nostra:
2637 3657 3002 3727 inquisitionis
3042 3644 3236 3712 manus
3284 3659 3352 3713 ad
3392 3657 3596 3712 exhau-

2005 3752 2250 3807 riendam
2278 3750 2461 3806 cordis
2482 3758 2681 3805 terram
2706 3758 2998 3821 torpescat.
3022 3749 3169 3817 Quos
3196 3758 3375 3806 tamen
3402 3758 3596 3821 puteos

2003 3841 2274 3913 AIIOphyli
2299 3840 2620 3896 insidiantes
2646 3840 2875 3911 replent,
2899 3840 3027 3910 quia
3048 3840 3304 3895 nimirum
3330 3841 3595 3897 immundi

2005 3933 2249 4005 spiritus,
2281 3947 2404 3987 cum
2434 3946 2532 3986 nos
2567 3931 2808 3987 studiose
2846 3929 3031 3986 fodere
3068 3931 3425 4001 conspiciunt,
3461 3945 3595 3986 con-

1998 4027 2175 4099 iectas
2202 4029 2357 4083 nobis
2379 4026 2738 4096 cogitationes
2779 4027 3143 4082 tentationum
3168 4025 3404 4095 erigunt.
3439 4022 3592 4093 Stepe

2006 4136 2128 4176 cum
2158 4119 2386 4188 eloquiis
2411 4118 2583 4175 sacris
2627 4118 2979 4182 intendimus,
3023 4117 3387 4189 malignorum
3435 4114 3597 4184 spiri-

1993 4223 2158 4268 ttuum
2181 4212 2403 4267 insidias
2424 4213 2643 4283 gravius
2675 4211 2988 4274 toleramus,
3013 4209 3141 4279 quia
3185 4208 3357 4265 menti
3396 4216 3596 4263 nostra:

2006 4317 2345 4360 terrenarum
2368 4303 2755 4373 cogitationum
2779 4302 3054 4373 pulverem
3081 4309 3397 4373 aspergunt,
3427 4308 3487 4355 ut
3514 4286 3623 4354 in?

2009 4398 2264 4454 tentionis
2289 4407 2487 4452 uestem
2520 4396 2705 4452 oculos
2741 4412 2772 4450 a
2813 4396 2932 4451 luce
2982 4396 3189 4451 intimae
3230 4395 3461 4450 visionis
3498 4394 3597 4449 ob-

2008 4498 2251 4546 scurent.
2278 4488 2433 4556 Quod
2475 4488 2639 4543 etiam
2680 4488 2830 4543 Isaac
2876 4502 3040 4557 opere
3081 4494 3138 4542 et
3182 4485 3594 4558 Allopbylorum

300 4583 433 4637 quos
464 4565 707 4634 foderant
729 4565 880 4636 pueri
903 4568 1070 4637 patris
1090 4569 1172 4621 sui
1204 4567 1593 4635 Abraltant,setl
1613 4570 1897 4626 inridentes
1926 4568 1976 4627 D
2002 4580 2272 4651 pravitate
2300 4578 2650 4649 cognovimus
2665 4577 3063 4649 designari,qui
3086 4584 3276 4647 puteos
3289 4590 3425 4646 quos
3446 4576 3598 4632 Isaac

300 4658 347 4709 ei
380 4653 679 4719 Pala‘stini,
700 4655 1069 4708 obstruxerunt
1101 4672 1207 4722 eos,
1234 4656 1505 4728 implentes
1525 4658 1706 4726 Immo,
1725 4668 1780 4714 et
1814 4675 1902 4715 re-

303 4745 469 4815 liqua.
503 4744 636 4811 Quis
661 4753 746 4800 est
779 4745 881 4801 iste
905 4746 1073 4811 lsaac,
1106 4748 1211 4803 nisi
1269 4748 1526 4805 Salvator
1570 4759 1777 4817 noster,
1805 4752 1898 4821 qui

303 4839 434 4894 dum
455 4838 824 4893 descendisset
855 4839 908 4892 in
945 4838 1105 4893 istam
1141 4847 1437 4896 torrentem
1469 4840 1696 4909 Gerara,
1721 4843 1899 4913 primo

304 4929 553 4985 omnium
582 4930 702 4993 illos
733 4939 923 5001 puteos
947 4929 1129 4986 fodere
1154 4930 1283 4999 vult,
1313 4948 1449 5003 quos
1474 4934 1721 4991 foderant
1745 4938 1899 5008 pueri

303 5021 474 5094 patris
493 5021 614 5075 sui?
648 5020 790 5076 Idem
816 5021 1028 5093 Moyses
1047 5031 1269 5094 puteum
1293 5024 1428 5097 legis
1447 5026 1658 5084 foderat
1703 5029 1897 5099 David,

308 5113 585 5179 Salomon,
626 5121 681 5168 et
729 5116 1036 5185 propheta;
1094 5115 1263 5172 libros
1310 5118 1647 5189 scripserunt
1685 5120 1899 5180 Veteris

308 5204 639 5260 Testainenti
659 5246 674 5270 ,
701 5221 838 5276 quos
872 5215 1050 5262 tamen
1084 5218 1301 5264 terrena
1332 5220 1386 5265 et
1414 5211 1630 5267 sordida
1660 5213 1899 5284 repleve-

310 5304 393 5350 rat
434 5294 787 5367 intelligentia
808 5295 1117 5353 Judazorum
1141 5316 1156 5367 ;
1206 5309 1261 5355 et
1287 5300 1477 5357 eorum
1504 5319 1565 5358 os
1592 5320 1714 5359 cum
1739 5304 1898 5361 vellet

308 5402 541 5457 purgare
567 5388 739 5451 Isaac,
765 5398 823 5442 ut
847 5390 1158 5446 ostenderet
1185 5393 1312 5461 quia
1353 5410 1687 5468 qumcunque
1722 5397 1809 5454 lex
1845 5407 1902 5454 et

308 5481 584 5549 propheta:
605 5480 877 5547 dixerunt,
904 5481 970 5536 de
998 5483 1113 5552 ipso
1135 5484 1409 5552 dixerunt,
1438 5487 1597 5541 rixati
1623 5499 1750 5544 sunt
1774 5505 1898 5545 cum

312 5587 375 5626 eo
402 5572 695 5638 Palaestini,
727 5575 781 5630 id
821 5584 907 5630 est
942 5574 1112 5631 Judaei
1139 5593 1169 5631 a
1197 5593 1386 5649 regno,
1419 5581 1515 5634 Dei
1565 5581 1745 5637 alieni.
1790 5582 1899 5639 Sed

312 5661 587 5719 descendit
614 5664 682 5719 ab
705 5666 785 5719 eis
818 5679 833 5719 :
865 5680 971 5720 non
1004 5676 1184 5735 potest
1227 5683 1348 5724 esse
1390 5685 1515 5725 cum
1565 5670 1651 5725 his
1699 5672 1791 5742 qui
1842 5672 1896 5727 in

312 5759 483 5824 puteis
513 5772 707 5826 aquam
733 5755 920 5811 nolunt
944 5757 1274 5824 habere,scd
1304 5768 1525 5827 terram,
1544 5770 1596 5816 et
1622 5762 1752 5818 dicit
1773 5763 1851 5820 eis
1879 5782 1891 5817 :

629 5850 902 5909 PATBOL.
951 5848 1137 5914 (ΝΠ.

2003 4673 2214 4728 foderat
2243 4681 2402 4728 terra:
2425 4671 2677 4742 congerie
2700 4670 3000 4741 replebant.

2072 4764 2182 4821 Nos
2204 4766 2371 4830 enirn,
2401 4780 2500 4819 nos
2525 4764 2779 4818 nimirum
2801 4772 2993 4834 puteos
3024 4762 3282 4830 fodimus,
3303 4779 3425 4819 cum
3452 4763 3600 4821 Scri-

2000 4864 2175 4926 ptura:
2200 4856 2399 4911 abditis
2421 4855 2673 4910 sensibus
2699 4854 2809 4909 alta
2835 4863 3188 4925 penetramus
3213 4873 3226 4908 :
3251 4869 3388 4924 quos
3414 4863 3594 4911 tamen

2000 4948 2213 5005 occulte
2240 4948 2449 5018 replent
2474 4948 2767 5019 Allapbyli,
2795 4949 3013 5019 quando
3040 4950 3197 5004 nobis
3225 4948 3292 5002 ad
3323 4949 3432 5002 alta
3480 4957 3598 5004 ten-

2004 5039 2262 5096 dentibus
2290 5039 2554 5094 immundi
2585 5039 2810 5109 spiritus
2838 5047 3086 5094 terrenas
3124 5039 3478 5109 cogitationes
3514 5040 3596 5092 ia-

2003 5143 2201 5205 gerunt
2235 5142 2291 5187 et
2329 5132 2484 5201 quasi
2534 5131 2812 5186 inventam
2864 5132 3058 5188 divinae
3102 5130 3344 5187 scientiae
3397 5146 3594 5198 aquam

2006 5222 2219 5279 tollunt.
2272 5221 2425 5290 Quod
2469 5222 2727 5277 nimirum
2786 5222 3074 5277 Psalmista
3122 5220 3422 5291 protulerat
3466 5234 3592 5275 cum

2004 5313 2220 5370 dicebat
2254 5331 2267 5368 :
2311 5313 2579 5375 Declinate
2604 5331 2636 5367 α
2672 5329 2778 5378 nte,
2799 5302 3037 5381 maligni,
3060 5322 3108 5365 et
3149 5310 3421 5364 scrutabor
3443 5326 3596 5364 man-

2006 5406 2130 5460 data
2149 5405 2247 5460 Dei
2273 5405 2374 5459 mei
2409 5403 2581 5479 (Psal.
2613 5407 2826 5475 cxvm).
2871 5402 3132 5459 Videlicet
3168 5408 3418 5470 patenter
3462 5400 3596 5455 iusi-

2005 5513 2179 5552 nuans
2223 5496 2354 5567 quia
2399 5497 2652 5552 mandata
2692 5495 2788 5551 Dei
2834 5493 3164 5564 perscrutari
3213 5508 3320 5548 non
3351 5501 3587 5563 poterat,

2005 5604 2130 5644 cum
2169 5588 2529 5661 malignorum
2565 5586 2851 5658 spirituum
2888 5583 3113 5640 insidias
3142 5583 3196 5639 in
3236 5592 3421 5642 mente
3454 5583 3594 5641 tole-

2003 5681 2176 5738 tabat.

3168 5854 3237 5917 10
