3970 6198
380 372 489 429 587

988 480 1217 537 CAPUT
1247 480 1356 535 XII.

384 582 457 636 De
511 576 802 633 ostensione
853 573 951 629 Dei
1003 574 1073 627 ad
1125 574 1304 639 Isaac,
1355 573 1440 628 cui
1480 573 1589 644 ipse
1624 586 1784 626 aram
1831 570 1964 626 trdi-

1072 644 1269 715 ﬁcavit.

450 758 696 813 Ascendit
718 765 888 811 auten.
920 771 984 810 ea:
1007 754 1099 809 illo
1127 755 1239 809 loco
1268 755 1322 809 in
1362 753 1640 818 Bersabee,
1667 752 1754 807 ubi
1797 770 1965 824 appa-

382 856 487 905 ruit
515 852 563 904 ei
607 848 858 902 Dominus
887 848 943 900 in
970 847 1084 917 ipsa
1112 855 1258 901 nocte
1289 845 1465 899 dicens
1489 858 1507 895 :
1540 844 1649 915 Ego
1677 861 1791 899 sum
1823 842 1968 899 Deus

386 939 646 993 Abraham
684 937 851 1008 patris
887 937 996 1001 tui;
1037 934 1145 988 noli
1178 943 1423 999 metuere,
1446 933 1569 1003 quia
1613 942 1780 987 tecum
1825 949 1962 987 sum.

384 1028 694 1083 Benedicam
747 1026 841 1081 tibi
887 1036 937 1080 et
984 1023 1338 1095 multiplicabo
1374 1041 1546 1078 semen
1584 1032 1730 1077 tuum
1756 1033 1966 1094 propter

380 1135 581 1172 servum
608 1133 777 1172 meum
808 1117 1092 1170 Abraham.
1136 1115 1327 1183 Itaque
1357 1115 1637 1184 ludiﬁcabit
1665 1115 1734 1169 ibi
1760 1114 1927 1169 altare
1952 1155 1967 1181 ,

382 1221 429 1264 et
480 1212 719 1264 invocato
747 1210 954 1262 nomine
988 1207 1233 1272 Domini,
1280 1207 1507 1262 extendit
1539 1206 1968 1273 tabernaculum;

380 1301 717 1373 pra'cipitque
747 1299 909 1353 servis
934 1299 1047 1353 suis
1087 1308 1142 1351 ut
1183 1298 1419 1368 foderent
1444 1308 1676 1366 puteum.
1710 1296 1790 1350 Ad
1816 1313 1968 1368 quem

381 1393 553 1446 locum
588 1407 706 1445 cum
728 1390 983 1444 venissent
1016 1389 1080 1442 de
1103 1385 1314 1442 Geraris
1337 1385 1629 1440 Abimelech
1649 1426 1664 1452 ,
1700 1384 1969 1441 Ochozatlt

382 1484 583 1537 amicus
611 1481 776 1546 illius,
823 1489 872 1535 et
903 1479 1090 1534 Plcicol
1123 1480 1233 1533 dua:
1260 1478 1503 1543 militum,
1537 1487 1640 1533 etc.
1666 1478 1772 1533 Pro
1800 1478 1971 1534 Ocho-

384 1575 507 1629 zath
537 1573 802 1643 pronubo,
831 1573 884 1626 in
913 1571 1138 1626 Hebraeo
1165 1571 1351 1635 habet,
1378 1569 1655 1639 collegium
1677 1570 1969 1623 amicorum

383 1668 521 1736 ejus,
548 1674 608 1721 ut
637 1681 745 1719 non
786 1675 895 1719 tam
932 1663 1206 1718 hominem
1235 1660 1521 1732 signiﬁcet,
1553 1675 1716 1729 quam
1764 1659 1966 1714 amico-

386 1772 507 1811 rum
528 1756 763 1819 turbam,
793 1770 913 1824 qua:
951 1769 1072 1808 cum
1106 1766 1233 1822 rege
1259 1757 1485 1804 venerat
1535 1749 1588 1803 in
1635 1750 1832 1819 quibus
1870 1748 1971 1803 fuit

388 1857 441 1903 et
466 1845 655 1902 Phieol
688 1845 937 1914 princeps
968 1842 1237 1897 exercitus
1264 1838 1399 1907 ejus.

1026 368 1085 422 Β.
1127 365 1378 422 RABANI
1421 364 1637 419 MAN“
1678 361 1996 418 ARCIIIIZP.
2034 360 2342 417 MOGUNT.
2384 360 2667 418 OPERUM
2708 361 2886 417 PARS
2925 360 2966 416 I.

3548 358 3655 416 583

1991 482 2040 538 A
2060 476 2150 544 jor
2170 485 2418 543 vocatur,
2443 477 2685 546 acceptio
2706 476 2840 547 legis
2866 482 2951 532 est
2976 473 3303 529 Iudaeorum.
3331 471 3486 541 Quod
3506 488 3659 532 escas

2069 578 2233 640 atque
2258 580 2543 640 capturam
2576 570 2749 640 diligit
2782 576 2969 639 pater,
3019 567 3266 622 homines
3311 575 3439 622 sunt
3474 568 3542 622 ab
3571 582 3657 622 er-

2070 676 2195 717 rore
2225 661 2439 727 salvati,
2464 677 2601 732 quos
2630 676 2727 730 per
2752 660 3056 716 doctrinam
3093 656 3275 727 justus
3294 658 3545 728 ‘quisque
3572 674 3660 714 ve-

2066 761 2249 808 natur.
2292 752 2485 808 Sermo
2516 751 2634 817 Dei,
2676 743 3114 826 repromissidnis
3151 756 3235 804 est
3276 747 3584 804 benedictio
3610 758 3663 802 et

2068 860 2192 916 spes
2218 845 2374 915 regni
2406 842 2591 908 futuri,
2630 841 2683 895 in
2716 855 2823 911 quo
2851 855 2974 894 cum
3001 838 3222 894 Christo
3262 839 3436 893 sancti
3467 853 3657 908 regna-

2032 941 2177 999 .turi
2210 940 2339 1005 sint,
2382 947 2438 994 et
2463 952 2650 992 verum
2701 935 2983 991 sabbatum
3031 934 3373 990 celebraturi.
3414 934 3657 989 Rebecca

2069 1031 2231 1101 plena
2280 1029 2483 1101 Spiritu
2517 1036 2728 1092 sancto,
2758 1035 2814 1081 et
2845 1026 3022 1081 sciens
3048 1025 3191 1096 quod
3240 1025 3483 1080 audisset
3508 1034 3659 1080 ante-

2041 1137 2233 1192 .quam
2275 1128 2513 1191 pareret,
2557 1118 2683 1187 quia
2725 1117 2896 1187 major
2936 1116 3136 1172 serviet
3182 1114 3399 1181 minori,
3434 1115 3659 1171 formam

2070 1213 2209 1284 gerit
2253 1212 2307 1266 in
2355 1212 2458 1266 hoc
2504 1209 2623 1264 loco
2674 1207 2910 1278 Spiritus
2939 1207 3158 1272 sancti;
3191 1223 3311 1277 quae
3359 1205 3536 1260 futura
3563 1221 3658 1279 no-

2071 1310 2225 1357 verat
2246 1303 2301 1355 in
2330 1300 2566 1363 Christo,
2596 1300 2649 1353 in
2678 1296 2847 1353 Iacob
2876 1304 3002 1351 ante
3046 1297 3357 1352 meditatur.
3403 1293 3662 1366 Loquitur

2072 1394 2139 1449 ad
2178 1392 2347 1448 ﬁlium
2371 1410 2385 1447 :

2153 1482 2297 1538 Vade
2332 1483 2402 1538 ad
2429 1498 2655 1554 gregem,
2682 1491 2729 1536 et
2769 1479 2945 1550 accipe
2984 1478 3112 1533 mihi
3159 1479 3280 1533 inde
3311 1478 3447 1532 duos
3480 1477 3658 1533 htrdos

2072 1574 2319 1645 optimos.
2352 1572 2710 1644 Prteﬁgurans
2737 1584 2997 1626 carneum
3029 1567 3330 1624 Salvatoris
3350 1568 3656 1630 adventum,

2073 1668 2127 1722 in
2152 1681 2260 1738 quo
2285 1681 2379 1722 eos
2421 1665 2507 1720 vel
2548 1664 2783 1720 maxime
2823 1662 3102 1728 liberaret,
3135 1662 3225 1731 qui
3254 1662 3496 1731 peccatis
3522 1668 3662 1715 tene-

2072 1757 2272 1813 bantur
2321 1756 2563 1812 obnoxii.
2624 1754 2905 1824 Siquidem
2952 1752 3005 1807 in
3054 1751 3307 1807 omnibus
3370 1749 3663 1820 Scripturis

1998 1842 2045 1900 B
2072 1848 2212 1904 haedi
2234 1862 2336 1919 pro
2363 1845 2743 1918 peccatoribus
2763 1844 3120 1914 accipiuntur.
3153 1842 3306 1910 Quod
3328 1850 3511 1896 autem
3536 1841 3663 1896 duos

461 1936 597 1991 Ecce
621 1946 793 1988 autem
821 1942 1067 1987 venerunt
1095 1932 1147 1984 in
1175 1929 1286 2000 ipso
1310 1930 1394 1983 die
1420 1930 1553 1984 servi
1574 1927 1732 1982 Isaac
1761 1943 1972 1981 annun-
2068 1937 2286 2009 jubet."
2311 1935 2526 2001 οσθι-ιιθ,
2578 1936 2807 1991 duorum
2850 1934 3170 2005 papillarum
3214 1932 3550 2002 signiﬁcatur
3578 1946 3662 1985 as.

389 2028 576 2080 (iantes
596 2025 645 2079 ei
665 2025 729 2079 de
740 2035 893 2093 puteo
913 2040 1061 2093 quem
1089 2023 1330 2091 [oderunt
1355 2032 1508 2093 atque
1528 2021 1753 2076 dicentes
1777 2034 1795 2073 :
1824 2019 1976 2074 Inve-

389 2117 620 2172 venimus
650 2130 861 2186 aquam.
898 2112 1045 2167 Unde
1098 2112 1373 2183 appellavit
1410 2127 1528 2167 eum
1563 2110 1971 2171 Abundantium,

386 2220 437 2266 et
461 2225 649 2264 nomen
672 2208 786 2268 urbi
812 2209 1109 2282 impositum
1138 2218 1210 2267 est
1241 2204 1487 2267 Bersabee
1510 2220 1670 2281 usque
1685 2204 1739 2263 in
1753 2219 1979 2280 prasen-

393 2312 493 2360 tem
532 2306 701 2372 diem,
730 2315 831 2361 etc.
874 2306 1064 2361 Nescio
1101 2305 1372 2375 quomodo
1411 2306 1465 2359 in
1509 2302 1858 2374 Septuaginta
1897 2302 1978 2356 in-

393 2397 738 2466 terpretibus,
757 2396 847 2451 ubi
873 2397 950 2452 sic
972 2397 1241 2451 habetur:
1266 2395 1332 2449 Et
1354 2404 1603 2450 venerunt
1620 2395 1768 2465 pueri
1798 2393 1974 2459 Isaac,

387 2500 437 2543 et
466 2490 833 2544 nuntiaverunt
857 2489 903 2542 ei
925 2489 989 2542 de
1017 2498 1171 2559 puteo
1193 2504 1344 2559 quem
1369 2487 1635 2558 foderunt,
1661 2497 1708 2541 et
1734 2487 1979 2541 dixerunt

391 2579 439 2633 ei
481 2593 499 2631 :
543 2577 666 2632 Non
707 2578 993 2632 invenimus
1038 2595 1263 2650 aquam;
1312 2587 1360 2633 et
1403 2579 1599 2633 vocavit
1640 2594 1828 2632 nomen
1865 2577 1978 2647 ejus

396 2667 788 2733 Juramentum,
814 2676 1099 2737 propterea
1128 2668 1313 2724 vocari
1336 2667 1711 2723 Jurameutum
1743 2666 1975 2732 dicatur,

394 2759 535 2828 quod
558 2773 755 2828 aquam
782 2773 889 2812 non
910 2759 1260 2825 invenerunt;
1300 2774 1330 2815 e
1350 2759 1627 2815 contrario
1648 2758 1703 2813 in
1731 2756 1976 2822 Hebrum,

394 2850 480 2904 cui
516 2850 950 2918 interpretationi
978 2850 1171 2921 Aquila
1201 2866 1415 2922 quoque
1443 2852 1713 2907 consentit
1741 2861 1795 2906 et
1822 2850 1978 2921 Sym-

396 2941 642 3006 machus,
683 2940 785 2995 hoc
839 2941 1106 3012 signiﬁcet
1143 2942 1286 3011 quod
1316 2942 1640 2996 invenerunt
1667 2957 1893 3011 aquam,
1925 2949 1980 2996 et

395 3041 682 3102 propterea
732 3032 1031 3101 appellatus
1079 3034 1151 3088 sit
1195 3043 1392 3104 puteus
1442 3035 1556 3105 ipse
1605 3034 1892 3096 Saturitas,
1925 3042 1980 3088 et

395 3130 588 3176 vocata
609 3120 804 3176 civitas
833 3121 1131 3188 Bersabee,
1164 3124 1267 3177 hoc
1290 3131 1391 3189 est,
1434 3134 1617 3194 puteus
1662 3123 1973 3177 saturitatis.

2075 2029 2348 2100 sumptio;
2379 2027 2523 2098 quod
2567 2034 2786 2082 teneros
2824 2034 2881 2081 et
2907 2025 3099 2089 bonos,
3128 2022 3385 2079 docibiles
3422 2030 3479 2077 et
3510 2022 3662 2076 inno—

2075 2129 2259 2176 centes
2284 2120 2660 2192 signiﬁcantur
2681 2117 2895 2172 animze.
2925 2115 3074 2171 Stola
3100 2115 3241 2168 Esau
3278 2112 3413 2169 ﬁdes
3441 2120 3495 2168 et
3519 2110 3666 2168 Scri-

2073 2218 2248 2285 pturae
2276 2218 2405 2269 sunt
2436 2209 2815 2275 Hebraeorum,
2850 2222 2971 2279 qua:
3013 2205 3117 2260 illis
3155 2205 3331 2276 primo
3357 2205 3498 2260 datae
3523 2212 3663 2267 sunt,

2076 2314 2133 2359 et
2158 2305 2503 2375 postmodum
2532 2300 2812 2373 gentilium
2844 2298 3062 2353 indutus
3098 2305 3183 2350 est
3221 2295 3470 2365 populus.
3496 2293 3668 2349 Pelles

2076 2405 2279 2462 autem,
2311 2411 2432 2466 qua:
2460 2394 2576 2466 ejus
2606 2391 2845 2449 brachiis
2874 2387 3225 2445 circumdatae
3256 2394 3405 2451 sunt,
3450 2394 3667 2454 peccata

2076 2488 2358 2556 utriusque
2380 2485 2571 2556 plebis,
2597 2498 2717 2555 qum
2737 2481 2985 2538 Christus
3006 2479 3059 2533 in
3081 2477 3397 2533 extensione
3418 2491 3669 2531 manuum

2078 2577 2227 2633 cruci
2283 2591 2466 2631 secum
2516 2574 2723 2644 pariter
2770 2568 2960 2625 aﬁixit.
3010 2569 3129 2639 Ipse
3181 2567 3324 2621 enim
3366 2567 3420 2621 iu
3448 2581 3670 2637 corpore

2079 2684 2195 2730 suo,
2246 2683 2352 2723 non
2403 2681 2521 2731 sua,
2567 2663 2661 2720 sed
2705 2662 2882 2717 aliena
2936 2668 3160 2731 peccata
3192 2654 3466 2714 toleravit.
3519 2657 3670 2725 Quod

2077 2762 2229 2817 Isaac
2266 2759 2460 2829 quaerit
2485 2773 2517 2811 a
2556 2755 2724 2812 Jacob
2750 2771 2850 2810 cur
2879 2762 2987 2809 tam
3028 2753 3137 2808 cito
3165 2752 3396 2817 venerit,
3447 2751 3671 2806 admira-

2082 2860 2171 2906 tur
2199 2849 2438 2904 velocem
2465 2848 2519 2901 in
2550 2845 2808 2901 Ecclesiis
2828 2843 2987 2898 ﬁdem
3010 2842 3366 2898 credentium.
3397 2840 3551 2908 Quod
3570 2839 3671 2894 cibi

2081 2941 2429 2999 delectabiles
2456 2937 2776 3002 offeruntur,
2811 2936 2986 2992 hostia
3016 2936 3237 3007 placens
3278 2933 3391 2989 Deo
3422 2933 3568 2989 salus
3595 2939 3673 2988 est

2080 3044 2446 3106 peccatorum.
2487 3033 2640 3100 Quod
2677 3040 2954 3102 postremo
2981 3030 3330 3099 consequitur
3353 3028 3670 3091 benedictio,

2082 3137 2139 3182 et
2187 3127 2304 3198 ejus
2349 3125 2512 3181 odore
2562 3123 2884 3195 perfruitur,
2937 3123 3113 3178 virtus
3166 3120 3588 3177 resurrectionis
3620 3127 3673 3173 et

397 3215 548 3270 Licet
576 3214 719 3268 enim
743 3229 906 3286 supra
927 3230 992 3270 ex
1019 3216 1184 3271 verbo
1209 3191 1526 3286 juramenti,
1560 3217 1673 3272 sive
1714 3231 1781 3271 ex
1806 3222 1980 3285 septe-
2006 3191 2051 3253 Ο
2084 3191 2235 3290 regni
2277 3224 2465 3288 aperta
2499 3191 2627 3272 voce
2656 3214 3057 3301 pronuntiatur.
3103 3212 3307 3269 Taliter
3329 3212 3473 3268 enim
3518 3212 3674 3266 benc-

394 3307 551 3362 nario
590 3320 815 3360 numero
837 3305 1043 3371 ovium,
1070 3305 1214 3375 quod
1253 3308 1381 3362 sabe
1421 3308 1640 3371 dicitur,
1684 3305 1981 3361 asserueri-

397 3414 519 3455 mus
549 3397 817 3455 Bersabee
841 3398 1185 3469 appellatum,
1212 3406 1389 3453 tamen
1432 3413 1575 3452 nunc
1616 3412 1684 3453 ex
1728 3411 1793 3453 eo
1839 3397 1982 3467 quod
2042 3427 2055 3435 ς

399 3503 538 3560 aqua
568 3487 789 3543 inventa
827 3497 931 3552 est,
955 3477 1196 3542 Isaac'ad
1231 3501 1424 3540 nomen
1466 3485 1703 3540 civitatis
1746 3500 1865 3554 qua:
1907 3484 1982 3539 ita

397 3579 696 3634 vocabatur
721 3578 986 3645 alludens,
1018 3577 1307 3633 declinavit
1338 3577 1611 3648 paululum
1637 3576 1873 3631 litteram
1895 3616 1909 3641 ,
1932 3584 1986 3631 et

408 3684 510 3741 pro
541 3669 769 3725 stridqu
788 3669 1137 3726 Hebraeorum
1164 3670 1244 3723 sin
1274 3680 1344 3735 tr,
1371 3684 1399 3722 a
1427 3683 1534 3738 quo
1560 3669 1688 3722 sate
1710 3667 1981 3736 incipitur,

401 3761 649 3816 Graecum
677 3782 732 3825 σ,
749 3760 803 3815 id
827 3768 932 3825 est,
949 3760 1295 3815 Hebraeorum
1317 3760 1521 3813 samech
1542 3770 1601 3824 εν,
1628 3758 1829 3828 posuit.
1845 3757 1987 3814 Alio-

401 3853 532 3922 quin
557 3861 613 3907 et
636 3852 791 3923 juxta
816 3851 1089 3923 allegoria:
1116 3851 1286 3922 legem
1306 3892 1320 3917 ,
1354 3859 1477 3920 post
1518 3859 1694 3905 tantos
1719 3859 1911 3921 puteos
1934 3850 1987 3904 in

402 3944 512 3997 ﬁne
539 3942 820 4005 virtutum,
848 3957 1189 4012 nequaquam
1226 3942 1477 4013 congruit
1504 3950 1562 3995 ut
1591 3941 1741 3996 Isaac
1768 3941 1989 3995 minime

405 4044 602 4101 aquam
633 4032 918 4101 reperiret.

1011 4121 1238 4179 CAPUT
1276 4120 1407 4176 XIII.

616 4212 694 4267 De
718 4221 977 4267 senectute
1006 4211 1162 4267 Isaac
1190 4223 1239 4267 et
1262 4211 1617 4267 benedictione
1638 4210 1825 4266 Iacob.

479 4305 630 4378 (CAP.
658 4306 850 4379 xxvii.)
902 4304 1087 4362 Senuit
1132 4316 1304 4361 autem
1348 4303 1526 4370 Isaac,
1559 4315 1607 4359 et
1637 4305 1994 4376 caligaverunt

410 4394 550 4449 oculi
591 4395 727 4465 ejus,
772 4405 819 4449 et
866 4395 1038 4450 videre
1080 4412 1184 4451 non
1232 4402 1454 4465 poterat.
1496 4392 1807 4466 I'acavitque
1848 4394 1992 4449 Esau

409 4488 577 4557 ﬁlium
619 4505 771 4542 suum
808 4488 1059 4558 majorem
1080 4529 1094 4553 ,
1123 4498 1173 4541 et
1200 4488 1333 4541 dixit
1361 4488 1409 4541 ei
1441 4502 1459 4539 :
1501 4487 1611 4541 Fili
1653 4487 1746 4541 mi.
1779 4485 1883 4552 Qui
1914 4504 1993 4542 re-

409 4578 613 4645 spondit
638 4591 656 4630 :
681 4579 901 4631 Adsum.
934 4577 1032 4631 Cui
1076 4587 1261 4647 pater:
1299 4576 1474 4643 Vides,
1514 4578 1701 4648 inquit,
1740 4578 1880 4647 quod
1910 4594 1995 4632 se-

412 4668 637 4734 nuerim,
670 4677 718 4721 et
739 4667 969 4737 ignorent
997 4668 1132 4719 diem
1157 4668 1339 4721 mortis
1362 4684 1510 4722 metu.
1535 4666 1694 4722 Sume
1719 4684 1867 4722 arma
1882 4678 1997 4732 tua,

411 4759 711 4827 pharetram
742 4767 789 4810 et
819 4774 1022 4823 arcum,
1064 4768 1112 4811 et
1159 4758 1402 4827 egredere
1450 4759 1614 4829 foras.
1663 4758 1894 4830 Cumque
1920 4776 2002 4813 re-

416 4858 545 4903 natu
567 4848 769 4919 aliquid
799 4848 1224 4917 (qrpreltenderis,
1265 4849 1350 4918 {ac
1379 4851 1506 4911 milii
1527 4851 1648 4905 inde
1678 4850 1999 4921 pulmentum

415 4943 550 4997 sicut
573 4939 701 4995 velle
722 4956 802 4994 me
838 4939 993 5004 nosti,
1018 4950 1065 4993 et
1096 4941 1231 5010 affer
1262 4951 1318 4995 ut
1347 4942 1635 5007 comedam,
1663 4954 1708 4995 et
1737 4943 2002 4996 benedicat

415 5034 509 5087 tibi
529 5033 706 5087 anima
737 5047 875 5097 mea,
911 5040 1188 5103 antequam
1219 5034 1435 5099 moriar,
1482 5043 1587 5088 etc.
1632 5032 1812 5105 (lsid.)
1864 5033 1995 5102 Hip-

414 5125 582 5196 polyti
607 5123 862 5195 martyris
881 5122 1067 5190 verba,
1094 5123 1233 5179 sicut
1257 5140 1319 5178 ea
1341 5124 1807 5179 excellentissima:
1826 5126 2001 5179 scien-

420 5217 508 5270 tia:
536 5231 599 5270 ac
623 5215 882 5271 doctrina:
922 5213 1279 5286 Hieronymus
1318 5214 1620 5284 replicavit,
1668 5215 1720 5268 in
1754 5216 1857 5270 hoc
1884 5214 2002 5268 loco

420 5307 668 5374 ponenda
713 5315 855 5361 sunt.
905 5307 1079 5372 Isaac,
1122 5307 1314 5377 inquit,
1350 5315 1529 5376 portat
1577 5308 1865 5379 imaginem
1907 5306 2003 5361 Dei

422 5395 617 5462 Patris,
650 5396 897 5453 Rebecca
929 5398 1160 5468 Spiritus
1187 5398 1380 5463 sancti,
1423 5397 1565 5453 Esau
1593 5398 1773 5468 pepuli
1811 5399 2008 5467 prioris

427 5503 491 5542 ac
519 5488 739 5556 diaboli,
765 5488 933 5543 Jacob
957 5489 1208 5544 Ecclesia;
1234 5499 1288 5544 et
1315 5488 1538 5545 Christi.
1570 5490 1826 5545 Senuisse
1863 5491 2011 5546 Isaac

426 5579 946 5633 consummationem
990 5578 1139 5633 orbis
1182 5579 1456 5645 ostendit;
1506 5579 1692 5634 oculos
1721 5580 1838 5650 ejus
1877 5581 2009 5636 cali-

429 5682 603 5737 gasse,
647 5667 805 5723 ﬁdem
836 5683 1062 5739 periisse
1087 5671 1152 5725 de
1180 5670 1403 5736 mundo,
1433 5680 1487 5726 et
1527 5670 1803 5741 religionis
1829 5672 2011 5728 lumen

434 5763 558 5810 ante
586 5770 710 5809 eum
737 5756 1036 5827 neglectum
1066 5772 1185 5813 esse
1222 5760 1505 5830 signiﬁcat.
1539 5759 1692 5828 Quod
1732 5761 1871 5821 ﬁlius
1900 5779 2014 5817 ma-

2084 3308 2284 3363 dicitur
2308 3302 2335 3361 ἔ

2155 3398 2292 3453 Ecce
2317 3398 2449 3453 odor
2478 3397 2579 3468 ﬁlii
2623 3398 2724 3452 mei
2772 3398 2907 3452 sicut
2957 3397 3088 3452 odor
3135 3396 3249 3468 agri
3291 3395 3450 3466 pleni.
3504 3393 3677 3450 Odore

2083 3492 2321 3547 nominis
2346 3490 2570 3557 Christi,
2603 3490 2745 3547 sicut
2763 3505 2894 3561 ager
2915 3490 3148 3545 mundus
3187 3489 3483 3560 impletur;
3530 3484 3677 3554 cujus

2084 3593 2168 3640 est
2194 3584 2501 3639 benedictio
2528 3583 2593 3638 de
2642 3598 2766 3639 rore
2813 3582 2958 3647 coeli,
3011 3583 3115 3639 hoc
3159 3590 3244 3638 est
3292 3581 3361 3636 de
3395 3580 3678 3635 verborum

2084 3673 2266 3744 pluvia
2295 3673 2598 3727 divinorum
2618 3712 2633 3738 ,
2677 3679 2735 3726 et
2762 3671 2828 3726 de
2861 3669 3189 3742 pinguedine
3230 3678 3410 3733 terrae,
3440 3669 3546 3722 hoc
3576 3676 3677 3729 est,

2086 3762 2503 3833 congregatione
2524 3760 2864 3832 populorum.
2895 3760 3178 3816 Multitudo
3200 3758 3455 3814 frumenti
3476 3766 3530 3813 et
3551 3757 3679 3821 vini,

2087 3855 2192 3909 hoc
2220 3864 2322 3918 est,
2350 3852 2639 3907 multitudo
2675 3867 2838 3922 quam
2870 3850 3075 3922 colligit
3102 3851 3169 3905 de
3194 3858 3538 3906 sacramento
3567 3862 3682 3903 cor-

2088 3946 2239 4017 poris
2266 3942 2321 4000 el.
2351 3944 2631 4015 sanguinis
2682 3944 2784 3999 sui.
2818 3943 2898 3999 Illi
2947 3945 3188 3999 serviunt
3236 3942 3421 4013 populi
3454 3958 3520 3997 ex
3559 3955 3682 4011 gen-

2093 4037 2235 4092 tibus
2261 4037 2327 4090 ad
2357 4050 2481 4091 eum
2505 4034 2770 4097 conversi,
2816 4035 2990 4104 ipsum
3017 4034 3248 4089 adorant
3277 4033 3469 4095 tribus,
3501 4033 3554 4086 id
3579 4040 3679 4095 est,

2091 4126 2271 4198 p0puli
2309 4141 2375 4181 ex
2405 4127 2847 4183 circumcisione.
2882 4125 3001 4196 Ipse
3043 4134 3129 4180 est
3160 4124 3421 4179 Dominus
3458 4122 3680 4177 fratrum

2091 4234 2334 4282 suorum,
2380 4219 2504 4289 quia
2531 4218 2673 4290 plebi
2705 4218 3017 4274 dominatur
3041 4202 3368 4273 Judteorum.
3396 4215 3577 4286 Ipsum
3602 4213 3685 4267 ad-

2092 4318 2251 4365 orant
2280 4308 2373 4364 ﬁlii
2417 4311 2611 4364 matris
2645 4310 2785 4381 ejus,
2828 4309 2954 4380 quia
2984 4317 3038 4364 et
3084 4309 3201 4379 ipse
3246 4307 3545 4364 secundum
3573 4321 3682 4362 car-

2093 4416 2217 4457 nem
2240 4414 2308 4455 ex
2336 4414 2399 4455 ea
2428 4411 2587 4457 natus
2615 4410 2717 4456 est.
2741 4401 2917 4471 Ipsum
2953 4402 3042 4472 qui
3084 4402 3439 4467 maledixerit,
3467 4397 3683 4453 maledi-

2096 4503 2208 4547 ctus
2238 4501 2314 4546 est
2336 4506 2354 4557 ,'
2396 4501 2444 4545 et
2471 4492 2562 4561 qui
2605 4491 2940 4556 benedixerit,
2991 4490 3431 4546 benedictionibus
3474 4487 3687 4560 replebi-

2101 4593 2226 4647 tur;
2270 4582 2539 4645 Christus,
2573 4581 2810 4650 inquam,
2855 4589 3060 4644 noster,
3103 4596 3169 4636 ex
3197 4596 3294 4635 ore
3336 4579 3508 4650 patris
3536 4579 3685 4651 ignoo

2104 4674 2276 4730 rantis
2313 4673 2671 4735 benedicitur,
2721 4673 2775 4727 id
2833 4682 2936 4738 est,
2992 4672 3258 4728 veraciter
3304 4671 3542 4738 dicitur;
3599 4668 3687 4725 sed

2105 4770 2242 4825 alius
2267 4784 2298 4823 a
2323 4767 2524 4823 Judmis
2575 4767 2819 4825 benedici
2865 4775 3105 4838 putatur,
3138 4765 3229 4834 qui
3281 4764 3351 4819 ab
3396 4765 3476 4819 eis
3507 4778 3689 4818 erran-

2107 4861 2251 4915 tibus
2298 4865 2663 4927 exspectatur.
2704 4857 2842 4912 Ecce
2890 4857 3318 4912 benedictionem
3371 4853 3691 4926 promissam

2107 4959 2330 5021 repente
2363 4947 2554 5018 majori
2601 4948 2818 5018 expavit
2864 4949 3036 5010 Isaac,
3069 4957 3123 5003 et
3150 4948 3316 5002 alium
3362 4962 3422 5001 se
3466 4960 3567 5015 pro
3592 4943 3693 4997 alio

2105 5039 2446 5096 benedixisse
2474 5039 2790 5110 cognoscit;
2827 5054 2926 5093 nec
2974 5047 3150 5093 uulneri
3197 5038 3508 5109 indignatur
3555 5052 3696 5091 reve-

2107 5131 2218 5187 lato
2256 5131 2358 5187 sibi
2390 5138 2754 5195 sacramento,
2803 5130 2897 5185 sed
2925 5129 3208 5185 conﬁrmat
3238 5130 3292 5184 in
3336 5129 3447 5183 ﬁlio
3475 5126 3693 5183 benedi-

2110 5222 2347 5277 ctionem
2392 5221 2614 5276 dicens:
2650 5220 2718 5273 Et
2774 5220 3015 5275 benedixi
3060 5219 3128 5283 ei,
3177 5229 3223 5273 et
3257 5218 3555 5272 benedictus
3598 5224 3693 5269 est.

2111 5313 2237 5368 Haec
2263 5321 2347 5368 est
2370 5313 2676 5368 benedictio
2700 5313 2874 5382 prima
2903 5312 3072 5377 Isaac,
3098 5328 3217 5381 qua:
3238 5311 3365 5365 data
3393 5317 3475 5365 est
3505 5307 3695 5364 minori

2112 5403 2308 5473 popqu
2334 5403 2786 5459 Christianorum.
2817 5403 2922 5459 Sed
2948 5418 3123 5473 neque
3161 5411 3337 5458 tamen
3361 5400 3537 5471 major
3560 5400 3699 5454 ﬁlius

2113 5494 2327 5562 penitus
2348 5493 2447 5549 fuit
2468 5494 2751 5563 despectus
2774 5535 2786 5557 ,
2816 5495 2942 5564 quia
2966 5510 3088 5549 cum
3118 5494 3402 5548 intraverit
3423 5490 3698 5563 plenitudo

2115 5581 2378 5651 gentium,
2411 5590 2539 5636 tunc
2564 5582 2741 5637 omnis
2767 5582 2931 5638 Israel
2962 5583 3144 5638 salvus
3170 5583 3312 5637 erit:
3340 5583 3492 5653 cujus
3522 5591 3700 5635 tamen

2117 5672 2367 5729 secundm
2395 5673 2786 5727 benedictionis
2812 5673 3151 5744 pr0phetatio
3190 5673 3305 5728 haec
3326 5685 3446 5729 est:
3479 5672 3543 5726 In
3576 5672 3667 5739 pin
3687 5699 3700 5711 σ

2118 5762 2337 5834 gucdiue
2369 5772 2539 5822 tet-rat.
2567 5782 2609 5818 et
2644 5766 2696 5820 in
2727 5781 2843 5819 rore
2886 5763 2999 5818 coeli
3045 5764 3266 5833 desuper
3295 5766 3393 5819 erit
3420 5762 3704 5821 benedictto
