3970 6198
293 272 391 331 589

1310 264 1659 325 ΟΟΜΜΕΝΤ.
1701 267 1768 323 IN
1805 267 2129 323 GENESIM.
2170 299 2239 309 —
2278 269 2402 323 LIB.
2446 268 2535 323 Ill.

3443 265 3555 321 590

291 397 400 441 tua.
437 384 495 438 in
528 379 854 452 pinguedine
881 379 1067 448 utique
1112 387 1290 444 terrae,
1326 378 1381 433 in
1428 378 1757 453 fecunditate
1783 394 1873 435 re-
1902 387 1949 443 Α
1978 397 2082 451 gna
2110 390 2194 435 εει
2220 382 2390 436 virtus
2422 381 2730 445 humilium,
2770 381 2860 450 qui
2901 396 2967 435 cx
2989 381 3257 436 desiderio
3284 379 3399 435 ioca
3433 379 3558 433 ulti-

292 488 410 527 rum
442 479 497 525 et
528 468 767 539 potentia
807 465 981 538 regni,
1003 480 1124 535 qua:
1155 467 1209 521 in
1240 465 1330 520 illo
1366 466 1562 535 populo
1592 466 1711 532 fuit,
1735 476 1791 521 et
1818 468 1872 523 in

254 577 413 627 ,rore
442 561 564 617 εωιί
604 560 710 615 erit
739 558 1044 613 benedictio
1066 566 1177 621 tua,
1202 557 1255 612 id
1283 566 1386 622 est,
1420 557 1474 612 in
1502 558 1730 627 eloquiis
1758 558 1873 614 Dei.

289 655 425 725 Ipsis
454 653 599 707 enim
627 649 835 705 credita
877 657 1005 704 sunt
1047 648 1259 717 eloquia
1289 648 1403 713 Dei,
1433 656 1488 702 et
1534 648 1668 719 legis
1710 656 1877 703 testa-

290 753 493 801 menta.
540 741 688 795 Vives
723 739 923 810 gladio,
969 738 1022 792 id
1047 746 1148 802 est,
1191 737 1317 807 quia
1359 736 1605 807 sanguini
1650 736 1879 806 populus

292 835 381 891 ille
415 833 626 890 deditus
652 843 842 886 necem
872 829 925 883 in
945 828 1164 884 Christo
1193 827 1277 881 vel
1304 826 1582 896 prophetis
1610 826 1873 881 exercuit.

292 926 360 980 Et
389 925 545 995 fratri
594 932 683 976 tuo
727 921 916 976 servies
964 920 1177 983 minori,
1224 917 1429 973 scilicet
1478 916 1676 987 populo
1723 915 1880 971 Chri-

291 1016 490 1070 stiano.
551 1012 874 1082 Tempusque
927 1009 1091 1063 veniet
1159 1025 1276 1061 cum
1331 1009 1563 1061 excutias
1611 1013 1659 1060 ιι
1709 1005 1878 1059 solm

284 1107 477 1177 jugum
518 1102 586 1157 de
634 1098 912 1155 ceruicibus
942 1100 1066 1151 tuis.
1100 1097 1236 1152 Dum
1267 1112 1366 1166 per
1394 1097 1722 1166 agnitionem
1754 1094 1879 1150 ﬁdei

293 1198 361 1252 ad
399 1195 628 1268 gratiam
658 1192 858 1249 Christi
887 1205 1198 1254 conversus,
1231 1188 1543 1258 deposueris
1564 1203 1701 1241 ortus
1722 1186 1878 1257 legis,

292 1288 509 1360 quando
520 1285 632 1355 jam
658 1300 760 1339 non
791 1283 993 1339 servies
1016 1281 1213 1351 pepulo
1244 1280 1459 1343 minori,
1484 1278 1576 1334 sed
1602 1294 1699 1348 per
1720 1278 1879 1334 ﬁdem

292 1378 464 1433 frater
490 1375 790 1432 vocaberis.
840 1373 973 1427 item
1019 1371 1125 1426 alio
1163 1370 1345 1437 modo,
1404 1369 1543 1437 Quid
1591 1378 1696 1434 est,
1733 1367 1878 1439 quod

291 1470 442 1525 lsaac
476 1469 544 1524 de
571 1468 789 1538 majoris
817 1465 908 1519 ﬁlii
926 1464 1015 1519 Sui
1040 1462 1322 1518 venatione
1349 1463 1494 1518 vesci
1522 1460 1878 1530 concupiscit,

291 1562 395 1616 nisi
423 1560 566 1631 quod
589 1559 934 1627 omnipotens
963 1556 1110 1609 Deus
1140 1553 1349 1609 Iudaici
1385 1553 1565 1623 populi
1592 1554 1730 1607 bona
1753 1567 1883 1622 ope-

294 1654 504 1710 ratione
542 1638 688 1722 pa?ci
728 1648 1093 1705 desideravit?
1123 1646 1248 1711 Sed,
1288 1646 1381 1702 illo
1407 1646 1673 1710 tardante,
1708 1645 1882 1699 mino-

1979 484 2066 523 ma
2091 476 2332 524 tenentes
2351 484 2411 525 se
2433 483 2528 539 per
2554 469 2914 524 bu’militatem
2942 484 2973 523 a
3015 478 3154 523 terra
3180 470 3235 523 in'
3259 468 3425 525 alttun
3451 484 3557 523 non

1977 557 2279 622 sublevant,
2310 568 2367 613 et
2392 558 2629 614 ccelestis
2665 559 2814 630 regni
2843 574 3133 628 purpuram
3160 559 3212 612 in
3243 568 3422 614 mente
3447 574 3561 613 ser-

1980 656 2125 701 vant.
2163 647 2335 703 Aliter
2367 649 2571 704 redolet
2596 650 2762 719 spica,
2795 665 2918 703 cum
2950 649 3018 703 ad
3049 650 3413 703 maturitatem
3439 662 3561 719 pcr-

1978 738 2209 800 ducitur.
2241 739 2367 808 quia
2400 740 2662 795 bonorum
2704 756 2924 809 operum
2954 741 3211 811 perfectio
3255 742 3323 796 ad
3366 742 3555 796 saturi-

1981 836 2144 882 tatem
2166 842 2353 882 eorum
2381 829 2470 896 qui
2494 829 2757 899 justitiam
2780 833 3026 885 esuriunt
3048 841 3400 902 prteparatur.
3424 831 3559 898 Quia

1978 932 2108 989 ergo
2127 905 2346 989 gentilis
2384 920 2613 988 populus
2640 920 2694 974 in
2716 921 2903 975 electis
2924 922 3038 976 suis
3060 923 3258 992 ubique
3284 937 3379 992 per
3406 937 3562 976 mun-

1980 1009 2106 1064 dum
2136 1026 2360 1080 sparsus
2385 1019 2486 1076 est,
2510 1019 2567 1065 et
2588 1026 2654 1065 ex
2695 1012 2776 1067 eis
2803 1013 3092 1067 virtutibus
3124 1028 3257 1081 quas
3292 1013 3405 1081 agit
3441 1028 3553 1067 om.

1981 1116 2081 1157 nes
2104 1102 2195 1172 qui
2242 1102 2548 1173 intelligunt
2573 1104 2742 1159 odore
2779 1105 2934 1159 bona:
2974 1104 3242 1174 opinionis
3266 1105 3454 1173 replet,
3485 1105 3564 1159 di-

1981 1202 2135 1251 catur
2170 1203 2353 1249 recte:
2385 1193 2533 1249 Odor
2552 1196 2653 1264 ﬁlii
2691 1198 2792 1251 mei
2813 1198 2944 1252 sicut
2972 1198 3103 1252 odor
3131 1198 3243 1267 agri
3268 1197 3425 1267 pleni.
3458 1195 3565 1251 Sed

1980 1287 2106 1356 quia
2135 1285 2351 1341 easdem
2373 1288 2603 1342 virtutes
2625 1304 2691 1343 ex
2722 1289 3013 1358 semetipso
3038 1304 3143 1345 non
3169 1288 3352 1353 habet,
3379 1286 3567 1356 adjun-

1981 1374 2220 1446 git:Cui
2263 1376 2521 1430 benedixit
2545 1377 2802 1433 Dominus
2843 1378 3000 1432 Deus.
3048 1379 3115 1432 Et
3139 1378 3395 1454 quoniam
3422 1378 3564 1432 idem

1980 1465 2274 1521 electorum
2301 1467 2530 1537 populus
2556 1481 2657 1537 p'er
2675 1468 2939 1537 quosdam
2968 1469 3131 1523 etiam
3158 1468 3210 1522 in
3238 1467 3568 1536 contempla-

1990 1557 2193 1612 tionem
2238 1558 2431 1627 surgit,
2461 1573 2557 1628 per
2581 1559 2841 1627 quosdam
2865 1573 2994 1614 vero
3034 1560 3086 1613 in
3111 1560 3300 1615 activae
3328 1559 3451 1614 vita:
3478 1572 3568 1613 so-

1984 1648 2258 1703 lummodo
2277 1664 2440 1719 opera
2473 1650 2796 1719 pinguescit.
2828 1659 2974 1705 recte
3019 1651 3126 1706 illic
3166 1650 3413 1706 additur:
3466 1650 3566 1705 Det

295 1756 408 1798 rem
448 1742 689 1797 Rebecca
720 1739 1019 1810 supposuit,
1058 1737 1181 1806 quia
1217 1735 1344 1790 dum
1370 1733 1626 1790 Iudaicus
1656 1734 1882 1806 populus
1913 1728 1958 1786 Β
1985 1738 2079 1793 tibi
2120 1738 2376 1793 Dominus
2417 1739 2482 1792 de
2532 1756 2648 1793 rore
2688 1740 2825 1806 caeli,
2872 1750 2919 1794 et
2963 1740 3028 1794 de
3075 1740 3385 1811 pinguedine
3414 1749 3568 1794 terrte

290 1836 430 1890 bona
461 1848 623 1904 Opera
672 1831 804 1886 foris
852 1829 1065 1901 quierit,
1105 1828 1357 1899 gentilem
1405 1826 1659 1897 pOpulum
1710 1835 1886 1881 mater

292 1924 466 1997 gratia
499 1923 817 1987 introduxit,
859 1929 918 1975 ut
956 1919 1311 1990 omnipotenti
1349 1918 1495 1973 Patri
1526 1919 1708 1973 cibum
1754 1919 1883 1973 boni

292 2017 473 2088 Operis
498 1998 736 2078 offerret,
768 2021 819 2067 et
841 2011 1271 2067 benedictionem
1314 2009 1534 2079 majoris
1576 2007 1761 2063 fratris
1790 2023 1884 2062 ac-

293 2109 516 2178 ciperet.
546 2105 647 2173 Qui
677 2104 894 2160 eosdem
932 2102 1083 2159 cibos
1107 2118 1173 2157 es
1209 2100 1520 2156 domesticis
1563 2099 1886 2155 animalibus

291 2198 546 2269 prazbuit,
575 2196 698 2265 quia
741 2194 960 2266 gentilis
1004 2192 1233 2264 populus
1275 2191 1489 2261 placere
1518 2191 1627 2245 Deo
1651 2189 1885 2257 exterio-

291 2292 441 2346 ribus
486 2288 768 2344 sacriﬁciis
795 2302 901 2341 non
947 2299 1216 2356 quan-ens,
1246 2298 1343 2353 per
1390 2297 1574 2353 vocem
1602 2282 1886 2351 Propheta:

291 2384 422 2439 dicit
445 2401 459 2436 :
484 2381 553 2435 In
579 2398 659 2434 me
680 2389 822 2443 sunt,
850 2377 1010 2441 Deus,
1034 2386 1147 2431 vota
1178 2386 1291 2440 tua,
1312 2391 1428 2445 quae
1457 2375 1672 2427 reddant
1697 2373 1884 2427 lauda-

292 2478 457 2530 tiones
481 2474 573 2527 tibi
605 2471 775 2543 (Psal.
802 2472 909 2540 LV).
948 2468 1083 2535 Quid
1121 2476 1206 2522 est
1232 2466 1376 2535 quod
1409 2465 1550 2523 idem
1578 2463 1746 2519 Iacob
1771 2478 1886 2517 ma-

292 2581 396 2620 nus
424 2580 489 2619 ac
523 2562 743 2619 brachia
771 2569 826 2616 et
860 2559 1059 2615 collum
1085 2558 1314 2631 haedinis
1344 2557 1572 2627 pellibus
1601 2555 1757 2621 texit,
1781 2554 1885 2610 nisi

294 2655 437 2726 quod
489 2654 675 2709 bardus
705 2667 804 2722 pro
837 2644 1060 2721 pe’ccato
1100 2648 1283 2703 offerri
1327 2646 1632 2710 consuevit,
1672 2652 1728 2699 et
1756 2659 1885 2714 geu-

296 2747 404 2800 tilis
432 2744 681 2815 populus,
721 2742 849 2796 dum
894 2756 953 2796 se
984 2748 1324 2811 peccatorem
1352 2736 1600 2794 conﬁteri
1627 2751 1736 2791 non
1763 2751 1887 2790 eru-

294 2837 486 2901 bcscit,
514 2835 697 2890 carnis
721 2834 773 2887 in
796 2847 854 2887 se
879 2839 1099 2902 peccata
1126 2828 1429 2884 mactavit?
1456 2827 1594 2895 Quid
1623 2835 1707 2882 est
1742 2826 1885 2896 quod

294 2925 633 2981 vestimentis
670 2923 891 2993 majoris
912 2921 1097 2976 fratris
1125 2920 1384 2983 induitur,
1415 2918 1520 2973 nisi
1546 2918 1693 2988 quod
1720 2931 1887 2973 sacrae

295 3018 592 3088 Scriptum:
631 3014 930 3086 praeceptis,
978 3028 1096 3083 quae
1140 3012 1334 3082 majori
1366 3010 1564 3082 populo
1594 3011 1720 3066 data
1763 3008 1883 3065 fue-

1987 1829 2383 1883 abundantiam.
2410 1828 2520 1884 Ros
2546 1830 2688 1884 enim
2712 1831 2939 1900 desuper
2963 1829 3158 1885 leniter
3184 1829 3347 1895 venit,
3374 1837 3430 1884 et
3449 1830 3569 1885 sub-

1987 1922 2151 1977 tiliter
2175 1923 2357 1988 cadit;
2388 1931 2443 1978 et
2467 1923 2629 1978 toties
2651 1923 2719 1977 de
2754 1937 2875 1977 rore
2914 1922 3033 1978 coeli
3076 1922 3395 1993 accipimus,
3434 1937 3569 1992 quo-

1988 2015 2089 2070 ties
2129 2030 2228 2087 per
2271 2014 2594 2070 iufusionem
2625 2015 3098 2085 contemplationis
3145 2015 3346 2070 intimae
3389 2014 3456 2070 de
3481 2030 3572 2069 su-

1984 2105 2170 2175 pernis
2219 2104 2423 2173 aliquid
2480 2104 2717 2161 tenuiter
2754 2105 3017 2159 videmus.
3072 2104 3206 2160 Cum
3254 2121 3386 2160 vero
3430 2106 3569 2160 bona

1986 2208 2151 2263 opera
2178 2194 2342 2248 etiam
2395 2209 2495 2263 per
2545 2208 2739 2264 corpus
2777 2193 3008 2264 agimus,
3053 2195 3119 2248 de
3156 2201 3315 2248 teme
3352 2194 3571 2264 pingue-

1986 2285 2110 2340 dine
2162 2284 2416 2340 ditamur.
2469 2282 2607 2350 Quid
2644 2292 2729 2339 est
2772 2292 2952 2339 autem
2991 2285 3133 2354 quod
3160 2284 3303 2340 Esau
3331 2287 3482 2340 tarde
3502 2286 3572 2341 ad

1984 2385 2193 2447 patrem
2222 2376 2378 2439 redit,
2412 2376 2517 2430 nisi
2540 2375 2683 2446 quod
2726 2375 2982 2431 Iudaicus
3011 2376 3236 2446 populus
3263 2377 3330 2432 ad
3356 2377 3572 2446 placan-

1985 2468 2111 2522 dum
2146 2466 2432 2524 Dominum
2454 2481 2579 2521 sero
2604 2467 2931 2522 revertitur?
2958 2465 3055 2521 Cui
3094 2475 3149 2520 et
3177 2466 3280 2521 huc
3307 2467 3360 2520 in
3404 2467 3571 2521 benc-

1987 2557 2221 2612 dictione
2247 2556 2447 2611 dicitur
2470 2574 2483 2610 :
2520 2555 2841 2627 Tcmpusque
2863 2558 2957 2610 erit
2987 2573 3105 2610 cum
3131 2556 3367 2611 solvatur
3381 2557 3573 2628 jugum

1986 2647 2051 2702 de
2091 2647 2225 2702 collo
2256 2659 2367 2713 luo,
2404 2647 2530 2716 quia
2586 2662 2616 2701 a
2655 2648 2917 2703 servitute
2950 2648 3157 2717 peccati
3203 2646 3455 2702 Iudaicus
3481 2664 3573 2717 po-

1986 2740 2143 2810 pulus
2172 2740 2228 2794 in
2276 2739 2383 2795 ﬁne
2428 2739 2710 2804 liberatur,
2757 2739 2899 2794 sicut
2943 2739 3202 2810 scriptum
3241 2749 3365 2794 est:
3398 2738 3573 2795 Donec

1985 2829 2252 2899 plenitudo
2275 2830 2505 2899 gentium
2546 2829 2806 2894 introiret,
2855 2830 2930 2884 sic
2981 2830 3148 2885 omnis
3180 2829 3371 2887 ,Israel
3398 2831 3573 2887 salvus

1986 2921 2132 2990 ﬁeret
2159 2918 2336 2992 (Rom.
2361 2919 2457 2992 xu).

2062 3008 2257 3066 Oderat
2281 3027 2403 3081 ergo
2445 3025 2645 3081 semper
2676 3009 2822 3065 Esau
2864 3010 3028 3065 Iacob
3070 3028 3164 3081 pro
3214 3010 3569 3068 benedictione

294 3120 437 3175 rant,
466 3112 521 3165 in
552 3110 691 3165 bona
720 3109 1033 3178 operatione
1071 3107 1301 3162 vestitus
1332 3114 1453 3172 est;
1490 3114 1547 3161 et
1586 3106 1666 3161 eis
1706 3105 1883 3161 minor
1910 3080 1953 3142 ε
1984 3119 2086 3171 qua
2122 3102 2455 3156 benedixerat
2480 3102 2528 3155 ei
2555 3080 2725 3171 pater,
2767 3101 3002 3172 dixitque
3032 3080 3086 3155 in
3114 3101 3271 3156 corde
3300 3118 3396 3156 suo
3420 3124 3437 3155 ς
3477 3101 3574 3156 Ve-

295 3206 348 3261 iu
380 3201 543 3257 domo
579 3200 772 3264 utitur,
802 3214 923 3269 quae
961 3197 1133 3267 major
1174 3195 1322 3250 foras
1349 3196 1537 3251 exiens
1566 3196 1710 3251 intus
1754 3195 1877 3250 reii-

296 3292 452 3363 quit?
478 3291 610 3358 Quae
642 3288 729 3344 ille
772 3288 1027 3344 Iudaicus
1055 3287 1283 3357 populus
1323 3286 1523 3340 habere
1550 3299 1657 3339 non
1684 3283 1881 3354 potuit,

297 3385 422 3438 dum
451 3383 623 3438 solam
652 3381 705 3435 in
726 3381 808 3436 eis
835 3380 1071 3435 litteram
1096 3377 1341 3432 attendit.
1373 3377 1442 3431 Et
1459 3377 1588 3447 quid
1615 3384 1714 3440 est,
1741 3376 1884 3446 quod

295 3474 443 3529 Isaae
483 3472 732 3527 eumdem
775 3469 944 3524 ﬁlium
989 3467 1183 3531 nescit,
1230 3481 1390 3536 quem
1437 3465 1731 3531 benedixit,
1777 3464 1885 3520 nisi

297 3562 418 3625 hoc,
444 3576 585 3630 quoa
606 3560 672 3614 de
702 3557 883 3629 gentili
910 3555 1105 3628 populo
1128 3555 1389 3609 Dominus
1417 3569 1515 3623 per
1539 3553 1884 3609 Psalmistam

296 3651 429 3706 dicit
454 3670 467 3705 :
513 3649 745 3720 Populus
765 3664 917 3718 quem
942 3663 1045 3701 non
1067 3646 1281 3716 cognovi
1303 3646 1484 3700 serviet
1506 3645 1634 3699 mihi
1656 3645 1681 3698 7
1710 3642 1882 3716 (Psal.

298 3741 457 3812 xvn.)
493 3740 631 3809 Quid
664 3748 770 3803 est,
800 3737 942 3809 quod
962 3745 1284 3808 praasentem
1312 3752 1417 3790 non
1443 3736 1595 3799 vidit,
1626 3743 1681 3790 et
1704 3743 1885 3807 tamen

295 3850 416 3904 qute
437 3834 489 3889 ei
519 3834 573 3887 in
599 3831 779 3886 futuro
802 3829 1056 3884 eveniant
1077 3828 1229 3894 vidit,
1255 3827 1359 3882 nisi
1379 3828 1523 3896 quod
1549 3826 1888 3895 omnipotens

298 3927 458 3988 Deus,
496 3939 619 3979 cum
646 3938 743 3993 per
775 3922 1064 3991 prophetas
1091 3934 1220 3975 suos
1247 3920 1562 3989 praediceret
1604 3919 1887 3989 gentilitati

297 4018 527 4089 gratiam
556 4013 983 4085 praerogandam,
1030 4027 1152 4066 eam
1194 4019 1251 4066 et
1282 4010 1335 4065 in
1361 4010 1615 4079 praesenti
1640 4024 1738 4078 per
1766 4025 1889 4077 gra—

300 4112 429 4163 tiam
458 4121 565 4162 nou
595 4104 751 4169 vidit,
810 4104 937 4174 quia
986 4111 1112 4158 tunc
1166 4103 1222 4157 in
1252 4115 1441 4157 errore
1488 4100 1803 4170 dereliquit;
1833 4107 1890 4155 ει

298 4210 478 4253 tamen
527 4198 651 4268 quia
687 4197 825 4251 banc
868 4194 1193 4265 quandoque
1244 4191 1570 4248 collecturus
1618 4200 1758 4256 erat,
1789 4206 1888 4260 per

298 4282 690 4342 benedictionis
719 4284 945 4355 gratiam
976 4282 1267 4352 praevidit?
1313 4281 1466 4338 Unde
1493 4289 1550 4335 et
1593 4280 1769 4335 eidem
1797 4279 1890 4335 Ia-

298 4378 399 4432 cob
424 4377 637 4446 gentilis
666 4375 844 4447 populi
886 4374 1113 4444 ﬁguram
1161 4372 1383 4437 tenenti,
1432 4372 1486 4426 in
1511 4370 1886 4428 benedictione

298 4469 497 4523 dicitur
521 4485 535 4521 :
566 4467 700 4520 Ecce
728 4466 861 4519 odor
880 4464 977 4534 filii
1017 4466 1117 4519 mei
1141 4466 1276 4519 sicut
1303 4464 1434 4519 odor
1461 4464 1576 4533 agri
1616 4462 1773 4533 pleni,
1799 4463 1884 4516 cui

299 4559 562 4613 benedixit
603 4558 856 4611 Dominus
881 4556 1041 4611 Deus.
1087 4557 1242 4612 Sicut
1268 4557 1323 4611 in
1355 4555 1644 4625 Evangelio
1671 4554 1886 4610 Veritas

300 4650 464 4705 dicit:
516 4648 652 4719 Ager
700 4657 773 4701 est
815 4648 898 4701 hic
929 4648 1156 4702 mundus
1207 4646 1423 4718 (Matth.
1463 4645 1609 4719 xm).
1653 4646 1720 4699 Et
1754 4645 1881 4715 quia

298 4740 592 4796 electorum
650 4738 875 4809 populus
929 4738 982 4792 in
1032 4739 1284 4792 universo
1335 4738 1537 4792 mundo
1590 4738 1883 4792 virtutibus

301 4831 528 4894 redolet,
557 4830 692 4884 odor
722 4829 845 4884 ﬁdei
876 4829 1012 4884 odor
1040 4838 1125 4885 est
1144 4829 1261 4899 agri
1291 4828 1454 4898 pleni.
1782 4840 1793 4849 ‘

362 4923 536 4978 Aliter
561 4936 795 4990 namque
813 4921 922 4975 olet
951 4920 1048 4976 ﬁos
1074 4937 1209 4983 uva}.
1237 4921 1362 4989 quia
1391 4935 1584 4988 magna
1604 4931 1688 4973 est
1714 4920 1886 4975 virtus

296 5021 350 5065 ει
387 5013 570 5083 opinio
609 5013 1044 5082 praedicatorum,
1094 5012 1186 5083 qui
1230 5012 1499 5067 iucbriant
1548 5021 1755 5065 mentes
1784 5026 1884 5063 au-

298 5104 581 5160 dientium.

364 5196 539 5251 Aliter
565 5194 666 5251 ﬁos
712 5195 887 5260 olivae,
932 5194 1055 5264 quia
1086 5208 1250 5249 suave
1279 5201 1363 5248 est
1409 5208 1545 5263 opus
1578 5193 1886 5250 misericor-

298 5286 417 5351 diaa,
449 5285 598 5357 quod
622 5301 775 5341 more
805 5286 911 5342 olei
936 5285 1143 5340 refovet
1174 5292 1230 5340 et
1260 5285 1423 5340 lucet.

365 5380 537 5434 Aliter
562 5378 660 5434 ﬂos
690 5394 846 5444 rosae,
873 5379 1001 5449 quia
1035 5378 1171 5432 mira
1199 5386 1283 5432 est
1312 5376 1629 5448 fragrantia,
1653 5393 1774 5447 quae
1802 5378 1917 5434 ru-'

300 5471 416 5524 tilat
441 5480 498 5525 et
526 5470 734 5525 redolet
757 5486 824 5525 ex
849 5485 1044 5525 cruore
1070 5477 1388 5539 martyrum.

365 5563 538 5617 Aliter
558 5561 657 5617 ﬂos
681 5563 803 5628 lilii,
836 5563 961 5632 quia
987 5561 1215 5617 candida
1261 5561 1371 5615 vita
1396 5561 1575 5616 carnis
1600 5570 1684 5615 cst
1705 5562 1883 5617 dein-

302 5656 648 5730 corruptione
678 5654 1019 5727 virginitatis.
1070 5652 1239 5709 Aliter
1266 5651 1363 5710 ﬁos
1390 5652 1561 5718 violae,
1615 5653 1739 5723 quia
1774 5668 1887 5707 ma-

1987 3194 2127 3247 nient
2162 3193 2272 3246 dies
2294 3190 2465 3246 luctus
2483 3192 2648 3263 patris
2674 3192 2796 3256 mei,
2832 3201 2881 3244 et
2905 3191 3140 3245 occidam
3162 3189 3329 3245 Iacob
3357 3191 3573 3260 fratrem

1985 3302 2175 3341 meum.
2220 3283 2481 3340 Nuntiata
2506 3294 2627 3339 sunt
2675 3285 2786 3339 hare
2816 3283 3074 3338 Rebeccar.
3121 3281 3251 3348 Qua:
3281 3284 3485 3338 mittens
3526 3293 3575 3338 et

1985 3393 2177 3432 vocans
2198 3375 2365 3431 Iacob
2388 3375 2559 3445 ﬁlium
2583 3390 2758 3440 suum,
2802 3373 2935 3428 dixit
2974 3373 3042 3427 ad
3067 3389 3185 3429 eum
3208 3390 3227 3428 :
3260 3372 3397 3427 Ecce
3425 3372 3572 3427 Esau

1987 3470 2152 3539 frater
2195 3476 2316 3523 tuus
2363 3467 2596 3522 minatur
2641 3474 2695 3520 ut
2722 3464 2923 3520 occidat
2961 3474 3029 3519 te.
3079 3463 3236 3518 Nunc
3279 3479 3420 3535 ergo,
3468 3464 3572 3532 ﬁli,

1987 3560 2112 3614 audi
2134 3576 2307 3614 vocem
2331 3574 2524 3624 meam,
2567 3566 2614 3613 et
2659 3570 2975 3627 consurgens
3003 3556 3124 3626 fuge
3149 3555 3219 3610 ad
3240 3555 3422 3610 Laban
3449 3556 3565 3625 fra-

1989 3660 2117 3703 trem
2147 3665 2320 3704 meam
2341 3649 2399 3703 in
2433 3647 2622 3702 Haran
2645 3663 2664 3711 ,'
2689 3647 3049 3717 habitabisque
3077 3662 3194 3699 cum
3216 3661 3276 3699 eo
3302 3647 3412 3700 dies
3438 3664 3573 3717 pau-

1988 3758 2095 3807 cos,
2127 3742 2291 3796 donec
2316 3741 2548 3810 quiescat
2569 3740 2722 3809 furor
2756 3739 2939 3808 fratris
2960 3739 3059 3803 tui,
3081 3747 3127 3793 et
3147 3748 3305 3792 cesset
3332 3740 3575 3810 indigna-

1982 3835 2061 3887 'tio
2087 3834 2222 3903 ejus,
2263 3832 2698 3901 obliviscaturque
2744 3847 2924 3885 eorum
2967 3847 3083 3901 quae
3132 3830 3295 3898 fecisti
3325 3831 3379 3884 in
3409 3848 3573 3898 eum;

1987 3935 2163 3995 postca
2208 3924 2409 3977 mittam
2443 3932 2491 3976 et
2521 3921 2783 3976 adducam
2827 3930 2875 3974 te
2918 3921 3038 3974 inde
3084 3921 3206 3986 huc,
3251 3928 3357 3975 ειε.
3390 3920 3571 3992 (Aug.)

1989 4014 2268 4080 Quomodo
2293 4011 2611 4066 annuntiata
2642 4010 2727 4064 vel
2763 4010 3070 4064 renuntiata
3092 4018 3217 4064 sunt
3240 4011 3404 4064 verba
3430 4011 3573 4066 Esau

1989 4105 2267 4168 Rebecca},
2309 4102 2506 4172 quibus
2547 4101 2910 4156 comminatus
2943 4108 3027 4154 est
3069 4100 3317 4154 occidere
3348 4100 3572 4156 fratrem

1991 4212 2171 4261 suum,
2199 4210 2320 4249 cum
2346 4194 2624 4264 Scriptura
2654 4194 2800 4248 dicat
2835 4194 2938 4247 hoe
2967 4208 3089 4246 eum
3138 4193 3189 4247 in
3225 4208 3323 4247 sua
3362 4194 3573 4263 cogita-

1990 4289 2136 4344 tione
2182 4287 2401 4353 dixisse,
2442 4287 2545 4341 nisi
2599 4286 2727 4356 quia
2776 4286 2905 4340 biuc
2950 4286 3104 4339 nobis
3145 4286 3303 4339 datur
3348 4286 3574 4359 intelligi

1911 4431 1961 4490 Β
1990 4377 2135 4450 quod
2161 4379 2419 4434 divinitus
2437 4379 2487 4433 ei
2525 4376 2900 4432 revelabantur
2923 4376 3147 4431 omnia?
3174 4374 3325 4432 Unde
3350 4377 3418 4431 ad
3459 4392 3575 4430 ma-

2041 4489 2046 4490 κ
2524 4470 2753 4490 ---.εμ-.
2815 4468 2949 4490 ---Α
2993 4466 3154 4490 unum
3203 4482 3354 4490 -__-__.
3400 4468 3542 4490 με..-

1986 4489 2149 4544 gnum
2176 4473 2491 4544 mysterium
2524 4470 2757 4541 pertinet
2809 4468 2951 4538 quod
2991 4466 3158 4521 lilium
3202 4482 3357 4521 suum
3400 4468 3574 4523 mino-

1989 4579 2101 4619 rem
2129 4579 2229 4633 pro
2258 4560 2462 4631 majore
2505 4560 2676 4616 voluit
2722 4558 2985 4614 benedici.
3041 4557 3209 4628 Igitur
3261 4558 3404 4612 Esau
3450 4562 3597 4629 post'

1985 4654 2417 4711 benedictionem
2471 4651 2643 4721 patris
2698 4649 2913 4704 invidiae
2966 4648 3200 4703 stimulis
3248 4648 3574 4713 concitatus,

1984 4763 2172 4804 necem
2200 4747 2353 4802 fratri
2378 4763 2476 4803 suo
2497 4746 2663 4801 Iacob
2687 4745 2959 4814 excogitat
2981 4743 3368 4799 fraudulenter.
3391 4743 3577 4816 (Isid.)

1986 4840 2099 4895 Hoc
2132 4839 2388 4893 nimirum
2433 4846 2490 4892 et
2529 4836 2787 4892 Iudaicus
2833 4836 3059 4905 populus
3102 4836 3154 4890 in
3196 4835 3411 4890 Christo
3440 4852 3580 4905 pm}-

1987 4930 2297 4994 meditatus,
2332 4944 2438 4983 non
2474 4928 2648 4983 solum
2675 4927 2915 4995 patibulo
2945 4926 3228 4981 Dominum
3260 4926 3438 4980 crucis
3469 4934 3577 4977 tra-

1986 5020 2143 5088 didit,
2172 5035 2357 5076 verum
2379 5020 2541 5073 etiam
2574 5019 2856 5074 credentes
2880 5019 2934 5073 in
2960 5017 3052 5073 illo
3071 5031 3241 5090 usque
3268 5017 3337 5071 ad
3358 5015 3575 5071 effusio-

1987 5127 2111 5168 nem
2134 5110 2410 5182 sanguinis
2446 5116 2762 5179 persecutus
2785 5117 2887 5163 est.

2060 5202 2211 5274 (CAP.
2233 5204 2451 5271 xxvut.)
2487 5198 2701 5254 Vocavtt
2725 5207 2903 5267 itaque
2928 5197 3085 5249 Isaac
3109 5194 3300 5257 Iacob,
3334 5201 3382 5245 et
3421 5192 3573 5247 bene-

1989 5294 2143 5359 dixit,
2171 5292 2518 5363 prwcepitque
2540 5289 2613 5352 ei,
2644 5288 2852 5340 dicens:
2887 5283 3011 5337 Noli
3042 5282 3273 5349 accipere
3301 5280 3573 5350 conjugem

1988 5385 2053 5437 de
2078 5399 2262 5455 genere
2301 5382 2596 5443 Chanaan;
2642 5378 2732 5432 sed
2772 5376 2899 5432 vade
2925 5384 2972 5427 et
3020 5372 3346 5442 proﬁciscere
3372 5371 3428 5425 in
3454 5371 3570 5424 Meo

1986 5472 2334 5542 sopotamiam
2364 5470 2536 5538 Syrica
2557 5466 2626 5521 ad
2650 5467 2863 5520 domum
2884 5464 3115 5517 Bathuel
3146 5470 3351 5530 patrem
3389 5462 3571 5514 matris

1987 5572 2112 5626 tute,
2160 5572 2209 5615 et
2260 5561 2433 5630 accipe
2475 5558 2567 5612 tibi
2614 5556 2735 5610 inde
2779 5567 2991 5608 uxorem
3035 5549 3099 5603 de
3151 5550 3359 5613 ﬁliabus
3391 5548 3571 5606 Labatt

1989 5651 2231 5706 avunculi
2264 5650 2359 5705 tui.
2418 5646 2603 5719 (Αιιςι.)
2652 5644 2802 5712 Quod
2853 5643 3054 5700 habent
3103 5641 3281 5697 Latini
3335 5641 3565 5703 codices,
