3970 6198
380 286 474 337 59!

1050 242 1108 335 ll.
1148 278 1396 333 RABANI
1440 277 1655 333 MMTRI
1694 268 2009 333 ARClllEP.
2053 277 2358 335 MOGUNT.
2401 274 2684 333 OPERUM
2723 275 2901 331 PARS
2939 277 2979 331 l.

3534 280 3638 335 ΜΞ

387 394 532 450 Isaac
559 393 768 448 dicente
813 394 920 447 lilio
966 408 1101 447 suo:
1154 393 1301 448 Vade
1330 394 1380 446 in
1436 392 1872 463 Mesopotamiam
1901 391 1953 445 in
1983 395 2030 452 Λ
2057 390 2151 444 sub
2188 390 2316 461 lege,
2365 401 2421 445 ut
2471 407 2557 445 eos
2602 390 2691 459 qui
2722 390 2818 442 sub
2862 388 2970 458 lege
3023 400 3173 444 erant
3225 392 3517 446 redimeret.
3548 393 3637 446 Illa

378 482 592 539 domum
626 476 845 538 Bathuel
877 483 1044 553 patris
1069 485 1261 537 matris
1284 493 1407 547 tum,
1441 493 1493 538 et
1533 498 1685 538 sume
1708 482 1802 537 tibi
1828 481 1953 536 inde

375 574 625 641 uxorem,
650 573 822 629 Graeci
873 574 1088 629 codices
1129 589 1235 628 non
1268 574 1467 628 habent
1510 575 1657 636 vade,
1686 573 1779 627 sed
1809 572 1949 641 fuge,

375 663 477 718 hoc
498 671 602 727 est,
628 662 891 741 ἀπόδμαοι.
942 662 1091 718 Unde
1134 661 1451 732 intelligitur
1475 661 1634 716 etiam
1680 661 1824 716 Isaac
1861 676 1953 715 co-

371 754 621 823 gnovisse
645 754 787 824 quod
816 753 954 809 [ilius
983 752 1100 823 ejus
1140 754 1278 808 Esau
1307 755 1370 809 de
1396 751 1564 808 fratre
1591 768 1689 808 suo
1727 754 1779 807 in
1805 753 1953 823 cogi-

375 844 574 898 tatione
602 860 697 900 sua
721 845 935 899 dixerit.

442 932 583 985 Deus
604 942 777 986 autem
811 934 1132 1004 omnipotens
1179 931 1443 986 benedieet
1486 932 1600 999 tibi,
1645 941 1693 987 et
1723 949 1950 989 crescere

370 1033 420 1075 te
444 1024 602 1091 faciat
621 1034 776 1094 atque
800 1024 1122 1094 multiplicet,
1148 1034 1205 1077 ut
1226 1025 1299 1079 sis
1320 1025 1373 1078 in
1396 1025 1575 1079 turbas
1597 1025 1906 1095 pepulerunt
1927 1042 1947 1079 :

367 1121 415 1164 et
437 1113 521 1165 det
552 1113 641 1166 tibi
671 1114 1073 1169 benedictionem
1104 1114 1391 1178 Abraham,
1426 1124 1475 1168 et
1502 1114 1687 1169 semini
1724 1125 1814 1168 tuo
1833 1124 1946 1184 post

365 1212 435 1264 te,
464 1211 519 1255 ut
544 1203 807 1272 possideas
829 1213 1021 1257 terram
1049 1205 1478 1275 peregrinationis
1502 1214 1624 1269 tute,
1655 1221 1811 1275 quam
1835 1203 1949 1275 pol-

362 1290 539 1345 licitus
560 1300 635 1345 est
659 1309 754 1345 auo
776 1302 886 1346 tuo.
918 1292 1149 1365 Cumque
1172 1294 1449 1348 dimisisset
1474 1311 1591 1347 eum
1626 1294 1801 1358 Isaac,
1827 1311 1948 1364 pro-

361 1381 526 1450 fectus
549 1382 680 1435 venit
704 1382 758 1436 in
789 1381 1219 1453 Mesopotamiam
1249 1384 1442 1453 Syrica,
1463 1385 1532 1438 ad
1570 1385 1751 1438 Laban
1774 1384 1942 1454 ﬁlium

362 1471 586 1528 Batbuel
607 1472 751 1544 Syri,
773 1474 991 1545 fratrem
1018 1475 1256 1531 Rebeccrr
1270 1479 1453 1530 matris
1477 1492 1605 1542 suat,
1631 1484 1686 1531 et
1713 1476 1939 1547 reliqua.

356 1563 523 1619 Jacob
552 1573 731 1619 autem
760 1565 908 1621 dolos
946 1565 1155 1638 fugiens
1193 1566 1396 1633 fratris,
1452 1568 1637 1624 relicta
1668 1569 1826 1623 domo
1852 1584 1944 1639 pa-

359 1656 461 1708 tria
495 1654 577 1709 vel
606 1656 937 1725 parentibus,
982 1659 1130 1712 vadit
1170 1659 1224 1714 in
1258 1660 1529 1729 regionem
1576 1660 1939 1731 longinquam,

2050 481 2193 536 enim
2223 480 2365 535 scala
2401 496 2433 534 a
2455 487 2600 535 terra
2638 494 2811 549 usque
2840 480 2892 533 in
2930 479 3151 545 coelum,
3196 496 3227 534 a
3269 495 3437 536 carne
3471 497 3641 552 usque

2051 570 2117 623 ad
2144 570 2411 640 spiritum,
2447 570 2573 640 quia
2613 571 2666 625 in
2694 568 2784 625 illo
2809 570 3076 634 camales,
3113 570 3466 640 prolici~ndo,
3493 574 3635 629 velut

2048 659 2387 713 ascendendo
2412 658 2716 730 spiritualcs
2738 659 2891 725 (lunt,
2916 662 2982 715 ad
3005 674 3141 729 quos
3163 660 3303 715 lacte
3322 663 3635 719 nutriendos

2048 748 2212 801 etiam
2244 748 2345 818 ipsi
2378 748 2685 818 spiritualcs
2713 750 3048 805 descendunt
3067 749 3483 818 quodammodo,
3515 768 3635 808 cum

2047 838 2128 892 eis
2164 852 2268 892 non
2313 847 2537 909 possunt
2562 839 2707 909 loqui
2732 840 2887 909 quasi
2918 840 3308 909 spiritualibus,
3342 842 3435 897 sed
3481 845 3633 912 quasi

2047 927 2375 1005 carnalibus.
2407 929 2524 997 Ipse
2550 938 2635 984 est
2659 946 2873 985 sursum
2906 931 2959 985 in
2990 931 3167 1001 capite
3195 948 3315 995 suo,
3343 934 3458 1003 ipse
3483 935 3634 989 deor-

2047 1033 2167 1073 sum
2198 1018 2252 1072 in
2284 1034 2512 1089 corpore
2535 1035 2655 1085 suo,
2684 1020 2737 1074 id
2767 1030 2849 1075 est
2877 1021 3132 1077 Ecclesia.
3163 1023 3341 1093 ipsum
3361 1038 3493 1094 ergo
3522 1041 3632 1080 sca-

2045 1104 2155 1164 lam
2186 1109 2556 1181 intelligimus,
2586 1112 2712 1181 quia
2754 1113 2874 1182 ipse
2921 1113 3094 1168 dixit:
3127 1114 3243 1185 Ego
3268 1132 3383 1169 sum
3418 1117 3523 1172 via.
3555 1117 3636 1174 Ad

2045 1198 2220 1269 ipsum
2247 1215 2378 1270 ergo
2413 1202 2744 1268 ascenditur,
2784 1212 2844 1257 ut
2888 1204 2942 1258 in
2991 1204 3220 1259 excelsis
3265 1206 3632 1275 intelligatur;

2043 1297 2099 1343 et
2118 1290 2185 1344 ad
2216 1290 2389 1361 ipsum
2436 1292 2791 1358 descenditur,
2838 1302 2897 1349 ut
2936 1295 3200 1351 imbribus
3232 1298 3346 1353 suis
3382 1299 3635 1367 parvulus

2044 1379 2333 1434 nutriatur.
2381 1380 2448 1435 Et
2494 1397 2592 1452 per
2638 1383 2786 1437 illum
2829 1384 3004 1439 solum
3053 1399 3112 1441 se
3140 1386 3379 1455 erigunt,
3413 1398 3472 1442 ut
3507 1404 3629 1444 eum

2044 1469 2347 1526 sublimiter
2366 1482 2696 1542 exspectent.
2727 1473 2831 1529 Per
2856 1475 3028 1544 ipsum
3054 1490 3111 1532 se
3135 1476 3298 1531 etiam
3321 1477 3627 1544 humiliant,

2044 1569 2102 1614 ut
2125 1576 2248 1615 eum
2280 1561 2586 1618 sublimiter
2616 1578 2681 1619 ac
2723 1572 3088 1635 temperanter
3123 1568 3460 1623 annuntient.
3502 1569 3630 1625 Tro-

2042 1652 2285 1724 pologiee
2313 1667 2440 1709 vero
2467 1653 2522 1708 in
2553 1654 2743 1710 itinere
2784 1654 3044 1720 dormire,
3073 1662 3157 1712 est
3184 1656 3236 1710 in
3263 1657 3368 1711 hoc
3393 1672 3629 1727 prtesen-

358 1757 419 1800 ut
449 1746 717 1816 acciperet
747 1748 848 1802 sibi
871 1764 1115 1804 uxorem.
1148 1750 1329 1821 (Isid)
1367 1751 1481 1806 Non
1514 1752 1670 1827 aliter
1694 1752 1939 1810 Christus
1971 1736 2013 1795 Β
2042 1744 2110 1799 tis
2134 1745 2257 1800 vitae
2286 1745 2608 1801 transitoria:
2637 1762 2818 1801 rerum
2856 1747 3229 1818 temporalium
3263 1764 3451 1805 amore
3476 1750 3629 1821 quie-

355 1837 557 1892 relictis
582 1839 895 1907 parentibus
923 1841 1217 1895 secundum
1246 1857 1479 1906 carnem,
1527 1842 1580 1897 id
1617 1852 1717 1907 est,
1745 1845 1941 1915 populo

354 1928 543 1993 Israel,
571 1936 625 1983 et
650 1929 930 1998 patria,-id
961 1939 1063 1996 est,
1086 1930 1441 2002 Jerosolyma,
1472 1940 1528 1987 et
1551 1933 1697 1988 omni
1722 1936 1941 2004 regione
1980 1926 1983 1929 ’

354 2018 572 2084 Judaetc,
601 2019 733 2074 abiit
772 2022 824 2075 in
869 2022 1119 2092 gentibus
1168 2024 1439 2094 accipiens
1478 2024 1579 2079 sibi
1609 2024 1732 2080 inde
1757 2025 1941 2081 Eccle-

355 2112 515 2178 sfam,
545 2120 605 2184 u_t
639 2113 952 2184 impleretur
990 2116 1131 2184 quod
1163 2116 1367 2171 dictum
1412 2124 1532 2171 est:
1583 2116 1788 2173 Vocabo
1834 2135 1940 2174 non

357 2201 553 2270 plebem
571 2179 735 2256 ineant
758 2202 955 2274 plebem
977 2179 1165 2271 meam,
1190 2215 1237 2260 et
1265 2223 1366 2260 non
1390 2207 1631 2262 dilectam
1660 2207 1937 2276 dilectam;

358 2300 405 2345 et
432 2292 528 2345 erit
556 2292 610 2346 in
636 2292 751 2347 loco
790 2293 878 2346 ubi
907 2295 1101 2349 dictum
1128 2305 1226 2361 est,
1264 2296 1384 2352 Non
1426 2297 1567 2367 plebs
1595 2314 1710 2353 mea
1736 2315 1843 2367 uos,
1866 2300 1939 2355 ibi

355 2383 674 2455 vocabuntur
697 2383 798 2453 ﬁlii
820 2383 917 2439 Dei
939 2385 1037 2440 nisi
1074 2384 1247 2458 (Rom.
1279 2385 1374 2456 Ix).

948 2498 1175 2555 CAPUT
1217 2498 1354 2554 XIV.

354 2587 432 2643 De
465 2588 659 2643 visione
681 2587 866 2657 Iacob,
897 2590 1021 2645 dum
1048 2590 1149 2673 iret.
1182 2592 1239 2644 in
1267 2588 1721 2663 Mesopotamiam,
1748 2602 1799 2648 et
1819 2602 1934 2649 uoto

1051 2677 1234 2730 ipsius.

418 2748 585 2819 igitur
607 2763 855 2820 egressus
896 2749 1063 2806 Jacob
1107 2752 1176 2807 de
1203 2750 1489 2820 Bersabee,
1536 2755 1794 2826 pergebat
1821 2753 1931 2809 lla-

351 2855 470 2895 ran.
500 2839 730 2912 Cumque
758 2842 972 2896 venisset
1004 2842 1073 2897 ad
1095 2844 1370 2913 quemdam
1393 2844 1585 2911 locum,
1609 2856 1657 2900 et
1692 2846 1840 2901 vellet
1876 2849 1933 2902 in

347 2946 407 2984 eo
435 2932 750 3001 requiescere
775 2942 887 3001 post
914 2932 1049 2991 solis
1079 2920 1394 2999 accubitum,
1437 2933 1556 2988 tulit
1580 2934 1646 2989 de
1671 2934 1933 3005 lapidibus

346 3022 437 3091 qui
462 3023 731 3092 jacebant,
767 3032 816 3077 et
841 3040 1135 3094 supponens
1162 3024 1319 3093 capiti
1350 3039 1463 3091 suo,
1493 3024 1736 3080 dormivit
1767 3026 1824 3080 in
1845 3043 1932 3081 eo-

347 3116 466 3169 dem
491 3114 626 3169 loco.
660 3114 902 3186 Viditque
926 3117 981 3169 in
1026 3116 1222 3171 somnis
1264 3115 1462 3171 scalam
1506 3126 1732 3170 stantem
1776 3102 1932 3189 super

348 3216 566 3269 terram,
594 3214 645 3261 et
669 3222 918 3261 cacumen
943 3205 1086 3261 illius
1112 3217 1328 3277 tangens
1354 3205 1559 3272 ctelum;
1580 3206 1791 3278 angelos
1804 3224 1934 3279 quo-

346 3313 447 3367 que
470 3295 564 3350 Dei
585 3295 916 3352 ascendentes
942 3305 988 3351 et
1025 3295 1388 3351 descendentes
1410 3312 1502 3367 per
1520 3312 1658 3363 eam,
1680 3307 1728 3352 et
1753 3297 1934 3355 Denti-

348 3402 475 3442 num
526 3387 765 3441 innixum
806 3385 964 3441 scalte
987 3385 1244 3440 dicentem
1288 3385 1386 3440 sibi
1423 3401 1442 3440 :
1492 3385 1607 3458 Ego
1632 3403 1750 3441 sum
1791 3386 1933 3443 Deus

347 3477 615 3532 Abraham
635 3477 800 3548 patris
825 3478 922 3544 tui,
938 3486 987 3532 et
1012 3476 1156 3532 Deus
1177 3476 1364 3532 Isaac:
1385 3486 1597 3544 terram,
1611 3479 1668 3532 in
1681 3495 1784 3549 qua
1806 3478 1932 3532 dor-

346 3568 469 3634 mis,
514 3566 610 3622 tibi
649 3566 785 3622 dabo
813 3577 865 3623 et
906 3566 1095 3622 semini
1123 3576 1237 3634 tuo,
1284 3575 1389 3624 etc.
1436 3566 1618 3640 (Isid.)
1670 3554 1934 3640 Pergente

346 3668 531 3714 autem
561 3656 727 3714 Jacob
768 3658 823 3714 in
855 3657 1319 3731 Mesopotamiam,
1356 3659 1507 3714 venit
1536 3658 1591 3714 in
1638 3659 1813 3715 locum
1839 3659 1933 3730 qui

347 3766 492 3808 nunc
522 3751 708 3808 Betbel
736 3760 981 3821 vocatur,
1016 3760 1072 3809 et
1094 3752 1275 3824 posuit
1321 3751 1422 3807 sub
1460 3752 1637 3823 capite
1672 3768 1770 3809 suo
1794 3751 1930 3824 lapi-

343 3844 469 3900 dem
516 3859 792 3916 magnum,
826 3853 882 3900 et
914 3844 1188 3901 dormiens
1229 3843 1358 3899 vidit
1399 3843 1600 3900 scalam
1647 3843 1931 3899 subnixam

348 3940 669 3996 innitentem
698 3956 766 3996 co
784 3940 857 4007 lo,
896 3947 949 3995 et
987 3940 1207 4010 angelos
1250 3940 1344 3995 Dei
1373 3939 1723 3995 ascendentes
1747 3946 1801 3994 et
1835 3939 1929 3995 de-

350 4031 689 4087 scendentes.
738 4029 853 4087 Hoc
893 4031 1010 4086 viso
1059 4029 1351 4102 evigilavit,
1383 4029 1645 4100 unxitque
1697 4028 1932 4100 lapidem

347 4124 568 4179 dicens:
622 4121 762 4178 Vere
790 4122 879 4178 bic
913 4121 1106 4178 domus
1134 4120 1229 4177 Dei
1275 4129 1439 4177 estet
1481 4130 1637 4191 porta
1663 4121 1827 4182 eteli;
1877 4127 1935 4175 et

348 4214 433 4269 his
482 4213 660 4280 dictis,
687 4211 954 4269 discessit.
1003 4210 1238 4268 Somnus
1275 4211 1379 4266 iste
1425 4209 1594 4267 Jacob
1639 4225 1785 4267 mors
1818 4211 1933 4266 sive

346 4306 640 4376 passid'est
659 4304 879 4360 Christi.
908 4302 1070 4374 Lapis
1108 4303 1176 4358 ad
1199 4310 1363 4373 caput
1402 4300 1537 4372 ejus,
1567 4302 1658 4374 qui
1688 4302 1933 4357 nomina-

349 4397 444 4452 tim
478 4395 874 4467 quodammodo
912 4395 1087 4450 dictus
1132 4402 1239 4460 est,
1268 4394 1433 4449 etiam
1464 4401 1659 4449 unctus
1685 4392 1932 4449 Christus

348 4487 699 4557 significatur.
727 4485 901 4555 Caput
924 4484 1070 4540 enim
1093 4484 1195 4538 viri
1223 4483 1471 4538 Christus
1497 4490 1602 4537 est.
1637 4481 1769 4549 Quis
1788 4482 1931 4537 enim

350 4577 523 4633 nescit
551 4575 827 4631 Christum
870 4576 938 4630 ab
971 4574 1224 4630 unctione
1266 4572 1570 4643 appellari?
1614 4571 1814 4628 Domus
1838 4588 1934 4626 au-

352 4677 462 4724 tem
490 4667 606 4733 Dei,
649 4668 775 4737 quia
817 4667 889 4722 ibi
921 4675 1084 4720 natus
1106 4672 1191 4720 est
1212 4662 1465 4719 Christus
1502 4662 1556 4717 in
1601 4661 1929 4717 Bethlehem.

352 4761 516 4817 Porta
551 4774 680 4815 vero
710 4758 856 4823 cmli,
888 4758 1016 4829 quia
1063 4757 1137 4813 ibi
1170 4757 1225 4811 in
1278 4765 1482 4811 terram
1528 4756 1828 4821 descendit,
1859 4757 1934 4813 ibi

352 4852 549 4913 iterum
577 4848 644 4904 ad
673 4849 868 4905 ccelum
893 4848 1227 4904 conscendit.
1272 4846 1486 4902 Erectio
1522 4855 1702 4902 autem
1745 4847 1938 4918 lapidis

313 4980 322 4987 -
352 4942 680 5013 resurrectio
700 4941 901 4998 Christi
924 4949 1024 4997 est.
1056 4941 1227 4997 Porro
1254 4938 1398 4997 scala
1438 4937 1685 4995 Christus
1712 4948 1818 5006 est,
1839 4939 1933 5010 qui

350 5038 525 5096 dixit:
554 5035 667 5108 Ego
691 5052 806 5092 sum
833 5035 918 5089 via
964 5033 1147 5107 (Joan.
1185 5031 1319 5105 xiv).
1370 5031 1476 5088 Per
1507 5033 1648 5088 hanc
1672 5031 1932 5087 ascende-

351 5131 484 5186 bant
511 5128 707 5201 angeli,
752 5134 808 5183 et
846 5124 1264 5190 descendebant,
1296 5122 1351 5178 in
1402 5122 1600 5192 quibus
1644 5121 1934 5194 signiﬁcati

352 5230 477 5275 sunt
506 5218 849 5290 evangelista:
902 5214 1282 5287 praedicatores
1325 5211 1550 5279 Christi,
1581 5212 1936 5268 ascendentes

353 5302 561 5383 utique,
590 5325 712 5367 cum
761 5309 829 5364 ad
870 5305 1267 5377 intelligendam
1300 5303 1416 5374 ejus
1459 5302 1936 5374 supereminentis-

355 5405 548 5459 simam
574 5402 910 5458 divinitatem
952 5397 1219 5454 excedunt
1249 5395 1558 5451 universam
1603 5403 1933 5459 creaturam,

356 5501 414 5547 ut
439 5508 563 5549 cum
606 5492 881 5548 inveniant
924 5487 990 5543 In
1034 5485 1289 5558 principio
1326 5483 1550 5539 Verbum
1582 5484 1723 5553 apud
1742 5484 1935 5549 Deum,

352 5599 448 5653 per
475 5599 633 5657 quem
681 5583 821 5639 facta
856 5587 983 5637 sunt
1025 5579 1205 5634 omnia
1237 5575 1511 5650 (laena);
1551 5576 1938 5632 descendentes

356 5684 561 5739 autem,
584 5683 784 5757 utteum
813 5672 1089 5727 inveniant
1130 5672 1328 5741 factum
1366 5684 1431 5724 ea:
1467 5666 1704 5735 muliere,
1736 5667 1951 5737 factum

2042 1852 2211 1893 scere.
2261 1835 2465 1910 (Greg.)
2510 1836 2566 1891 ln
2612 1837 2806 1893 itinere
2852 1838 3105 1904 dormire,
3132 1839 3291 1895 estin
3316 1840 3526 1896 dierum
3553 1840 3630 1895 la-

2042 1926 2284 1986 bentium
2307 1945 2468 1986 cursu
2504 1930 2574 1985 ab
2616 1930 2852 1999 appetitu
2881 1930 3174 1985 visibilium
3194 1932 3420 1987 xmentis
3445 1932 3627 1988 oculos

2041 2026 2315 2089 claudere,
2344 2039 2481 2095 quos
2527 2025 2721 2094 primis
2764 2023 3070 2081 hominibus
3117 2025 3369 2082 seductor
3397 2022 3624 2096 aperuit,

2041 2117 2131 2187 qui
2161 2115 2275 2170 ait:
2309 2115 2421 2170 Scit
2442 2116 2579 2170 enim
2604 2115 2744 2170 Deus
2766 2115 2905 2188 quod
2936 2115 2990 2168 in
3010 2130 3320 2186 quocunque
3364 2115 3451 2169 die
3489 2131 3625 2170 com-

2040 2205 2251 2260 edetitis
2277 2221 2343 2259 ea:
2374 2221 2455 2270 eo,
2490 2205 2794 2275 aperientur
2811 2203 2951 2258 oculi
2990 2204 3163 2258 vestri.
3195 2203 3348 2259 Unde
3387 2212 3441 2257 et
3469 2204 3626 2274 paulo

2039 2307 2161 2369 post
2187 2297 2470 2354 subditur:
2502 2296 2643 2351 Tulit
2672 2297 2736 2352 de
2778 2297 2955 2367 fructu
2982 2296 3144 2362 illius,
3176 2306 3224 2350 et
3253 2297 3512 2360 comedit,
3541 2298 3625 2351 de-

2040 2391 2216 2460 ditque
2244 2389 2354 2444 viro
2378 2405 2498 2453 suo,
2524 2387 2613 2459 qui
2635 2387 2857 2442 comedit
2883 2403 2900 2449 ;
2923 2396 2972 2441 et
2992 2388 3159 2456 aperti
3182 2396 3302 2440 sunt
3345 2386 3487 2440 oculi
3509 2404 3622 2439 am-

2040 2480 2241 2534 borum.
2271 2477 2440 2549 Culpa
2462 2479 2659 2549 quippe
2685 2477 2872 2534 oculos
2910 2477 3363 2547 concupiscentia
3392 2479 3619 2547 aperuit,

2039 2585 2176 2640 quos
2198 2570 2508 2626 innocentia
2530 2570 2742 2625 clausos
2769 2567 3002 2624 tenebat.
3033 2568 3269 2640 Angelos
3292 2583 3419 2623 vero
3446 2584 3624 2624 ascen-

2036 2660 2225 2716 dentes
2250 2669 2307 2716 et
2350 2658 2740 2715 descendentes
2783 2673 3024 2720 cernere,
3073 2668 3159 2714 est
3206 2658 3353 2715 cives
3381 2674 3622 2729 supernae

2036 2750 2227 2821 patrita
2250 2748 2643 2819 contemplari;
2697 2747 2781 2803 vel
2810 2758 3014 2818 quanto
3056 2762 3240 2803 amore
3275 2764 3374 2804 suo
3417 2749 3617 2804 auctori

2036 2855 2198 2911 super
2221 2840 2540 2909 semetipsos
2571 2838 2892 2905 inhaereant,
2914 2838 2999 2895 vel
3027 2847 3227 2908 quanta
3254 2839 3620 2909 compassione

2036 2932 2317 2987 cbaritatis
2349 2932 2550 2988 nostris
2596 2929 3004 2988 inﬁrmitatibus
3050 2932 3503 2987 condescendant.
3556 2931 3620 2987 Et

2039 3023 2333 3078 notandum
2360 3023 2513 3078 valde
2536 3030 2621 3077 est
2660 3022 2806 3092 quod
2835 3021 2924 3077 ille
2953 3023 3227 3079 dormiens
3254 3023 3479 3092 angelos
3499 3038 3621 3078 con-

1959 3103 2002 3165 C
2034 3113 2212 3183 spicit,
2257 3113 2349 3183 qui
2397 3113 2451 3168 in
2487 3112 2719 3183 lapidem
2753 3120 2916 3183 caput
2964 3113 3138 3182 ponit,
3190 3113 3316 3182 quia
3369 3112 3618 3168 nimirum

2036 3210 2161 3280 ipsi,
2194 3208 2287 3279 qui
2316 3208 2384 3263 ab
2425 3207 2790 3264 exterioribus
2832 3207 3087 3277 operibus
3124 3216 3357 3270 cessant,
3412 3207 3620 3261 interna

2034 3308 2337 3371 penetrant,
2385 3299 2478 3368 qui
2524 3299 2733 3354 intenta
2781 3307 2985 3363 mente,
3036 3312 3156 3368 qua:
3182 3290 3498 3368 principale
3541 3304 3621 3353 est

2035 3393 2290 3460 hominis,
2341 3392 2698 3448 imitationem
2749 3390 2834 3446 sui
2886 3388 3261 3460 Redemptoris
3309 3388 3617 3443 observant.

2033 3485 2209 3557 Caput
2229 3483 2530 3556 quippe'in
2581 3482 2757 3554 lapide
2809 3497 3035 3553 ponere,
3064 3488 3147 3537 est
3188 3488 3373 3536 mente
3407 3479 3621 3535 Christo

2034 3579 2316 3635 inhaerere.
2344 3576 2447 3644 Qui
2470 3577 2616 3632 enim
2654 3590 2685 3630 a
2705 3574 2988 3646 praesentis
3014 3575 3139 3630 vita:
3175 3573 3389 3629 actione
3427 3570 3621 3627 remoti

2034 3679 2178 3735 sunt,
2210 3670 2304 3724 sed
2329 3669 2396 3724 ad
2416 3681 2649 3737 superna
2673 3665 2819 3721 nullo
2847 3680 3034 3720 amore
3060 3665 3363 3735 rapiuntur,
3388 3663 3621 3718 dormire

2033 3768 2282 3830 possunt,
2309 3758 2404 3814 sed
2430 3758 2614 3813 videre
2639 3756 2860 3827 angelos
2889 3764 3184 3826 nequeunt,
3214 3754 3342 3825 quia
3370 3762 3532 3823 caput
3567 3753 3618 3807 in

2034 3853 2208 3924 lapide
2256 3861 2443 3908 tenere
2485 3857 2856 3907 contemnunt.
2917 3848 3058 3902 Sunt
3100 3860 3336 3916 namque
3379 3843 3622 3899 nonnulli

2033 3947 2125 4018 qui
2159 3945 2343 4000 mundi
2373 3942 2591 4015 quidem
2616 3941 2860 3998 actiones
2885 3940 3117 4011 fugiunt,
3142 3938 3235 3994 sed
3269 3937 3431 3993 nullis
3456 3937 3622 3991 virtu-

2036 4037 2178 4092 tibus
2200 4042 2545 4090 exercentur.
2594 4031 2659 4086 Hi
2688 4031 2947 4085 nimirum
2996 4038 3230 4099 torpore,
3269 4043 3378 4083 non
3420 4027 3617 4089 studio,

2035 4127 2309 4185 dormiunt
2334 4142 2348 4192 ;
2402 4128 2457 4180 et
2486 4124 2688 4181 idcirco
2715 4124 2928 4178 interna
2969 4138 3074 4177 non
3103 4120 3467 4192 conspiciunt,
3498 4119 3617 4188 quia

2033 4229 2196 4290 caput
2224 4234 2331 4272 non
2360 4217 2413 4272 in
2445 4216 2642 4287 lapide,
2680 4215 2774 4271 sed
2803 4216 2856 4270 in
2888 4222 3032 4269 terra
3072 4222 3391 4285 posuerunt.
3418 4213 3620 4279 Quibus

2031 4311 2347 4382 plerumque
2374 4307 2656 4379 contingit,
2686 4316 2748 4361 ut
2780 4315 2982 4377 quanto
3007 4306 3249 4361 securius
3276 4306 3346 4360 ab
3382 4304 3622 4360 externis

2034 4400 2336 4454 actionibus
2362 4408 2600 4464 cessant,
2633 4404 2785 4452 tanto
2822 4396 2985 4452 latius
3026 4395 3321 4451 immundae
3344 4395 3399 4450 in
3434 4410 3495 4449 se
3529 4408 3620 4449 co-

2035 4491 2309 4562 gitationis
2364 4490 2646 4560 strepitum
2694 4488 3012 4559 populorum
3068 4494 3417 4557 congregant.
3472 4484 3622 4541 Unde

2034 4581 2133 4636 sub
2153 4578 2350 4635 Judtete
2385 4579 2569 4650 specie
2594 4592 2690 4648 per
2716 4579 3036 4648 prophetam
3078 4587 3328 4647 torpente
3365 4576 3479 4631 otio
3504 4574 3621 4629 ani-

2036 4686 2121 4726 ma
2161 4669 2407 4735 deﬂetur,
2456 4684 2580 4723 cum
2610 4668 2843 4723 dicitur:
2904 4667 3152 4723 Viderunt
3191 4684 3308 4722 eam
3354 4666 3550 4730 hostes,
3575 4673 3623 4720 et

2035 4764 2330 4820 deriserunt
2378 4762 2597 4816 sabbata
2646 4761 2761 4832 ejus
2801 4760 3018 4832 (Tltren.
3063 4760 3122 4831 ι).
3178 4760 3454 4829 Praecepto
3481 4758 3622 4811 enim

2037 4855 2171 4927 legis
2195 4855 2263 4909 ab
2284 4852 2554 4909 exteriore
2588 4865 2754 4920 opere
2788 4852 2842 4905 in
2877 4850 3112 4906 Sabbato
3135 4859 3396 4905 cessatur.
3432 4848 3624 4903 llostes

2035 4961 2163 5018 ergo
2200 4945 2423 5001 sabbata
2451 4944 2695 5005 videntes
2725 4942 2972 5005 irrident,
2998 4956 3123 4997 cum
3148 4939 3369 5011 maligni
3403 4938 3622 5008 spiritus

2036 5037 2152 5106 ipsa
2178 5033 2481 5090 vocationis
2507 5033 2617 5087 otia
2647 5032 2717 5086 ad
2755 5031 3110 5102 cogitationes
3156 5024 3375 5084 illicitas
3413 5038 3619 5096 pertra-

2037 5129 2192 5192 hunt,
2225 5133 2286 5181 ut
2310 5138 2646 5194 unaquaeque
2674 5123 2856 5177 anima
2885 5137 2993 5192 quo
3027 5130 3234 5176 remota
3268 5120 3338 5174 ab
3379 5119 3618 5176 externis

2036 5216 2342 5273 actionibus
2390 5215 2502 5268 Deo
2547 5212 2758 5268 servire
2790 5211 3053 5275 creditur,
3107 5225 3173 5266 eo
3222 5209 3396 5279 magis
3433 5223 3617 5264 eorum

2038 5306 2310 5378 tyrannidi
2337 5303 2521 5359 illicita
2550 5302 2838 5373 cogitando
2881 5298 3189 5355 famuletur.
3222 5299 3406 5355 Sancti
3442 5307 3616 5353 autem

2037 5400 2138 5455 viri
2168 5397 2293 5468 quia
2339 5395 2522 5451 mundi
2570 5393 2828 5464 operibus
2872 5406 2981 5448 non
3013 5401 3251 5462 torpore,
3295 5389 3391 5446 sed
3427 5390 3617 5444 virtute

2036 5491 2337 5561 sopiuntur,
2384 5478 2706 5543 laboriosius
2753 5486 3044 5549 deﬁniunt,
3071 5499 3235 5555 quam
3276 5481 3502 5554 vigilare
3530 5492 3617 5548 po-

2036 5588 2274 5635 tuerunt.
2303 5578 2441 5646 Quia
2480 5577 2535 5632 in
2561 5590 2646 5641 eo,
2678 5576 2822 5646 quod
2850 5576 3093 5630 actiones
3134 5575 3294 5645 bujus
3322 5570 3504 5627 saeculi
3532 5570 3615 5623 tle-

2038 5678 2282 5726 serentes
2312 5675 2591 5739 superant,
2627 5666 2846 5724 robusto
2882 5666 3132 5722 conﬂictu
3162 5663 3404 5732 quotidie
3434 5669 3612 5717 cunila
