3970 6198
311 320 409 377 5ῦὲ

1337 313 1691 370 COMMENT.
1730 311 1797 369 IN
1837 313 2159 370 CENESIM.
2199 347 2268 356 —
2306 315 2433 370 LIB.
2477 316 2559 371 ill.

3460 321 3555 375 51M

309 432 625 503 semctipsos
650 438 902 503 pugnant,
951 444 1018 486 ne
1047 445 1197 485 meas
1224 443 1319 500 per
1362 429 1740 501 negligentiam
1768 436 1881 484 tor-
1911 427 1962 489 Α
1989 433 2123 491 tum,
2150 441 2270 505 qua
2295 426 2525 496 pertinet
2552 427 2620 482 ad
2658 428 2984 482 unctionem.
3043 428 3193 484 Unde
3229 429 3430 484 Christi
3467 447 3535 484 no

307 531 447 594 peat,
477 538 545 577 ne
575 523 797 577 subacta
820 521 956 584 otio,
996 536 1062 574 ac
1086 519 1352 575 desiderio
1394 520 1691 584 immunda,
1721 517 1883 588 frige-

305 623 440 678 scat,
472 628 542 668 ne
568 610 736 682 ipsius
758 610 915 666 bonis
936 610 1216 666 desideriis
1238 609 1359 680 plus
1381 610 1531 678 justo
1565 608 1884 671 inserviant,

303 718 371 758 ue
397 702 499 757 sub
520 700 863 757 discretionis
890 699 1069 769 specie
1097 706 1150 754 et
1183 698 1452 769 parcendo
1487 712 1518 752 a
1553 696 1887 766 perfectione

282 792 673 865 .languescant.
702 790 831 861 Agit
858 790 972 843 hac
992 829 1007 853 ,
1038 796 1092 843 et
1136 788 1205 843 ab
1240 788 1398 858 hujus
1430 787 1615 842 mundi
1642 786 1884 856 inquieta

301 881 737 951 concupiscentia
766 896 825 935 se
863 879 1077 947 penitus
1101 877 1391 941 subtrahit,
1437 892 1503 932 ac
1543 885 1884 931 terrenarum

298 954 576 1025 actionum
628 970 909 1039 strepitum
937 969 1152 1032 deserit,
1182 976 1249 1041 et,
1277 982 1375 1038 per
1416 966 1615 1037 quietis
1644 966 1883 1021 studium

298 1062 592 1118 virtutibus
610 1063 843 1125 intenta,
889 1060 1118 1131 vigilans
1161 1058 1379 1114 dormit.
1430 1057 1613 1128 Neque
1640 1058 1782 1112 enim
1815 1057 1883 1112 ad

299 1152 712 1222 contemplanda
759 1151 967 1206 interna
1011 1149 1348 1218 perducitur,
1392 1149 1496 1203 nisi
1539 1149 1605 1202 ab
1653 1148 1737 1203 his
1764 1164 1883 1217 qua

298 1246 540 1301 exterius
578 1244 853 1313 implicant
904 1242 1142 1297 studiose
1189 1241 1595 1297 subtrahatur:
1620 1240 1758 1296 llinc
1798 1250 1886 1296 est

298 1339 444 1393 enim
465 1340 607 1407 quod
631 1352 727 1407 per
749 1336 1092 1404 semetipsum
1134 1334 1345 1389 Veritas
1372 1333 1507 1387 dixit
1531 1352 1544 1387 :
1593 1332 1761 1387 Nemo
1784 1349 1882 1403 po-

297 1438 396 1481 test
428 1427 631 1480 duobus
658 1425 883 1481 dominis
919 1426 1114 1480 servire
1137 1424 1351 1496 (Matth.
1376 1424 1476 1491 vr).
1512 1424 1650 1478 Hinc
1680 1424 1882 1479 Paulus

250 1544 259 1549 ι
297 1517 413 1572 ait:
447 1517 617 1572 Nemo
642 1516 873 1570 militans
914 1515 1022 1569 Deo
1065 1514 1297 1586 implicat
1338 1531 1393 1568 se
1422 1514 1638 1584 negotiis
1664 1513 1883 1568 saeuia-

298 1610 463 1674 ribus,
502 1618 557 1663 ut
577 1608 626 1663 ei
649 1607 871 1679 placeat,
900 1608 983 1661 cui
1009 1623 1063 1661 se
1087 1606 1320 1677 probavit
1348 1604 1429 1678 (II
1462 1604 1596 1660 Tim.
1622 1605 1706 1676 ιι).
1744 1605 1880 1662 Iliuc

294 1714 396 1768 per
434 1697 745 1768 prophetam
802 1697 1059 1752 Dominus
1101 1682 1357 1774 admonet
1401 1695 1628 1751 dicens:
1687 1692 1878 1749 Vacate

1988 532 2110 571 men
2133 532 2165 572 a
2193 517 2486 575 chrismate
2512 527 2593 573 est
2627 518 2974 595 appellatum.

2053 604 2439 677 Appellavitque
2467 622 2650 662 nomen
2679 607 2821 661 urbis
2849 608 3049 673 Bethel,
3084 623 3202 679 qua:
3239 609 3384 678 prius
3417 609 3561 663 Luca

1985 696 2286 751 vocabatur.
2337 695 2488 752 Nunc
2516 696 2635 753 loco
2663 712 2859 752 nomen
2891 698 3148 769 imponit,
3171 709 3228 756 et
3255 710 3410 757 vocat
3438 717 3563 757 eum

1984 786 2194 852 Bethel,
2219 786 2437 842 domum
2468 786 2562 841 Dei
2586 805 2599 841 :
2619 787 2708 857 qui
2730 787 2880 845 locus
2900 791 3192 845 vocabatur
3216 800 3372 847 antea
3393 793 3558 858 Luca,

1983 875 2125 943 quod
2151 876 2536 945 interpretatur
2565 893 2673 932 nua:
2709 878 2823 934 sive
2857 881 3191 952 amggdalon.
3242 880 3394 936 Unde
3433 882 3561 936 ridi«

1982 968 2100 1022 cule
2142 970 2359 1038 quidam
2394 972 2616 1025 verbum
2650 971 2974 1027 llebraicum
3022 973 3166 1027 ulam
3209 989 3403 1027 nomen
3439 989 3561 1028 esse

1982 1059 2132 1113 urbis
2159 1068 2369 1127 putant,
2416 1076 2538 1115 cum
2585 1060 2730 1116 uiam
2774 1062 3158 1131 interpretetur
3200 1064 3366 1133 prius.
3416 1063 3561 1119 Ordo

1983 1149 2161 1219 itaque
2189 1149 2289 1204 istc
2310 1159 2393 1204 cst
2421 1151 2667 1221 lectionis
2695 1171 2708 1207 :
2740 1153 2806 1208 Et
2833 1155 3028 1209 vocavit
3068 1172 3253 1209 nomen
3287 1155 3387 1210 loci
3418 1156 3559 1210 illius

1982 1239 2182 1305 Detltcl,
2230 1251 2277 1294 et
2318 1243 2464 1311 prius
2501 1241 2647 1296 Luca
2691 1243 2995 1297 vocabulum
3039 1247 3259 1299 civitatis
3304 1246 3557 1316 antiqua.

1981 1327 2180 1384 Omnes
2208 1328 2499 1400 Scriptura
2526 1333 2690 1387 verbo
2720 1332 2883 1398 alam,
2909 1335 3021 1389 sive
3041 1333 3197 1397 clam,
3220 1335 3389 1405 plena
3410 1346 3557 1402 sunt,

1981 1419 2122 1487 quod
2154 1419 2286 1473 nihil
2316 1419 2459 1475 aliud
2499 1422 2785 1490 signiﬁed,
2829 1424 2932 1478 nisi
2979 1433 3099 1479 ante
3134 1434 3227 1479 aut
3267 1429 3433 1496 prius,
3474 1438 3558 1483 vet

1979 1508 2303 1578 vestibulum,
2331 1512 2444 1567 sive
2468 1512 2883 1582 superliminare,
2907 1516 2990 1570 vel
3015 1527 3204 1587 postes.

2058 1599 2204 1656 Vovit
2234 1603 2390 1657 etiam
2410 1612 2581 1658 votum
2608 1603 2785 1658 dicens
2809 1621 2828 1659 :
2855 1604 2913 1660 Si
2938 1606 3095 1674 fuerit
3124 1607 3264 1662 Deus
3284 1624 3429 1662 meus
3452 1626 3559 1663 me-

1924 1711 1937 1719 ~
1979 1706 2117 1756 cum,
2145 1700 2192 1744 et
2212 1692 2511 1746 custodierit
2538 1709 2618 1747 me
2643 1694 2697 1746 in
2727 1696 2808 1749 uia
2833 1712 2923 1765 per
2948 1713 3106 1767 quant
3142 1698 3373 1765 ambulo,
3394 1709 3442 1754 et
3464 1701 3558 1755 de-

295 1798 342 1843 et
373 1789 579 1854 videte,
608 1787 853 1858 quoniam
883 1803 975 1857 ego
1002 1802 1119 1840 sum
1161 1784 1303 1839 Deus
1350 1783 1520 1853 (Psal.
1549 1783 1693 1853 xuv).
1726 1784 1880 1851 Quod
1912 1782 1952 1840 Β
1980 1778 2116 1834 derit
2160 1782 2286 1835 mihi
2323 1798 2509 1851 panem
2549 1784 2617 1837 ad
2655 1785 2976 1851 vescendum,
3012 1796 3060 1841 et
3102 1790 3454 1845 vestimentum
3485 1793 3555 1846 ad

295 1888 477 1934 autem
527 1878 736 1933 locutus
774 1887 859 1932 est
904 1876 1162 1932 Dominus
1185 1877 1251 1930 ad
1277 1874 1440 1933 Jacob
1472 1875 1686 1931 innixus
1719 1875 1877 1930 scala

293 1970 484 2025 dicens
507 1968 589 2024 ei:
621 1967 733 2038 Ego
773 1983 890 2020 sum
933 1965 1189 2021 Dominus
1232 1966 1369 2021 Deus
1403 1966 1664 2019 Abraham
1709 1967 1875 2036 patris

294 2061 408 2125 tui,
437 2069 485 2114 et
512 2059 649 2113 Deus
685 2056 861 2112 Isaac.
887 2056 1104 2112 Terram
1137 2058 1190 2111 in
1217 2073 1319 2125 qua
1346 2056 1544 2110 dormis
1574 2054 1667 2109 tibi
1703 2056 1872 2121 dabo,

292 2159 339 2206 et
372 2150 561 2205 semini
591 2158 701 2213 tuo,
725 2148 921 2220 eritque
951 2163 1160 2218 germen
1200 2156 1348 2201 tuum
1387 2148 1535 2217 quasi
1578 2144 1749 2216 pulvis
1773 2155 1879 2199 ter-

294 2258 389 2296 rte.
417 2239 731 2294 Dilatabens
757 2238 827 2292 ad
875 2235 1204 2291 Occidentem
1232 2243 1280 2290 et
1324 2233 1613 2300 Orientem,
1657 2232 1877 2305 Septen-

291 2331 516 2385 trionem
564 2339 614 2384 et
660 2328 952 2392 Heridiem,
998 2336 1045 2381 et
1075 2325 1438 2380 benedicentur
1464 2323 1517 2377 in
1560 2332 1610 2378 te
1645 2325 1771 2378 etin
1798 2340 1878 2378 se-

291 2427 432 2480 mine
470 2432 562 2478 tuo
590 2432 789 2477 cuncta:
816 2422 979 2476 tribus
1004 2431 1175 2484 terra,
1202 2427 1336 2485 etc.,
1358 2418 1585 2490 mystice
1609 2406 1874 2490 designat,

293 2517 608 2572 mandatum
634 2514 930 2569 divinitatis
958 2512 1023 2567 ad
1067 2513 1457 2568 humanitatem
1502 2510 1706 2567 Christi
1736 2512 1880 2567 dire-

294 2619 465 2673 ctum,
493 2607 579 2661 cui
603 2615 748 2660 terra
776 2605 1029 2661 Ecclesia
1057 2604 1392 2675 promittitur
1412 2612 1466 2659 et
1486 2602 1680 2659 semini
1711 2601 1874 2665 illius,

294 2700 347 2753 id
370 2705 474 2763 est,
499 2696 693 2768 populo
717 2696 1025 2753 Christiano
1062 2710 1230 2765 usque
1262 2698 1316 2750 in
1340 2696 1747 2766 sempiternum.
1780 2693 1877 2748 Cui

294 2786 427 2841 dicit
460 2785 652 2840 Pater:
699 2782 919 2840 Postula
942 2803 974 2839 a
1004 2802 1105 2853 me,
1133 2794 1179 2840 et
1215 2785 1349 2840 dabo
1390 2785 1484 2840 tibi
1511 2795 1685 2855 gentes
1713 2785 1879 2839 luere—

292 2878 510 2931 ditatem
540 2887 706 2943 tuam,
754 2885 803 2930 et
848 2877 1222 2946 possessionem
1268 2887 1413 2931 tuam
1453 2877 1697 2931 terminos
1725 2884 1877 2929 terra:

294 2965 467 3037 (Psal.
492 2966 574 3036 ιι).
603 2967 794 3032 Aliter,
832 2967 1094 3023 Occidens
1129 2967 1183 3022 in
1223 2968 1326 3022 hoc
1356 2967 1474 3022 loco
1517 2981 1766 3022 occasum
1793 2964 1875 3019 vi-

295 3061 491 3113 tiorum
534 3067 591 3113 et
629 3068 973 3129 peccatorum
1010 3059 1270 3129 designat,
1301 3057 1494 3114 Oriens
1536 3057 1711 3113 lucem
1752 3056 1876 3111 ﬁdei

291 3153 377 3206 vel
397 3161 575 3206 ortum
617 3152 882 3207 bonorum
918 3167 1164 3222 operum,
1200 3151 1511 3231 ’Scptentrio
1540 3150 1875 3207 constrictio-

292 3262 417 3302 nem
444 3245 734 3316 voluptatis
756 3254 812 3301 et
836 3244 1305 3300 mortiﬁcationem
1328 3244 1736 3299 desideriorum.
1768 3242 1874 3297 Mc—

292 3338 461 3392 ridies
497 3337 796 3392 claritatem
845 3336 1120 3407 sapientia
1166 3344 1223 3392 et
1281 3332 1875 3391 fervorem'charitatis

292 3445 398 3483 non
442 3428 887 3483 inconvenienter
912 3426 1168 3482 ostendit.
1213 3425 1417 3480 Taliter
1442 3426 1586 3479 enim
1619 3425 1733 3481 veri
1777 3440 1873 3494 po-

293 3530 464 3575 testas
514 3519 681 3575 Jacob
712 3519 985 3584 dilatatur,
1033 3520 1138 3575 hoc
1164 3526 1266 3585 est,
1319 3517 1623 3573 inﬁdelibus
1650 3532 1873 3589 regnum

290 3615 494 3670 Christi
524 3621 866 3684 propagatur.
919 3613 1023 3668 Per
1072 3626 1325 3669 occasum
1370 3613 1558 3681 utique
1611 3612 1872 3667 vitiorum

291 3715 345 3759 et
373 3713 746 3775 peccatorum,
777 3714 830 3759 et
860 3719 953 3774 per
981 3713 1158 3758 ortum
1201 3701 1323 3757 ﬁdei
1350 3717 1415 3757 ac
1453 3702 1716 3779 bonorum
1746 3718 1873 3773 ope-

293 3810 436 3858 rum,
468 3809 566 3865 per
590 3793 976 3850 continentiam
1004 3792 1360 3863 voluptatum,
1408 3807 1613 3847 necnon
1640 3807 1737 3862 per
1763 3808 1875 3845 mc-

288 3889 614 3942 ditatiouem
654 3886 929 3956 sapientia
955 3894 1012 3941 et
1052 3884 1321 3942 fervorem
1347 3884 1671 3941 dilectionis.
1713 3883 1864 3941 Bene

290 3992 474 4037 autem
504 3981 785 4037 subditur:

360 4093 495 4148 Cum
527 4091 818 4163 evigilasset
844 4092 1010 4148 Jacob
1047 4092 1111 4147 de
1144 4108 1327 4150 somno
1362 4091 1435 4147 ait
1462 4107 1482 4147 :
1508 4090 1641 4146 Vere
1686 4089 1872 4146 Domi-

291 4202 390 4240 nus
431 4193 508 4239 est
554 4184 609 4238 in
640 4183 752 4241 loco
788 4186 910 4249 isto,
950 4193 998 4238 et
1034 4200 1126 4255 ego
1156 4182 1462 4238 nesciebam.
1514 4179 1817 4254 Parcasque
1849 4195 1868 4234 :

292 4276 467 4342 Quam
518 4275 761 4330 terribilis
809 4284 906 4341 est,
947 4276 1140 4346 inquit,
1187 4275 1331 4330 locus
1377 4276 1516 4329 iste:
1543 4290 1647 4329 non
1678 4284 1753 4329 est
1787 4273 1872 4327 hic

288 4366 440 4419 aliud
481 4367 583 4420 nisi
629 4366 816 4421 domus
859 4365 959 4421 Dei
1005 4375 1054 4421 et
1094 4374 1245 4436 porta
1278 4364 1411 4420 cali.
1460 4364 1588 4421 Hac
1612 4364 1776 4419 verba
1803 4365 1872 4419 ad

290 4456 634 4525 prophetiam
675 4456 966 4526 pertinent,
1007 4448 1134 4527 quia
1170 4456 1243 4511 ibi
1280 4454 1518 4511 futurum
1548 4463 1670 4511 erat
1692 4457 1873 4511 taber-

1976 1870 2318 1938 induendum,
2349 1889 2678 1945 reversusque
2704 1874 2851 1944 fuero
2871 1893 3112 1947 prospere
3139 1879 3208 1933 ad
3229 1879 3440 1935 domum
3468 1899 3558 1951 pa-

1978 1969 2073 2015 tris
2094 1964 2217 2028 mei,
2239 1963 2334 2017 erit
2361 1964 2487 2018 mihi
2511 1964 2762 2021 Dominus
2787 1967 2841 2021 in
2860 1966 3044 2033 Deum,
3060 1979 3108 2023 et
3128 1969 3261 2040 lapis
3285 1971 3383 2025 iste
3402 1988 3554 2042 quem

1974 2055 2114 2107 erexi
2140 2054 2194 2107 in
2222 2052 2453 2119 titulum,
2481 2055 2750 2110 vocabitur
2776 2056 2975 2112 Domus
3000 2057 3114 2124 Dei,
3145 2068 3250 2114 etc.
3285 2060 3559 2132 (Augusti-

1976 2152 2118 2215 nus.)
2173 2145 2328 2212 Quod
2378 2156 2561 2200 autem
2612 2148 2756 2203 vovit
2802 2156 2985 2204 votum
3042 2149 3087 2205 si
3141 2159 3553 2221 prosperaretur

1975 2236 2151 2292 eundo
2188 2245 2244 2292 et
2281 2236 2572 2301 redeundo,
2610 2246 2665 2293 et
2694 2240 2930 2295 decimas
2967 2242 3214 2308 promisit
3246 2242 3426 2297 domui
3457 2244 3552 2299 Dei

1976 2327 2171 2383 futura
2210 2328 2264 2383 in
2306 2328 2422 2383 loco
2460 2328 2570 2394 illo,
2611 2330 2892 2401 prophetia
2915 2332 3209 2388 estdomus
3231 2333 3349 2399 Dei,
3376 2335 3465 2389 ubi
3496 2342 3553 2389 et

1977 2422 2090 2491 ipse
2126 2422 2343 2476 rediens
2376 2420 2486 2476 Deo
2513 2424 2767 2488 sacravit,
2796 2439 2902 2480 non
2940 2425 3090 2480 illum
3120 2426 3351 2497 lapidem
3382 2428 3550 2484 Deum

1976 2513 2273 2582 appelfans,
2320 2513 2417 2568 scd
2455 2514 2672 2569 domum
2712 2515 2829 2582 Dei,
2866 2516 2921 2571 id
2950 2525 3054 2585 est,
3077 2518 3207 2588 quia
3232 2519 3288 2574 in
3315 2518 3408 2575 illo
3433 2519 3552 2577 loco

1976 2603 2156 2659 futura
2175 2614 2292 2659 erat
2318 2606 2509 2659 domus
2531 2604 2649 2660 Dei.
3126 2588 3134 2594 ’

2565 2715 2793 2775 CAPUT
2833 2718 2951 2778 XV.

1976 2811 2055 2865 De
2079 2811 2301 2866 adventu
2323 2809 2489 2865 Jacob
2516 2813 3044 2891 inhMesopotamiam,
3063 2819 3151 2873 ubi
3156 2819 3315 2890 juxta
3339 2829 3551 2891 puteum

2541 2882 2749 2938 Rachel
2759 2888 2983 2956 agnovit.

2046 2971 2197 3042 (Car.
2230 2971 2405 3042 xxxx.)
2445 2972 2721 3044 Profectus
2756 2993 2878 3047 ergo
2904 2978 3068 3035 Jacob
3095 2983 3227 3036 venit
3263 2984 3332 3036 ad
3359 2992 3554 3038 terram

1978 3060 2331 3129 Orientalem;
2373 3073 2421 3119 et
2468 3066 2592 3122 vidit
2636 3079 2848 3137 puteum
2885 3069 2941 3125 in
2974 3088 3122 3141 agro,
3153 3081 3355 3145 tresque
3379 3091 3554 3145 greges

1977 3155 2148 3208 ovium
2178 3156 2489 3211 accubantes
2514 3158 2671 3227 juxta
2708 3175 2846 3213 eum.
2905 3160 3043 3215 Nam
3089 3180 3154 3218 ea:
3192 3164 3283 3218 illo
3323 3166 3556 3234 adaqua-

1978 3241 2167 3296 bantur
2206 3260 2416 3314 pecora,
2451 3256 2501 3301 et
2539 3265 2595 3302 as
2620 3248 2733 3317 eius
2769 3252 2957 3320 grandi
2984 3252 3159 3324 lapide
3191 3254 3556 3323 claudebatur,

1975 3341 2081 3388 etc.
2131 3334 2440 3409 (lsidorus.)
2472 3337 2797 3410 Figuraliter
2821 3358 2917 3413 per
2935 3344 3345 3414 ovcsjustorum
3373 3349 3556 3418 populi

1976 3425 2368 3497 signiﬁcantur,
2391 3429 2532 3485 sicut
2558 3431 2706 3499 illud,
2737 3435 2880 3503 quod
2904 3435 3104 3491 dictum
3128 3449 3214 3493 est
3240 3439 3294 3493 in
3314 3438 3559 3510 Evange-

1974 3514 2048 3571 lio
2077 3534 2090 3569 :
2116 3515 2321 3572 Statuet
2361 3535 2477 3573 oves
2511 3520 2581 3573 ad
2620 3521 2887 3581 dexteram
2920 3524 3135 3595 (Matth.
3165 3526 3316 3593 xxv).
3371 3528 3557 3584 Pasto-

1975 3625 2064 3665 rcs
2091 3625 2220 3665 vero
2242 3612 2519 3682 propheta
2545 3622 2689 3678 sunt,
2721 3616 2813 3684 qui
2844 3633 3013 3687 usque
3036 3620 3101 3673 ad
3129 3620 3416 3674 adventum
3449 3620 3556 3676 Do-

1974 3699 2127 3765 mini,
2154 3699 2359 3771 Spiritu
2388 3710 2577 3757 sancto
2607 3704 2868 3769 mundati,
2899 3706 3153 3775 populum
3180 3707 3343 3764 Israel
3369 3711 3559 3778 guber-

1975 3791 2192 3846 nabant.
2241 3792 2402 3862 Lapis
2457 3801 2618 3863 puteo
2669 3797 3037 3865 superpositus
3079 3798 3304 3869 ﬁguram
3344 3798 3557 3855 Domini

1971 3880 2329 3950 praferebat;
2364 3890 2574 3950 puteus,
2609 3885 2835 3954 gratiam
2858 3884 3089 3955 Spiritus
3109 3889 3281 3944 sancti
3304 3904 3399 3959 per
3418 3904 3557 3960 pne-

1973 3971 2296 4026 dicatioucm
2330 3969 2530 4026 Christi
2562 3981 2845 4028 venturam
2870 3976 2937 4030 ad
2965 3977 3259 4032 Ecclesium
3289 3995 3354 4032 ex
3385 3979 3556 4051 genti-

1973 4063 2095 4126 bus,
2118 4077 2237 4132 qua
2264 4064 2479 4119 obtecta
2498 4075 2636 4130 erat,
2660 4067 2898 4121 nondum
2928 4069 3247 4125 adveniente
3263 4077 3319 4124 et
3340 4071 3558 4125 homine

1972 4148 2120 4208 facto
2154 4152 2390 4209 Christo.
2440 4153 2635 4221 Aliter,
2681 4170 2778 4226 per
2813 4166 3031 4226 puteum
3077 4159 3397 4228 baptiSmus,
3460 4172 3558 4230 per

1974 4261 2162 4317 agrum
2204 4245 2294 4300 hic
2336 4247 2569 4303 mundus
2610 4247 2952 4317 exprimitur.
3010 4248 3163 4316 Quod
3208 4258 3389 4305 autem
3444 4260 3557 4308 tres

1973 4352 2166 4409 greges
2193 4338 2372 4411 ovium
2401 4338 2666 4394 accubare
2709 4338 2960 4394 dicuntur
2982 4340 3136 4410 juxta
3185 4350 3429 4412 puteum,
3478 4345 3556 4400 si—

1976 4428 2194 4500 gniﬁcat
2235 4442 2351 4493 eos,
2387 4429 2480 4500 qui
2513 4429 2582 4485 ad
2617 4437 2818 4486 sancta
2850 4430 3134 4488 Trinitatis
3161 4434 3317 4488 ﬁdem
3340 4434 3560 4504 capien-

290 4502 634 4525 r'vr""'"'"
676 4502 760 4526 ι’ν·
776 4502 966 4522 """"',
1010 4502 1134 4527 Ί““’“““
1171 4502 1243 4511 ⁸⁸⁸⁷⁵
1280 4502 1415 4510 "'""
1430 4502 1518 4511 “¹¹“”
1550 4502 1670 4511 ""‘"'
1695 4502 1837 4511 “"’"'

290 4547 568 4613 naculum,
596 4548 739 4618 quod
765 4548 1042 4602 constituit
1066 4547 1206 4602 Deus
1225 4544 1278 4601 in
1297 4546 1602 4602 hominibus
1623 4545 1676 4600 in
1698 4546 1872 4615 primo

1980 4519 2099 4574 dam
2124 4521 2417 4590 pertinent,
2446 4519 2500 4574 in
2525 4520 2829 4576 humilitate
2853 4531 3107 4592 expetere
3149 4502 3557 4594 baptismi—gra—

288 4639 490 4708 popqu
516 4653 633 4693 suo.
685 4638 905 4693 Portam
929 4637 1052 4693 coeli
1076 4645 1257 4691 autem
1284 4638 1363 4691 sic
1387 4635 1684 4707 intelligere
1708 4636 1871 4691 debe-

288 4744 437 4792 mus,
479 4736 737 4798 tauquam
774 4727 897 4783 inde
929 4728 1023 4782 ﬁat
1048 4727 1226 4783 aditus
1245 4727 1589 4783 credentibus
1616 4728 1685 4783 ad
1712 4741 1873 4796 cape—

288 4817 554 4872 scendnm
602 4831 823 4885 regnum
879 4816 1161 4871 calorum.
1222 4816 1589 4886 Spiritualiter
1641 4825 1821 4872 autem
1853 4856 1872 4881 ,

288 4908 542 4978 quisquis
580 4916 704 4978 post
744 4918 1014 4977 torporem
1055 4907 1264 4961 inertia
1300 4907 1402 4962 rite
1436 4907 1790 4979 evigilaverit,
1819 4917 1876 4963 et

289 5014 389 5068 per
411 4998 731 5053 exercitium
754 4998 879 5053 boni
901 4999 1081 5068 operis
1096 5013 1221 5053 vere
1239 5000 1618 5064 resurrexerit,
1635 5002 1752 5055 sine
1768 4999 1871 5055 du-

288 5090 380 5142 bio
421 5089 479 5142 in
521 5087 763 5157 Ecclesia
801 5091 1289 5158 supereminentem
1331 5090 1559 5161 gratiam
1585 5090 1679 5145 Dei
1705 5098 1761 5144 et
1796 5090 1874 5144 in-

287 5179 521 5234 troitum
554 5178 704 5247 regni
731 5179 973 5235 calcstis
1012 5194 1136 5234 esse
1180 5179 1447 5251 intelligit.
1489 5179 1643 5246 Quod
1688 5181 1879 5235 statuit

284 5268 528 5339 lapidem
550 5266 740 5333 Jacob,
765 5284 927 5339 quem
953 5270 1057 5324 sibi
1090 5270 1160 5325 ad
1185 5278 1348 5339 caput
1365 5279 1636 5340 posuerat,
1661 5277 1716 5325 et
1742 5285 1878 5326 con-

284 5360 471 5415 stituit
492 5373 617 5415 eum
643 5359 698 5413 in
727 5358 968 5425 titulum,
989 5368 1045 5415 et
1068 5359 1302 5429 perfudit
1324 5374 1449 5415 eum
1475 5360 1615 5423 oleo,
1646 5374 1751 5414 non
1779 5360 1878 5413 ali-

284 5454 425 5523 quid
450 5452 767 5507 idololatria
791 5451 966 5508 simile
995 5452 1144 5518 fecit,
1175 5468 1282 5508 non
1304 5451 1388 5508 vel
1413 5461 1539 5508 tunc
1576 5451 1658 5507 vel
1691 5460 1877 5523 postea

287 5544 663 5615 frequentavit
688 5544 918 5615 lapidem
957 5544 1231 5600 adoranda
1273 5551 1368 5599 aut
1410 5544 1461 5599 ei
1499 5542 1878 5610 sacriﬁcando,

286 5635 388 5689 sed
416 5634 634 5705 signum
666 5633 849 5692 fuitin
878 5635 1159 5707 prophetia
1184 5635 1585 5692 evidentissima
1611 5635 1873 5691 constitu-

1976 4609 2128 4664 tiam.
2166 4609 2357 4680 Lapis,
2396 4610 2525 4681 quia
2551 4611 2834 4667 claudebat
2861 4628 2923 4668 os
2951 4613 3119 4682 putei,
3151 4614 3405 4670 duritiam
3438 4615 3559 4670 inﬁ-
3648 4632 3653 4637 ί

1978 4701 2212 4757 dclitatis
2234 4702 2488 4767 insinuat,
2518 4719 2626 4774 qua
2655 4702 2884 4772 abiecta,
2921 4705 3168 4760 homines
3204 4716 3429 4776 possunt
3459 4708 3562 4762 rite

1977 4791 2300 4861 baptismum
2329 4792 2626 4863 percipere.
2674 4793 2927 4850 Pastores
2947 4805 3126 4851 autem
3162 4797 3411 4852 doctores
3434 4807 3562 4853 sunt

1978 4881 2253 4947 Ecclesia,
2282 4885 2430 4952 quia,
2468 4891 2651 4939 amoto
2675 4884 2853 4953 lapide
2871 4901 2967 4956 per
2993 4885 3181 4949 Jacob,
3213 4886 3560 4955 adaquabaut

1976 4986 2196 5042 greges;
2226 4972 2605 5041 quia,Christo
2633 4972 2911 5029 auferente
2935 4990 3150 5030 omnem
3185 4975 3559 5030 inﬁdelitatem

1979 5062 2049 5116 ab
2093 5077 2280 5118 eorum
2330 5063 2583 5120 cordibus
2624 5081 2761 5135 quos
2790 5062 3193 5136 pradestinavit
3214 5068 3280 5121 ad
3306 5066 3558 5136 baptismi

1981 5161 2378 5210 sacramentum
2427 5155 2733 5224 pertinere,
2784 5159 2886 5212 rite
2938 5159 3221 5213 credentes
3268 5156 3560 5211 abluuntur

1982 5243 2121 5296 unda
2152 5242 2560 5312 puriﬁcationis;
2595 5245 2726 5301 Item
2752 5262 2889 5316 aqua
2918 5246 3064 5315 putei
3093 5243 3358 5315 signiﬁcat
3385 5244 3562 5299 scienc

1968 5332 2111 5386 itiam
2142 5332 2353 5388 Veteris
2384 5331 2733 5399 Testamenti,
2761 5350 2920 5404 quam
2950 5335 3082 5404 lapis
3107 5334 3406 5398 claudebat,
3433 5333 3559 5404 quia

1906 5428 1925 5439 ’
1982 5421 2319 5494 litteralcgis
2351 5438 2566 5479 sensum
2602 5425 2930 5494 spiritualem
2978 5426 3031 5479 in
3076 5440 3140 5480 eo
3179 5422 3415 5489 celabat;
3466 5425 3560 5479 sed

1979 5516 2229 5571 veniente
2264 5516 2481 5573 Christo
2524 5517 2660 5587 lapis
2698 5525 2939 5572 remotus
2966 5524 3073 5582 est,
3099 5531 3221 5571 cum
3246 5530 3344 5585 per
3369 5516 3557 5585 pradi-

1978 5609 2245 5664 cationem
2278 5609 2409 5665 Novi
2448 5609 2775 5665 Testamenti
2827 5608 3015 5664 umbra
3059 5608 3190 5679 legis
3229 5608 3467 5674 exclusa,
3506 5618 3560 5663 et

1987 5700 2184 5756 veritas
2215 5699 2484 5771 Evangelii
2512 5699 2777 5770 patefacta
2805 5708 2908 5755 est.
