3970 6198
410 382 513 439 595

1077 380 1135 434 Β.
1180 381 1430 435 RABANI
1470 381 1687 437 MAURI
1727 379 2043 436 ARClllEP.
2088 377 2394 436 MOGUNT.
2436 375 2721 434 OPERUM
2758 374 2937 431 PARS
2975 374 3016 428 l.
3102 399 3112 409 ι

3557 375 3656 433 596

478 490 658 546 Adhuc
700 490 1061 558 loquebamur,
1110 497 1158 542 et
1195 505 1309 542 ecce
1350 487 1545 544 Rachel
1586 489 1817 544 veniebat
1862 505 1982 543 cum
2009 493 2057 549 Α
2083 485 2499 556 contemplativa
2526 485 2633 540 vita
2658 477 2942 555 signalur?
2983 482 3078 537 Lia
3113 484 3311 554 quippe
3341 486 3660 555 interpreta-

408 579 585 634 ovibus
626 578 791 648 patris
831 578 933 642 sui,
976 594 1096 631 nam
1129 594 1330 648 gregem
1364 579 1478 648 ipsa
1507 578 1766 649 pascebat.
1812 577 1983 642 Quam

408 689 527 753 cum
552 671 758 726 vidisset
772 667 957 734 Iacob,
990 680 1037 724 et
1061 669 1212 723 sciret
1241 670 1601 724 consobrinam
1632 686 1807 735 suam,
1844 686 1988 723 oves-

407 779 506 834 que
530 761 713 816 Laban
737 760 978 815 avunculi
1013 760 1118 826 sui,
1152 760 1340 814 amovit
1373 760 1621 830 lapidem,
1662 776 1764 829 quo
1802 768 1986 829 puteus

410 852 767 915 claudebatur,
796 862 840 905 et
867 851 1130 921 adaqnato
1148 867 1316 920 grege,
1340 850 1605 904 osculatus
1625 861 1701 904 est
1719 867 1865 913 eam;
1887 849 1989 902 ele-

410 953 631 1014 vataque
654 960 771 997 voce
799 945 954 1013 ﬂevit,
985 953 1030 996 et
1056 942 1300 995 indicavit
1332 943 1379 995 ei
1400 942 1541 1012 quod
1564 942 1731 1011 frater
1745 951 1873 995 esset
1893 959 1988 1010 pa-

412 1037 508 1089 tris
537 1035 670 1105 ejus,
701 1044 747 1089 et
777 1034 919 1104 ﬁlius
948 1033 1211 1099 Rebeccae,
1241 1042 1345 1088 etc.
1403 1033 1793 1106 (Augustinus.)
1834 1031 1987 1099 Quod

410 1125 558 1179 venit
593 1123 789 1179 Rachel
833 1139 953 1179 cum
1002 1123 1193 1178 ovibus
1233 1123 1403 1192 patris
1450 1124 1550 1185 sui,
1593 1132 1648 1177 et
1682 1123 1813 1177 dicit
1843 1122 1989 1177 Scri-

411 1224 569 1285 ptura
597 1214 739 1284 quod
763 1230 886 1269 cum
922 1213 1142 1268 vidisset
1177 1211 1343 1267 Jacob
1380 1212 1583 1267 Rachel
1615 1212 1776 1267 ﬁliam
1805 1212 1987 1266 Laban

414 1304 599 1358 fratris
647 1303 836 1358 matris
870 1319 1001 1367 suae,
1038 1303 1264 1358 accessit
1299 1310 1354 1356 et
1383 1302 1611 1358 revolvit
1652 1302 1877 1373 lapidem
1920 1303 1988 1355 ab

411 1408 507 1448 ore
542 1393 710 1461 putei,
758 1392 930 1463 magis
980 1392 1273 1447 notandum
1313 1400 1398 1445 est
1436 1391 1636 1460 aliquid
1657 1390 1989 1463 Scripturam

410 1485 844 1557 praetermittere,
881 1484 1021 1555 quod
1055 1483 1351 1554 intelligere
1382 1484 1658 1549 debemus,
1695 1498 1857 1553 quam
1884 1482 1989 1537 ulla

411 1578 635 1647 quaestio
656 1576 1056 1632 commovenda.
1100 1575 1417 1646 lntelligitur
1440 1576 1580 1629 enim
1607 1576 1747 1645 quod
1773 1574 1845 1628 illi
1867 1589 1989 1629 cum

413 1668 610 1739 quibus
663 1668 837 1737 primo
894 1666 1215 1736 loquebatur
1256 1664 1452 1728 Jacob,
1502 1665 1819 1735 interrogati
1870 1679 1991 1735 quae

415 1766 560 1814 esset
584 1773 702 1827 quae
728 1757 977 1812 veniebat
999 1773 1119 1812 cum
1150 1755 1359 1821 ovibus,
1404 1755 1503 1827 ipsi
1535 1756 1785 1812 dixerunt
1825 1754 1990 1811 ﬁliam

2086 586 2176 631 tur
2198 576 2481 642 laboriosa,
2501 576 2703 631 Rachel
2733 590 2863 641 vero
2890 576 3020 641 ovis,
3046 574 3130 630 vel
3155 577 3293 630 visus
3326 577 3657 647 principium.

2085 668 2272 722 Activa
2318 675 2496 722 autem
2539 666 2649 720 vita
2695 666 2959 721 laboriosa
3002 674 3123 730 est,
3167 667 3293 735 quia
3341 667 3571 722 desudat
3608 670 3663 724 in

2084 771 2269 828 opere.
2316 756 2740 826 Contemplativa
2767 772 2896 812 vero
2919 757 3164 823 simplex,
3189 758 3254 811 ad
3287 757 3459 812 solum
3486 760 3666 815 viden-

2087 850 2212 902 dum
2251 847 2576 916 principium
2632 847 2881 911 anhelat,
2920 847 3169 902 videlicet
3212 849 3385 917 ipsum
3422 849 3514 918 qui
3546 851 3662 906 ait:

2089 938 2203 1009 Ego
2241 939 2575 1009 principium,
2617 947 2825 1008 propter
2850 938 2989 1008 quod
3015 948 3062 993 et
3102 938 3286 1008 loquor
3314 938 3454 992 vobis
3482 938 3664 1010 (Ioan.

2088 1027 2229 1100 vin).
2278 1027 2476 1083 Beatus
2510 1036 2688 1081 autem
2716 1026 2881 1082 Jacob
2909 1027 3110 1082 Rachel
3135 1028 3352 1097 quidem
3374 1031 3666 1099 concupie-

2089 1127 2196 1183 rat,
2224 1119 2316 1173 sed
2347 1119 2400 1172 iu
2424 1127 2580 1173 nocte
2605 1118 2811 1187 accepit
2835 1117 3010 1183 Liam',
3055 1119 3181 1187 quia
3218 1118 3467 1173 videlicet
3491 1122 3669 1175 omnis

2088 1211 2180 1280 qui
2201 1212 2536 1266 convertitur
2568 1212 2633 1266 ad
2666 1212 2949 1267 Dominum
2991 1196 3463 1282 contémplativam
3504 1215 3668 1268 vitam

2089 1304 2382 1369 desiderat,
2406 1306 2640 1374 quietem
2666 1314 2882 1359 aeternae
2902 1305 3092 1375 patriae
3122 1307 3344 1375 appetit,
3387 1307 3483 1361 sed
3522 1307 3670 1371 prius

2090 1411 2311 1453 necesse
2335 1406 2414 1452 est
2439 1406 2497 1451 ut
2520 1397 2571 1451 in
2595 1406 2753 1451 nocte
2778 1396 2902 1451 vitae
2936 1398 3218 1467 praesentis
3245 1405 3504 1466 operetur
3530 1397 3669 1451 bona

2091 1501 2211 1556 quae
2234 1495 2432 1557 potest,
2456 1486 2683 1542 desudet
2717 1488 2773 1540 in
2805 1485 3012 1551 labore,
3040 1486 3093 1540 id
3114 1494 3217 1551 est,
3242 1484 3394 1540 Liam
3418 1485 3668 1553 accipiat,

2091 1585 2151 1632 ut
2172 1584 2316 1648 post,
2344 1578 2410 1632 ad
2435 1576 2718 1632 videndum
2739 1575 3085 1646 principium,
3108 1577 3163 1631 in
3182 1575 3385 1632 Rachel
3407 1575 3668 1646 amplexi-

2091 1669 2195 1724 bus
2216 1669 2537 1739 requiescat.

2164 1759 2298 1814 Erat
2339 1769 2513 1814 autem
2552 1756 2747 1813 Rachel
2785 1757 2962 1814 videns
3000 1766 3050 1812 et
3094 1757 3321 1822 sterilis;
3359 1757 3457 1813 Lia
3496 1766 3669 1813 autem

413 1862 536 1902 esse
568 1847 770 1902 Laban.
826 1847 998 1915 Quam
1036 1848 1219 1917 utique
1259 1847 1425 1903 Iacob
1468 1862 1577 1903 non
1613 1855 1858 1912 noverat,
1895 1848 1989 1903 sed
2018 1833 2063 1892 Β
2091 1852 2251 1923 lippa,
2281 1851 2373 1906 sed
2396 1850 2639 1920 fecunda.
2663 1849 2866 1905 Rachel
2891 1849 3112 1920 pulchra
3137 1857 3190 1903 et
3214 1848 3520 1915 infecunda,
3542 1849 3672 1918 quia

411 1938 557 1994 illius
582 1939 1055 2009 interrogationem
1078 1938 1589 2008 responsionemque
1610 1938 1820 1993 illorum
1841 1930 1990 1994 Scri-

414 2035 572 2097 ptura
606 2029 1023 2098 praetermittens
1067 2028 1293 2100 intelligi
1330 2027 1501 2083 voluit
1534 2029 1673 2097 quod
1727 2029 1988 2100 scriptum

416 2127 541 2174 est:

487 2210 765 2266 Osculatus
800 2221 874 2265 est
916 2210 1083 2265 Iacob
1125 2210 1336 2276 Rachel,
1361 2220 1408 2265 et
1430 2211 1729 2266 exclamans
1752 2228 1871 2266 voce
1893 2230 1989 2267 sua

412 2285 569 2368 ﬁevit,
602 2308 650 2353 et
678 2300 922 2354 indicavit
952 2301 1090 2371 quod
1118 2299 1284 2370 frater
1300 2311 1429 2355 esset
1448 2304 1611 2372 patris
1640 2303 1776 2373 ejus,
1799 2313 1848 2357 et
1866 2305 1990 2374 quia

414 2390 554 2459 ﬁlius
586 2389 841 2445 Rebeccae.
884 2390 1298 2447 Consuetudinis
1335 2393 1550 2463 quidem
1592 2392 1712 2458 fuit,
1757 2394 1990 2449 maxime

416 2482 471 2537 in
506 2480 593 2535 illa
623 2481 964 2550 simplicitate
984 2482 1351 2552 antiquorum,
1382 2492 1441 2537 ut
1467 2484 1748 2554 propinqui
1770 2485 1989 2554 propin-

415 2590 552 2644 quos
576 2574 970 2641 oscularentur,
1000 2583 1055 2631 et
1079 2575 1183 2632 hoc
1219 2576 1379 2631 hodie
1413 2575 1472 2630 ﬁt
1509 2575 1565 2630 in
1609 2577 1792 2633 multis
1836 2578 1986 2633 locis.

415 2669 522 2726 Sed
567 2669 733 2739 quaeri
775 2678 952 2739 potest
987 2669 1255 2740 quomodo
1294 2671 1362 2726 ab
1401 2671 1670 2742 incognito
1708 2672 1795 2727 illa
1832 2688 1990 2728 oscu-

414 2761 526 2816 lum
566 2761 854 2833 acceperit,
888 2761 980 2817 sed
1001 2768 1186 2831 postea
1210 2761 1654 2818 indicavitJacob
1681 2763 1993 2834 propinqui-

415 2863 582 2910 tatem
614 2868 785 2908 suam.
830 2853 971 2925 Ergo
1000 2852 1398 2924 intelligendum
1433 2864 1516 2909 est
1553 2863 1647 2908 aut
1689 2854 1856 2917 illum,
1898 2852 1991 2923 qui

412 2942 524 3014 jam
550 2942 780 2999 audierit
801 2958 918 3014 quae
942 2942 1030 2997 illa
1054 2951 1227 3006 esset,
1261 2943 1592 2998 conﬁdenter
1618 2944 1671 2998 in
1694 2942 1812 3012 ejus
1836 2959 1993 2997 oscu-

419 3034 530 3088 lum
555 3033 798 3098 irruisse,
825 3040 918 3086 aut
945 3041 1130 3103 postea
1154 3032 1488 3103 Scripturam
1518 3048 1768 3087 narrasse
1792 3046 1889 3103 per
1910 3047 1994 3088 re-

422 3122 878 3192 capitulationem,
901 3123 1042 3191 quod
1066 3122 1241 3191 primo
1262 3121 1463 3176 factum
1489 3130 1624 3187 erat,
1650 3122 1703 3176 id
1721 3132 1824 3187 est,
1850 3121 1993 3191 quod

426 3214 755 3269 indicaverat
776 3212 957 3270 .Jacob
979 3215 1101 3284 quis
1124 3220 1288 3279 esset,
1310 3213 1450 3268 sicut
1484 3213 1550 3268 de
1580 3212 1829 3281 paradiso
1849 3220 1993 3282 post-

419 3323 482 3363 ea
512 3307 728 3372 dicitur,
758 3307 1026 3378 quomodo
1058 3307 1200 3361 Deus
1226 3322 1350 3362 eum
1391 3305 1716 3369 instituerit,
1745 3319 1867 3359 cum
1882 3304 1996 3375 jam

416 3398 619 3453 dictum
656 3405 800 3453 esset
835 3397 976 3467 quod
1011 3396 1271 3467 plantavit
1310 3396 1642 3468 paradisum,
1673 3405 1728 3450 et
1757 3395 1997 3466 posuerit

416 3488 526 3544 illic
551 3489 849 3555 hominem,
877 3503 1037 3559 quem
1066 3488 1316 3554 ﬁnxerat,
1337 3496 1392 3544 et
1411 3486 1573 3543 multa
1601 3501 1700 3557 per
1728 3487 1997 3558 recapitu-

423 3578 679 3633 lationem
703 3577 846 3633 dicta
877 3577 1263 3647 intelliguntur.

999 3688 1227 3746 CAPUT
1275 3691 1411 3746 XVI.

421 3782 784 3864 εοεηξετςινὶιιιιε⁸
808 3783 1009 3864 Iacob,
1049 3785 1402 3864 quamservivit
1446 3784 1628 3864 Laban
1660 3803 1754 3857 pro
1791 3786 1995 3864 duabus

486 3852 697 3925 ﬁliabus
733 3853 848 3923 ejus
875 3894 892 3920 ,
938 3863 987 3908 et
1030 3852 1410 3925 signiﬁcatione
1442 3852 1669 3925 mystica
1696 3857 1997 3911 earumdem

487 3923 743 3991 ﬁliarum.

491 4038 727 4094 Habebat
775 4054 896 4093 vero
942 4038 1124 4093 Laban
1169 4038 1310 4108 ﬁlias
1352 4039 1486 4095 duas
1516 4061 1533 4096 :
1560 4058 1746 4096 nomen
1778 4042 1998 4114 majoris

419 4130 546 4195 Lia,
574 4131 748 4184 minor
768 4128 1129 4200 appellabatur
1147 4128 1359 4185 Rachel.
1413 4130 1520 4187 Sed
1559 4131 1656 4187 Lia
1695 4133 1848 4204 lippis
1885 4143 1998 4188 erat

416 4222 601 4278 oculis.
643 4221 837 4276 Rachel
861 4221 1049 4276 decora
1071 4221 1206 4292 facie
1233 4231 1280 4277 et
1310 4233 1521 4277 venusto
1541 4234 1773 4295 aspectu.
1826 4224 1998 4290 Quant

417 4315 639 4386 diligens
663 4313 850 4380 Iacob,
883 4314 955 4367 ait
980 4327 999 4365 :
1025 4310 1261 4368 Servium
1291 4315 1384 4368 tibi
1418 4331 1511 4385 pro
1543 4314 1734 4370 Rachel
1759 4316 1874 4385 ﬁlia
1905 4325 1998 4371 tua

418 4408 619 4460 minore
660 4414 852 4475 septem
897 4404 1070 4459 annis.
1110 4403 1394 4475 Respondit
1434 4403 1615 4459 Laban
1645 4421 1662 4459 :
1695 4404 1883 4460 Melius
1922 4416 1998 4461 est

2091 1944 2346 2000 nimirum
2377 1957 2527 1997 mens
2553 1956 2672 2013 qum
2697 1940 3107 2012 contemplando
3143 1942 3252 1997 otia
3291 1942 3511 2012 appetit,
3550 1941 3672 2011 plus

2090 2039 2255 2105 videt,
2283 2036 2376 2092 sed
2397 2036 2573 2091 minus
2602 2036 2712 2090 Deo
2742 2034 2881 2090 ﬁlios
2905 2042 3146 2106 generat.
3187 2035 3319 2090 Cum
3351 2050 3481 2089 vero
3503 2035 3569 2089 ad
3594 2035 3673 2089 la-

2091 2129 2276 2184 borem
2303 2141 2362 2182 se
2381 2125 2778 2197 przedicationis
2801 2124 3001 2196 dirigit,
3031 2126 3208 2180 minus
3240 2125 3407 2190 videt,
3438 2126 3531 2179 sed
3557 2140 3673 2179 am-

2052 2244 2069 2260 κ
2091 2218 2230 2291 plius
2270 2219 2431 2289 parit.
2482 2216 2907 2286 Contemplativa
2947 2232 3073 2287 ergo
3098 2218 3207 2270 vita
3240 2219 3483 2286 speciosa
3508 2214 3593 2271 est
3620 2218 3671 2270 in

2093 2312 2304 2376 animo;
2350 2309 2443 2365 sed
2483 2307 2608 2363 dum
2650 2309 2931 2379 quiescere
2962 2308 3017 2362 in
3048 2308 3262 2364 silentio
3283 2310 3507 2380 appetit,
3532 2309 3673 2365 ﬁlios

2093 2418 2200 2457 non
2247 2406 2470 2471 generat
2512 2413 2577 2453 ex
2624 2399 3021 2470 pratdicatione.
3067 2397 3226 2454 Videt
3266 2410 3322 2455 et
3366 2415 3473 2455 non
3509 2401 3670 2469 parit,

2093 2495 2220 2565 quia
2247 2493 2442 2564 quietis
2467 2505 2577 2547 sua!
2596 2490 2774 2546 studio
2800 2491 2978 2546 minus
3000 2506 3058 2546 se
3082 2491 3133 2545 in
3155 2492 3380 2547 aliorum
3403 2492 3675 2547 collectio.

2092 2601 2216 2642 nem
2238 2585 2532 2650 succendit,
2554 2592 2608 2640 et
2628 2591 2891 2655 quantum
2919 2584 3213 2639 introrsum
3236 2584 3522 2654 conspicit,
3548 2599 3675 2655 ape-

2095 2678 2202 2733 rire
2223 2677 2343 2731 aliis
2365 2675 2703 2736 praedicando
2741 2690 2845 2729 non
2884 2671 3095 2730 sufﬁcit.
3132 2673 3235 2735 .Lia
3273 2690 3403 2730 vero
3441 2674 3585 2745 lippa
3622 2680 3675 2730 et

2096 2768 2321 2824 fecunda
2344 2775 2444 2832 est,
2472 2766 2596 2837 quia
2623 2766 2795 2821 activa
2818 2766 2929 2819 vita
2954 2766 3079 2829 dum
3101 2776 3394 2834 occupatur
3413 2766 3465 2818 in
3489 2780 3670 2835 opere,

2093 2860 2272 2916 minus
2298 2860 2464 2922 videt,
2494 2857 2588 2913 sed
2615 2858 2741 2912 dum
2768 2857 2925 2910 modo
2966 2871 3062 2926 per
3101 2857 3337 2921 verbum,
3380 2856 3539 2910 modo
3577 2869 3672 2924 per

2094 2949 2421 3019 exemplum,
2447 2948 2513 3002 ad
2539 2946 2888 3002 imitationem
2921 2961 3072 3000 suam
3104 2945 3379 3016 proximos
3405 2946 3670 3009 accendit,

2095 3040 2291 3095 multos
2318 3041 2371 3094 in
2394 3039 2536 3094 bono
2560 3053 2723 3109 opere
2745 3030 2882 3093 ﬁlios
2903 3047 3152 3110 generat;
3177 3047 3231 3094 et
3255 3039 3299 3093 si
3340 3038 3395 3092 in
3427 3046 3671 3092 contem-

2095 3131 2332 3201 platione
2383 3137 2615 3185 mentem
2670 3138 2850 3184 tenere
2899 3143 3003 3183 non
3058 3128 3231 3194 valet,
3270 3144 3339 3185 ex
3381 3144 3448 3184 eo
3492 3137 3672 3184 tamen

2096 3222 2240 3291 quod
2265 3221 2376 3292 agit
2403 3219 2641 3275 exterius
2665 3219 2883 3289 gignere
2906 3233 3167 3287 sequaces
3196 3218 3356 3273 valet.
3406 3217 3535 3273 Post
3568 3218 3676 3272 Lize

2094 3326 2226 3383 ergo
2253 3310 2565 3382 complexus
2607 3311 2673 3363 ad
2700 3308 2988 3363 Raeheiem
3021 3309 3186 3365 Jacob
3220 3310 3488 3381 pervenit,
3529 3308 3673 3379 quod

2092 3402 2335 3473 profecto
2376 3401 2603 3471 quisque
2643 3409 2770 3454 ante
2806 3401 2995 3455 activae
3033 3400 3158 3454 vitae
3192 3402 3259 3456 ad
3291 3400 3674 3457 fecunditatem

2086 3490 2354 3564 jungitur,
2393 3500 2449 3545 et
2486 3498 2608 3561 post
2641 3489 3069 3559 contemplativa:
3108 3491 3176 3544 ad
3216 3490 3457 3561 requiem
3503 3506 3672 3562 copu-

2096 3585 2261 3639 latur.

2167 3675 2334 3731 Fac:o
2363 3693 2512 3731 mane
2541 3676 2671 3730 vidit
2695 3675 2861 3730 Iacob
2884 3675 3058 3742 Liam,
3088 3687 3138 3731 et
3163 3677 3293 3731 dixit
3331 3676 3401 3730 ad
3438 3692 3675 3730 socerum

2095 3783 2288 3825 suum:
2319 3768 2457 3835 Quid
2483 3777 2556 3822 est
2580 3768 2719 3839 quod
2739 3768 2911 3837 facere
2932 3768 3138 3823 voluisti
3158 3768 3184 3822 ν
3234 3766 3422 3821 Nonne
3448 3784 3543 3836 pro
3566 3764 3675 3819 Ra-

2097 3858 2208 3914 chel
2234 3859 2414 3914 servivi
2440 3858 2580 3912 tibi?
2623 3858 2799 3924 Quare
2844 3858 3138 3928 imposuisti
3183 3857 3357 3910 mihi?
3394 3855 3679 3928 Respondit

2096 3951 2279 4007 Laban
2304 3965 2322 4003 :
2355 3951 2478 4006 Non
2500 3958 2575 4004 est
2602 3951 2656 4004 in
2680 3950 2794 4005 loco
2824 3960 2999 4004 nostro
3026 3950 3415 4004 consuetudinis
3436 3960 3493 4003 ut
3513 3950 3676 4003 mineo

2060 4063 2071 4069 ’
2098 4060 2180 4099 res
2213 4053 2332 4099 ante
2365 4042 2637 4097 tradamus
2682 4041 2752 4095 ad
2800 4041 3030 4112 nuptias.
3086 4039 3255 4111 Imple
3297 4040 3675 4095 hebdomadam

2098 4134 2301 4188 dierum
2325 4133 2485 4204 hujus
2507 4130 2727 4203 copulae,
2755 4141 2802 4185 et
2828 4132 2963 4185 hanc
2993 4147 3195 4202 quoque
3233 4130 3368 4184 dabo
3402 4130 3496 4183 tibi
3527 4145 3676 4199 opere

2096 4242 2198 4297 quo
2230 4226 2514 4279 serviturus
2541 4240 2596 4278 es
2622 4222 2751 4276 mihi
2786 4232 2976 4293 septem
3011 4224 3165 4277 annis
3209 4222 3349 4276 aliis.
3408 4220 3677 4292 Acqnievit

2096 4314 2310 4386 placito,
2335 4321 2400 4376 et,
2427 4311 2752 4367 hebdomada
2785 4320 3074 4376 transacta,
3114 4310 3307 4365 Rachel
3348 4310 3499 4363 duxit
3537 4326 3671 4362 uxo-

2100 4423 2227 4470 rem,
2251 4406 2336 4459 cui
2356 4414 2504 4477 pater
2526 4418 2729 4458 servam
2755 4401 2942 4456 Balam
2973 4402 3205 4465 dederat,
3248 4408 3353 4456 etc.
3407 4398 3524 4455 Non
3569 4398 3673 4470 igi-

418 4505 476 4550 ut
503 4496 597 4549 tibi
628 4511 741 4549 eam
782 4494 921 4558 dem,
948 4509 1104 4564 quam
1135 4494 1241 4548 viro
1278 4492 1466 4560 alteri;
1509 4511 1664 4549 mane
1706 4496 1844 4565 apud
1893 4514 1992 4551 me.
2024 4521 2074 4580 D
2102 4506 2208 4563 tur,
2241 4505 2299 4552 ut
2323 4496 2540 4567 quidam
2578 4494 2717 4550 male
2758 4495 3047 4559 aestimant,
3091 4502 3212 4564 post
3256 4502 3463 4563 septem
3506 4508 3677 4548 annos

419 4585 639 4641 Servivit
667 4586 830 4654 igitur
851 4585 1015 4639 Iacob
1037 4600 1130 4654 pro
1158 4583 1351 4639 Rachel
1373 4597 1561 4655 septem
1584 4586 1757 4650 annis,
1786 4598 1833 4641 et
1858 4589 1996 4643 vide-

419 4677 611 4730 bantur
628 4675 707 4728 illi
723 4676 877 4746 pauci
906 4676 1015 4729 dies
1040 4691 1148 4745 pra:
1183 4677 1376 4730 amoris
1403 4677 1778 4746 magnitudine.
1825 4678 1995 4735 Dixit-

419 4784 517 4838 que
545 4766 614 4820 ad
638 4765 819 4820 Laban
844 4783 862 4819 :
889 4765 972 4819 Da
1003 4765 1128 4820 mihi
1157 4782 1371 4820 uxorem
1408 4782 1596 4832 meam,
1630 4769 1754 4839 quia
1795 4777 1995 4839 tempus

416 4855 676 4926 expletum
706 4863 782 4909 est
806 4863 862 4908 ut
896 4853 1162 4925 ingrediar
1187 4854 1257 4908 ad
1279 4871 1412 4908 eam.
1441 4853 1566 4922 Qui,
1598 4859 1790 4912 vocatis
1817 4857 1996 4914 multis

419 4947 705 5001 amicorum
748 4945 916 5000 turbis
961 4945 1031 4999 ad
1069 4945 1377 5011 convivium,
1416 4945 1536 5014 fecit
1562 4948 1804 5018 nuptias;
1832 4959 1882 5002 et
1906 4965 1991 5004 ve-

416 5053 565 5109 spere
585 5036 754 5105 ﬁliam
778 5052 927 5090 suam
956 5034 1105 5089 Liam
1141 5034 1433 5089 introduxit
1458 5035 1526 5089 ad
1556 5019 1697 5102 eum,
1739 5036 1873 5091 dans
1907 5053 1998 5091 an-

338 5200 339 5203 ,
417 5132 595 5188 cilium
624 5131 751 5199 ﬁlia:
778 5128 1027 5200 Zelpham
1047 5128 1275 5194 nomine,
1296 5136 1400 5183 etc.
1444 5126 1595 5196 Quod
1613 5128 1870 5198 scriptum
1892 5137 1993 5192 est,

415 5234 471 5280 et
495 5223 717 5280 servivit
738 5220 903 5278 Iacob
932 5236 1032 5292 pro
1069 5219 1268 5276 Rachel
1299 5220 1457 5275 annis
1484 5228 1710 5290 septem,
1753 5229 1806 5275 et
1841 5228 1999 5275 erant

420 5317 473 5370 in
498 5323 791 5386 conspectu
813 5312 932 5383 ejus
954 5311 1100 5367 velut
1116 5310 1273 5380 pauci
1298 5308 1432 5374 dies,
1467 5325 1533 5365 eo
1564 5310 1706 5379 quod
1744 5309 2000 5380 diligebat

419 5425 561 5473 eam,
604 5407 947 5479 quaerendum
987 5404 1255 5476 quomodo
1286 5403 1488 5458 dictum
1532 5402 1622 5467 sit,
1664 5400 1785 5457 eum
1829 5405 1999 5472 magis

420 5500 585 5553 etiam
614 5498 788 5553 breve
830 5505 1043 5566 tempus
1076 5496 1290 5565 longum
1330 5507 1450 5548 esse
1479 5491 1647 5547 soleat
1670 5493 1995 5547 amantibus.

420 5589 631 5644 Dictum
654 5596 889 5659 estergo
916 5597 1135 5658 propter
1156 5587 1393 5642 laborem
1418 5585 1717 5651 servitutis,
1739 5601 1896 5655 quem
1923 5584 2000 5638 fa-

419 5678 576 5732 cilem
614 5683 670 5732 et
702 5677 874 5732 levem
904 5693 1058 5733 amor
1102 5676 1345 5732 faciebat.
1393 5674 1528 5743 Quid
1570 5676 1622 5730 in
1668 5676 1754 5730 his
1794 5675 1999 5730 duabus

422 5766 682 5819 uxoribus
698 5765 880 5829 Jacob,
903 5766 997 5818 Lia
1022 5765 1268 5821 videlicet
1292 5773 1346 5818 et
1365 5764 1587 5830 Rachel,
1611 5764 1713 5819 nisi
1746 5764 1922 5819 activa
1945 5773 1999 5819 et

2101 4590 2233 4644 alios
2258 4587 2460 4644 Rachel
2486 4586 2690 4656 accepit
2729 4600 2973 4651 uxorem,
3021 4585 3118 4641 sed
3162 4592 3286 4656 post
3323 4595 3528 4654 septem
3562 4585 3679 4640 dies

2101 4678 2408 4749 nuptiarum
2433 4676 2617 4731 uxoris
2637 4675 2843 4745 primae.
2890 4675 3024 4729 Nam
3066 4675 3348 4744 sequitur:
3378 4674 3444 4728 Et
3486 4676 3679 4744 ingrcs-

2099 4785 2189 4823 sus
2214 4779 2287 4822 est
2311 4766 2380 4821 ad
2408 4765 2627 4831 Rachel,
2649 4775 2697 4819 et
2716 4764 2901 4819 dilexit
2922 4764 3118 4819 Rachel
3138 4765 3304 4841 magis
3322 4764 3482 4836 quain
3501 4764 3675 4831 Liam,

2100 4869 2147 4915 et
2173 4859 2375 4914 servivit
2399 4858 2448 4913 ei
2475 4868 2666 4928 septem
2687 4859 2840 4912 annis
2864 4857 3005 4912 aliis.

2663 4946 2891 5004 CAPUT
2953 4947 3115 5002 XVII.

2107 5038 2183 5093 De
2220 5038 2548 5108 generatione
2580 5035 2810 5108 ﬁliorum
2837 5036 3003 5091 Iacob
3038 5053 3104 5092 ea:
3139 5046 3369 5108 quatuor
3404 5037 3673 5092 uxoribus.

2185 5126 2373 5182 Videns
2393 5126 2649 5181 Dominus
2666 5126 2804 5197 quod
2829 5124 3109 5197 despiceret
3137 5127 3313 5194 Liam,
3334 5128 3533 5198 operuit
3568 5126 3682 5180 vul-

2102 5234 2220 5275 vam
2246 5217 2383 5286 ejus,
2410 5233 2588 5271 sorore
2621 5215 2788 5270 sterili
2824 5225 3173 5286 permanente.
3220 5215 3355 5281 Quae
3380 5226 3679 5287 conceptum

2103 5310 2277 5379 genuit
2290 5308 2482 5377 ﬁlium,
2506 5306 2803 5374 vocavitque
2828 5321 3012 5359 nomen
3038 5304 3153 5374 ejus
3166 5295 3388 5370 'Ruben,
3411 5311 3514 5360 etc.
3542 5303 3673 5360 0m-

2104 5398 2251 5453 nium
2279 5397 2732 5467 patriarcharum,
2760 5403 2979 5464 propter
3007 5394 3385 5463 compendium
3412 5394 3675 5458 lectionis,

2102 5489 2452 5560 etymologias
2488 5487 2766 5542 nominum
2805 5485 2926 5539 volo
2962 5485 3165 5555 pariter
3203 5485 3407 5541 dicere.
3458 5484 3675 5558 (Hiero-

2105 5578 2270 5650 nym.)
2297 5576 2364 5631 Et
2387 5582 2609 5641 vocarit,
2639 5577 2831 5645 inquit,
2875 5560 3063 5631 nomen
3091 5577 3205 5646 ejus
3230 5576 3433 5643 Ruben,
3461 5577 3631 5630 dicens
3656 5586 3675 5602 ο

2106 5668 2244 5735 Quia
2272 5669 2397 5723 vidit
2426 5668 2684 5723 Dominus
2712 5669 2766 5723 in
2790 5666 3083 5723 humilitate
3101 5682 3236 5721 mea.
3278 5665 3469 5722 Ruben
3508 5664 3668 5718 inter-

2104 5770 2346 5831 pretatur
2369 5762 2577 5818 visionis
2599 5761 2763 5831 ﬁlius.
