3970 6198
300 247 403 305 597

1329 238 1679 297 COMMENT.
1719 237 1787 293 IN
1825 236 2146 293 GENESIM.
2293 237 2416 291 LIB.
2455 235 2535 293 llL

3452 234 3559 289 5ηὸ

369 361 437 416 Et
466 359 721 429 concepit,
747 358 937 429 inquit,
969 357 1190 411 alterum
1222 356 1410 426 ﬁlium,
1444 366 1492 410 et
1529 356 1661 409 dixit
1692 369 1710 407 :
1736 354 1875 419 Quo.
1908 354 1959 413 Α
1984 354 2194 408 dicatur
2224 354 2292 408 ab
2319 353 2590 417 omnibus,
2619 350 2786 406 lilium
2821 365 2979 405 suum
3012 348 3229 405 beatum
3267 352 3562 405 vocaverit.

298 454 442 508 niam
468 450 734 506 exaudivit
762 466 842 503 me
873 448 1147 512 Dominus,
1174 464 1232 501 eo
1256 446 1394 517 quod
1422 446 1544 500 odio
1574 462 1655 499 me
1678 444 1885 498 haberet

296 541 377 594 uir
407 556 572 603 meus,
596 547 644 592 et
669 536 810 590 dedit
854 537 981 590 mihi
1008 538 1165 590 etiam
1199 535 1371 599 hunc;
1406 543 1456 588 et
1486 534 1679 588 vocavit
1703 549 1888 588 nomen

303 632 416 702 ejus
440 630 676 687 Simeon.
710 630 791 683 Ab
828 645 894 685 eo
934 631 1075 698 quod
1104 630 1175 684 sit
1220 629 1493 692 exaudita,
1524 628 1763 683 Simeoui
1790 643 1889 681 no-

303 738 425 778 men
457 721 730 791 imposuit.
777 719 995 774 Simeon
1018 720 1215 790 quippe
1244 722 1638 789 interpretatur
1660 719 1861 773 auditio

301 810 379 865 De
402 811 563 865 tertio
587 824 718 862 vero
741 808 987 877 sequitur
1017 827 1030 862 :

377 900 445 953 Et
488 898 724 964 concepit
746 898 939 963 adhuc,
962 908 1006 952 et
1029 900 1221 970 peperit
1246 898 1437 968 lilium,
1460 907 1506 951 et
1529 898 1660 951 dixit
1687 910 1705 948 :
1730 896 1887 950 Nunc

302 989 398 1041 erit
430 1002 630 1040 mecum
654 986 730 1040 t'ir
756 1002 918 1049 meus,
949 987 1073 1057 quia
1110 987 1285 1058 peperi
1322 988 1370 1040 ei
1409 997 1512 1041 tres
1558 986 1730 1055 ﬁlios;
1771 986 1886 1039 ideo

303 1078 500 1133 vocavit
536 1093 721 1131 nomen
752 1078 866 1148 ejus
895 1077 1037 1133 Levi.
1092 1078 1193 1134 Ubi
1222 1094 1321 1133 nos
1353 1078 1598 1149 legimus,
1623 1076 1764 1147 apud
1807 1093 1887 1129 me

304 1172 401 1225 erit
445 1162 741 1232 vir‘mcns,
785 1167 976 1238 Aquila
1019 1167 1401 1238 interpretatus
1436 1176 1555 1232 est,
1599 1166 1886 1237 applicabi-

305 1276 393 1319 tur
414 1266 495 1320 uir
516 1282 657 1319 meus
690 1264 835 1328 mihi,
864 1264 1005 1333 quod
1027 1262 1290 1318 llebraice
1322 1263 1519 1319 dicitur
1547 1263 1711 1330 ilaue,
1746 1246 1885 1328 an,

304 1366 361 1412 et
388 1372 419 1411 a
456 1355 764 1412 doctoribus
786 1353 1313 1408 Hebraeorumaliter
1344 1352 1690 1416 transfertur,
1717 1362 1776 1408 ut
1803 1353 1885 1406 di-

304 1455 455 1512 cant,
478 1455 809 1519 persequetur
828 1462 908 1499 me
936 1446 1014 1499 vir
1039 1462 1207 1509 mens,
1231 1445 1284 1499 id
1308 1456 1392 1500 est.
1420 1444 1567 1500 :Non
1588 1444 1799 1515 ambigo
1821 1444 1888 1499 de

306 1554 493 1594 amore
518 1538 568 1591 in
597 1552 682 1591 me
708 1537 805 1590 viri
836 1538 969 1601 mei;
999 1537 1103 1592 erit
1124 1538 1251 1591 mihi
1278 1537 1451 1592 hacin
1473 1537 1583 1591 vita
1610 1552 1812 1600 comes,
1834 1545 1887 1590 et

305 1629 423 1711 ejus
446 1628 657 1684 dilectio
684 1644 766 1683 me
798 1628 862 1682 ad
896 1637 1127 1682 mortem
1154 1642 1321 1696 usque
1343 1628 1588 1683 deducet.
1612 1634 1666 1682 et
1701 1641 1888 1696 prose-

306 1729 535 1789 quetur;
563 1727 674 1774 tres
697 1720 839 1774 enim
863 1719 914 1773 ei
938 1718 1077 1773 filios
1099 1719 1279 1790 genui.

379 1810 447 1867 Et
486 1811 713 1881 concepit
754 1821 803 1866 et
844 1811 1068 1880 peperit,
1105 1820 1153 1864 et
1188 1809 1364 1880 genuit
1406 1808 1577 1878 [ilium
1623 1818 1669 1864 et
1715 1810 1887 1864 dixit:

311 1900 469 1953 Nunc
500 1916 656 1969 super
688 1900 786 1953 hoc
826 1900 1107 1968 conﬁtebor
1141 1899 1400 1966 Domino;
1437 1908 1486 1954 et
1520 1898 1582 1953 ob
1614 1899 1668 1953 id
1695 1900 1890 1954 vocavit

309 2009 495 2046 nomen
520 1993 633 2061 ejus
658 1993 824 2047 Iuda.
872 1990 1006 2047 Juda
1050 1993 1304 2061 confessio
1345 1993 1574 2059 dicitur;
1612 2007 1643 2046 a
1680 1992 1893 2048 confes-

309 2084 462 2139 sione
488 2086 672 2153 utique
697 2084 1024 2140 confessoris
1052 2100 1247 2140 nomen
1293 2093 1376 2141 cst
1401 2086 1624 2141 dictum.
1665 2086 1893 2141 Verum-

311 2188 491 2232 tamen
531 2177 618 2233 hic
655 2175 923 2232 confessio
958 2192 1057 2247 pro
1099 2177 1396 2246 gratiarum
1432 2176 1644 2231 actione
1679 2185 1772 2230 aut
1795 2191 1894 2246 pro

312 2268 468 2322 laude
494 2268 775 2337 accipitur,
806 2277 864 2321 ut
886 2266 1193 2336 frequenter
1227 2267 1276 2321 in
1306 2267 1529 2336 psalmis
1552 2276 1607 2322 et
1632 2267 1684 2320 in
1716 2267 1894 2321 Evan-

311 2357 470 2429 gelia.
519 2356 781 2427 Conﬁteor
831 2358 958 2424 tibi,
991 2358 1195 2427 inquit,
1229 2356 1394 2413 Pater
1431 2357 1651 2413 Domine
1688 2358 1801 2413 caeli
1846 2369 1893 2413 et

312 2458 465 2501 terra:
490 2446 706 2519 (Matth.
747 2448 853 2524 ιιι)Ἰ
883 2449 934 2502 id
973 2457 1076 2514 cst,
1115 2449 1318 2519 gratias
1353 2463 1453 2521 ago
1490 2448 1609 2515 tibi,
1637 2449 1749 2504 sive
1782 2449 1897 2521 glo-

315 2536 537 2592 t'ilicabo
574 2544 647 2591 te.

385 2626 535 2699 (Car.
576 2627 727 2697 xxx.)
768 2627 833 2682 Et
869 2630 1096 2698 concepit
1133 2628 1291 2694 Bala,
1317 2638 1365 2683 et
1405 2632 1597 2700 peperit
1628 2630 1794 2684 Iacob
1828 2631 1896 2700 ﬁ-

314 2716 461 2778 lium,
488 2725 535 2769 et
555 2716 686 2771 dixit
714 2716 905 2773 Rachel
926 2730 944 2768 :
964 2717 1228 2772 Judicarit
1252 2735 1332 2773 me
1356 2718 1607 2772 Dominus
1628 2759 1642 2786 ,
1665 2728 1712 2773 et
1735 2721 1900 2774 exau-

316 2804 443 2861 dirit
477 2822 641 2860 vocem
674 2824 861 2872 meam,
891 2818 936 2861 et
971 2808 1111 2862 dedit
1156 2808 1323 2878 ﬁlium
1343 2825 1362 2873 ;
1394 2816 1666 2879 propterea
1703 2810 1897 2863 vocarit

317 2913 501 2951 nomen
537 2898 649 2967 ejus
695 2898 832 2952 Dan.
884 2899 1112 2955 Causam
1156 2900 1387 2955 nominis
1418 2899 1706 2970 expressit,
1739 2908 1798 2953 ut
1829 2900 1898 2954 ab

317 3009 381 3048 eo
409 2993 552 3063 quod
572 2992 868 3062 judicasset
896 3008 953 3049 se
980 2994 1236 3048 Dominus
1257 3034 1273 3059 ,
1316 2992 1427 3048 ﬁlio
1467 2993 1675 3048 ancilla:
1705 2991 1897 3061 judicii

316 3099 515 3139 nomen
568 3081 884 3155 imponeret.
943 3084 1054 3139 Dan
1099 3086 1295 3157 quippe
1330 3086 1715 3156 interpretatur
1748 3084 1900 3154 judi-

322 3192 480 3233 etum.

392 3268 460 3322 Et
490 3270 721 3340 concepit
741 3269 934 3333 adhuc,
960 3278 1005 3323 et
1033 3268 1229 3339 peperit
1256 3267 1389 3321 Buta
1409 3266 1603 3322 ancilla
1627 3267 1820 3322 Rachel
1838 3268 1902 3336 [i-

321 3358 447 3414 lium
469 3359 751 3412 secundum
777 3358 963 3425 Jacob,
998 3369 1045 3413 et
1087 3358 1219 3413 dixit
1257 3356 1453 3417 Rachel
1483 3366 1500 3409 .'
1525 3357 1781 3412 Habitare
1821 3374 1902 3413 me

324 3449 441 3519 fecit
472 3450 611 3504 Deus
636 3451 954 3504 habitatione
985 3466 1102 3504 cum
1134 3467 1310 3504 sorore
1335 3466 1471 3515 mea,
1500 3460 1547 3504 et
1584 3449 1783 3504 invalui
1798 3465 1817 3514 ;
1854 3457 1902 3502 et

323 3543 515 3597 vocavit
552 3558 735 3596 nomen
774 3543 888 3613 ejus
936 3541 1206 3613 Nephtali.
1263 3542 1493 3599 Causam
1536 3543 1770 3597 nominis
1799 3542 1903 3597 Ne-

321 3634 487 3703 phtali
517 3635 684 3688 multo
710 3635 867 3689 aliter
897 3634 984 3689 hic
1008 3633 1093 3689 lex
1127 3636 1300 3706 ponit,
1338 3651 1502 3706 quam
1542 3637 1593 3690 in
1630 3634 1769 3690 libro
1797 3634 1901 3690 He-

222 3734 233 3745 ’
323 3724 627 3779 braicorum
650 3724 924 3779 nominum
949 3724 1148 3794 scripta
1176 3726 1276 3781 cst.
1322 3725 1473 3783 Unde
1497 3735 1552 3781 et
1573 3725 1761 3796 Aquila
1786 3726 1858 3781 ait
1886 3743 1902 3779 :

322 3817 720 3896 Συνανέῖτρεψιςν
743 3819 807 3890 μέ
833 3817 858 3873 ὁ
880 3820 1024 3883 Θεὸς,
1053 3821 1135 3873 καὶ
1157 3822 1572 3893 συνανεστρέφην.
1598 3818 1702 3873 Pro
1720 3832 1827 3886 quo
1850 3817 1903 3870 in

326 3907 550 3963 Hebraeo
583 3909 841 3978 scriptum
891 3917 995 3975 est,
1042 3905 1323 3979 naphthule
1352 3908 1560 3961 Elohim
1600 3906 1903 3978 napthaleti,

325 3984 525 4061 inﬁrm:
574 3982 752 4058 amba
793 3983 995 4060 νιπῖξιε.
1044 3998 1197 4056 Unde
1235 4014 1267 4053 a
1303 3998 1712 4054 conversatione
1739 4038 1754 4062 ,
1793 3999 1908 4053 sive

326 4091 749 4163 comparatione,
778 4091 904 4160 quia
933 4097 1221 4160 utrumque
1241 4097 1400 4145 sonat
1423 4088 1902 4155 comparationem,

327 4181 436 4235 sive
456 4182 945 4246 conversationem,
962 4182 1065 4236 hoc
1091 4189 1193 4245 est,
1224 4178 1547 4249 Nephtalim,
1572 4176 1682 4231 ﬁlio
1704 4192 1901 4233 nomen

327 4272 599 4343 imposuit.
649 4270 801 4338 Quod
829 4279 1009 4326 autem
1033 4270 1278 4338 sequitur
1304 4286 1317 4321 :

394 4362 462 4417 Et
493 4363 687 4453 peperit
716 4360 934 4433 Zelpha,
962 4360 1154 4416 ancilla
1184 4360 1313 4423 Lia',
1342 4358 1508 4413 Iacob
1535 4357 1729 4429 ﬁlium,
1750 4366 1796 4411 et
1820 4357 1906 4412 di-
1934 4393 1988 4453 Β

327 4455 401 4512 xit
426 4454 523 4508 Lia
546 4471 564 4509 :
591 4452 655 4507 In
681 4453 927 4523 fortuna;
960 4462 1008 4508 et
1030 4453 1222 4507 vocavit
1261 4470 1447 4507 nomen
1478 4452 1592 4523 ejus
1631 4450 1769 4507 Gud.
1806 4450 1910 4505 Ubi

330 4562 425 4603 nos
445 4546 724 4616 posuimus
746 4546 800 4598 in
822 4544 1065 4615 fortuna,
1109 4551 1163 4598 et
1199 4542 1384 4599 Graece
1430 4543 1627 4598 dicitur
1659 4544 1714 4598 in
1741 4544 1907 4613 τύχῃ,

328 4635 470 4704 quod
495 4642 673 4704 potest
693 4644 748 4688 et
767 4640 1003 4687 eventus
1027 4631 1151 4697 dici,
1190 4632 1242 4686 in
1270 4631 1497 4687 Hebraeo
1526 4631 1690 4688 habet
1717 4630 1907 4701 bagad,

325 4735 444 4789 τῷ,
484 4723 629 4793 quod
663 4722 854 4793 Aquila
892 4723 1278 4791 interpretatur
1323 4722 1458 4776 venit
1493 4721 1763 4788 accinctio,
1810 4735 1911 4776 nos

327 4827 508 4873 autem
532 4817 713 4872 dicere
741 4830 1024 4888 possumus
1048 4816 1103 4869 in
1123 4815 1412 4888 procinctu.
1459 4812 1539 4868 Ba
1561 4812 1706 4869 enim
1733 4819 1913 4882 potest

327 4918 379 4965 et
405 4909 781 4981 praepositione
802 4924 996 4965 sonare
1031 4907 1113 4972 in,
1144 4914 1201 4962 et
1239 4908 1393 4960 venit.
1432 4906 1516 4960 Ab
1551 4912 1746 4961 eventu
1785 4918 1915 4976 ergo

329 5004 443 5063 sive
465 5003 762 5074 procinctu,
794 5001 884 5072 qui
909 5000 1012 5071 gad
1036 4998 1256 5065 dicitur,
1284 4995 1401 5053 Gad
1425 4997 1638 5067 Zelpbae
1661 4995 1802 5051 illius
1822 5010 1917 5050 vo-

331 5104 485 5152 catus
506 5102 609 5150 est.
660 5092 918 5163 Sequitur
940 5108 954 5145 :

400 5186 471 5241 Et
490 5186 685 5258 peperit
703 5181 900 5253 Zelpha
923 5180 1117 5235 ancilla
1149 5179 1256 5234 Lite
1288 5178 1455 5248 ﬁlium
1499 5176 1782 5231 secundum
1818 5175 1915 5230 Ja-

332 5277 446 5343 cob,
466 5286 515 5331 et
545 5274 681 5328 dixit
709 5272 806 5326 Lia
835 5286 855 5327 :
883 5270 1047 5325 Beata
1077 5286 1191 5340 ego,
1218 5269 1341 5339 quia
1375 5265 1669 5335 beatiﬁcant
1700 5281 1780 5318 me
1801 5280 1917 5316 mu-

330 5369 514 5431 lieres;
536 5374 584 5421 et
610 5363 807 5418 vocavit
830 5377 1015 5417 nomen
1037 5360 1150 5430 ejus
1172 5358 1300 5413 Aser
1320 5356 1533 5410 dicitur.
1570 5353 1703 5407 Male
1724 5353 1918 5407 additae

331 5467 454 5515 sunt
478 5456 700 5523 divitiae,
726 5457 778 5512 id
798 5463 902 5521 est,
925 5457 1163 5517 πλοῦτος,
1191 5465 1315 5505 cum
1340 5445 1659 5520 etymologia
1684 5444 1917 5499 nominis

332 5550 468 5608 Aser
496 5547 792 5618 Scriptura:
816 5545 1137 5601 auctoritate
1158 5542 1424 5614 pandatur
1457 5537 1685 5593 dicentis
1714 5554 1728 5590 :
1758 5536 1826 5590 Et
1850 5535 1918 5590 ab

335 5653 398 5697 eo
423 5638 566 5709 quod
594 5635 902 5694 beatiﬁcant
924 5651 1010 5691 me
1037 5632 1310 5698 mulieres,
1336 5636 1391 5685 ct
1412 5628 1479 5684 ab
1508 5641 1572 5684 co
1596 5624 1738 5698 quod
1760 5625 1918 5681 beata

1985 444 2122 499 Aser
2148 460 2279 513 ergo
2312 460 2418 498 non
2446 444 2669 509 divitiae,
2699 443 2795 498 sed
2832 443 3022 497 beatus
3051 442 3267 506 dicitur,
3309 442 3571 495 duntaxat

1988 531 2038 585 in
2061 532 2313 601 prtesenti
2336 531 2472 587 loco.
2522 531 2659 586 Nam
2683 532 2735 585 in
2765 530 2907 596 aliis,
2928 531 3223 585 secundum
3245 529 3571 599 ambiguita—

1988 634 2094 681 tem
2133 626 2303 687 verbi,
2340 634 2568 696 possunt
2604 632 2659 679 et
2695 624 2895 678 divitia:
2928 622 3010 677 sic
3045 621 3247 676 vocari.

2057 714 2122 768 Et
2150 715 2347 769 audivit
2381 715 2515 769 Deus
2546 713 2714 777 Liam,
2750 724 2797 768 et
2828 713 3078 782 concepit,
3108 720 3153 765 et
3181 708 3373 780 peperit
3403 706 3569 760 Iacob

1984 804 2153 870 ﬁlium
2186 803 2446 874 quintum,
2489 812 2536 856 et
2579 801 2711 855 dixit
2743 801 2840 853 Lia
2869 814 2887 851 :
2918 799 3068 853 Dedit
3092 799 3344 852 Dominus
3378 811 3573 849 merce-

1984 891 2100 943 dem
2137 907 2324 956 meam,
2352 891 2474 962 quia
2504 889 2622 943 dedi
2646 887 2894 942 ancillam
2925 903 3092 941 meam
3123 888 3228 940 viro
3259 902 3391 947 meo,
3416 892 3463 936 et
3485 899 3572 937 eo-

1986 982 2117 1034 carit
2138 997 2322 1033 nomen
2354 980 2426 1033 eis
2458 978 2722 1032 Issachar.
2778 977 3170 1048 Etymologiam
3204 973 3438 1028 nominis
3473 970 3572 1025 Sc-

1986 1072 2261 1142 ptuaginta
2288 1072 2609 1141 interpretes
2634 1070 2935 1132 ediderunt,
2963 1078 3035 1121 est
3067 1084 3277 1121 merces.
3324 1066 3439 1120 Non
3467 1064 3568 1135 igi-

1989 1172 2095 1227 tur,
2123 1171 2183 1217 ut
2202 1164 2442 1234 plerique
2470 1163 2651 1217 addito
2679 1160 3000 1230 pronomine
3030 1159 3167 1213 male
3191 1159 3396 1227 legunt,
3428 1156 3577 1212 :lei-
3604 1215 3609 1221 _

1988 1257 2239 1310 mandum
2272 1264 2352 1310 est
2389 1256 2460 1308 ita
2486 1255 2742 1323 scriptum
2774 1268 2916 1319 esse,
2941 1253 3084 1321 quod
3111 1259 3194 1305 est
3219 1265 3448 1314 merces,
3475 1248 3573 1303 sed

1989 1354 2159 1402 totum
2200 1360 2392 1401 nomen
2437 1346 2856 1415 interpretatur,
2905 1353 2977 1397 est
3027 1358 3240 1395 merces.
3292 1339 3376 1393 les
3403 1380 3417 1401 ,
3463 1346 3571 1403 Ib",

1987 1438 2183 1507 quippe
2207 1437 2421 1502 dicitur,
2446 1447 2541 1500 est,
2567 1446 2621 1489 et
2644 1437 2852 1497 sachar,
2873 1445 3018 1495 τω,
3052 1449 3264 1486 merces.
3328 1431 3439 1484 Hoc
3468 1446 3565 1481 au-

1989 1536 2095 1583 tem
2115 1527 2255 1591 ideo,
2278 1527 2402 1595 quia
2434 1526 2805 1597 mandragoris
2838 1525 2928 1578 ﬁlii
2956 1524 3143 1579 Ruben
3175 1521 3454 1576 introitum
3479 1519 3574 1588 qui

1989 1617 2209 1673 Racheli
2240 1616 2533 1673 debebatur
2564 1616 2629 1670 ad
2657 1632 2713 1671 se
2740 1616 2836 1669 viri
2869 1623 3093 1670 emerat.
3151 1611 3406 1680 Sequitur
3442 1630 3453 1663 :

1916 1697 1962 1756 Β
2060 1708 2128 1763 Et
2157 1708 2386 1779 concepit
2414 1706 2509 1760 Lia
2538 1707 2731 1771 adhuc,
2755 1691 2800 1760 et
2826 1706 3017 1776 peperit
3056 1705 3225 1774 ﬁlium
3259 1712 3460 1758 sextum
3481 1702 3579 1756 Ja-

1991 1801 2103 1865 cob,
2131 1810 2178 1853 et
2199 1799 2332 1853 dixit
2360 1798 2455 1852 Lia
2479 1811 2497 1848 :
2519 1796 2727 1850 Dotavit
2759 1812 2839 1849 me
2865 1795 3118 1849 Dominus
3140 1795 3258 1849 dote
3286 1796 3441 1847 bona.
3498 1793 3579 1847 Ea:

1989 1892 2086 1944 hoc
2111 1899 2338 1960 tempore
2361 1888 2610 1943 habitabit
2642 1901 2841 1941 mecum
2872 1886 2949 1939 vir
2981 1901 3146 1949 mens,
3178 1885 3300 1956 quia
3323 1885 3494 1955 peperi
3532 1885 3578 1937 ei

1990 1998 2082 2036 sex
2120 1981 2281 2050 ﬁlios.
2325 1978 2394 2033 Et
2437 1978 2632 2032 vocavit
2671 1993 2856 2031 nomen
2881 1975 2995 2046 ejus
3033 1973 3292 2028 Zabulm.
3331 1973 3434 2029 Ubi
3481 1988 3579 2027 nos

1992 2071 2291 2142 posuimus,
2323 2068 2573 2123 habitabit
2597 2084 2817 2133 mecum,
2851 2074 2904 2121 et
2934 2064 3284 2137 Septuaginta
3315 2065 3580 2134 interpre-

1996 2162 2092 2216 tati
2136 2168 2283 2227 sunt,
2328 2158 2506 2230 diliget
2549 2175 2646 2221 me,
2689 2159 2741 2212 in
2787 2157 3011 2213 Hebraeo
3047 2156 3294 2219 habetur,
3330 2154 3577 2219 lsboleni,

1993 2238 2159 2314 ubam
2187 2260 2240 2309 et
2268 2259 2353 2307 est
2374 2266 2565 2307 sensus
2591 2271 2601 2303 :
2635 2250 2767 2318 Quia
2792 2265 2885 2306 sex
2910 2250 3047 2304 tilios
3070 2249 3227 2321 genui
3250 2248 3438 2311 Iacob,
3466 2263 3583 2317 pro—

1994 2355 2178 2418 pterea
2217 2344 2328 2415 jam
2376 2358 2565 2399 secura
2605 2358 2755 2408 sum;
2802 2342 3065 2396 habitabit
3105 2356 3339 2410 namque
3370 2355 3582 2394 mecum

1997 2440 2080 2494 vir
2100 2452 2251 2493 meus
2282 2455 2294 2491 :
2324 2436 2465 2491 unde
2493 2442 2547 2488 et
2579 2434 2717 2488 ﬁlius
2742 2448 2892 2487 meus
2926 2441 3148 2486 vocetur
3191 2429 3580 2485 habitaculum.

1999 2532 2133 2586 Male
2172 2531 2334 2602 igitur
2360 2537 2414 2583 et
2434 2527 2697 2582 violenter
2734 2525 2785 2579 in
2824 2525 2960 2579 libro
2984 2520 3293 2586 Nominum,
3342 2519 3582 2575 Zabulon

1997 2626 2186 2695 [luctus
2213 2621 2379 2674 noctis
2403 2620 2806 2688 interpretatur.

2072 2714 2139 2768 Et
2188 2720 2300 2784 post
2344 2712 2442 2765 hoc
2481 2709 2673 2781 peperi!
2711 2708 2904 2777 filiam,
2941 2714 2989 2760 et
3030 2704 3223 2759 vocavit
3262 2716 3444 2755 nomen
3468 2702 3583 2770 ejus

2001 2805 2160 2860 Dina.
2208 2802 2336 2857 Haec
2371 2799 2697 2855 transfertur
2731 2799 2786 2852 in
2821 2810 3059 2859 causam,
3092 2807 3254 2863 quam
3286 2790 3589 2863 signiﬁcan-

2001 2896 2107 2951 tius
2136 2894 2321 2950 Graece
2346 2889 2482 2951 δίκην
2506 2895 2720 2944 vocant.
2773 2885 2943 2957 Jurgii
2973 2898 3207 2953 namque
3246 2883 3298 2936 in
3328 2880 3585 2936 Sichimis

2002 3004 2165 3044 causa
2190 2985 2415 3041 exstitit.
2462 2983 2587 3038 Post
2619 2980 2756 3035 ﬁlios
2791 2988 2847 3035 et
2882 2984 3165 3049 parentum
3193 2974 3438 3045 ponenda
3462 2981 3589 3027 sunt

2005 3079 2242 3135 nomina.
2294 3076 2389 3130 Lia
2425 3074 2815 3143 interpretatur
2854 3068 3119 3123 laborans.
3182 3063 3382 3143 Rachel
3430 3065 3584 3118 ovis:

2002 3170 2156 3240 cujus
2180 3170 2318 3224 illius
2344 3166 2543 3235 Ioseph
2566 3206 2580 3230 ,
2611 3163 2679 3218 ab
2709 3178 2774 3219 co
2800 3158 2941 3232 quod
2984 3160 3086 3215 sibi
3120 3158 3283 3212 alium
3325 3146 3446 3209 addi
3476 3169 3588 3207 ma-

2005 3271 2088 3317 ter
2110 3265 2408 3330 optaverat,
2435 3262 2657 3310 vocatur
2680 3262 3037 3324 augmentum.
3069 3249 3223 3304 Nunc
3251 3256 3428 3301 autem
3460 3245 3589 3315 quid

2004 3368 2185 3409 rerum
2213 3348 2636 3422 signiﬁcaverim
2657 3355 2885 3415 quatuor
2908 3358 3103 3398 uxores
3124 3339 3310 3404 Iacob,
3345 3352 3588 3407 quaeren-

2005 3442 2131 3496 dum
2157 3448 2263 3505 est,
2293 3452 2521 3509 quarum
2544 3437 2661 3491 dua:
2683 3435 2886 3498 liberte,
2915 3432 3033 3487 dum
3054 3429 3259 3486 ancilla:
3283 3428 3454 3482 fuere.
3498 3425 3590 3479 Vi-

2007 3533 2182 3587 dimus
2216 3545 2448 3599 namque
2477 3527 2792 3598 Apostolum
2826 3526 2879 3579 in
2915 3524 3083 3577 libera
3112 3531 3167 3578 et
3200 3519 3418 3587 ancilla,
3453 3532 3588 3587 quas

2005 3625 2239 3682 habebat
2273 3624 2578 3686 Abraham,
2612 3620 2719 3685 duo
2741 3617 3084 3674 Testamenta
3122 3614 3439 3684 intelligere.
3483 3609 3590 3665 Sed

2006 3716 2079 3771 ibi
2113 3716 2167 3770 in
2207 3730 2313 3769 una
2339 3720 2394 3769 et
2422 3728 2529 3767 una
2574 3710 2786 3766 facilius
2814 3716 3039 3778 apparet
3082 3705 3226 3775 quod
3249 3703 3467 3766 dicitur,
3499 3700 3590 3754 hic

2008 3817 2189 3863 autem
2235 3807 2354 3861 dua:
2400 3811 2528 3860 sunt
2554 3812 2612 3858 et
2656 3802 2796 3856 dote.
2852 3798 3058 3855 Deinde
3090 3797 3164 3852 ibi
3205 3795 3414 3851 ancillae
3444 3794 3585 3848 lilius

2007 3897 2406 3953 ethredatur.
2456 3893 2558 3948 Hic
2599 3907 2729 3946 vero
2775 3888 3095 3944 ancillarum
3145 3886 3238 3941 lilii
3278 3883 3438 3939 simul
3463 3898 3589 3938 cum

2007 3988 2132 4042 ﬁliis
2159 3988 2451 4042 liberarum
2488 3991 2686 4038 terram
2709 3978 3087 4052 promissionis
3119 3975 3413 4046 accipiunt.
3437 3973 3588 4030 Unde

2009 4076 2197 4149 procul
2255 4073 2416 4130 dubio
2441 4072 2643 4143 aliquid
2684 4070 3021 4142 signiﬁcatur
3048 4107 3063 4134 ,
3113 4080 3423 4138 quanquam
3473 4064 3593 4120 duae

2008 4169 2192 4223 liberae
2230 4180 2426 4220 uxores
2471 4162 2657 4226 Jacob,
2694 4161 2762 4216 ad
2796 4174 2992 4214 novum
3033 4162 3443 4217 testamentum,
3485 4168 3606 4224 quo.
3680 4210 3686 4223 ,

2011 4259 2066 4314 in
2108 4258 2355 4313 libertate
2398 4253 2572 4309 vocati
2619 4267 2805 4307 sumus
2852 4249 3235 4305 existimentur
3283 4245 3590 4318 pertinere,

2011 4367 2119 4407 non
2145 4359 2323 4406 tamen
2344 4346 2547 4402 frustra
2572 4346 2690 4401 duae
2712 4351 2855 4407 sunt,
2874 4341 2977 4398 nisi
3001 4340 3127 4414 quia
3149 4340 3267 4395 duae
3283 4338 3411 4393 vita:
3435 4336 3593 4392 nobis

2018 4443 2073 4497 in
2101 4440 2304 4497 Christi
2325 4453 2551 4508 corpore
2593 4434 2990 4507 praedicantur:
3023 4446 3131 4487 una
3159 4427 3478 4500 temporalis
3496 4468 3511 4494 ,
3536 4428 3592 4482 in

2018 4548 2125 4603 qua
2151 4532 2492 4594 laboramus;
2522 4527 2625 4581 alia
2647 4535 2871 4589 aeterna,
2894 4523 2948 4577 in
2972 4538 3078 4593 qua
3107 4520 3455 4576 dilectionem
3492 4518 3592 4574 Dei

2018 4620 2519 4691 contemplabimur.
2538 4617 2634 4671 Lia
2655 4629 2885 4685 uanique
2910 4614 3297 4681 interpretatur
3321 4604 3590 4664 laborans.

2018 4711 2221 4766 Rachel
2261 4718 2442 4764 autem
2469 4709 2608 4763 visus
2646 4705 2987 4777 principium,
3016 4703 3132 4757 sive
3168 4700 3399 4758 verbum.
3431 4698 3591 4754 Actio

2017 4816 2146 4874 ergo
2195 4800 2354 4871 hujus
2382 4799 2504 4852 vitae
2532 4838 2545 4863 ,
2579 4798 2633 4851 in
2665 4811 2769 4867 qua
2801 4794 3032 4849 vivimus
3056 4808 3124 4848 ex
3153 4792 3257 4848 fide
3282 4833 3298 4858 ,
3324 4789 3592 4847 laboriosa

2015 4892 2175 4949 estin
2218 4890 2493 4960 operibus,
2521 4896 2576 4942 et
2625 4886 2830 4941 incerta
2859 4899 2966 4954 quo
3011 4884 3158 4939 exitu
3211 4881 3497 4953 perveniat
3524 4880 3593 4933 ad

2016 4982 2303 5036 utilitatem
2330 4993 2518 5035 eorum
2550 4976 2742 5046 quibus
2764 4973 3044 5032 consulere
3074 4971 3336 5051 volumus.
3362 4970 3479 5041 ipsa
3509 4978 3593 5024 est

2016 5073 2113 5128 Lia
2140 5072 2292 5143 prior
2328 5085 2466 5124 uxor
2497 5066 2696 5131 Iacob,
2727 5081 2790 5121 ac
2816 5080 2914 5135 per
2940 5066 3043 5119 hoc
3070 5070 3123 5117 et
3149 5060 3376 5116 infirmis
3420 5058 3593 5114 oculis

2019 5164 2186 5221 fuisse
2228 5166 2706 5219 commemoratur.
2743 5156 3107 5229 Cogitationes
3133 5165 3363 5221 namque
3392 5160 3595 5205 morta-

2019 5256 2149 5310 lium
2198 5253 2515 5315 timidas,“
2538 5251 2759 5305 incertae
2801 5256 2925 5303 sunt
2972 5242 3321 5314 providentia:
3372 5250 3591 5296 nostrze.

2022 5352 2158 5423 Spes
2184 5365 2314 5405 vero
2353 5355 2568 5403 aeterna:
2612 5338 3077 5412 contemplationis
3109 5336 3219 5397 Dei,
3248 5334 3451 5390 habens
3476 5347 3595 5388 cer-

2020 5452 2132 5500 tam
2175 5440 2578 5511 intelligentiam
2607 5433 2872 5497 veritatis,
2903 5431 3015 5501 ipsa
3057 5434 3142 5481 est
3182 5423 3420 5480 Rachel:
3454 5424 3597 5478 unde

2021 5543 2076 5590 et
2105 5533 2304 5588 dicitur
2323 5533 2460 5587 bona
2492 5528 2629 5583 facie
2651 5534 2706 5580 et
2731 5521 2955 5593 pulchra
3005 5516 3203 5588 specie.
3252 5513 3403 5569 Hanc
3450 5521 3597 5567 amat

2022 5623 2167 5680 enim
2219 5621 2394 5678 omnis
2422 5619 2509 5690 pie
2537 5614 2840 5680 studiosus,
2885 5615 2939 5665 et
2980 5614 3200 5677 propter
3241 5603 3378 5660 hanc
3429 5602 3605 5699 servit.
