3962 6198
333 226 441 282 599

978 224 1038 279 Β.
1081 225 1333 281 RABANI
1374 226 1591 284 MAURl
1628 226 1946 284 ARCHIEP.
1989 227 2297 286 MOGUNT.
2340 227 2624 285 OPERUM
2666 228 2844 286 PARS
2885 230 2923 284 l.

3492 236 3605 293 609

330 339 518 410 gratiae
542 339 657 402 Dei,
689 353 792 407 qua
817 332 1028 408 peccata
1052 350 1230 393 nostra
1258 351 1302 394 et
1326 343 1371 395 si
1395 341 1592 411 fuerint
1619 345 1751 397 sicut
1780 345 1915 413 phte-
1943 346 1990 405 Α
2020 344 2165 399 videt
2194 344 2245 397 in
2272 343 2540 415 principio
2563 343 2801 401 Verbum
2829 316 2998 400 Deum
3023 348 3161 416 apud
3205 348 3397 415 Deum,
3422 362 3473 406 et
3496 355 3606 408 vult

329 431 545 497 nicium,
601 439 851 500 tanquam
898 428 990 482 nix
1037 429 1441 487 dealbabuntur.
1495 433 1676 489 Laban
1715 435 1913 506 quippe

326 524 715 593 interpretatur
755 522 1040 589 dealbatio,
1086 525 1173 580 cui
1229 525 1454 580 servivit
1493 523 1659 580 Jacob
1696 535 1916 597 propter

325 612 551 668 Rachel.
580 611 766 682 Neque
790 613 934 668 enim
964 629 1023 669 se
1062 615 1291 685 quisque
1312 616 1578 671 convertit
1609 617 1709 672 sub
1735 616 1909 685 gratia

324 703 663 760 remissionis
718 713 1063 773 peccatorum
1119 706 1325 762 servire
1380 703 1646 775 justitim,
1696 706 1802 761 nisi
1854 715 1913 761 ut

322 803 506 873 quiete
554 803 703 856 vivat
758 803 810 857 in
869 802 1053 867 verbo,
1077 817 1142 857 ex
1172 817 1279 872 quo
1323 803 1535 858 videtur
1562 802 1908 872 principium,

321 894 465 961 quod
505 901 588 949 est
614 894 775 949 Deus.
824 894 964 964 Ergo
1003 905 1225 965 propter
1271 893 1508 959 Rachel,
1545 909 1649 949 non
1688 902 1911 965 propter

322 985 472 1042 Liam
504 988 757 1042 servitur.
805 986 938 1041 Nam
965 987 1088 1056 quis
1122 995 1329 1042 tantum
1357 986 1620 1041 amaverit
1651 986 1703 1040 in
1726 985 1904 1055 operi-

319 1082 420 1136 bus
469 1079 694 1150 justitim
726 1080 967 1135 laborem
1023 1078 1296 1133 actionum
1344 1086 1508 1148 atque
1557 1077 1909 1147 passionum?

316 1171 440 1240 quis
463 1186 582 1225 eam
627 1171 791 1225 vitam
818 1179 1038 1241 propter
1080 1169 1313 1241 seipsam
1340 1169 1595 1240 petierit?
1638 1169 1779 1223 sicut
1809 1183 1908 1223 nec

314 1260 480 1317 Jacob
505 1261 680 1328 Liam,
711 1263 805 1318 sed
831 1272 1039 1317 tantum
1082 1261 1183 1317 sibi
1214 1262 1265 1315 in
1299 1269 1456 1317 nocte
1486 1260 1820 1330 suppositam
1853 1259 1905 1314 in

315 1371 412 1411 usu
434 1357 727 1428 generandi
753 1357 1065 1426 amplexus,
1095 1354 1475 1411 fecunditatem
1504 1354 1620 1425 ejus
1648 1362 1906 1420 expertus

312 1456 414 1502 est.
448 1448 710 1504 Dominus
736 1448 880 1503 enim
906 1462 1048 1512 eam,
1084 1447 1209 1517 quia
1239 1462 1335 1517 per
1359 1446 1592 1516 seipsam
1618 1444 1761 1516 diligi
1797 1458 1903 1498 non

309 1546 521 1606 poterat
565 1539 763 1609 primo,
796 1547 855 1592 ut
902 1538 969 1592 ad
1001 1537 1204 1593 Rachel
1255 1536 1637 1615 perveniretur
1676 1536 1900 1591 tolerari

310 1627 459 1693 fecit,
504 1628 698 1685 deinde
738 1639 961 1701 propter
990 1630 1129 1685 ﬁlios
1173 1629 1592 1685 commendavit.
1639 1628 1715 1682 Ita
1771 1644 1903 1683 vero

2018 432 2247 505 parere,
2272 443 2327 490 et
2368 449 2474 490 non
2500 443 2700 506 potest,
2727 437 2851 505 quia
2896 434 3299 493 Generationem
3325 439 3442 510 ejus
3487 446 3613 514 quis

2017 524 2324 581 enarrabit?
2352 525 2586 595 Ideoque
2628 526 3028 597 contemplandi
3056 528 3166 583 otia
3189 530 3416 599 appetit,
3436 540 3497 587 ut
3525 533 3615 590 di-

2016 616 2294 670 vinitatem
2326 616 2650 673 ineﬁabilem
2698 627 2914 673 cernat.
2950 618 3160 675 Vacare
3188 620 3302 675 vult
3345 622 3415 678 ab
3456 628 3615 682 omni

2015 707 2252 777 negotio,
2285 715 2342 763 et
2372 706 2493 764 ideo
2522 708 2743 774 sterilis,
2770 710 2898 780 quia
2922 710 2975 765 in
3002 712 3164 767 variis
3190 716 3462 782 pressuris
3498 732 3608 772 non

2014 798 2285 854 subvenit.
2318 797 2423 853 Sed
2454 799 2579 869 quia
2608 801 2725 869 ipsa
2754 801 3025 857 interdum
3067 804 3390 872 procreandi
3422 806 3609 861 chari-

2016 895 2125 943 tate
2155 888 2451 944 inardescit
2496 889 2633 961 (vult
2655 890 2801 945 enim
2826 892 3024 948 docere
3070 894 3213 962 quod
3241 894 3434 968 novit),
3458 896 3606 951 videt

2012 992 2252 1034 sororem
2304 980 2488 1036 labore
2534 982 2730 1052 agendi
2759 981 2885 1037 ﬁliis
2928 984 3293 1047 abundantem
3317 1026 3333 1051 ,
3362 994 3418 1042 et
3457 987 3609 1044 dolet

2009 1069 2190 1141 potius
2216 1086 2437 1128 currere
2458 1072 2703 1128 homines
2728 1073 2798 1128 ad
2826 1087 2947 1127 eam
2970 1074 3250 1140 virtutem,
3276 1091 3384 1146 qua
3407 1091 3600 1132 eorum

2010 1150 2423 1219 necessitatibus
2449 1163 2780 1229 consulatur,
2805 1178 2966 1233 quam
2990 1165 3058 1219 ad
3105 1164 3253 1219 illam
3296 1166 3439 1221 unde
3469 1166 3601 1222 divi-

2003 1269 2137 1307 num
2179 1253 2384 1323 aliquid
2404 1254 2653 1310 discitur.
2696 1253 2796 1311 Hic
2824 1256 2979 1311 dolor
3007 1255 3271 1328 ﬁguratus
3293 1258 3514 1313 videtur
3544 1258 3599 1314 in

2007 1360 2073 1400 eo
2116 1346 2262 1416 quod
2317 1346 2577 1417 scriptum
2633 1355 2760 1402 est:
2800 1346 2869 1401 Et
2924 1347 3107 1402 celavit
3135 1347 3333 1402 Rachel
3360 1364 3598 1403 sororem

2005 1454 2175 1493 suam.
2209 1438 2438 1493 Proinde
2462 1438 2589 1509 quia
2612 1439 2792 1509 'pnrus
2822 1439 3126 1495 intellectus
3146 1438 3448 1509 spiritualis
3474 1438 3599 1493 sub-

2004 1526 2219 1582 stantia:
2240 1528 2424 1584 verbis
2456 1543 2630 1584 carne
2658 1529 2820 1585 editis
2844 1530 3070 1600 exprimi
3093 1545 3197 1589 non
3211 1537 3407 1601 potest,
3433 1530 3594 1601 elegit

2004 1620 2253 1676 doctrina
2292 1620 2575 1691 sapientiae
2636 1637 2736 1693 per
2766 1621 3039 1694 quaslibet
3065 1635 3358 1692 corporeas
3401 1622 3594 1676 simili-

308 1717 457 1773 ulilis
496 1719 866 1788 unusquisque
897 1720 991 1775 Dei
1020 1735 1210 1775 servus
1236 1720 1337 1775 sub
1369 1718 1723 1776 dealbalionis
1769 1734 1893 1789 pec-
1928 1702 1970 1760 Β
2002 1711 2213 1767 tudines
2243 1711 2520 1768 insinuare
2549 1712 2778 1779 divinas,
2807 1715 2947 1770 sicut
2969 1713 3129 1786 elegit
3156 1712 3359 1770 Rachel
3381 1728 3453 1769 ex
3477 1714 3595 1769 vim

308 1818 554 1864 catorunt
576 1826 796 1866 suorum
820 1811 994 1884 gratia
1018 1812 1366 1877 constitutus,
1382 1811 1510 1881 quid
1530 1809 1673 1866 aliud
1690 1826 1899 1876 amans,

307 1910 363 1958 et
408 1902 463 1957 in
508 1916 606 1958 sua
658 1904 1069 1959 conversatione
1123 1903 1433 1971 meditatur,
1461 1901 1563 1958 nisi
1599 1902 1901 1959 doctrinam

307 1994 621 2064 sapientiae?
643 1996 814 2061 Quam
837 1993 1086 2065 plerique
1105 2003 1452 2064 suscepturos
1480 2000 1670 2064 putant
1693 1993 1897 2057 statim,

264 2097 276 2106 °
307 2093 366 2139 ut
386 2100 447 2141 se
474 2082 527 2140 in
558 2095 761 2157 septem
786 2086 1068 2158 praeceptis
1092 2085 1228 2158 legis
1248 2085 1607 2150 exercuerim,
1634 2099 1755 2155 quas
1775 2091 1902 2139 sunt

305 2175 374 2231 de
420 2174 709 2232 dilectione
760 2176 991 2246 proximi
1034 2189 1103 2231 ne
1132 2168 1329 2246 cuique
1377 2182 1655 2240 noceatur,
1686 2174 1740 2229 id
1770 2182 1895 2229 est:

310 2263 528 2321 Honora
576 2275 775 2338 patrem
822 2275 972 2321 tuum
996 2275 1044 2322 et
1084 2276 1324 2320 matrem.
1383 2265 1505 2319 Non
1534 2265 1894 2320 mazchaberis.

311 2353 430 2410 Non
451 2355 673 2411 occides.
700 2355 823 2411 Non
846 2356 1129 2426 furaberis.
1166 2354 1287 2410 Non
1315 2353 1510 2426 falsum
1540 2356 1894 2410 testimonium

301 2446 464 2501 dices.
493 2445 616 2502 Non
643 2447 974 2518 concupisces
1001 2462 1214 2501 uxorem
1236 2445 1461 2516 proximi
1485 2444 1580 2499 tui.
1612 2444 1737 2499 Non
1766 2461 1892 2499 con-

301 2538 531 2608 cupisces
556 2554 659 2593 rem
679 2537 907 2607 proximi
927 2539 1003 2591 tui
1035 2536 1233 2607 (Exod.
1265 2536 1379 2607 xx).
1412 2534 1619 2603 Quibus
1640 2533 1897 2590 observa-

302 2627 391 2688 tis,
432 2635 786 2698 posteaquam
841 2626 1046 2682 homini
1108 2642 1208 2697 pro
1267 2626 1557 2696 concupita
1606 2625 1894 2682 dilectione

300 2718 578 2783 doctrinm,
611 2733 709 2789 per
737 2719 1063 2774 tentationcs
1092 2718 1293 2785 varias,
1322 2718 1477 2788 quasi
1507 2733 1605 2788 per
1624 2718 1787 2789 hujus
1808 2733 1895 2773 se-

302 2808 407 2863 culi
459 2818 674 2865 noctem
716 2809 1003 2865 tolerantia
1042 2809 1245 2866 laboris
1282 2810 1590 2876 adhzeserit,
1621 2810 1765 2867 velut
1793 2826 1892 2881 pro

300 2899 502 2956 Rachel
546 2901 641 2956 Lia
690 2900 969 2973 inopinata
996 2902 1361 2974 conjungitur,
1389 2910 1445 2973 et
1467 2901 1607 2958 hanc
1636 2902 1889 2963 sustinet.

294 2996 359 3043 ut
385 2989 452 3043 ad
483 2989 626 3044 illam
650 2991 948 3061 perveniat,
974 2992 1018 3046 si
1050 2998 1462 3063 perseveranter
1486 3001 1633 3046 amat
1653 2993 1891 3064 acceptis

2003 1817 2103 1858 suo
2146 1810 2202 1858 et
2230 1802 2424 1859 ancilla
2447 1804 2726 1875 suscipere
2770 1804 2933 1871 ﬁlios,
2961 1821 3125 1877 quam
3161 1806 3278 1861 sine
3317 1804 3449 1862 ﬁliis
3474 1821 3594 1862 om-

2001 1896 2131 1951 nino
2160 1911 2461 1952 remancre.
2489 1897 2618 1953 Bala
2648 1899 2867 1970 quippe,
2899 1899 3099 1954 ancilla
3150 1898 3379 1964 Rachel,
3415 1900 3588 1954 inter-

2002 1995 2249 2059 pretatur
2276 1987 2584 2043 inveterata.
2640 1989 2717 2044 De
2748 1999 2931 2045 vetere
2962 1990 3160 2062 quippe
3188 1990 3331 2055 vita,
3356 1988 3595 2044 carnali-

2001 2078 2104 2133 bus
2145 2079 2392 2134 sensibus
2441 2078 2644 2145 dedita,
2668 2094 2946 2149 corporeae
2971 2080 3272 2151 cogitantur
3301 2079 3591 2151 imagines,

1999 2167 2165 2222 etiam
2193 2182 2315 2222 cum
2371 2167 2574 2238 aliquid
2626 2169 2693 2225 de
2740 2169 3007 2240 spirituali
3055 2176 3110 2225 et
3156 2167 3593 2224 incommutabili

2000 2256 2301 2314 substantia
2324 2258 2633 2314 Divinitatis
2663 2261 2899 2316 auditur.
2923 2259 3164 2331 Suscipit
3190 2268 3245 2315 et
3271 2259 3368 2315 Lia
3392 2261 3465 2316 de
3491 2276 3562 2316 an
3578 2295 3592 2303 -

1999 2348 2119 2403 cilia
2158 2363 2255 2403 sua
2291 2347 2512 2415 liberos,
2566 2365 2753 2406 amore
2781 2349 3010 2405 habendi
3042 2350 3445 2405 numerosiores
3471 2366 3596 2421 pro-

1999 2439 2079 2494 les
2129 2453 2381 2495 accensa.
2433 2439 2743 2497 Invenimus
2778 2450 2975 2498 'autem
3032 2441 3287 2513 Zelpham
3333 2443 3591 2497 ancillam

1997 2531 2114 2602 ejus
2156 2532 2501 2601 interpretari
2531 2549 2588 2587 os
2617 2532 2815 2599 dicens,
2841 2542 3171 2604 quapropter
3216 2534 3334 2590 hate
3389 2534 3588 2590 ancilla

1997 2623 2118 2690 illos
2137 2622 2334 2695 ﬁgurat
2355 2639 2585 2695 quorum
2610 2625 2663 2679 ln
2693 2625 3082 2696 praedicatione
3107 2624 3227 2681 ﬁdei
3261 2627 3591 2698 evangelica:

1995 2730 2059 2771 os
2100 2725 2241 2782 erat,
2271 2724 2325 2773 et
2353 2733 2449 2773 cor
2486 2732 2592 2772 non
2623 2728 2762 2773 erat.
2812 2719 2890 2774 De
2927 2718 3123 2790 quibus
3160 2720 3426 2791 scriptum
3464 2730 3585 2777 est:

1996 2804 2233 2878 Populus
2282 2808 2366 2863 hic
2419 2807 2575 2863 labiis
2624 2825 2707 2863 me
2750 2809 2999 2875 honorat,
3042 2828 3131 2865 cor
3177 2823 3356 2866 autem
3402 2829 3588 2866 eorum
3666 2818 3675 2825 ’

1994 2898 2147 2970 longe
2187 2909 2264 2955 est
2309 2918 2342 2955 a
2387 2918 2469 2957 me
2522 2901 2657 2973 (lsa.
2698 2905 2869 2974 xxrx).
2930 2903 3008 2960 De
3058 2894 3254 2976 quibus
3293 2905 3589 2977 Apostolus

1993 2988 2126 3045 dicit
2158 3007 2171 3043 :
2212 2989 2317 3056 Qui
2340 2992 2599 3062 pradicas
2628 3010 2730 3047 non
2760 2992 3048 3063 furandum
3073 2994 3476 3067 furaris(Rom.
3503 2997 3586 3068 tt).

298 3089 508 3151 septem
548 3080 669 3136 aliis
716 3082 1021 3153 praeceptis,
1057 3097 1122 3137 ac
1146 3082 1190 3138 si
1220 3082 1272 3137 ei
1300 3081 1545 3137 dicatur:
1572 3080 1727 3137 Servi
1755 3082 1889 3138 alios
1918 3072 1961 3135 C
1994 3079 2403 3147 Verumtamen,
2436 3092 2495 3137 ut
2535 3084 2701 3139 etiam
2737 3099 2834 3155 per
2854 3084 2996 3141 hanc
3020 3085 3382 3142 conditionem
3412 3087 3588 3145 libera

297 3181 507 3243 septem
549 3188 721 3228 annos
745 3188 843 3244 pro
869 3171 1088 3237 Rachel,
1124 3181 1180 3229 ul
1211 3173 1281 3229 sit
1307 3187 1512 3243 pauper
1544 3173 1761 3244 spiritu,
1786 3174 1889 3228 mi-

298 3268 389 3332 tis,
421 3266 629 3340 lngens,
655 3267 903 3324 esuriens
930 3276 986 3322 et
1010 3268 1199 3323 sitiens
1225 3265 1517 3336 justitiam,
1551 3265 1884 3332 misericors,

296 3358 482 3413 mundi
516 3358 723 3422 cordis,
761 3356 1039 3429 paciﬁcus.
1094 3357 1268 3413 Vellet
1306 3357 1449 3413 enim
1478 3357 1659 3421 homo,
1694 3358 1738 3412 si
1769 3356 1887 3412 ﬁeri

295 3458 498 3518 posset,
529 3450 646 3505 sine
669 3449 773 3504 ulla
800 3448 1088 3504 tolerantia
1114 3448 1315 3505 laboris
1342 3465 1462 3519 quae
1485 3448 1537 3503 in
1566 3449 1774 3520 agendo
1791 3463 1886 3518 pa-

301 3541 594 3611 tiendoquc
621 3549 703 3596 cst
726 3539 1126 3611 amplectenda,
1153 3541 1337 3596 statim
1386 3542 1452 3595 ad
1494 3540 1732 3611 pulchra:
1757 3557 1888 3595 con-

1994 3171 2084 3226 illa
2106 3187 2245 3227 uxor
2275 3170 2444 3229 Iacob
2485 3174 2739 3232 laborans
2766 3175 2906 3232 ﬁlios
2930 3178 3173 3234 hmredes
3199 3181 3365 3251 regni.
3401 3185 3586 3239 susci-

1990 3262 2124 3332 piat,
2151 3262 2273 3318 ideo
2322 3262 2583 3321 Dominus
2625 3266 2757 3323 dicit
2786 3286 2798 3321 :
2827 3266 2961 3333 Qua:
3011 3268 3192 3322 dicunt
3218 3270 3415 3339 facite;
3469 3290 3587 3346 qua:

1990 3363 2166 3408 autem
2198 3353 2423 3423 faciunt,
2456 3354 2630 3425 facere
2655 3356 2817 3411 nolite
2863 3357 3081 3430 (Matth.
3111 3360 3296 3429 xxiii).
3330 3360 3493 3416 Unde
3531 3371 3586 3417 et

1989 3442 2324 3513 Apostolus:
2367 3442 2517 3512 Sive,
2564 3445 2773 3519 inquit,
2819 3448 3121 3513 occasione,
3171 3450 3279 3504 sire
3331 3452 3583 3518 veritate,

1990 3532 2230 3588 Christus
2268 3536 2649 3601 annuntietur;
2676 3546 2725 3589 et
2759 3537 2817 3591 in
2845 3537 2940 3591 hoc
2974 3538 3211 3609 gaudeo,
3247 3540 3338 3594 sed
3366 3550 3413 3594 et
3448 3559 3585 3612 gau—

298 3628 666 3699 templationis
694 3630 917 3685 delicias
961 3630 1267 3700 pervenire,
1300 3630 1395 3685 sed
1423 3630 1527 3685 hoc
1554 3645 1660 3685 non
1709 3639 1888 3701 potest
1989 3623 2119 3678 άεὺο
2166 3622 2390 3697 (ΡΙιὶίὶρο
2442 3624 2515 3697 1);
2571 3633 2830 3696 laminam
2871 3637 2927 3683 et
2972 3628 3169 3684 ancilla
3216 3631 3489 3700 pariente,
3519 3632 3587 3688 de

295 3723 351 3779 in
386 3731 527 3779 terra
549 3722 912 3780 morientium.
941 3722 1053 3779 Hoc
1076 3738 1308 3794 namque
1325 3724 1537 3778 videtur
1557 3723 1884 3794 signiﬁcare,
1914 3764 1929 3773 .
1989 3717 2139 3786 prole
2190 3718 2566 3774 nmnerosiore
2615 3718 2850 3775 laetatur.
2891 3720 2987 3776 Est
3032 3737 3162 3777 vero
3192 3724 3413 3792 quidam
3474 3723 3584 3794 Lis:

297 3812 440 3883 quod
481 3813 684 3870 dictum
741 3822 824 3870 est
853 3814 921 3869 ad
974 3813 1180 3869 Jacob:
1217 3814 1339 3869 Non
1375 3826 1451 3869 est
1498 3816 1657 3870 moris
1688 3817 1742 3870 in
1773 3816 1887 3872 loco
1989 3812 2132 3866 fetus
2175 3826 2243 3867 ex
2295 3810 2559 3867 beneﬁcio
2586 3812 2789 3869 Rachel
2817 3814 3012 3880 editus,
3057 3830 3179 3871 cum
3209 3816 3387 3870 virum
3420 3832 3580 3872 suum

295 3906 392 3959 hoc
422 3914 477 3959 ut
523 3905 696 3959 minor
741 3904 1001 3959 habeatur
1032 3906 1337 3977 priusquam
1384 3906 1576 3976 major.
1609 3905 1745 3974 Quia
1776 3922 1885 3964 non
1989 3917 2172 3958 secum
2228 3902 2410 3958 debita
2459 3912 2617 3959 nocte
2663 3906 3106 3972 concubiturum,
3142 3907 3436 3977 acceptisa
3472 3905 3583 3961 tilio

293 3993 526 4049 absurde
575 3993 748 4066 major
799 3993 1123 4065 appellatur,
1171 3995 1265 4066 qui
1316 4004 1556 4066 tempore
1584 3996 1736 4066 prior
1780 4004 1884 4052 est.
1989 3990 2102 4046 Litt:
2154 3991 2587 4063 mandragm‘icis
2639 3993 2817 4059 malis.
2846 4009 2970 4049 Cum
3020 4007 3211 4050 SOI'OI'G
3232 3997 3436 4051 Cllbare
3460 4011 3585 4067 Ρεΐ·

291 4084 450 4140 l‘rior
498 4095 581 4142 est
626 4074 808 4142 autem
855 4086 912 4142 in
950 4086 1186 4143 hominis
1215 4088 1518 4144 eruditione
1563 4088 1720 4144 labor
1758 4089 1886 4145 boni
1988 4085 2175 4141 mittit.
2220 4085 2362 4154 Quid
2410 4086 2555 4141 enim
2609 4086 2675 4142 de
2715 4087 3079 4158 mandragora
3124 4088 3417 4143 dicendum
3466 4087 3585 4143 est?

291 4178 495 4249 operis,
551 4194 714 4250 quam
771 4178 989 4250 requies
1044 4179 1535 4252 contemplationis.
1596 4178 1677 4236 Ad
1718 4197 1885 4237 unum
1988 4178 2220 4234 Proinde
2264 4194 2381 4235 rem
2428 4179 2665 4250 comperi
2712 4179 2996 4251 pulchram
3025 4189 3083 4235 et
3124 4195 3292 4236 suave
3319 4180 3580 4244 olentem,

290 4286 425 4343 ergo
444 4272 903 4337 contendendum,
921 4273 1014 4328 sed
1038 4281 1260 4344 pmpter
1281 4272 1386 4328 hoc
1410 4272 1576 4329 multa
1604 4273 1885 4330 referenda
1990 4285 2187 4342 sapore
2208 4279 2389 4325 autem
2436 4270 2704 4342 insipido;
2734 4281 2789 4326 et
2814 4271 2934 4327 ideo
2958 4272 3012 4326 in
3043 4271 3133 4327 illo
3164 4272 3582 4343 mandragorko

289 4371 438 4418 sunt.
469 4361 658 4434 itaque
686 4363 804 4418 duae
831 4373 958 4419 sunt
987 4380 1183 4420 uxores
1229 4363 1397 4421 Iacob
1444 4364 1625 4422 libera:
1650 4406 1666 4433 ,
1711 4366 1886 4422 amba:
1912 4429 1949 4435 _
1986 4377 2151 4432 pomo
2175 4362 2400 4433 ﬁgurari
2445 4362 2743 4435 intelligam
2775 4362 2975 4418 famam
3000 4365 3198 4420 bonam
3240 4365 3579 4435 popularem.
3660 4368 3673 4385 ‘

290 4454 492 4525 quippe
538 4429 667 4510 sunt
711 4455 835 4511 ﬁlia:
863 4457 1199 4515 remissionis
1247 4465 1616 4529 peccatorum,
1650 4429 1755 4513 hoc
1801 4429 1964 4515 estD
1989 4429 2144 4511 Unde
2189 4429 2322 4510 dicit
2368 4429 2662 4524 Apostolus
2705 4474 2717 4509 :
2762 4453 2977 4526 Oportet
3021 4457 3179 4511 etiam
3225 4429 3578 4511 testimonium

291 4545 672 4612 dealbationis,
701 4551 842 4616 quod
862 4557 944 4603 est
964 4548 1168 4613 Laban,
1197 4557 1569 4604 verumtamen
1599 4564 1704 4603 una
1734 4564 1885 4605 ama-
1985 4545 2175 4601 habere
2200 4544 2392 4600 bonum
2421 4544 2486 4599 ab
2528 4547 2603 4600 eis
2644 4547 2735 4617 qui
2782 4547 2912 4617 {oris
2939 4557 3061 4602 sunt
3090 4547 3142 4621 (I
3172 4547 3308 4601 Tim.
3334 4548 3454 4620 ut);
3486 4564 3581 4619 qui

292 4646 401 4702 tur,
430 4634 533 4690 alia
570 4637 851 4719 toleratur.
886 4639 994 4695 Sed
1018 4655 1139 4710 qua:
1176 4639 1457 4705 toleratur,
1494 4639 1609 4710 ipsa
1640 4640 1794 4710 prius
1828 4648 1884 4697 et
1985 4634 2113 4691 licet
2158 4650 2352 4706 parum
2377 4636 2617 4707 sapiant.
2644 4637 2874 4693 reddunt
2919 4649 3098 4693 tamen
3147 4637 3469 4709 plerumque
3500 4638 3581 4692 la-

292 4726 513 4782 uberius
536 4724 878 4795 fecundatur,
913 4737 972 4784 ut
1000 4731 1044 4786 si
1068 4745 1173 4784 non
1202 4737 1425 4800 propter
1454 4730 1709 4802 seipsam,
1732 4742 1882 4788 certe
1985 4726 2101 4782 bori
2122 4742 2311 4784 eorum
2337 4741 2435 4798 per
2458 4743 2597 4798 quos
2625 4728 2731 4784 sibi
2772 4729 3092 4794 consulitur,
3126 4737 3184 4785 et
3229 4729 3581 4799 splendorem

290 4824 514 4888 propter
568 4816 707 4874 ﬁlios
758 4820 1031 4892 diligatur.
1089 4820 1271 4876 Labor
1325 4835 1562 4892 namque
1607 4822 1881 4894 iustorum
1984 4820 2191 4889 laudis,
2222 4830 2279 4878 et
2306 4824 2528 4881 odorem
2585 4824 2740 4879 bona:
2789 4824 3080 4895 opinionis.
3136 4822 3248 4878 Nec
3300 4822 3369 4878 ad
3419 4823 3582 4877 istam

291 4906 587 4963 niaximum
644 4908 880 4965 fructum
930 4911 1091 4964 habet
1142 4910 1195 4964 in
1243 4910 1324 4966 eis
1370 4927 1507 4983 quos
1560 4928 1728 4985 regno
1784 4913 1880 4971 Dei
1979 4915 2205 4987 gloriam
2234 4916 2549 4988 pepularem
2576 4916 2738 4987 primi
2761 4916 3085 4988 perveniunt
3115 4930 3303 4971 eorum
3334 4914 3426 4983 qui
3450 4921 3579 4968 sunt

290 5006 516 5069 generat
564 5000 706 5057 inter
747 5001 945 5057 multas
992 5000 1369 5058 tribulationes
1418 5012 1475 5059 et
1533 5005 1878 5070 tentationcs,
1981 5008 2037 5061 in
2059 5006 2322 5074 Ecclesia,
2350 5007 2452 5062 nisi
2482 5008 2791 5078 quicunque
2825 5006 2878 5061 in
2920 5006 3195 5061 actionum
3240 5001 3500 5075 periculis
3525 5010 3581 5056 et

290 5091 635 5161 praedicando
660 5091 1009 5164 Evangelium
1030 5093 1099 5148 ad
1139 5107 1235 5148 eos
1266 5093 1357 5163 qui
1383 5102 1509 5150 sunt
1534 5093 1586 5149 in
1610 5094 1885 5151 laboribus
1982 5098 2168 5156 labore
2194 5106 2502 5155 versantur.
2531 5098 2823 5168 Propterea
2848 5098 2961 5153 Liae
2986 5098 3129 5153 ﬁlius
3156 5096 3293 5150 mala
3319 5094 3576 5150 mandra-

289 5183 672 5249 abundantius,
706 5183 760 5237 in
805 5182 976 5254 plagis
1011 5199 1175 5255 supra
1219 5186 1473 5253 modum,
1520 5186 1574 5242 in
1617 5187 1884 5243 mortibus
1982 5191 2165 5261 gorica
2196 5190 2401 5245 invenit
2437 5190 2626 5245 exiens
2651 5190 2702 5243 in
2733 5205 2943 5260 agrum,
2978 5188 3032 5244 id
3064 5195 3173 5253 est,
3202 5187 3428 5241 honeste
3450 5199 3575 5238 am-

290 5276 507 5347 smpius,
544 5284 768 5348 propter
790 5291 927 5347 quos
956 5276 1110 5332 habet
1157 5275 1287 5347 faris
1312 5295 1535 5350 pugnas,
1564 5279 1706 5333 intus
1730 5280 1883 5333 timo-
1936 5316 1949 5323 κ
1986 5278 2291 5337 bulans‘ad
2331 5296 2425 5337 eos
2478 5282 2570 5351 qui
2608 5279 2742 5336 foris
2792 5288 2938 5335 sunt.
2997 5279 3256 5335 Doctrina
3304 5290 3434 5333 vero
3486 5274 3579 5329 illa

289 5386 393 5436 res,
421 5386 665 5442 quosque
693 5373 949 5444 gaudium
973 5381 1027 5428 et
1051 5388 1309 5430 coronam
1334 5390 1488 5430 suam
1522 5385 1742 5431 vocant.
1773 5374 1881 5430 Na-

291 5470 519 5517 scuntur
566 5472 747 5519 autem
775 5464 856 5519 eis
885 5463 1097 5520 facilius
1147 5474 1312 5536 atque
1362 5466 1634 5536 copiosius
1681 5482 1749 5522 ex
1787 5466 1878 5523 illo

293 5567 543 5607 sermone
580 5552 725 5619 ﬁdei,
764 5570 872 5624 quo
896 5556 1195 5626 praedicant
1221 5555 1498 5612 Christum
1532 5556 1871 5613 cruciﬁxum.

298 5638 494 5718 Rachel
541 5650 720 5696 autem
754 5643 899 5697 clara
930 5654 1153 5713 aspectu
1190 5654 1372 5700 mente
1416 5646 1628 5702 excedit
1657 5647 1790 5713 Deo,
1818 5658 1873 5705 et

1986 5375 2267 5446 sapientia:
2312 5389 2436 5445 quae
2503 5389 2534 5427 a
2580 5373 2726 5445 vulgi
2781 5376 3009 5445 strepitu
3067 5374 3467 5436 remotissima,
3521 5371 3576 5425 in

1985 5464 2440 5535 contemplatione
2467 5465 2717 5520 veritatis
2757 5465 2899 5542 dulci
2924 5465 3281 5521 delectatione
3301 5463 3573 5536 deﬁgitur.

1985 5556 2127 5610 hanc
2151 5554 2718 5627 pepularem'gloriam
2765 5555 3301 5627 quantulumcunque
3336 5571 3438 5612 non
3490 5570 3578 5607 as-

1984 5654 2319 5715 sequeretur,
2344 5645 2447 5701 nisi
2476 5660 2576 5715 per
2600 5660 2694 5701 eos
2720 5648 2809 5715 qui
2838 5648 2890 5701 in
2915 5649 3107 5706 mediis
3136 5651 3309 5706 turbis
3329 5690 3344 5713 .
3367 5646 3579 5717 agendo
