3970 6198
252 308 347 364 601

1260 313 1613 369 ΟΟΜΜΕΝΤ.
1657 315 1723 371 ΙΝ
1761 316 2082 373 GENESIM.
2124 349 2193 359 —
2229 313 2355 373 LIB.
2393 319 2459 375 Ill

3397 324 3503 384 60‘!

250 435 314 476 ac
333 419 635 487 suadendo,
656 422 869 492 populis
893 432 1160 495 praesunt,
1187 426 1310 494 quia
1338 426 1462 481 dum
1492 427 1580 482 isti
1612 428 1816 483 actuosi
1848 444 1895 501 Α
1923 437 2083 483 nocte
2124 429 2282 499 hujus
2331 430 2507 485 sazculi
2554 430 2694 487 filios
2748 442 3009 502 generem
3044 435 3165 490 fidei
3190 477 3205 501 ,
3255 436 3504 495 laudatur

249 522 303 570 et
345 512 613 586 negotiosi
657 513 922 579 homines,
950 530 1048 583 per
1080 531 1216 586 quos
1256 517 1614 573 multitudinis
1660 517 1831 574 admi-
1870 591 1875 597 ι

250 605 516 660 nistratur
537 604 742 660 utilitas
759 646 774 669 .
797 613 851 660 et
874 621 1101 677 quorum
1126 607 1421 662 auctoritas
1438 607 1644 678 populis
1665 608 1830 662 chara

250 694 726 760 est,testimonium
742 695 1028 763 perhibent
1041 696 1203 750 etiam
1216 695 1339 750 vita:
1361 704 1581 766 propter
1592 695 1830 751 studium

253 787 629 856 conquirendae
650 796 703 842 et
730 787 1155 857 contemplandas
1193 788 1459 853 veritatis,
1496 787 1669 842 otiose
1697 802 1832 857 quo-

252 879 540 935 dammodo
594 877 734 932 mala
764 878 1168 947 mandragoiica
1198 864 1296 948 per
1322 877 1475 932 Liam
1516 876 1737 932 veniunt
1762 874 1829 929 ad

253 970 475 1037 Rachel,
507 970 575 1026 ad
600 970 769 1039 ipsam
809 984 940 1024 vero
983 969 1136 1023 Liam
1178 983 1277 1039 per
1305 967 1474 1023 ﬁlium
1500 966 1831 1038 primogeni-

256 1072 393 1129 tum,
420 1062 475 1118 id
503 1071 609 1129 est,
635 1076 731 1131 per
777 1061 1040 1117 honorem
1077 1061 1420 1117 fecunditatis
1463 1061 1597 1141 ejus,
1630 1061 1685 1115 in
1722 1077 1829 1131 quo

251 1163 335 1213 est
362 1155 541 1212 omnis
583 1154 801 1209 fructus“
840 1153 1123 1210 laboriosa:
1170 1164 1333 1223 atque
1363 1153 1506 1207 inter
1529 1151 1828 1207 certamina

251 1245 610 1302 tentationum
665 1243 1023 1315 periclitantis
1071 1244 1332 1308 actionis,
1374 1259 1538 1313 quam
1586 1243 1830 1315 plerique

248 1338 393 1394 bono
436 1336 653 1409 ingenio
701 1336 910 1407 praediti
939 1336 1221 1407 studioque
1245 1334 1558 1407 ﬂagrantes,
1583 1336 1830 1405 quamvis

226 1418 432 1484 1donei
481 1426 733 1499 regendis
770 1425 980 1495 populis
1009 1439 1129 1480 esse
1156 1425 1389 1495 possint,
1421 1432 1598 1479 tamen
1625 1425 1833 1479 evitant

249 1525 475 1588 propter
527 1514 865 1571 turbulentas
916 1513 1320 1583 occupationes,
1363 1521 1419 1567 et
1465 1513 1520 1567 in
1571 1512 1831 1567 doctrinae

249 1611 423 1665 otium
477 1614 593 1663 toto
637 1612 885 1676 pectore,
920 1612 1178 1674 tanquam
1220 1603 1276 1658 in
1317 1603 1577 1673 speciosa:
1626 1602 1832 1657 Rachel

248 1699 501 1756 feruntur
528 1696 823 1767 amplexus.
847 1694 914 1749 Et
933 1695 1057 1764 quia
1087 1694 1287 1749 bonum
1315 1705 1400 1750 est
1426 1702 1485 1748 ut
1512 1693 1674 1748 etiam
1715 1694 1830 1747 hzec

1927 518 2089 572 etiam
2121 534 2150 572 a
2179 520 2386 589 populis
2412 521 2500 575 ilia
2524 522 2656 587 vita,
2684 523 2837 590 cujus
2863 538 3047 579 amore
3066 530 3330 591 conversi,
3354 544 3502 598 spem

1920 608 2111 663 .steculi
2137 609 2488 679 reliquerunt,
2512 620 2567 667 et
2594 628 2661 666 ex
2687 613 2842 679 cujus
2883 615 3217 684 professione
3244 620 3311 673 ad
3347 620 3507 676 mise-

1928 698 2216 753 ricordiam
2262 700 2510 769 regendae
2555 701 2733 770 plebis
2782 706 3041 776 assumpti
3100 716 3244 761 sunt.
3278 709 3331 762 Izl
3359 711 3503 765 enim

1928 799 2093 859 agunt
2114 790 2169 845 in
2192 792 2441 846 omnibus
2466 792 2742 849 laboribus
2762 796 2894 861 suis,
2919 805 2979 850 ut
3008 797 3094 852 illa
3116 798 3379 868 professio
3399 817 3505 871 qua

1929 899 1988 940 se
2014 893 2411 952 converterant,
2443 888 2569 957 quia
2620 889 2757 946 tales
2804 898 3044 947 rectores
3099 894 3281 964 populi
3336 898 3501 960 dedit,

1929 973 2091 1029 latius
2114 983 2170 1030 et
2197 975 2395 1031 clarius
2420 976 2769 1048 glorificetur,
2800 988 3057 1051 tanquam
3113 1000 3218 1037 non
3251 1001 3504 1039 recusan-

1931 1076 2012 1119 tes
2039 1074 2251 1120 noctem
2268 1065 2399 1131 Line,
2430 1076 2490 1122 ut
2515 1069 2714 1124 Rachel
2740 1072 2915 1138 pomis
2944 1088 3110 1127 suave
3138 1073 3409 1128 olentibus
3449 1085 3505 1129 et

1930 1153 2077 1210 clare
2127 1155 2425 1211 nitentibus
2454 1158 2711 1227 potiatur.
2764 1161 2892 1227 Quae
2928 1162 3218 1232 aliquando
3264 1174 3318 1217 et
3365 1166 3502 1233 ipsa,

1932 1245 2301 1302 misericordia
2351 1247 2447 1302 Dei
2498 1258 2806 1318 praestante,
2835 1268 2932 1321 per
2963 1255 3197 1323 seipsam
3227 1256 3388 1325 parit,
3414 1258 3503 1311 vix

1932 1336 2146 1391 tandem
2174 1337 2410 1406 quidem,
2439 1339 2563 1408 quia
2589 1355 2868 1409 perrarum
2916 1350 3001 1398 est
3034 1352 3093 1397 ut
3138 1344 3205 1398 In
3247 1346 3503 1416 principio

1931 1433 2044 1479 erat
2096 1423 2342 1491 Verbum,
2389 1436 2437 1480 et
2475 1426 2695 1482 Verbum
2748 1442 2859 1484 erat
2892 1432 3033 1499 apud
3061 1433 3254 1499 Deum,
3286 1445 3333 1488 et
3362 1436 3503 1490 Deus

1931 1524 2044 1569 erat
2079 1514 2305 1571 Verbum
2353 1515 2535 1589 (Joan.
2568 1519 2609 1588 ι)
2631 1560 2645 1582 ,
2675 1527 2730 1576 et
2767 1522 3024 1591 quidquid
3076 1525 3142 1578 de
3191 1526 3292 1579 hac
3327 1541 3385 1580 re
3416 1527 3504 1596 pie

1932 1606 2305 1677 sapienterque
2359 1609 2595 1676 dicitur,
2665 1611 2781 1666 sine
2843 1614 3219 1682 phantasmate
3269 1618 3507 1673 carnalis

1933 1697 2276 1769 cogitationis
2300 1739 2316 1766 ,
2355 1709 2411 1755 et
2443 1700 2771 1767 salubriter,
2810 1703 2895 1757 vel
2937 1718 3001 1757 ex
3053 1712 3202 1773 parte
3241 1707 3501 1775 capiatur.

249 1794 361 1848 vita
393 1792 554 1847 latius
582 1791 921 1845 innotescens
941 1786 1254 1858 popularem
1279 1786 1501 1858 gloriam
1527 1792 1822 1851 mereatur,
1853 1786 1899 1845 B
1925 1786 2046 1842 Alio
2093 1804 2307 1859 quoque
2326 1805 2496 1845 sensu
2543 1790 2695 1845 Liam
2721 1799 2775 1845 et
2797 1791 3001 1848 Rachel
3026 1792 3332 1851 Victorinus
3362 1813 3507 1852 inar-

249 1881 507 1951 injustum
530 1889 614 1936 est
642 1888 822 1934 autem
852 1886 911 1932 ut
948 1891 1068 1931 eam
1103 1885 1487 1946 consequatur,
1518 1876 1564 1932 si
1613 1883 1823 1930 amato-

248 1992 364 2031 rem
402 1990 559 2029 suum
580 1972 1022 2027 administrandis
1053 1969 1437 2026 ecclesiasticis
1471 1969 1617 2025 curis
1641 1976 1826 2038 aptum

248 2077 303 2123 et
334 2067 586 2123 idoneum
619 2065 671 2120 in
693 2066 803 2120 otio
830 2065 1050 2131 detinet,
1079 2079 1180 2119 nec
1205 2062 1649 2137 gubernationem
1680 2078 1829 2118 cum-

248 2158 431 2213 munis
474 2154 721 2211 utilitatis
747 2155 1027 2226 impartit;
1060 2161 1350 2226 propterea
1375 2152 1474 2209 Lia
1504 2153 1677 2210 sorori
1715 2168 1826 2208 suae

248 2249 388 2304 dixit
413 2266 428 2301 :

318 2333 553 2390 Parvum
572 2343 646 2389 est
667 2334 759 2388 tibi
784 2334 921 2406 quod
946 2334 1113 2389 cirum
1134 2348 1307 2389 meum
1327 2333 1596 2404 accepisti,
1618 2333 1829 2406 insuper

247 2436 296 2482 et
321 2427 700 2498 mandragoras
730 2426 829 2497 ﬁlii
853 2428 956 2481 mei
988 2427 1059 2481 vis
1089 2427 1322 2498 accipere
1344 2427 1370 2481 .7
1395 2426 1499 2481 Per
1542 2442 1711 2481 unum
1742 2425 1826 2480 vi-

250 2534 368 2574 rum
401 2517 717 2590 significans
758 2534 851 2573 eos
871 2533 1060 2574 omnes
1081 2518 1173 2590 qui
1204 2534 1327 2573 cum
1357 2519 1470 2573 sint
1499 2519 1689 2590 agendi
1718 2518 1829 2573 vir-

248 2618 363 2665 tute
389 2608 601 2664 habiles
644 2616 700 2663 et
739 2607 884 2680 digni
911 2608 1107 2679 quibus
1134 2608 1375 2680 regimen
1408 2608 1662 2663 Ecclesia:
1681 2623 1830 2663 coni-

248 2701 495 2755 mittatur
514 2697 581 2753 ad
612 2698 1027 2769 dispensandum
1050 2698 1171 2753 ﬁdei
1203 2708 1625 2763 sacramentum,
1652 2697 1828 2753 studio

250 2788 509 2844 doctrina:
538 2768 776 2853 accensi,
802 2768 967 2858 atque
990 2787 1302 2859 indaganda:
1330 2795 1384 2842 et
1406 2788 1828 2858 contemplanda:

251 2878 547 2948 sapientice,
576 2893 634 2934 se
687 2879 754 2934 ab
812 2877 1060 2933 munibus
1105 2878 1377 2934 actionum
1430 2877 1692 2933 molestiis
1745 2892 1829 2933 re-.

250 2988 488 3037 movere,
516 2982 678 3042 atque
705 2972 758 3025 in
799 2972 910 3026 otio
940 2971 1181 3026 discendi
1214 2979 1307 3025 aut
1357 2969 1585 3025 docendi
1643 2969 1828 3024 volunt

251 3063 565 3118 consedere.
615 3062 691 3115 Ita
743 3076 872 3134 ergo
923 3061 1124 3116 dictum
1151 3070 1234 3116 est
1278 3078 1292 3114 :
1343 3059 1575 3115 Parvum
1620 3069 1695 3114 est
1735 3059 1827 3113 tibi

1928 1883 2015 1948 tyr
2032 1886 2088 1933 et
2113 1879 2293 1935 cie-teri
2316 1880 2371 1935 in
2397 1880 2799 1937 similitudinem
2826 1883 3077 1939 Ecclesiae
3103 1886 3187 1941 vel
3209 1886 3506 1959 Synagogze

1928 1966 2264 2038 interpretati
2301 1977 2446 2027 sunt.
2484 1970 2635 2025 Liam
2665 1973 2811 2028 enim
2858 1973 3116 2043 majorem
3163 1987 3290 2033 natu
3336 1978 3507 2050 Syna-

1925 2072 2074 2128 goga:
2119 2060 2359 2115 tenuisse
2402 2068 2584 2132 typum
2625 2063 2999 2129 aestimabant,
3025 2067 3150 2134 quia
3209 2069 3358 2137 prior
3410 2070 3505 2125 Dei

1926 2148 2112 2217 genuit
2143 2149 2416 2218 populum.
2463 2147 2588 2204 Haec
2629 2153 2842 2220 quidem
2869 2161 2924 2215 et
2946 2156 3120 2211 oculis
3148 2156 3342 2229 legitur
3383 2175 3506 2229 gra-

1925 2236 2069 2303 vida,
2111 2238 2235 2308 quia
2282 2238 2364 2292 lex
2397 2252 2493 2311 per
2518 2239 2735 2310 Moysen
2780 2243 2904 2298 data
2944 2254 3198 2314 cooperta
3224 2256 3307 2301 est
3342 2256 3506 2318 atque

1925 2328 2154 2399 signata.
2187 2329 2387 2384 Rachel
2419 2341 2619 2396 autem,
2639 2330 2821 2400 junior
2854 2344 2909 2388 et
2934 2334 3159 2405 pulchra
3179 2378 3192 2403 ,
3217 2338 3364 2408 prius
3391 2347 3503 2393 ste-

1925 2422 2041 2477 rilis
2066 2430 2121 2478 et
2146 2425 2487 2492 postmodum
2515 2422 2740 2479 fecunda
2760 2466 2774 2489 ,
2793 2425 3088 2482 similitudo
3108 2438 3191 2484 est
3213 2429 3465 2484 Ecclesia:
3486 2447 3502 2484 :

1920 2512 2103 2584 junior
2122 2513 2249 2584 quia
2271 2521 2518 2585 tempore
2542 2516 2845 2585 posterior;
2878 2519 3126 2587 pulchra,
3164 2522 3288 2590 quia
3317 2533 3505 2578 sancta

1925 2618 2154 2674 corpore
2181 2612 2236 2660 et
2273 2605 2486 2674 spiritu.
2519 2606 2670 2662 Oculi
2712 2605 2830 2675 ejus
2864 2609 3062 2677 decori,
3092 2614 3215 2680 quia
3262 2613 3505 2685 Evange-

1924 2695 2056 2751 lium
2084 2696 2394 2767 perspicere
2420 2706 2767 2765 meruerunt;
2802 2692 2940 2769 ‘qute
2974 2701 3137 2755 etiam
3164 2704 3349 2757 tandiu
3396 2713 3506 2759 ste-

1924 2786 2041 2842 rilis
2069 2787 2204 2853 fuit,
2242 2802 2524 2859 quousque
2576 2787 2858 2861 Synagoga
2899 2791 3152 2861 populum
3205 2795 3501 2863 generavit.

1925 2876 2035 2934 Cur
2059 2887 2239 2933 autem
2267 2894 2365 2949 pro
2385 2879 2587 2935 Rachel
2617 2882 2863 2945 servivit,
2893 2889 2949 2936 et
2982 2883 3303 2951 supponitur
3332 2885 3377 2938 ei
3407 2884 3506 2939 Lia

1925 2966 2115 3036 major,
2148 2970 2251 3024 nisi
2283 2970 2408 3040 quia
2453 2970 2731 3035 Dominus,
2759 2979 2819 3026 ut
2855 2971 3154 3027 Ecclesiam
3182 2983 3503 3041 assumeret,

1924 3062 2076 3131 prius
2099 3060 2434 3133 Synagogam
2458 3063 2560 3118 sibi
2585 3064 2899 3133 conjunxit?
2923 3063 3169 3120 Servitus
3193 3065 3371 3133 itaque
3396 3066 3507 3135 ipsa

250 3151 388 3223 quod
416 3152 662 3221 αεεεεςὶδιὶ
710 3151 876 3205 virum
917 3166 1113 3216 meum,
1140 3149 1353 3218 insuper
1392 3159 1440 3203 et
1483 3149 1823 3219 madragoras
1853 3136 1896 3198 C
1927 3151 2094 3209 Jacob
2147 3161 2353 3223 septem
2403 3170 2667 3208 annorum
2708 3170 2807 3224 pro
2836 3155 3044 3209 duabus
3074 3156 3330 3209 uxoribus
3351 3155 3509 3223 hujus

249 3244 350 3314 ﬁlii
394 3244 495 3297 mei
536 3244 613 3313 pis
668 3243 945 3313 accipere?
981 3240 1059 3296 Ac
1092 3241 1140 3295 si
1183 3240 1426 3295 diceret:
1457 3239 1692 3294 Parmm
1741 3246 1827 3295 est

250 3336 393 3407 quod
422 3336 668 3391 homines
690 3336 755 3389 ad
782 3333 1017 3389 laborem
1047 3348 1226 3388 rerum
1253 3333 1828 3410 regendarum‘neces-

250 3428 423 3483 sarios
452 3428 504 3481 in
535 3427 648 3482 otio
700 3427 907 3482 detinet
945 3426 1055 3480 vita
1099 3426 1484 3491 studiosorum,
1524 3425 1743 3495 insuper
1772 3433 1827 3480 et

249 3519 564 3589 popularem
594 3517 816 3590 gloriam
869 3516 1132 3587 requirit?
1182 3516 1415 3572 Proinde
1444 3522 1502 3570 ut
1540 3531 1658 3570 eam
1682 3516 1827 3586 juste

249 3618 547 3681 comparet,
605 3609 845 3679 impartit
911 3608 1116 3663 Rachel
1173 3609 1348 3662 virum
1395 3605 1567 3663 sorori
1599 3622 1709 3661 sua:
1736 3607 1827 3660 illa

250 3711 427 3767 nocte,
450 3709 509 3756 ut
535 3702 758 3766 scilicet,
787 3701 877 3770 qui
908 3701 1107 3754 virtute
1147 3699 1414 3754 laboriosa
1448 3699 1696 3770 regimini
1725 3713 1825 3767 po—

248 3792 498 3862 ptllurum
522 3791 909 3847 accommodati
929 3796 1076 3855 sunt,
1102 3790 1268 3845 etiam
1296 3788 1339 3843 si
1368 3788 1606 3843 scientia:
1630 3803 1828 3843 vacare

249 3883 535 3954 elegerint,
581 3882 878 3953 suscipiant
903 3880 1291 3951 experientiam
1328 3878 1708 3942 tentationum,
1739 3890 1828 3931 cu-

248 3988 434 4028 rarum
477 3976 688 4043 queque
734 3971 1003 4027 sarcinam
1046 3985 1146 4041 pro
1172 3970 1403 4024 utilitate
1435 3967 1729 4032 communi,
1761 3980 1828 4021 ne

247 4065 367 4135 ipsa
396 4064 642 4119 doctrina
674 4063 968 4132 sapientiae,
1001 4061 1088 4116 cui
1115 4076 1308 4116 vacare
1351 4066 1685 4124 statuerant,
1711 4057 1824 4113 ωε-

242 4161 584 4231 sphemetur,
616 4170 789 4225 neque
816 4148 1146 4224 adipiscatur
1180 4155 1248 4209 ab
1276 4151 1702 4223 imperitioribus
1735 4166 1827 4222 po-

242 4244 389 4323 pulis
408 4248 861 4305 existimationem
884 4245 1078 4300 bonam
1098 4286 1112 4310 ,
1141 4244 1285 4314 quod
1315 4243 1401 4297 illa
1425 4258 1583 4313 poma
1616 4241 1824 4311 signiﬁ-

241 4348 396 4407 cant,
449 4348 506 4396 et
560 4339 702 4410 quod
756 4336 1120 4393 necessarium
1176 4343 1259 4390 est
1298 4334 1364 4388 ad
1394 4333 1825 4389 exhortationem

239 4426 588 4489 discentium.
628 4428 736 4485 Sed
779 4427 958 4499 plane,
997 4436 1056 4481 ut
1098 4426 1449 4481 hanc'curam
1507 4423 1818 4494 suscipiant,

234 4523 294 4578 vi
326 4529 599 4593 coguntur
626 4520 780 4585 satis,
796 4528 859 4577 et
884 4519 988 4574 hoc
1015 4515 1375 4586 signiﬁcatum
1401 4522 1507 4581 est,
1534 4515 1674 4585 quod
1702 4529 1824 4569 cum

233 4612 458 4669 veniret
483 4611 549 4666 de
567 4626 700 4682 agro
722 4609 911 4672 Iacob,
937 4609 1178 4666 occurrit
1202 4609 1251 4663 ei
1275 4608 1397 4673 Lia,
1428 4621 1660 4678 eumque
1684 4605 1824 4660 deti-

231 4718 382 4759 nens
406 4701 523 4756 ait:
556 4700 636 4755 Ad
657 4717 738 4756 me
772 4700 1014 4766 intrabis,
1046 4699 1276 4754 conduxi
1299 4699 1436 4752 enim
1473 4707 1523 4751 te
1553 4713 1647 4767 pro
1675 4713 1826 4750 man-

228 4792 489 4863 dragoris
507 4790 607 4859 ﬁlii
637 4792 758 4845 mei.
797 4791 1075 4861 Tanquam
1100 4790 1308 4846 diceret
1334 4806 1347 4843 :
1386 4787 1643 4843 doctrinae
1662 4799 1827 4856 quam

229 4883 427 4954 diligis
473 4883 556 4937 vis
599 4881 845 4937 conferre
874 4882 1070 4937 bonam
1108 4878 1461 4951 opinionem?
1489 4878 1596 4932 noli
1636 4876 1826 4947 fugere

226 4974 550 5031 ofﬁciosum
582 4972 839 5028 laborem.
891 4972 1017 5028 Ilaec
1056 4972 1112 5025 in
1170 4969 1409 5025 Ecclesia
1438 4967 1550 5038 geri
1577 4965 1824 5036 quisquis

226 5062 543 5120 adverterit
568 5062 761 5128 cernit,
792 5070 847 5116 et
873 5062 1154 5133 experitur
1174 5060 1227 5114 in
1249 5056 1510 5127 exemplis
1556 5056 1699 5126 quod
1748 5055 1828 5108 in-

225 5155 540 5225 telligimus
584 5154 839 5208 inlibris.
883 5154 1016 5220 Quis
1054 5166 1159 5205 non
1209 5150 1392 5204 videat
1437 5148 1542 5203 hoc
1571 5147 1685 5217 geri
1714 5155 1827 5200 tota

223 5247 378 5303 orbe
414 5255 683 5299 terrarum
702 5283 716 5309 ,
740 5244 925 5298 venire
952 5242 1199 5297 homines
1243 5240 1311 5295 ab
1339 5239 1592 5308 operibus
1623 5236 1824 5302 saeculi,

219 5347 286 5392 et
322 5337 411 5391 ire
456 5334 512 5389 in
550 5335 718 5389 otium
744 5331 1129 5404 cognoscendae
1159 5337 1215 5385 et
1241 5326 1665 5397 contemplanda:
1684 5326 1825 5381 veri-

221 5428 397 5491 tatis,
453 5434 708 5494 tanquam
762 5440 817 5478 ιιι
872 5423 1120 5492 amplexu
1170 5419 1393 5484 Rachel,
1438 5426 1494 5473 et
1537 5417 1712 5487 excipi
1761 5416 1827 5471 de

222 5502 557 5575 thusverso
603 5513 973 5570 ecclesiastica
1023 5512 1346 5567 necessitate
1380 5551 1394 5575 ,
1459 5520 1624 5579 atque
1675 5508 1823 5563 ordi-

219 5610 360 5666 nari
393 5608 445 5663 in
466 5606 723 5672 laborem,
741 5614 993 5675 tanquam
1010 5604 1105 5658 Lia
1126 5600 1355 5669 dicente,
1373 5600 1453 5653 Ad
1477 5616 1557 5654 me
1571 5599 1828 5655 intrabis?

219 5703 456 5773 Qu§bus
495 5700 637 5757 istud
687 5700 1002 5772 mysterium
1033 5697 1127 5753 Dei
1178 5693 1621 5767 dispenantibus,
1653 5700 1711 5747 ut
1764 5693 1819 5746 in

1929 3243 2053 3298 vitae
2095 3245 2376 3313 praesentis
2425 3253 2634 3314 tempus
2681 3245 2970 3316 significat,
3009 3247 3134 3316 quia
3171 3261 3269 3317 per
3299 3255 3507 3318 septem

1926 3336 2044 3391 dies
2073 3335 2356 3402 evolvitur,
2381 3336 2434 3390 in
2479 3351 2585 3406 qua
2608 3335 2868 3392 Dominus
2911 3335 3143 3391 formam
3176 3338 3318 3392 servi
3351 3352 3508 3393 acce-

1926 3428 2026 3497 pit,
2076 3425 2251 3482 factus
2298 3426 2554 3481 obedicus
2608 3436 2852 3496 paterna:
2905 3427 3169 3482 voluntati
3221 3443 3392 3496 usque
3438 3428 3506 3481 ad

1927 3528 2177 3572 mortem.
2210 3516 2305 3571 Ille
2331 3523 2472 3571 enim
2493 3532 2592 3587 pro
2620 3517 2870 3573 omnibus
2896 3517 3140 3582 servivit,
3165 3527 3216 3570 et
3244 3517 3506 3572 Dominus

1928 3615 2111 3660 noster
2136 3607 2249 3659 ait:
2286 3605 2408 3660 Non
2428 3606 2565 3661 venit
2611 3606 2755 3674 ﬁlius
2788 3606 3012 3661 nominis
3056 3607 3367 3668 ministrari,
3414 3605 3505 3659 sed

1926 3696 2226 3749 ministrare
2250 3694 2461 3765 (Matth.
2491 3695 2605 3768 Xx).
2637 3696 2730 3750 Ille
2771 3712 2901 3750 oves
2941 3697 3109 3765 pavit,
3143 3703 3198 3749 et
3248 3695 3507 3750 Dominus

1928 3784 1981 3837 in
2014 3783 2301 3853 Evangelia
2339 3784 2508 3838 dicit:
2546 3784 2657 3853 Ego
2681 3802 2795 3838 sum
2826 3794 3006 3854 pastor
3029 3785 3191 3837 bonus
3215 3782 3396 3853 (Joan.
3424 3783 3501 3854 x).

1920 3875 2017 3937 Ille
2048 3876 2311 3930 mercedis
2338 3874 2488 3929 lucro
2508 3876 2715 3929 varium
2739 3876 2840 3930 sibi
2868 3890 3033 3944 pecus
3062 3874 3284 3929 abstulit
3312 3893 3325 3927 :
3356 3874 3508 3929 Chri-

1927 3974 2043 4020 stus
2098 3965 2435 4019 diversarum
2487 3965 2727 4034 gentium
2775 3962 3089 4019 varietatem
3120 3965 3334 4018 sibimet
3378 3979 3507 4019 con-

1926 4055 2190 4126 gregavit.
2243 4054 2337 4110 Ille
2368 4064 2476 4110 tres
2504 4055 2686 4124 virgas
2734 4054 3025 4124 amputatis
3072 4054 3400 4134 corticibus,
3449 4055 3504 4109 in

1926 4148 2094 4203 alveis
2137 4162 2400 4217 aquarum
2456 4146 2727 4216 apposuit,
2761 4154 2819 4199 ut
2842 4160 3029 4199 earum
3057 4144 3506 4214 contemplatione

1925 4238 2412 4307 multiplicarentur
2459 4236 2576 4306 ejus
2620 4251 2773 4301 oves,
2811 4243 2867 4290 et
2905 4235 3166 4289 Dominus
3215 4244 3399 4289 noster
3448 4236 3503 4288 in

1925 4344 2064 4399 aqua
2091 4326 2448 4398 baptismatis,
2477 4327 2639 4380 trium
2660 4339 3009 4397 personarum
3040 4324 3277 4389 nomina,
3302 4324 3503 4391 Patris,

1928 4428 1984 4474 et
2016 4418 2175 4484 Filii,
2207 4416 2522 4487 etﬁpiritus
2545 4415 2740 4481 sancti,
2769 4413 2966 4486 populo
2998 4414 3139 4467 fideli
3192 4416 3500 4484 proposuit,

1931 4517 1989 4563 ut
2034 4509 2279 4578 quisquis
2305 4509 2406 4563 hoc
2450 4507 2610 4578 pleno
2638 4506 3194 4574 cordesperspexcrit,
3236 4504 3506 4559 efﬁciatur

1927 4599 2044 4655 ovis
2067 4598 2176 4653 Dei.
2204 4597 2447 4666 Qualiter
2465 4605 2644 4651 autem
2668 4597 2781 4651 hinc
2803 4609 2891 4649 res
2909 4594 3202 4649 secundum
3225 4595 3505 4651 historiam

1926 4688 2154 4761 intelligi
2184 4688 2399 4754 debeat,
2427 4702 2536 4742 non
2564 4696 2647 4742 est
2672 4686 3127 4758 praetereundum.

2502 4796 2730 4854 CAPUT
2761 4796 2944 4852 XVIII.

1932 4895 2008 4951 De
2057 4894 2305 4949 servitute
2353 4891 2547 4958 Iacob,
2587 4889 2957 5013 ἕέἑιᾶευὶυἰε
3001 4887 3185 4943 Laban
3213 4904 3307 4959 pro
3342 4888 3507 4958 gregi-

2000 5054 2221 5109 Petente
2246 5053 2407 5124 igitur
2436 5050 2605 5106 Jacob
2638 5064 2795 5103 suum
2840 5062 3106 5110 socerum,
3134 5056 3335 5103 utcum
3376 5062 3509 5100 uxo-

1930 5145 2082 5201 ribus
2110 5153 2165 5201 et
2202 5143 2385 5197 liberis
2410 5140 2523 5196 suis
2549 5139 2739 5194 liceret
2768 5139 2872 5194 sibi
2914 5139 2982 5193 ad
3010 5148 3262 5209 parentes
3304 5138 3504 5200 redire,

1932 5234 2102 5290 suasit
2123 5234 2172 5289 ei
2203 5232 2411 5297 Laban,
2436 5238 2499 5285 ut
2535 5245 2721 5285 secum
2747 5236 2991 5282 maneret
3011 5228 3344 5295 aliquantum
3372 5235 3507 5279 tein-

1932 5326 2099 5397 poris,
2121 5324 2363 5392 dixitque
2389 5323 2438 5376 ei
2468 5340 2482 5376 :

2002 5416 2142 5483 Quid
2168 5416 2303 5469 dabo
2333 5414 2465 5469 tibi?
2507 5413 2575 5467 At
2600 5413 2710 5483 ipse
2738 5408 3020 5481 respondit.
3053 5406 3204 5462 Nihil
3234 5407 3368 5463 volo.
3400 5408 3505 5464 Sed

1926 5511 1974 5566 si
1998 5509 2180 5579 feceris
2203 5507 2344 5578 quod
2380 5505 2608 5577 postulo,
2644 5506 2832 5558 iterum
2879 5517 3113 5571 pascam,
3142 5510 3191 5554 et
3214 5501 3505 5555 custodiam

1926 5616 2115 5672 pecora
2136 5609 2247 5652 tua.
2276 5595 2417 5667 Gyra
2442 5581 2617 5651 omnes
2640 5609 2817 5664 greges
2846 5603 2986 5657 tuos,
3010 5602 3057 5645 et
3084 5607 3269 5663 separa
3291 5592 3503 5647 cunctas

1928 5709 2043 5747 oves
2071 5692 2266 5755 varias,
2284 5680 2340 5745 et
2368 5703 2549 5758 sparso
2577 5685 2841 5751 vellere,et
2865 5683 3206 5754 quodcunque
3232 5682 3427 5754 fulvum
3455 5694 3502 5738 et
