3962 6198
410 335 516 391 605
1085 317 1146 371 Β.
1188 311 1367 401 ΒᾼΒΑ
1378 309 1440 363 Nl

414 444 739 507 maculosum
767 442 1068 506 variumque
1098 431 1276 511 fuerit,
1303 434 1411 479 tam
1444 422 1499 475 in
1530 417 1730 479 ovibus,
1753 427 1909 483 quam
1938 408 1991 461 in

417 538 621 613 capris,
662 532 759 588 erit
790 544 983 583 merces
1017 537 1165 583 mea;
1210 504 1639 587 respondebitque
1688 504 1815 559 mihi
1872 515 1992 554 cras

411 590 622 707 ju£titia
659 643 805 688 utea,
831 620 1041 694 quando
1084 613 1262 686 placiti
1288 620 1490 677 tempus
1519 599 1781 657 advenerit
1817 590 2017 649 coram‘

1080 706 1093 707 ί
1311 701 1323 707 ⁸
1463 696 1475 707 ⁸
1525 702 1534 707 ι
1656 698 1779 707 η--ρ
1815 682 1968 707 -.ι-δι’..

421 682 489 789 ie,
518 729 624 777 etc.
655 682 879 772 Multum
905 708 1046 780 apud
1072 682 1425 774 Septuaginta
1461 696 1783 761 interpretes
1809 682 1998 740 confu-

422 828 517 869 sus
543 818 627 865 est
650 821 859 866 sensus,
891 809 947 855 et
977 810 1146 866 usque
1175 794 1228 847 in
1257 793 1575 859 praesentem
1622 780 1762 835 diem
1794 773 1995 830 nullum

424 901 572 975 potui
622 894 862 952 invenire
894 861 1200 945 nostrorum
1246 880 1339 950 qui
1364 879 1431 931 ad
1457 871 1716 944 liquidum
1768 864 1897 935 quid
1944 861 2000 915 in

566 990 685 1043 loco
713 986 981 1038 diceretur
1004 979 1315 1045 exponeret.
1346 967 1460 1031 Vis,
1492 965 1693 1031 inquit,
1718 955 1884 1011 Jacob
1915 966 2003 1006 me

430 1083 632 1139 servire
660 1077 755 1133 tibi
794 1075 953 1128 etiam
1001 1068 1135 1122 alios
1156 1071 1356 1132 septem
1378 1054 1580 1111 annos?
1609 1052 1713 1114 fac,
1741 1046 1880 1118 q'uod
1908 1059 2006 1114 po-

432 1172 591 1228 stulo.
626 1168 829 1235 Separa
860 1173 1048 1215 omnes
1088 1151 1380 1210 discolores
1418 1154 1474 1202 et
1502 1142 1679 1197 varias
1714 1148 1821 1192 tam
1852 1149 2003 1197 oves,

433 1275 593 1332 quam
643 1231 851 1325 capras,
876 1258 931 1305 et
979 1244 1129 1301 trade
1165 1242 1220 1296 in
1265 1250 1456 1292 manus
1507 1231 1737 1285 ﬁliorum
1770 1233 2003 1279 tuorum.

434 1320 776 1417 illursumqne
806 1360 867 1399 ex
916 1349 1145 1406 utroque
1173 1346 1335 1404 grege
1363 1327 1484 1382 alba
1510 1333 1564 1378 et
1593 1320 1746 1386 nigra
1778 1329 1971 1387 pecora
1990 1354 2006 1379 ,

434 1403 614 1503 idest,
645 1403 805 1491 unius
842 1429 1038 1487 coloris
1059 1403 1135 1480 da
1164 1403 1316 1476 tiiihi.
1352 1413 1567 1485 Siquid
1594 1411 1756 1481 igitur
1781 1422 1848 1461 ex
1878 1403 2012 1458 albis

435 1545 490 1591 et
510 1532 696 1604 nigris,
721 1543 839 1599 quae
863 1525 1021 1580 unius
1040 1517 1256 1582 coloris,
1284 1518 1430 1575 sunt,
1450 1507 1656 1562 varium
1682 1509 1869 1556 natum
1891 1496 2012 1551 fue-

439 1626 529 1686 rit,
562 1592 741 1676 meum
769 1618 890 1673 erit.
941 1613 998 1668 Si
1025 1609 1153 1681 quid
1179 1620 1309 1661 vero
1358 1601 1517 1655 unius
1562 1592 1781 1658 coloris,
1837 1596 2011 1643 tuum.

440 1684 573 1768 item
603 1725 709 1764 non
746 1703 1019 1761 difﬁcilem
1057 1695 1287 1769 postulo.
1318 1691 1518 1745 Tecum
1545 1684 1673 1739 facit
1700 1688 1895 1736 natura
1920 1690 2016 1747 pe-

441 1815 648 1864 corum,
685 1804 746 1851 ut
774 1793 891 1848 alba
923 1806 988 1846 ex
1027 1765 1184 1851 albis,
1216 1792 1270 1838 et
1315 1780 1465 1850 nigra
1501 1779 1796 1830 nascantur
1834 1783 1900 1822 ex
1931 1765 2012 1820 ni-

440 1895 582 1965 gris,
612 1903 821 1945 mecum
847 1885 952 1941 erit
983 1878 1187 1953 justitia
1216 1888 1335 1929 mea
1354 1912 1369 1937 ,
1400 1872 1525 1924 dum
1566 1866 1709 1920 Deus
1746 1858 2019 1916 humilita-

448 1949 582 2039 tem,
608 1993 785 2035 meam
828 1949 1047 2043 respicit
1088 1976 1143 2023 et
1188 1965 1447 2020 laborem.
1499 1955 1781 2026 Optionem
1832 1949 2019 2004 Laban

445 2075 624 2130 datam
655 2070 880 2123 libenter
919 2039 1180 2131 arripuit,
1215 2063 1271 2110 et
1307 2054 1381 2107 ita
1415 2058 1474 2104 ut
1507 2046 1673 2102 Jacoh
1717 2039 2023 2114 postulabat

444 2163 673 2226 faciens,
696 2158 857 2213 trium
886 2130 1094 2209 dierum
1119 2149 1221 2203 iter
1254 2145 1395 2199 inter
1430 2140 1598 2195 Jacob
1626 2144 1681 2191 et
1713 2149 1841 2189 suos
1880 2130 2021 2185 ﬁlios

451 2256 744 2329 separavit,
773 2266 842 2307 ne
879 2248 1000 2320 quis
1039 2261 1104 2300 ex
1140 2240 1417 2297 vicinitate
1445 2231 1658 2304 pecoris
1711 2233 2025 2284 nasceretur

449 2321 624 2404 dolus.
668 2344 851 2411 Itaque
903 2334 1069 2393 Iacob
1113 2345 1307 2386 novam
1358 2324 1637 2395 stropham
1685 2321 2024 2374 commentus

452 2447 558 2504 est,
585 2445 641 2491 et
675 2402 860 2489 contra
885 2435 1135 2482 naturam
1159 2421 1265 2476 albi
1293 2426 1348 2473 et
1374 2415 1514 2487 nigri
1540 2410 1752 2484 pecoris
1791 2402 2024 2462 naturali

456 2541 574 2588 arte
600 2523 874 2598 pugnavit.
924 2520 1059 2574 Tres
1075 2515 1217 2571 enim
1241 2512 1420 2581 virgas
1448 2504 1723 2577 populeas,
1754 2508 1810 2555 et
1836 2511 2024 2568 amyg-

376 2680 381 2683 ,
456 2590 767 2682 dalinas:et
794 2605 1153 2679 maligranati,
1182 2612 1492 2674 quanquam
1530 2590 1881 2663 Septuaginta
1908 2593 2026 2655 sty—

457 2723 676 2771 raceas,
700 2713 754 2760 et
780 2714 977 2757 nuceas
995 2738 1010 2763 ,
1037 2705 1091 2750 et
1117 2689 1448 2765 plataninas,
1477 2683 1731 2743 habeant,
1763 2694 1830 2733 ex
1876 2682 2030 2746 parte

458 2799 818 2861 decorticans,
847 2791 1057 2846 varium
1087 2787 1359 2857 virgarum
1385 2778 1512 2834 fecit
1543 2775 1803 2836 colorem,
1826 2776 1886 2823 ut
1913 2766 2031 2822 ubi-

459 2904 673 2959 cunque
717 2886 771 2941 in
807 2883 957 2952 virga
1003 2876 1258 2933 corticem
1284 2867 1589 2938 reliquisset
1629 2862 1880 2929 antiquus
1906 2870 2030 2926 per-

461 2987 708 3039 maneret
748 2975 927 3038 color;
972 2969 1062 3025 ubi
1117 2980 1245 3021 vero
1306 2961 1515 3016 tulisset
1566 2954 1844 3015 corticem,
1884 2945 2034 3002 color

459 3072 719 3128 candidus
760 3065 1102 3137 panderetur.
1163 3054 1497 3114 Observabat
1549 3062 1678 3118 ergo
1727 3043 1933 3106 Jacob,
1978 3047 2034 3095 et

466 3169 703 3229 tempore
738 3133 846 3226 quo
890 3147 1316 3206 ascendebantur
1343 3155 1537 3212 pecora
1571 3147 1623 3193 et
1653 3147 1777 3207 post
1803 3133 2035 3190 calorem

465 3223 669 3305 diei-ad
695 3223 988 3316 potandum
1017 3238 1169 3294 avide
1196 3233 1511 3306 pergebant,
1544 3226 1835 3283 discolores
1856 3223 2037 3293 virgas

465 3339 698 3411 ponebat
724 3337 777 3391 in
803 3332 1101 3396 canalibus,
1125 3337 1180 3384 et
1201 3323 1449 3381 admissis
1471 3320 1730 3376 arietibus
1757 3326 1812 3373 et
1838 3315 2037 3380 hircis,

468 3405 523 3483 in
576 3428 692 3498 ipsa
726 3421 945 3496 potandi
1004 3419 1259 3474 aviditate
1305 3428 1433 3470 oves
1463 3421 1520 3468 et
1563 3424 1752 3480 capras
1810 3405 2043 3460 faciebat

469 3496 711 3582 ascendi,
740 3523 800 3569 ut
826 3529 892 3568 ex
916 3510 1112 3582 duplici
1136 3505 1423 3570 desiderio,
1453 3503 1578 3558 dum
1599 3510 1654 3555 et
1682 3498 1835 3553 avide
1854 3496 2045 3551 bibunt

471 3620 527 3665 et
576 3605 938 3668 ascendunlur
965 3618 997 3656 a
1039 3598 1300 3661 maribus,
1329 3595 1460 3649 tales
1487 3591 1628 3648 fetus
1677 3588 2042 3657 conciperent,

472 3692 657 3771 quales
691 3698 910 3752 umbras
939 3693 1167 3748 arietum
1192 3698 1247 3745 et
1271 3688 1545 3742 hircorum
1587 3683 1818 3750 desuper
1857 3692 2045 3732 ascen-

476 3766 716 3847 dentium
747 3787 801 3841 in
847 3798 1108 3855 aquarum
1142 3777 1360 3851 speculo
1403 3772 1925 3841 contemplabantur.
1966 3766 2045 3825 Ex

476 3882 642 3953 virgis
686 3879 832 3935 enim
879 3878 934 3931 in
983 3872 1260 3931 canalibus
1301 3868 1493 3940 positis
1517 3866 1700 3921 varius
1742 3863 1900 3917 etiam
1933 3867 2051 3914 erat

477 3971 771 4043 imaginum
793 3967 960 4024 color.
984 3964 1096 4021 Nec
1120 3963 1318 4018 mirum
1351 3961 1492 4015 hanc
1520 3958 1573 4011 in
1603 3961 1866 4036 conceptu
1891 3950 2048 4006 femi-

479 4080 672 4120 narum
715 4076 835 4117 esse
881 4067 1153 4121 naturam,
1181 4061 1243 4109 ut
1280 4050 1464 4121 quales
1508 4028 1882 4118 perspexerint
1936 4042 2048 4097 sive

482 4144 670 4210 mente
701 4148 1082 4219 conceperint,
1105 4146 1158 4200 in
1188 4150 1433 4199 extremo
1457 4137 1742 4207 voluptatis
1764 4144 1917 4197 testu,
1947 4147 2053 4201 quo

372 4252 379 4259 '
479 4244 809 4314 concipiunt,
835 4241 996 4296 talem
1021 4235 1255 4294 sobolem
1278 4239 1585 4305 procreent,
1613 4244 1733 4285 cum
1757 4227 1862 4281 hoc
1882 4225 2054 4294 ipsum

482 4337 643 4393 etiam
674 4334 728 4388 in
779 4345 1039 4402 equarum
1076 4327 1326 4399 gregibus
1352 4322 1491 4393 apud
1535 4320 1800 4390 Hispanos
1846 4317 2057 4371 dicatur

1480 301 1698 361 MAURI
1731 292 2045 352 i‘tRClllEP.
2087 282 2394 343 MOGUNT.
2437 274 2720 334 OPERUM
2758 269 2937 326 PARS
2975 266 3015 319 Ι.

2022 410 2066 466 Α
2096 407 2278 454 utrum
2330 410 2395 448 ex
2447 390 2604 443 unius
2653 381 2866 456 generis
2895 379 3038 449 ligno
3065 373 3345 428 varientur
3389 369 3576 436 virgze,
3603 382 3671 420 an

3561 253 3669 308 604

2094 488 2247 559 plura
2309 483 2419 537 sint
2465 479 2732 547 lignorum
2793 482 3012 540 genera,
3053 479 3177 520 cum
3227 460 3342 515 sola
3399 465 3675 529 quatratizr

2095 579 2340 635 colorum
2384 571 2638 626 varietas.
2672 563 2749 618 Ac
2780 577 2876 632 per
2903 560 3007 612 hoc
3037 553 3236 623 inquiri
3266 550 3410 619 cogit
3444 548 3678 617 prophe-

2097 672 2248 732 tiam,
2280 674 2336 721 et
2355 664 2588 731 aliquam
2614 658 2898 727 ﬁguratam
2933 645 3382 719 signiﬁcationem
3414 657 3502 696 res
3527 641 3633 694 ista
3660 656 3674 692 :

2099 730 2261 830 quam
2308 756 2424 810 sine
2450 730 2625 806 dubio
2661 755 2721 800 ut
2754 743 3013 815 propheta
3059 737 3188 793 iecit
3235 734 3432 797 Jacob,
3467 741 3517 785 et
3558 730 3679 784 ideo

2099 864 2201 905 nec
2230 845 2432 900 fraudis
2476 838 2781 910 arguendus
2830 843 2930 887 est.
2980 830 3094 883 Non
3144 828 3289 881 enim
3317 824 3425 879 tale
3451 822 3677 901 aliquid,

2100 939 2206 993 nisi
2234 935 2494 991 relatione
2530 925 2795 999 spirituali
2827 938 2948 977 eum
2982 921 3175 975 fecisse
3221 898 3550 971 credendum
3576 921 3678 965 est.

2105 1029 2396 1096 Postquam
2436 1029 2617 1076 autem
2645 1016 2756 1071 nati
2791 1014 3004 1068 fuerant
3031 1008 3155 1079 agni
3186 1017 3241 1060 et
3279 1004 3419 1059 hatdi
3445 1002 3584 1056 varii
3629 1012 3687 1055 et

2107 1094 2402 1174 discolores
2427 1129 2491 1168 ex
2520 1109 2657 1165 albis
2684 1116 2740 1162 et
2769 1105 2927 1160 unius
2953 1100 3151 1156 coloris
3189 1094 3476 1166 gregibus,
3525 1107 3688 1161 sepa-

2109 1209 2264 1264 rabat
2309 1205 2428 1260 illos
2483 1200 2672 1265 Jacob,
2701 1205 2756 1252 et
2785 1193 2970 1266 procul
3001 1206 3121 1247 esse
3144 1186 3374 1244 faciebat
3400 1200 3430 1239 a
3458 1183 3690 1254 pristino

2110 1314 2292 1371 grege.
2345 1296 2403 1350 Si
2430 1294 2521 1364 qui
2564 1301 2745 1346 autem
2780 1276 3333 1342 n'ascebantur’unius
3372 1277 3569 1333 coloris
3592 1316 3607 1339 ,
3638 1275 3693 1329 id

2111 1368 2231 1455 est,
2245 1387 2349 1442 albi
2378 1386 2459 1441 vel
2481 1383 2641 1455 nigri,
2667 1380 2911 1435 tradebat
2936 1378 2987 1430 in
3010 1389 3198 1429 manus
3223 1371 3454 1425 filiorum
3483 1368 3692 1428 Laban,

2115 1487 2171 1535 et
2197 1476 2435 1549 ponebat
2483 1474 2684 1542 virgas,
2715 1484 2850 1539 quas
2889 1465 3308 1521 discoloraverat
3336 1459 3694 1534 [discoriave-

2119 1567 2227 1640 rat]
2259 1568 2311 1622 in
2342 1564 2641 1628 canalibus,
2670 1561 2762 1615 ubi
2792 1556 3205 1613 effundebantur
3234 1566 3404 1621 aqum,
3428 1557 3484 1603 et
3512 1547 3699 1602 venie-

2119 1638 2250 1717 bant
2295 1658 2363 1713 ad
2390 1654 2715 1727 potandum,
2747 1657 2932 1705 contra
2982 1659 3207 1717 pecora,
3235 1649 3293 1696 ut
3348 1638 3699 1708 conciperent

2037 1748 2085 1806 B
2112 1766 2176 1807 eo
2215 1760 2452 1818 tempore
2479 1758 2601 1800 cum
2638 1741 2883 1796 venirent
2916 1737 2983 1790 ad
3030 1733 3350 1805 potandum.
3408 1729 3477 1783 Et
3516 1727 3703 1782 concio

2121 1843 2341 1913 piebant
2372 1851 2567 1910 pecora
2607 1840 2796 1890 contra
2838 1829 3016 1900 virgas
3053 1823 3242 1886 Jacob,
3273 1834 3407 1890 quas
3443 1825 3702 1888 posuerat

2121 1943 2246 1989 ante
2291 1944 2487 2003 pecora
2516 1927 2570 1982 in
2613 1924 2895 1981 canalibus
2937 1920 3003 1974 ad
3046 1914 3454 1986 concipiendum
3497 1910 3552 1965 in
3598 1909 3702 1972 eis,

2123 2032 2178 2080 et
2205 2023 2259 2076 in
2287 2002 2541 2075 serotinis
2565 2014 2757 2071 ovibus
2790 2026 2897 2066 non
2948 2007 3208 2079 ponebat,
3235 2012 3289 2059 et
3330 2002 3533 2057 ﬁebant
3555 2013 3707 2053 sero-

2125 2112 2236 2167 tina
2263 2109 2560 2172 Laban,et
2604 2112 2948 2172 temporanea
2995 2095 3182 2152 Jacob.
3227 2093 3342 2149 Hoc
3387 2092 3440 2147 in
3473 2088 3705 2157 Septua-

2125 2203 2273 2275 ginta
2321 2197 2706 2268 interpretibus
2749 2208 2856 2248 non
2886 2191 3144 2253 habetur;
3178 2186 3273 2242 sed
3312 2200 3411 2256 pro
3451 2180 3708 2238 serotinis

2127 2306 2183 2352 et
2229 2291 2614 2365 temporaneis,
2642 2286 2787 2343 aliud
2815 2284 3000 2341 nescio
3024 2280 3172 2352 quid,
3198 2279 3342 2349 quod
3371 2276 3438 2331 ad
3483 2289 3706 2330 sensum

2128 2401 2237 2441 non
2273 2362 2526 2455 pertinet,
2562 2375 2974 2433 transtulerunt.
3008 2369 3160 2441 Quod
3191 2375 3371 2424 autem
3403 2365 3533 2419 dicit
3562 2362 3712 2417 Scri-

2128 2488 2307 2551 ptura,
2339 2477 2444 2531 hoc
2471 2480 2556 2528 est
2587 2490 2600 2526 :
2632 2470 2798 2525 Jacob
2825 2466 3066 2537 prudens
3085 2471 3140 2518 et
3162 2462 3388 2517 callidus
3405 2500 3419 2524 ,
3441 2457 3715 2527 justitiam

2130 2546 2184 2622 et
2231 2563 2594 2634 aequalitatem
2645 2559 2807 2614 etiam
2858 2557 2911 2610 in
2967 2569 3105 2609 nova
3150 2560 3267 2606 arte
3317 2550 3590 2605 servabat.
3649 2546 3711 2601 Si

2130 2660 2273 2714 enim
2305 2670 2493 2712 omnes
2521 2667 2686 2723 agnos
2708 2660 2762 2706 et
2796 2648 2979 2703 haedos
3011 2646 3191 2699 varios
3212 2658 3405 2713 pecora
3426 2653 3713 2711 procreas-

2132 2757 2272 2813 sent,
2304 2755 2423 2802 erat
2478 2745 2656 2813 aliqua
2703 2738 2936 2809 suspicio
2974 2736 3112 2799 doli,
3143 2742 3198 2788 et
3226 2740 3414 2805 aperte
3454 2730 3580 2785 huic
3635 2728 3718 2783 rei

2132 2841 2317 2910 Laban
2356 2837 2567 2893 invntus
2606 2830 2949 2888 contraisset.
2996 2827 3136 2897 Ergo
3189 2825 3262 2879 ita
3298 2822 3477 2876 omnia
3507 2829 3718 2886 tempe-

2136 2930 2304 2995 ravit;
2335 2938 2394 2983 ut
2438 2934 2493 2981 et
2546 2925 2660 2995 ipse
2715 2921 2948 2975 fructum
2999 2917 3081 2972 sui
3114 2914 3316 2970 laboris
3343 2912 3637 2981 acciperet,
3665 2917 3722 2961 et

2134 3022 2318 3079 Laban
2372 3036 2477 3075 non
2521 3017 2738 3088 penitus
2767 3012 3121 3084 spoliaretur;
3153 3009 3245 3063 sed
3273 3008 3317 3062 si
3350 3002 3565 3076 quando
3592 3018 3726 3058 oves

2061 3114 2107 3178 C
2138 3122 2194 3170 et
2221 3127 2398 3181 caprae
2426 3110 2601 3181 primo
2632 3115 2871 3175 tempore
2900 3101 3350 3160 ascendebantur,
3372 3096 3501 3167 quia
3532 3092 3729 3148 melior

2139 3212 2223 3260 est
2244 3201 2477 3258 vernalis
2498 3195 2740 3271 [vernus]
2767 3195 2924 3259 fetus,
2950 3200 3078 3247 ante
3099 3191 3243 3261 ipsas
3262 3187 3494 3259 ponebat
3517 3186 3727 3254 virgas,

2141 3307 2201 3353 ut
2224 3296 2373 3351 varia
2406 3293 2617 3350 soboles
2645 3298 2979 3346 nasceretur.
3017 3286 3357 3354 Quatcunque
3384 3290 3567 3336 autem
3596 3294 3731 3336 oves

2143 3399 2198 3446 et
2223 3403 2397 3458 capra:
2422 3401 2546 3441 sero
2569 3381 2884 3453 quaerebant
2914 3394 3136 3441 marem,
3162 3385 3285 3430 ante
3314 3374 3506 3429 barum
3538 3370 3732 3426 oculos

2143 3494 2253 3534 non
2282 3476 2515 3547 ponebat
2555 3474 2734 3545 virgas
2758 3512 2774 3537 ,
2801 3478 2861 3525 ut
2893 3469 3052 3523 unius
3081 3466 3280 3523 coloris
3308 3480 3504 3535 pecora
3534 3475 3732 3517 nasce-

2147 3578 2362 3634 rentur;
2401 3575 2457 3622 et
2482 3564 2739 3635 quidquid
2763 3561 3087 3617 nascebatur
3110 3559 3363 3628 primum,
3394 3569 3553 3609 suum
3584 3560 3730 3616 erat.

2148 3661 2271 3732 quia
2295 3659 2527 3715 discolor
2547 3666 2600 3712 et
2616 3657 2822 3711 variant
2847 3662 2992 3719 erat;
3018 3650 3273 3721 quidquid
3290 3656 3499 3719 postea,
3522 3645 3734 3699 Laban.

2150 3755 2322 3811 Unius
2346 3753 2487 3808 enim
2520 3762 2629 3805 tam
2660 3750 2712 3803 in
2738 3750 2893 3819 nigro
2918 3761 3080 3815 quam
3120 3745 3174 3798 in
3204 3742 3326 3796 albo
3346 3739 3546 3795 coloris
3568 3753 3739 3808 pecus

2150 3849 2443 3907 oriebatur.
2490 3845 2548 3899 In
2601 3859 2666 3898 eo
2710 3849 2887 3896 autem
2934 3838 3053 3893 loco
3093 3835 3182 3889 ubi
3231 3832 3490 3903 scriptum
3523 3840 3647 3891 est,
3680 3837 3740 3881 ut

2141 3938 2497 4010 conciperent
2527 3935 2580 3989 in
2606 3933 2791 4003 virgis,
2824 3931 2876 3984 in
2903 3928 3129 3983 llebrieo
3162 3924 3345 3987 habet,
3362 3924 3735 3976 ieltammenna

2152 4038 2351 4091 muni.
2392 4026 2513 4087 Vim
2563 4023 2714 4078 verbi
2766 4017 3016 4075 lieliraici
3049 4057 3063 4081 ,
3110 4015 3212 4069 nisi
3268 4012 3496 4068 circuitu
3548 4010 3741 4077 expri-

2154 4136 2303 4177 mere
2324 4135 2430 4175 non
2459 4130 2697 4188 possum.
2726 4113 3106 4167 lehammenna
3126 4105 3269 4161 enim
3294 4102 3514 4173 proprie
3539 4100 3745 4155 dicitur

2154 4220 2430 4267 extremus
2455 4210 2508 4263 in
2537 4207 2679 4263 coitu
2707 4203 2854 4259 calor
2881 4243 2895 4266 ,
2943 4215 3051 4271 quo
3079 4212 3277 4269 corpus
3306 4209 3471 4249 omne
3497 4192 3748 4250 concuti;-

2156 4312 2345 4372 tur,,et
2377 4300 2614 4374 patranti
2654 4296 2917 4367 voluptati
2962 4293 3173 4348 vicinus
3227 4296 3311 4345 est
3358 4288 3499 4343 ﬁnis.
3535 4284 3746 4359 (6:29,)

483 4377 643 4393 -.......
781 4377 1039 4402 Ἵππη.
1076 4377 1322 4399 VT-”
1358 4377 1405 4393 κ,
1636 4377 1648 4390 _

483 4428 623 4491 ﬁeri,
652 4434 708 4482 et
729 4422 1091 4491 Quintilianus
1114 4419 1171 4472 in
1198 4431 1262 4472 ea
1306 4412 1673 4471 controversia
1699 4424 1804 4480 qua
1836 4421 2056 4461 accusa-
2157 4395 2346 4450 Potest
2383 4400 2560 4447 autem
2587 4399 2642 4446 et
2668 4386 2960 4444 secundum
3000 4382 3287 4455 mysticum
3339 4393 3558 4435 sensum
3581 4417 3597 4440 ι
3640 4377 3749 4431 hoc

994 4511 1008 4515 _
1061 4508 1103 4515 _
1136 4509 1149 4515 -
1175 4508 1187 4515 .
1545 4502 1577 4515 ..
1764 4499 1797 4515 .,
1818 4497 1881 4515 ,ιη
1912 4496 2051 4515 λη--
2082 4456 2134 4515 Ῑ)
2160 4486 2357 4515 sunt...“
2381 4491 2431 4515 nl
2461 4482 2566 4515 nun
2595 4481 2754 4515 mmln
2789 4476 3011 4515 inlolliai
3086 4473 3396 4515 Inmllmmg
3443 4484 3585 4515 sacri
3633 4468 3749 4515 ein.

485 4530 573 4573 tur
597 4524 840 4571 matrona
868 4511 1013 4581 quod
1039 4508 1347 4576 [Ethiopem
1375 4502 1604 4574 peperit,
1630 4515 1727 4570 pro
1747 4496 2058 4554 defensione

488 4606 634 4660 illius
668 4606 1074 4672 argumentetur
1117 4596 1257 4651 hanc
1286 4599 1642 4660 conceptuum
1673 4600 1791 4643 esse
1814 4593 2061 4641 naturam

487 4710 647 4765 quam
674 4707 837 4761 supra
861 4690 1114 4744 diximus.
1146 4684 1218 4739 Et
1239 4683 1495 4751 scriptum
1517 4677 1786 4749 reperitur
1824 4676 1878 4730 in
1910 4675 2066 4730 libris

490 4764 851 4856 antiquissimi
879 4787 933 4834 et
958 4775 1271 4849 peritissimi
1300 4771 1493 4828 medici
1520 4766 1894 4841 Hyppocratis,
1922 4764 2066 4835 quod

489 4874 685 4932 mulier
706 4872 950 4943 quaedam
977 4866 1281 4938 suspicione
1304 4861 1551 4919 adulterii
1574 4858 1749 4915 fuerat
1770 4855 2064 4929 punienda,

494 4980 613 5023 cum
638 4961 1061 5035 pulcherrimum
1086 4956 1401 5028 peperisset,
1426 4952 1641 5021 utrique
1671 4946 1878 5020 parenti
1906 4959 2066 5017 gene-

489 5034 655 5127 rique,
673 5049 1019 5114 dissimilem,
1050 5047 1155 5102 nisi
1198 5051 1528 5119 memoratus
1553 5039 1793 5095 medicus
1820 5034 2067 5091 solvisset

491 5144 869 5216 quaestionem,
900 5138 1019 5194 illos
1047 5149 1270 5190 monens
1295 5146 1536 5202 quaerere
1565 5143 1694 5182 num
1725 5126 1866 5180 forte
1886 5123 2066 5191 aliqua

492 5237 617 5290 talis
651 5245 858 5291 uictura
887 5236 1031 5285 esset
1077 5228 1129 5282 in
1159 5224 1428 5288 cubiculo,
1455 5237 1560 5291 qua
1596 5221 1833 5281 inventa,
1873 5214 2070 5270 mulier

494 5342 524 5380 a
556 5337 863 5393 suspicione
889 5320 1114 5375 liberata.
1150 5323 1250 5371 est.
1285 5312 1467 5386 (Aug.)
1501 5310 1606 5366 Sed
1644 5308 1712 5362 ad
1739 5307 1880 5361 hanc
1928 5319 2064 5369 rem,

494 5429 658 5484 quam
701 5412 831 5467 fecit
873 5408 1060 5474 Jacob,
1091 5409 1367 5477 virgarum
1414 5419 1481 5459 ex
1518 5400 1746 5457 diversis
1785 5396 2070 5453 arboribus

495 5503 659 5557 trium
686 5501 952 5572 copulatio
991 5498 1118 5568 quid
1143 5495 1434 5552 contulerit
1462 5492 1729 5554 utilitatis,
1760 5486 1901 5557 quod
1948 5485 2073 5540 atti-

498 5601 593 5645 net
633 5592 701 5646 ad
748 5591 926 5645 varias
951 5588 1183 5658 pecudes
1216 5581 1670 5653 multiplicandas,
1693 5595 1800 5633 non
1847 5584 2074 5645 apparet

499 5681 737 5746 omnino,
774 5697 871 5735 nec
926 5680 1124 5749 aliquid
1176 5678 1244 5732 ad
1293 5679 1394 5731 hoc
1442 5673 1780 5731 commodum
1826 5671 2070 5731 interest,

660 5770 669 5793 ὁ

2159 4486 2435 4542 factumet
2461 4482 2566 4537 alio
2595 4481 2754 4537 modo
2789 4476 3033 4547 intelligi.
3086 4473 3396 4529 Intellectus
3443 4484 3586 4524 sacri
3633 4468 3763 4523 elo-

2159 4576 2272 4647 quii
2322 4575 2462 4629 inter
2496 4580 2700 4627 textum
2732 4578 2788 4624 et
2820 4565 3137 4639 mysterium
3168 4568 3320 4616 tanta
3345 4567 3427 4614 est
3457 4558 3753 4612 libratione

2160 4666 2490 4739 pensandus,
2510 4672 2571 4718 ut
2591 4657 3064 4730 utriusquepartis
3089 4655 3243 4709 lance
3269 4651 3576 4713 moderata,
3597 4648 3753 4701 hunc

2162 4773 2338 4828 neque
2390 4755 2572 4811 nimiae
2616 4748 2968 4807 discussionis
2995 4745 3205 4816 pondus
3238 4742 3537 4811 deprimat,
3571 4752 3754 4807 neque

2165 4863 2381 4906 rursum
2432 4856 2617 4916 torpor
2662 4843 2885 4899 incuriae
2935 4852 3166 4909 vacuum
3203 4833 3493 4902 relinquat.
3562 4828 3747 4885 Multa:

2168 4942 2365 5013 quippe.
2391 4939 2507 5009 ejus
2528 4934 2806 4994 sententiae
2830 4940 2975 4987 tanta
2998 4930 3379 4998 allegoriarum
3395 4922 3755 4991 conceptione

2168 5011 2295 5087 sunt
2313 5027 2566 5100 gravidae,
2596 5033 2655 5079 ut
2693 5023 2936 5094 quisquis
2957 5035 3050 5074 cas
3071 5020 3138 5072 ad
3158 5017 3328 5073 solam
3360 5023 3546 5069 tenere
3576 5011 3755 5066 histo-

2170 5123 2308 5178 riam
2340 5120 2529 5174 nititur
2554 5158 2569 5182 ,
2601 5130 2786 5171 earum
2817 5112 3005 5168 notitia
3034 5125 3130 5180 per
3152 5122 3305 5163 suam
3335 5103 3599 5160 incuriam
3638 5102 3757 5172 pri-

2169 5222 2345 5269 vetur.
2377 5208 2643 5265 Nonnulla
2670 5222 2800 5262 vero
2838 5207 2913 5261 ita
2959 5201 3319 5259 exterioribus
3337 5194 3627 5270 praeceptis
3670 5194 3757 5246 in-

2171 5302 2432 5363 serviunt,
2462 5306 2523 5352 ut
2548 5298 2594 5351 si
2617 5296 2738 5366 quis
2765 5309 2859 5349 eas
2879 5292 3128 5350 subtilius
3152 5296 3437 5362 penetrare
3459 5282 3755 5342 desideret,

2173 5399 2316 5450 intus
2341 5391 2553 5461 quidem
2581 5388 2712 5443 nihil
2739 5385 2999 5450 inveniat,
3025 5382 3120 5438 sed
3149 5382 3252 5435 hoc
3282 5378 3381 5432 sibi
3413 5374 3579 5429 etiam
3607 5368 3755 5440 quod

2174 5485 2307 5540 foris
2332 5485 2624 5552 loquuntur
2651 5476 2965 5533 abscondat.
3015 5473 3169 5529 Unde
3200 5471 3338 5525 bene
3377 5476 3593 5535 quoque
3622 5474 3755 5517 nal-

2177 5574 2386 5631 ratione
2418 5571 2672 5624 historica
2719 5582 2813 5636 per
2857 5560 3304 5635 signiﬁcationem
3327 5554 3569 5611 dicitur:

2250 5658 2632 5718 TallensJarob
2655 5658 2822 5728 virgas
2841 5652 3088 5725 populeas
3114 5648 3301 5706 virides
3326 5657 3371 5701 et
3392 5639 3765 5717 amygdalum:
