3970 6198
304 315 408 371 605

1344 315 1697 372 COMMENT.
1737 316 1804 372 ΙΝ
1844 317 2169 375 GENESIM.
2205 349 2276 361 --
2309 319 2437 375 LIB.
2480 319 2564 376 ΙΙΙ.

3459 328 3565 385 606

296 440 345 485 et
369 446 435 484 ex
453 430 705 500 platanis,
750 444 816 483 ea:
846 437 994 501 parte
1014 428 1347 484 decorttcavit
1387 445 1475 482 eas
1498 470 1513 495 ,
1554 440 1610 484 et
1657 433 1885 501 reliqua.
1917 439 1964 492 Α
1994 429 2234 501 Denique
2262 440 2316 486 et
2340 447 2405 486 ex
2433 444 2890 504 consequentibus
2923 438 3013 493 blc
3050 439 3434 509 magism
3454 459 3569 513 pro-

294 521 436 590 ρυίά
463 527 549 575 est
577 519 756 590 virgas
782 518 983 574 virides
1004 525 1059 573 et
1079 518 1446 589 amygdalinas
1478 531 1640 589 atque
1683 537 1750 576 ex
1774 522 1886 591 pla-

1990 520 2170 586 batur,
2199 524 2341 590 quod
2370 537 2469 591 per
2495 525 2736 596 singulos
2772 525 2912 582 fetus
2940 543 3154 598 semper
3190 530 3371 587 Laban
3392 534 3568 590 condi-

296 613 438 668 tanis
467 619 594 666 ante
620 610 808 665 oculos
836 624 1058 678 gregum
1086 624 1307 675 ponere,
1336 610 1439 665 nisi
1469 626 1568 681 per
1594 610 1889 683 Scriptura
1988 610 2189 665 tionem
2220 614 2534 668 mutaverit.
2578 616 2636 670 Si
2682 616 2900 672 videbat
2945 619 3153 673 varium
3197 622 3344 676 nasci
3387 637 3578 692 pecus,

292 706 491 763 seriem
523 710 866 773 antiquorum
901 703 1122 756 Patrum
1153 701 1482 772 vitaslatque
1508 705 1802 759 sententias
1831 705 1884 759 in

289 797 596 868 exemplum
617 794 826 866 populis
855 794 1131 863 praebere?
1156 793 1285 859 Qua
1305 793 1563 848 nimirum
1586 796 1710 864 quia
1727 794 1884 865 juxta

286 888 517 945 rationis
545 901 771 941 examen
797 893 957 939 recta
984 892 1127 943 sunt.
1159 886 1324 955 virga
1359 885 1722 939 nominantur.
1752 885 1884 952 Qui-

281 982 388 1038 bus
408 998 474 1037 ex
498 989 652 1051 parte
675 978 935 1035 corticem
959 978 1250 1042 subtrahit,
1280 984 1336 1031 ut
1362 977 1415 1031 in
1440 977 1525 1032 his
1544 993 1663 1046 qua
1686 992 1886 1048 exspo-

279 1075 512 1137 liantur,
541 1071 765 1127 intimus
802 1069 1007 1124 candor
1034 1076 1329 1138 appareat;
1360 1076 1415 1122 et
1455 1083 1522 1122 ex
1563 1078 1717 1138 parte
1752 1083 1879 1125 cor-

280 1167 447 1221 ticem
492 1172 714 1227 servat,
773 1162 821 1217 si
869 1169 929 1215 ut
983 1160 1197 1215 fuerant
1247 1162 1487 1216 exterius
1546 1161 1600 1215 in
1649 1162 1879 1217 veritate

274 1264 671 1329 permaneant;
704 1253 994 1321 variusque
1015 1252 1286 1322 virgarum
1308 1252 1459 1308 color
1477 1250 1729 1316 efﬁcitur,
1750 1252 1876 1307 dum

273 1358 471 1406 cortex
514 1362 583 1402 ex
612 1355 765 1416 parte
793 1342 1151 1406 subtrahitur,
1184 1350 1238 1397 et
1277 1357 1343 1396 ex
1384 1350 1539 1412 parte
1588 1342 1871 1396 retinetur.

270 1442 416 1496 Ante
440 1437 890 1496 considerationis
937 1437 1082 1489 enim
1125 1444 1326 1489 nostra
1362 1434 1546 1489 oculos
1579 1434 1872 1503 pradican-

270 1534 412 1588 tium
440 1532 663 1587 Patrum
688 1527 970 1584 sententia
997 1526 1148 1597 quasi
1193 1526 1355 1596 virga
1379 1526 1543 1579 varia
1578 1534 1870 1595 ponuntur,

271 1624 326 1679 in
365 1623 567 1694 quibus
596 1620 725 1675 dum
770 1619 1089 1690 plerumque
1146 1616 1476 1672 intellectum
1520 1616 1710 1670 littera
1739 1616 1875 1686 fugi-

270 1730 418 1778 mus,
453 1712 609 1783 quasi
637 1711 897 1767 corticem
941 1709 1340 1774 subtrahimus;
1380 1716 1434 1762 et
1478 1707 1605 1763 dum
1655 1706 1867 1761 intelle-

1983 711 2103 771 post
2140 703 2305 758 fetum
2335 704 2551 760 dicebat
2572 724 2585 760 :
2610 706 2746 761 Volo
2773 716 2833 762 ut
2861 709 2913 762 in
2942 708 3126 765 futuro
3146 712 3277 766 mihi
3307 714 3456 767 varia
3481 729 3576 768 na-

1984 805 2226 849 scantur.
2250 794 2420 851 Jaeob
2440 797 2638 867 quippe
2657 799 2760 854 hoc
2779 800 2987 866 audito,
3012 801 3201 872 virgas
3218 804 3273 858 in
3293 804 3576 875 canalibus

1983 899 2088 938 non
2111 886 2370 955 ponebat,
2396 895 2457 941 ut
2486 885 2697 943 futuros
2722 888 2862 945 fetus
2889 891 2988 946 sibi
3016 907 3212 962 pecora
3237 894 3395 948 unius
3423 894 3572 950 colo-

1979 974 2057 1030 ris
2082 988 2455 1045 procrearent.
2501 978 2737 1035 Rursum
2767 996 2891 1036 cum
2934 982 3155 1037 vidisset
3186 984 3347 1038 unius
3373 984 3570 1040 coloris

1978 1067 2129 1122 nasci
2171 1083 2368 1137 pecora
2401 1069 2607 1135 Laban,
2653 1069 2764 1125 sua
2801 1072 2985 1140 partis
3005 1088 3071 1128 ea
3120 1072 3236 1128 ﬁeri
3266 1074 3466 1129 debere
3496 1075 3597 1128 di-‘

1977 1156 2153 1211 cebat.
2182 1157 2250 1211 Et
2269 1158 2396 1227 quid
2424 1160 2622 1233 plura?
2650 1176 2821 1230 usque
2862 1163 2930 1217 ad
2970 1164 3117 1219 vices
3141 1163 3328 1219 decem
3355 1181 3569 1235 semper

1977 1260 2008 1299 a
2036 1244 2219 1299 Laban
2266 1247 2478 1315 pecoris
2522 1249 2603 1302 sui
2647 1248 2815 1304 Iacob
2853 1259 3055 1315 mutata
3085 1253 3325 1308 conditio
3365 1262 3485 1319 est;
3512 1263 3568 1308 et

1975 1337 2334 1408 quodcunque
2360 1339 2463 1395 sibi
2492 1351 2847 1410 proposuerat
2884 1352 2944 1396 ut
2971 1353 3307 1409 nasceretur,
3342 1344 3395 1398 in
3429 1345 3568 1400 colo-

1975 1441 2090 1481 rem
2121 1429 2452 1483 contrarium
2472 1431 2799 1486 vertebatur.
2826 1431 2902 1487 Ne
2924 1434 3008 1487 cui
3038 1441 3218 1489 autem
3246 1436 3298 1489 in
3323 1450 3414 1489 sex
3461 1450 3564 1489 an-

1972 1517 2060 1573 nis
2082 1518 2269 1574 decem
2299 1521 2545 1590 pariendi
2571 1522 2716 1578 vices
2747 1523 3092 1582 incredibiles
3115 1527 3421 1594 videantur,
3445 1527 3567 1599 lege

1972 1606 2276 1681 Virgilium,
2304 1611 2356 1664 in
2381 1626 2489 1680 quo
2517 1611 2717 1666 dicitur
2741 1630 2755 1667 :

2219 1720 2303 1769 Bis
2321 1722 2531 1783 gravida
2559 1722 2792 1784 pecudes.

271 1814 421 1860 ctum
446 1805 643 1861 littera
666 1803 983 1873 plerumque
1004 1801 1298 1870 sequimur,
1324 1800 1477 1870 quasi
1502 1798 1756 1853 corticem
1783 1812 1869 1852 re—

1974 1817 2176 1873 Natura
2202 1829 2382 1875 autem
2407 1820 2712 1877 Italicarum
2742 1822 2923 1877 ovium
2950 1830 3006 1878 et
3032 1822 3429 1895 Mesopotamia
3451 1841 3559 1881 una

274 1912 578 1958 servamus.
612 1897 859 1965 Dumque
888 1894 954 1948 ab
996 1893 1130 1962 ipsis
1179 1900 1366 1947 cortex
1414 1891 1608 1946 littera
1649 1889 1865 1945 subtra-

272 1990 447 2054 hitur,
495 1987 782 2059 allegorice
825 1984 1026 2040 candor
1066 1983 1294 2038 interior
1340 1984 1768 2046 demonstratur;
1813 1989 1868 2035 et

274 2096 397 2136 cum
418 2087 609 2135 cortex
631 2077 972 2147 relinquitur,
990 2075 1275 2130 exterioris
1300 2072 1666 2144 intelligentia:
1688 2072 1868 2126 viren—

274 2173 347 2229 tia
379 2171 627 2242 exempla
648 2176 1040 2225 monstrantur.
1064 2167 1209 2234 Quas
1238 2166 1376 2221 bene
1419 2164 1586 2220 Iacob
1636 2164 1690 2218 in
1715 2177 1869 2233 aqua

272 2263 556 2320 canalibus
578 2261 789 2332 posuit,
818 2260 945 2331 quia
967 2267 1022 2315 et
1051 2258 1379 2327 Redemptor
1414 2264 1600 2311 noster
1635 2255 1868 2309 inlibris

272 2370 368 2410 eas
395 2369 567 2409 sacra
606 2351 865 2415 scientia,
911 2350 1105 2421 quibus
1145 2364 1244 2404 nos
1279 2348 1602 2403 intrinsecus
1635 2345 1871 2400 infundi-

273 2460 418 2509 mur,
447 2443 587 2498 ﬁxit.
609 2442 720 2497 Has
739 2441 1064 2512 aspicientes
1082 2440 1279 2493 arietes
1295 2453 1415 2493 cum
1438 2438 1630 2492 ovibus
1648 2444 1865 2500 coeunt,

274 2536 398 2607 quia
418 2533 714 2589 rationales
740 2531 909 2587 nostri
933 2531 1153 2600 spiritus
1177 2528 1507 2593 intellectus,
1535 2527 1661 2581 dum
1682 2541 1867 2580 earum

276 2626 580 2682 intentione
626 2623 788 2679 deﬁxi
845 2627 1004 2687 sunt...
1050 2620 1276 2690 singulis
1318 2619 1516 2689 quibus
1568 2616 1870 2672 actionibus

269 2718 665 2789 permiscentur
691 2713 825 2769 tales
870 2712 1011 2767 fetus
1054 2725 1278 2781 operum
1309 2716 1637 2779 procreant,
1687 2705 1868 2776 qualia

266 2807 517 2877 exempla
545 2803 959 2877 pracedentium
992 2803 1055 2857 in
1095 2800 1318 2856 vocibus
1361 2809 1754 2869 praceptorum
1788 2797 1867 2851 vi-

267 2902 426 2965 dent;
459 2909 516 2954 et
544 2899 815 2953 diversum
838 2896 1073 2952 colorem
1105 2893 1274 2965 prolis
1307 2892 1431 2948 boni
1456 2891 1639 2963 operis
1664 2889 1869 2944 habent

265 2991 397 3060 quia
426 3003 813 3057 nonnunquam
848 2986 1124 3042 subtracta
1171 2984 1369 3039 littera
1400 2983 1624 3048 cortice,
1658 2980 1871 3035 acutius

266 3078 484 3135 interna
510 3079 876 3143 considerant,
903 3086 958 3133 et
981 3084 1260 3134 reservato
1284 3088 1669 3143 nonnunquam
1692 3072 1865 3128 histo-

267 3172 367 3227 ria
390 3170 647 3240 tegmine,
671 3168 808 3223 bene
830 3183 889 3224 se
917 3168 972 3222 in
1005 3167 1365 3223 exterioribus
1389 3164 1645 3219 formant.

343 3260 656 3330 Ditatusque
681 3268 754 3313 est
785 3259 939 3313 homo
973 3257 1114 3312 ultra
1140 3256 1387 3323 modum;
1413 3264 1461 3311 et
1483 3253 1665 3309 habuit
1684 3268 1863 3323 greges

266 3353 484 3415 multos,
511 3359 561 3403 et
581 3347 825 3415 ancillas,
852 3357 901 3403 et
928 3364 1126 3415 servos,
1151 3345 1378 3402 camelos
1410 3354 1460 3400 et
1486 3345 1687 3400 asinos.

861 3461 1088 3519 CAPUT
1127 3460 1269 3517 XIX.

266 3565 346 3621 De
372 3566 545 3620 reditu
599 3564 762 3619 Iacob
813 3581 879 3619 ea:
922 3562 1325 3635 Mesopotamia
1358 3580 1478 3618 cum
1519 3560 1774 3635 uxoribus
1816 3567 1865 3613 et

395 3636 598 3701 liberis,
621 3645 670 3689 et
693 3648 844 3704 pacto
865 3635 1004 3706 quod
1028 3632 1145 3688 cum
1170 3634 1338 3689 Iacob
1361 3634 1507 3688 inivit
1530 3632 1734 3687 Laban.

338 3728 494 3800 (CAP.
518 3728 696 3802 xxxx.)
738 3728 1023 3800 Postquam
1047 3738 1221 3783 autem
1242 3729 1444 3783 audivit
1466 3728 1619 3783 verba
1631 3726 1867 3797 ﬁliorum

267 3818 452 3874 Laban
473 3820 756 3874 dicentium
779 3835 795 3873 .'
831 3819 971 3874 Tulit
991 3818 1159 3874 Iacob
1183 3820 1361 3874 omnia
1387 3835 1506 3891 qua:
1540 3819 1752 3889 fuerunt
1773 3835 1870 3889 pa-

266 3910 365 3963 tris
404 3910 600 3975 nostri,
644 3919 694 3963 et
718 3909 781 3965 de
816 3909 960 3965 illius
1010 3910 1261 3980 facultate
1303 3910 1539 3976 ditatus,
1572 3910 1745 3979 factus
1790 3917 1866 3963 est

266 3999 520 4070 inclytus,
550 4001 917 4055 animadvertit
940 4017 1143 4072 quoque
1165 4000 1356 4070 faciem
1380 3999 1565 4055 Laban
1605 3998 1743 4070 quod
1764 4014 1869 4052 non

265 4100 402 4145 esset
430 4106 557 4160 erga
585 4108 641 4146 se
672 4092 807 4145 sicut
842 4092 955 4145 heri
992 4100 1042 4145 et
1083 4091 1495 4156 nudiustertius,
1536 4089 1764 4143 maxime
1785 4088 1870 4141 di-

263 4191 415 4236 cente
436 4180 536 4235 sibi
549 4180 807 4236 Domino:
830 4180 1098 4236 Revertere
1114 4180 1169 4235 in
1188 4189 1382 4235 terram
1403 4189 1614 4250 patrum
1634 4188 1864 4241 tuorum,

263 4282 316 4327 et
343 4271 416 4325 ad
442 4272 826 4342 generationem
855 4281 1022 4336 tuam,
1047 4286 1237 4342 eraque
1262 4279 1451 4324 tecum.
1478 4269 1624 4324 Misit
1643 4277 1692 4322 et
1714 4283 1870 4321 voca-

262 4366 335 4421 vit
358 4362 554 4418 Rachel
576 4372 625 4417 et
646 4361 799 4418 Liam
832 4365 892 4418 in
931 4379 1136 4433 agrum,
1163 4361 1251 4417 ubi
1281 4362 1523 4432 pascebat
1552 4375 1762 4432 greges,
1786 4357 1871 4411 di-

233 4455 450 4523 .zitque
475 4453 549 4507 eis
574 4464 593 4503 :
640 4449 802 4506 Video
841 4450 1029 4520 faciem
1059 4452 1225 4520 patris
1268 4450 1445 4515 vestri,
1482 4449 1622 4521 quod
1661 4464 1765 4502 non
1798 4448 1869 4502 sit

259 4559 394 4613 erga
418 4557 501 4596 me
525 4541 662 4595 sicut
685 4540 800 4596 heri
824 4550 872 4595 et
901 4541 1299 4596 nudiustertius.
1333 4540 1474 4594 Deus
1500 4549 1673 4593 autem
1692 4539 1861 4610 patris

258 4638 370 4692 mei
398 4636 500 4707 fuit
524 4650 745 4702 mecum,
775 4643 823 4690 et
844 4636 972 4706 ipsa
998 4635 1162 4689 nostis
1205 4632 1345 4705 quod
1370 4632 1491 4688 totis
1516 4631 1710 4686 viribus
1733 4631 1861 4686 meis

256 4726 537 4783 servierim
576 4728 715 4797 patri
756 4736 942 4780 vestro.
987 4724 1095 4781 Sed
1128 4733 1280 4795 pater
1322 4733 1489 4779 vester
1530 4722 1863 4776 circumvenit

255 4834 369 4883 me,
394 4825 443 4871 et
476 4816 694 4870 mutavit
735 4816 1021 4871 mercedem
1057 4831 1227 4869 meam
1257 4814 1433 4871 decem
1460 4814 1675 4880 vicibus,
1699 4821 1756 4869 et
1782 4827 1868 4868 re-

1889 4501 1944 4560 D

1967 1921 2089 1975 esse
2118 1909 2366 1964 traditur.

2035 1996 2429 2069 Responderunt
2457 1999 2656 2054 Rachel
2676 2011 2725 2056 et
2757 2000 2855 2057 Lia
2879 2019 2898 2057 :
2928 2001 3184 2075 Nunquid
3213 2004 3462 2061 habemus
3481 2023 3561 2061 re-

1965 2086 2108 2140 sidui
2136 2088 2423 2159 quidquam
2453 2090 2509 2143 in
2551 2090 2897 2160 facultatibus
2942 2101 2992 2147 et
3023 2094 3331 2150 Itwreditate
3372 2098 3560 2152 domus

1965 2176 2131 2245 patris
2159 2177 2363 2231 nostri?
2388 2177 2579 2232 Nonne
2618 2180 2771 2250 quasi
2816 2179 3018 2236 alienas
3068 2185 3321 2253 reputavit
3364 2202 3478 2250 nos,
3511 2195 3561 2240 et

1969 2264 2219 2331 vendidit,
2246 2266 2578 2337 conceditque
2602 2268 2825 2337 pretium
2839 2279 3075 2324 nostrum
3090 2272 3115 2325 ?
3131 2272 3222 2325 sed
3265 2272 3402 2328 Deus
3436 2273 3559 2328 tulit

1968 2373 2087 2426 opes
2108 2358 2272 2427 patris
2300 2359 2484 2425 nostri,
2507 2368 2554 2413 et
2581 2358 2728 2414 nobis
2746 2377 2835 2415 eas
2865 2362 3083 2416 tradidit
3103 2379 3165 2416 ac
3185 2362 3309 2433 ﬁliis
3340 2365 3552 2420 nostris.

1970 2446 2118 2503 Unde
2140 2451 2314 2504 omnia
2337 2467 2453 2523 qua
2473 2452 2715 2522 pratcepit
2748 2452 2842 2507 tibi
2884 2452 3140 2508 Dominus
3179 2455 3284 2525 fac.
3314 2455 3556 2512 Surrexit

1967 2540 2141 2611 itaque
2180 2540 2368 2608 Iacob,
2416 2552 2462 2595 ct
2507 2542 2762 2612 impositis
2814 2543 2990 2598 liberis
3018 2556 3068 2599 et
3108 2547 3417 2619 conjugibus
3444 2550 3553 2604 suis

1966 2646 2123 2700 super
2151 2631 2375 2685 camelos
2406 2631 2566 2698 abiit;
2597 2632 2817 2705 tulitque
2870 2651 3076 2689 omnem
3108 2637 3476 2706 substantiam,
3503 2651 3554 2696 et

1966 2738 2164 2793 greges,
2190 2733 2237 2776 et
2260 2723 2514 2795 quidquid
2541 2724 2594 2778 in
2625 2723 3005 2796 Mesopotamia
3033 2727 3346 2798 acquisierat
3370 2770 3385 2794 ,
3430 2747 3553 2801 per-

1965 2828 2090 2883 gens
2117 2813 2185 2866 ad
2217 2812 2375 2867 Isaac
2417 2824 2619 2884 patrem
2644 2831 2798 2869 suum
2839 2816 2895 2870 in
2924 2825 3119 2870 terram
3159 2816 3437 2873 Chanaan.
3472 2819 3554 2874 Eo

1968 2910 2198 2972 tempore
2243 2900 2425 2955 Laban
2476 2903 2608 2956 ierat
2642 2903 2710 2957 ad
2739 2904 3031 2959 tondendas
3056 2922 3171 2960 ores
3194 2922 3340 2973 suas,
3377 2918 3424 2962 et
3450 2907 3556 2963 Ra-

1968 2991 2080 3046 chel
2116 2992 2295 3062 furata
2318 3004 2391 3048 est
2431 2993 2574 3048 idola
2597 2996 2762 3065 patris
2783 2997 2899 3064 sui,
2927 3004 2981 3052 et
3015 2998 3238 3069 reliqua.
3281 3000 3383 3056 Ubi
3412 3016 3556 3058 nunc

1968 3083 2110 3139 idola
2134 3085 2380 3156 legimus,
2403 3086 2457 3140 in
2486 3083 2708 3143 Hebraeo
2728 3088 3019 3161 theraphim
3032 3131 3047 3155 ,
3063 3099 3277 3158 mann,
3293 3093 3554 3163 scriptum

1966 3183 2069 3240 est,
2099 3190 2218 3246 qua
2241 3176 2431 3247 Aquila
2463 3182 2804 3254 μορφώματα,
2830 3179 2886 3234 id
2920 3189 3004 3236 est
3041 3181 3279 3251 ﬁguras,
3307 3170 3555 3240 velvima-

1966 3268 2135 3338 gines,
2185 3266 2595 3337 interpretatur.
2645 3269 2758 3325 Hoc
2810 3279 2992 3327 autem
3043 3273 3183 3340 ideo,
3220 3282 3281 3329 ut
3320 3274 3555 3332 sciamus

1968 3359 2096 3428 quid
2132 3359 2185 3413 in
2211 3356 2462 3415 Iudicum
2495 3360 2633 3416 libro
2661 3362 2963 3433 theraphim
2994 3374 3171 3420 sonet.
3514 3370 3517 3379 '

2040 3448 2461 3505 Nuntiatum‘est
2482 3450 2665 3506 Laban
2689 3452 2773 3507 die
2788 3455 2940 3508 tertio
2961 3455 3101 3525 quod
3122 3455 3324 3527 fugeret
3343 3455 3549 3523 Iacob;

1964 3542 2053 3614 qui
2081 3544 2360 3613 assumptis
2388 3542 2642 3613 fratribus
2663 3546 2795 3612 suis,
2815 3557 3113 3617 persecutus
3136 3558 3210 3602 est
3232 3566 3350 3603 eum
3368 3548 3550 3605 diebus

1967 3642 2180 3703 septem,
2221 3642 2269 3687 et
2312 3634 2699 3704 comprehendit
2741 3652 2861 3690 eum
2902 3637 2956 3691 in
2988 3648 3162 3692 monte
3189 3636 3418 3705 Galaad,
3442 3647 3549 3695 etc.

1967 3722 2085 3778 Non
2113 3724 2256 3794 quod
2304 3739 2370 3779 eo
2416 3732 2662 3795 tempore
2708 3724 2911 3782 Galaad
2956 3744 3111 3783 mons
3143 3728 3434 3795 diceretur,
3459 3731 3555 3785 sed

1965 3828 2065 3883 per
2085 3813 2557 3883 anticipationem,
2589 3823 2651 3869 ut
2673 3815 2984 3886 frequenter
2999 3817 3254 3883 diximus,
3282 3817 3372 3874 illo
3392 3834 3555 3874 voca-

1968 3912 2058 3960 tur
2083 3906 2318 3970 nomine,
2352 3920 2460 3976 quo
2485 3914 2671 3975 postea
2699 3908 3093 3979 nuncupandus
3127 3918 3231 3965 est.

2040 3994 2165 4049 Non
2193 4012 2245 4049 es
2268 4012 2479 4065 passus,
2522 3995 2717 4066 inquit,
2742 3996 2925 4052 Laban
2951 3999 3020 4052 ad
3063 3997 3252 4063 Iacob,
3297 4007 3357 4051 ut
3397 4014 3554 4053 oscu-

1968 4085 2109 4140 larer
2134 4086 2273 4155 ﬁlios
2309 4103 2447 4140 meos
2478 4103 2541 4140 ac
2569 4086 2731 4155 ﬁlias,
2761 4096 2867 4144 etc.
2911 4088 3082 4144 Filios
3110 4103 3175 4143 ac
3199 4088 3341 4145 ﬁlias
3363 4088 3551 4156 Jacob,

1968 4177 2153 4232 Laban
2205 4192 2333 4232 suos
2374 4191 2526 4231 more
2569 4174 2863 4247 Scriptura
2906 4190 3098 4243 sacra,
3143 4191 3252 4246 quo
3285 4176 3425 4233 ﬁlios
3457 4191 3555 4233 seu

1968 4266 2168 4322 fratres
2191 4273 2452 4336 cognatos
2472 4264 2724 4335 appellat,
2754 4265 2895 4320 sicut
2915 4265 2969 4319 in
2991 4267 3344 4337 sequentibus
3369 4275 3554 4323 osten-

1969 4357 2157 4422 detur,
2201 4358 2290 4414 ubi
2337 4359 2595 4428 scriptum
2626 4365 2710 4414 est
2745 4375 2758 4413 :
2789 4358 3041 4431 Dixitque
3083 4360 3250 4416 Iacob
3297 4362 3554 4432 fratribus

1970 4449 2078 4503 suis
2103 4465 2122 4503 :
2148 4450 2345 4520 Alferte
2373 4449 2597 4522 lapides,
2641 4451 2803 4518 ﬁlios,
2831 4449 3060 4506 fratrum
3095 4453 3314 4509 nomine
3339 4467 3553 4508 nuncu-

1967 4555 2120 4609 pans,
2149 4548 2204 4594 et
2230 4541 2282 4594 in
2314 4540 2604 4612 Evangelio
2633 4542 2775 4598 ﬁlios
2802 4541 2983 4597 Maria
2997 4551 3306 4599 matertera
3337 4543 3552 4600 Domini

1971 4632 2171 4690 fratres
2200 4614 2414 4688 Domini
2444 4634 2695 4704 appellat.
2731 4634 2860 4690 Post
2881 4634 3095 4706 longam
3117 4635 3280 4706 igitur
3324 4636 3553 4692 servitu-

1970 4730 2077 4777 tem
2105 4738 2267 4793 quam
2291 4722 2459 4780 Iacob
2499 4725 2639 4795 apud
2681 4740 2926 4781 socerum
2957 4741 3113 4781 suum
3149 4741 3250 4797 pro
3293 4727 3553 4784 uxoribus

1971 4814 2056 4871 vel
2082 4830 2183 4887 pro
2223 4818 2469 4873 mercede
2501 4818 2776 4883 sustinuit,
2822 4820 3082 4888 pracepit
3108 4817 3158 4873 ei
3203 4818 3346 4875 Deus
3374 4808 3432 4873 ut
3459 4833 3544 4873 re-

257 4907 439 4979 liqua.
468 4907 537 4962 Et
558 4915 716 4977 pater
754 4915 960 4973 vester,
1004 4905 1214 4975 inquit,
1251 4905 1514 4960 mentitus
1542 4911 1627 4960 est
1654 4903 1788 4959 mihi
1812 4916 1870 4959 et
1968 4914 2271 4962 verteretur
2295 4910 2363 4964 ad
2398 4908 2631 4979 patriam
2656 4924 2831 4964 suam.
2866 4907 3049 4981 (Isid.)
3091 4908 3243 4964 Tunc
3270 4910 3553 4978 ignorante

256 5001 502 5058 mutavit
524 5000 835 5057 mercedem
859 5014 1036 5054 meam
1070 4999 1255 5055 decem
1288 4998 1532 5064 vicibus;
1563 5009 1618 5054 et
1644 5012 1752 5052 non
1782 4997 1870 5052 de-
1967 5013 2159 5053 socero
2187 5012 2306 5060 suo,
2357 5013 2481 5053 cum
2519 4999 2781 5054 uxoribus
2811 4999 2943 5063 suis,
2991 5014 3114 5055 cum
3143 5000 3398 5054 comitatu
3424 5010 3553 5068 pro-

257 5092 349 5148 dit
374 5091 427 5146 ei
452 5091 594 5146 Deus
623 5100 681 5146 ut
703 5099 925 5146 noceret
952 5089 1105 5144 mihi.
1135 5088 1193 5145 Si
1223 5090 1434 5145 dixerat
1469 5089 1605 5144 hoc:
1639 5088 1862 5144 Varium
1963 5088 2194 5158 peravit.
2219 5088 2405 5143 Laban
2433 5096 2612 5142 autem
2640 5097 2964 5148 consecutus
2997 5096 3082 5144 est
3112 5103 3235 5143 eum
3272 5088 3327 5141 in
3366 5096 3550 5143 monte

255 5197 437 5255 pecus
462 5181 569 5237 erit
596 5196 805 5238 merces
844 5189 967 5247 tua,
1012 5180 1335 5237 nascebatur
1377 5193 1537 5234 omne
1569 5194 1735 5249 pecus
1766 5193 1864 5232 va-

257 5275 448 5339 rium;
474 5283 528 5329 et
559 5275 604 5329 si
640 5275 886 5329 dixerat:
918 5273 1078 5327 unius
1121 5273 1318 5335 coloris
1359 5272 1465 5327 erit
1510 5284 1719 5326 merces
1751 5277 1862 5334 tua,

257 5365 593 5420 nascebatur
634 5379 794 5420 omne
836 5380 999 5434 pecus
1029 5363 1189 5417 unius
1229 5362 1443 5418 coloris.
1488 5359 1595 5416 Pro
1623 5376 1688 5415 eo
1722 5361 1865 5432 quod

256 5474 368 5514 nos
394 5458 693 5527 posuimus,
711 5459 927 5512 mutavit
950 5458 1238 5513 mercedem
1255 5471 1424 5510 meam
1446 5455 1621 5509 decem
1642 5454 1860 5518 vicibus,

258 5549 625 5620 Septuaginta
656 5549 983 5619 interpretes
1007 5555 1326 5618 posuerunt,
1358 5546 1533 5599 decem
1561 5544 1711 5613 agnis
1730 5583 1744 5608 ,
1775 5557 1856 5596 ne-

256 5641 383 5697 scio
430 5653 539 5709 qua
574 5638 829 5709 opinione
883 5638 1063 5703 ducti,
1106 5653 1227 5692 cum
1266 5635 1494 5690 verbum
1540 5632 1862 5690 Hebraicum

256 5729 464 5784 monitu
498 5735 646 5787 nun
668 5768 681 5792 ,
727 5742 1009 5782 numerum
1063 5727 1238 5798 magis
1272 5741 1430 5797 quam
1483 5740 1651 5796 agnos
1681 5732 1861 5780 sonet.

1970 5179 2174 5237 Galaad
2207 5194 2329 5235 cum
2378 5178 2583 5245 furore,
2613 5188 2777 5250 atque
2803 5180 2947 5236 idola
2976 5193 3097 5249 qua
3125 5176 3325 5231 Rachel
3372 5173 3549 5245 furata

1969 5279 2083 5336 est,
2113 5268 2254 5339 apud
2283 5284 2408 5323 eum
2434 5270 2714 5338 requisivit
2738 5285 2839 5325 nec
2875 5270 3092 5338 reperit.
3126 5267 3264 5334 Quid
3291 5281 3420 5338 ergo
3448 5266 3549 5322 sibi

1969 5361 2075 5416 hoc
2098 5361 2271 5429 ipsum
2286 5359 2587 5431 ﬁguraliter
2606 5357 2734 5416 velit
2762 5361 3028 5416 dicamus.
3047 5357 3184 5410 Dum
3205 5356 3349 5411 enim
3365 5355 3549 5413 Laban

1969 5449 2220 5521 superius
2244 5450 2406 5505 aliam
2429 5460 2585 5522 gerat
2608 5465 2916 5520 personam,
2953 5462 3098 5502 nunc
3142 5453 3323 5502 tamen
3352 5446 3549 5502 diaboli

1969 5552 2151 5613 typum
2182 5541 2398 5613 ﬁgurat.
2425 5541 2608 5596 Laban
2624 5540 2831 5610 quippe
2857 5539 3244 5608 interpretatur
3261 5535 3547 5591 dealbatio.

1966 5632 2244 5689 Dealbat'io
2280 5644 2459 5689 autem
2506 5633 2752 5688 diabolus
2790 5647 2897 5687 non
2929 5628 3375 5685 inconvenienter
3403 5629 3548 5685 acci-

1965 5728 2132 5798 pitur,
2163 5726 2290 5796 quia
2318 5741 2441 5781 eum
2469 5725 2538 5780 sit
2574 5723 2897 5779 tenebrosus
2916 5734 2980 5778 cx
3008 5729 3225 5807 merito,
3259 5718 3546 5791 transﬁgu-
