3970 6198
407 344 509 401 607

1039 335 1099 388 Β.
1144 326 1392 386 [MBAN
1431 321 1646 380 MAURI
1685 280 2350 375 ancmurfuocuur.
2394 303 2677 367 OPERUM
2714 302 2893 358 rans
2929 300 2971 354 ι.

3550 292 3657 347 603

410 453 746 509 ratsevclut
781 447 833 502 in
862 446 1107 516 angelum
1157 441 1309 495 lucis.
1343 438 1480 493 Huic
1525 434 1748 491 servivit
1783 429 1971 493 Iacob,
2003 434 2051 491 Α
2080 396 2330 480 [lc/ervum
2386 422 2549 476 testis.
2593 417 2846 473 Traditur
2896 412 2964 467 ab
3017 412 3097 467 eis
3142 409 3233 480 qui
3282 416 3335 463 et
3384 406 3578 478 Syram
3604 412 3663 459 et

409 546 462 601 id
489 552 593 607 est,
631 556 695 595 ex
741 544 896 609 parte
939 532 1293 603 reproborum
1339 526 1595 582 Iudaicus
1639 520 1884 593 papulas,
1915 532 1983 572 ex

408 634 562 704 cujus
587 643 753 686 carne
776 627 1087 681 incarnatus
1111 618 1373 674 Dominus
1417 615 1582 671 venit.
1611 613 1791 667 Potest
1819 609 1984 665 etiam

409 700 506 796 per
541 722 723 777 Laban
750 714 982 772 mundus
1011 713 1099 767 hic
1125 709 1380 780 exprimi,
1401 706 1492 777 qui
1519 721 1641 760 cum
1680 704 1864 756 furore
1889 700 1982 756 Ia-

410 788 511 867 eoh
542 808 804 877 sequitur,
828 803 954 873 quia
980 800 1181 854 electos
1200 809 1464 865 quosque,
1494 793 1585 863 qui
1613 788 1986 859 Redemptoris

413 899 582 955 nostri
621 895 863 951 membra
896 898 1041 955 sunt,
1076 886 1447 958 persequendo
1492 882 1796 952 Opprimere
1826 859 2031 933 (δοιαὶ-ί

415 1002 521 1044 tur.
549 986 718 1055 llujus
765 984 948 1042 ﬁliam,
982 980 1036 1035 id
1069 986 1172 1042 est,
1211 991 1306 1031 seu
1362 974 1566 1036 mundi,
1617 972 1732 1027 sive
1767 969 1984 1035 diaboli,

413 1080 578 1136 Iacob
606 1075 844 1137 abstulit,
877 1087 998 1127 cum
1029 1069 1277 1124 Christus
1305 1065 1405 1120 sibi
1434 1063 1729 1118 Ecclesium
1760 1059 1988 1127 conjun-

417 1173 496 1225 xit
524 1189 537 1223 :
565 1183 729 1239 quam
758 1174 813 1221 et
839 1165 906 1218 de
952 1163 1110 1235 do‘mo
1138 1157 1309 1227 patris
1357 1154 1576 1209 abstulit
1602 1152 1773 1235 ,_qnia
1817 1151 1865 1205 ei
1892 1164 1991 1220 per

424 1232 748 1329 Prophetam
781 1254 945 1309 dicit:
980 1232 1293 1304 Obliviscere
1315 1244 1561 1316 populum
1588 1232 1759 1306 tuum,
1800 1249 1849 1295 et
1890 1241 1988 1294 do-

417 1367 557 1405 mum
585 1349 749 1419 patris
776 1346 851 1399 tui
883 1341 1053 1415 (Psal.
1084 1337 1251 1408 xuv).
1276 1336 1413 1404 Quid
1440 1351 1568 1389 vero
1602 1334 1654 1388 in
1688 1332 1863 1419 idolis,
1886 1331 1991 1387 nisi

416 1412 643 1496 avaritia
687 1412 1032 1505 designatur?
1072 1432 1224 1489 Unde
1267 1439 1321 1485 et
1347 1445 1445 1500 per
1487 1412 1989 1481 Paulumrdieitur:

416 1530 484 1584 Et
510 1522 754 1590 avaritia,
781 1542 897 1596 quia
917 1532 991 1579 est
1018 1521 1280 1576 idolorum
1292 1520 1512 1574 servitus
1536 1514 1782 1590 (Galat.).
1806 1514 1991 1570 Laban

417 1634 546 1690 ergo
576 1618 795 1671 veniens
822 1614 960 1685 apud
982 1612 1173 1677 Iacob,
1210 1610 1409 1666 idolum
1447 1622 1553 1662 non
1584 1606 1812 1671 invenit,
1842 1606 1990 1677 quia,

417 1708 650 1764 ostensis
693 1706 876 1759 mundi
924 1703 1214 1765 thesauris,
1259 1701 1505 1779 diabolus
1543 1700 1598 1753 in
1635 1698 1994 1767 Redemptore

2084 516 2362 572 Hebraeum
2408 512 2648 583 linguam
2704 510 2991 568 noverunt,
3038 506 3259 575 propter
3309 497 3666 568 proprietates

2083 604 2502 674 uniuscujusque
2541 599 2737 668 linguai
2777 594 3000 650 factum.
3048 589 3195 646 Fieri
3238 587 3383 644 enim
3431 585 3570 642 solet
3605 595 3669 640 ut

2084 695 2187 750 alia
2214 695 2393 763 lingua
2423 707 2528 745 non
2558 688 2769 744 dicatur
2789 699 2899 742 uno
2927 683 3115 746 verbo,
3144 679 3287 750 quod
3311 677 3415 731 alia
3443 675 3669 740 dicitur,

2084 795 2139 842 et
2156 787 2433 841 vicinitate
2457 778 2867 852 signiﬁcationis
2905 775 3143 846 quidque
3174 771 3489 841 appelletur.
3529 768 3672 823 Nam

2084 888 2269 950 postea
2299 880 2534 934 dicitur:
2570 877 2797 945 Propter
2836 875 2941 929 hoc
2975 868 3297 940 appellatum
3343 874 3428 921 est
3473 879 3673 919 nomen

2083 972 2326 1028 Acervus
2348 971 2518 1027 testis.
2553 969 2668 1025 Hoc
2704 968 2850 1024 enim
2895 965 3072 1021 medie
3121 962 3354 1033 positum
3383 968 3485 1023 est,
3525 960 3697 1029 quod-

2086 1064 2321 1133 utrique,
2353 1063 2685 1127 convcniret,
2716 1068 2771 1116 et
2791 1060 2840 1115 ei
2871 1058 2963 1127 qui
2993 1057 3228 1117 dixerat,
3261 1055 3488 1108 Acervus
3526 1052 3665 1105 mti-

2088 1157 2345 1226 monii,’et
2369 1155 2418 1210 ei
2439 1154 2530 1223 qui
2560 1153 2789 1215 dixerat,
2806 1150 3030 1202 Acerras
3055 1145 3219 1200 testis.
3243 1142 3425 1215 (lsid.)
3450 1141 3674 1212 Mystice

2090 1259 2271 1305 autem
2306 1248 2448 1303 inter
2470 1243 2676 1307 ﬁdeles,
2702 1248 2809 1295 tam
2834 1238 3046 1294 Iudaeos
3067 1251 3228 1305 quam
3249 1233 3497 1304 gentiles,
3520 1231 3681 1287 testis

2090 1352 2172 1400 est
2198 1342 2336 1412 lapis
2365 1338 2610 1395 eminens
2639 1336 2693 1388 in
2722 1328 3128 1388 similitudinem
3154 1326 3379 1390 Christi,
3420 1335 3477 1378 et
3522 1338 3678 1379 acer—

2092 1452 2191 1492 vus
2222 1433 2460 1505 lapidmn
2484 1429 2576 1499 qui
2601 1414 2695 1483 est
2720 1423 3005 1480 multitudo
3042 1420 3399 1476 credentium.

2164 1528 2443 1583 Intueatur
2492 1520 2743 1576 Dominus
2785 1526 2832 1570 et
2870 1515 3064 1584 iudicet
3108 1514 3244 1568 inter
3286 1528 3380 1565 nos
3405 1551 3421 1575 ,
3461 1507 3678 1580 quando

2095 1616 2453 1673 recesserimus
2492 1629 2523 1666 a
2566 1609 2734 1665 nobis.
2770 1606 2829 1662 Si
2864 1604 3109 1680 amiseris
3146 1602 3287 1673 filias
3321 1617 3464 1655 nicas
3487 1639 3503 1663 ,
3549 1606 3598 1652 et
3628 1596 3679 1651 si

2095 1703 2446 1762 introductis
2470 1716 2656 1755 uxores
2678 1697 2813 1752 alias
2853 1711 3010 1765 super
3043 1710 3132 1747 eas
3158 1732 3176 1757 ,
3207 1690 3385 1746 nullus
3423 1688 3680 1745 sermonis

418 1806 603 1854 nostro
633 1795 857 1864 vestigia
889 1793 1333 1862 concupiscentize
1361 1777 1587 1846 terrenae
1616 1805 1721 1843 non
1770 1788 1990 1858 reperit,

2116 1797 2260 1853 nostri
2287 1795 2428 1849 testis
2451 1803 2546 1854 est,
2572 1790 2763 1859 absque
2782 1785 2885 1840 Deo
2905 1785 2993 1856 qui
3006 1799 3238 1854 prtescns
3258 1780 3467 1851 aspicit.
3492 1777 3683 1851 (Aug.)

419 1888 511 1945 sed
535 1904 654 1956 quia
681 1884 846 1940 Iacob
869 1900 973 1939 non
1006 1883 1211 1948 habuit,
1243 1898 1306 1937 ea
1329 1881 1532 1936 Rachel
1551 1880 1785 1936 sedendo
1806 1894 1998 1949 coope-

419 1980 549 2034 ruit.
588 1978 692 2032 Per
717 1975 917 2031 Rachel
946 1975 1159 2044 quippe,
1184 1989 1303 2043 quze
1331 1973 1423 2027 Dei
1446 1972 1562 2027 ovis
1577 1972 1795 2037 dicitur,
1815 1970 2000 2027 Eccle-

422 2071 502 2125 sia
534 2071 816 2138 ﬁguratur.
844 2065 1047 2120 Sedere
1075 2073 1279 2130 autem,
1318 2072 1401 2118 est
1440 2062 1796 2117 lmmilitatem
1820 2061 1998 2132 pumi-

423 2161 604 2217 tcntirc
625 2167 899 2229 appetere,
914 2157 1057 2212 sicut
1075 2156 1335 2224 scriptum
1357 2164 1440 2210 cst
1465 2152 1705 2224 :Surgite
1726 2163 2001 2224 postquam

421 2251 658 2305 sederitis
692 2247 864 2319 (l’sal.
916 2244 1123 2318 cxxvr).
1162 2244 1364 2299 Rachel
1411 2258 1540 2314 ergo
1583 2243 1723 2298 idola
1767 2241 2003 2298 sedendo

420 2340 676 2410 operuit,
722 2337 852 2407 quia
899 2343 1083 2392 sancta
1131 2333 1372 2389 Ecclesia
1418 2332 1694 2389 Christum
1747 2346 2002 2400 sequens,

422 2431 611 2486 vitium
645 2440 872 2485 terrena:
900 2426 1350 2498 concupiscentiae
1381 2440 1481 2495 per
1508 2423 1864 2479 humilitatem
1892 2436 2007 2494 pm-

422 2521 665 2577 nitentia:
691 2520 988 2589 cooperuit.
1024 2517 1100 2573 De
1130 2517 1234 2572 hac
1256 2516 1603 2585 coopertione
1631 2515 1883 2569 vitiorum
1908 2529 2005 2584 per

422 2611 746 2682 Prophetam
781 2612 1013 2667 dicitur:
1041 2609 1192 2664 Beati
1230 2625 1453 2680 quorum
1495 2608 1725 2663 remissa:
1764 2618 1884 2662 sunt
1906 2607 2005 2661 ini-

422 2706 663 2774 quitates,
688 2713 736 2757 et
777 2718 998 2773 quorum
1033 2711 1167 2755 tecta
1207 2711 1328 2755 sunt
1361 2710 1574 2766 peccata
1607 2698 1779 2772 (Psal.
1827 2698 2001 2772 XXXI).

423 2792 534 2851 Nos
555 2794 719 2869 igitur
745 2793 947 2848 Rachel
975 2792 1062 2847 illa
1103 2791 1446 2863 signiﬁcavit,
1479 2791 1572 2861 qui
1602 2791 1743 2847 idola
1772 2782 2007 2846 sedendo

424 2884 722 2955 premimus
741 2924 756 2949 ,
781 2884 824 2938 si
855 2882 1037 2951 culpas
1068 2882 1309 2937 avaritiae
1334 2882 1642 2952 pceuitendo
1667 2881 2007 2935 damnamus.

2098 1888 2237 1958 Quid
2263 1894 2347 1941 cst
2391 1886 2532 1954 quod
2564 1882 2748 1936 Laban
2781 1877 2951 1933 dicit:
2985 1874 3182 1930 Nullus
3223 1872 3477 1929 sermonis
3517 1869 3689 1924 nostri

2098 1988 2171 2033 est
2192 1978 2358 2040 testis,
2382 1974 2483 2029 nisi
2529 1972 2666 2027 forte
2692 1983 2851 2024 nemo
2875 1963 3296 2022 extraneorum?
3323 1961 3431 2016 Aut
3463 1969 3689 2030 propter

2103 2066 2534 2123 testiﬁcationem
2568 2059 2663 2115 Dei
2698 2073 2859 2129 quem
2905 2055 2982 2110 ita
3011 2054 3213 2109 habere
3252 2052 3539 2115 deberent,
3560 2058 3687 2103 tan-

2101 2174 2262 2230 quam
2313 2170 2472 2211 ncmo
2502 2167 2641 2209 .cum
2688 2149 2768 2206 eis
2802 2155 2967 2213 esset,
3017 2159 3177 2215 quem
3218 2140 3529 2198 testimonio
3572 2137 3693 2207 ejus

2103 2252 2482 2322 adjungercnt.

2174 2320 2243 2396 Et
2266 2320 2465 2410 iuravit
2495 2334 2662 2391 Iacob
2690 2349 2782 2404 per
2801 2331 3037 2385 timorem
3062 2325 3230 2398 patris
3262 2322 3347 2379 sui
3382 2320 3562 2375 Isaac.
3589 2320 3694 2376 Per

2106 2435 2353 2490 timorem
2382 2430 2570 2499 utique
2598 2441 2705 2496 quo
2731 2425 2959 2480 timebat
3006 2421 3208 2483 Deum;
3241 2430 3404 2488 quem
3439 2415 3695 2469 timorem

2104 2525 2267 2581 etiam
2315 2519 2562 2591 superius
2606 2513 3039 2578 commendavit,
3083 2524 3205 2565 cum
3249 2508 3456 2563 diceret
3499 2524 3512 2559 :
3551 2506 3698 2560 Deus

2105 2615 2276 2687 patris
2300 2614 2408 2669 mei
2436 2611 2688 2675 Abrahae,
2714 2615 2769 2664 et
2798 2607 2957 2661 timor
2978 2603 3148 2675 patris
3173 2600 3283 2656 mei
3309 2599 3482 2654 Isaae.

2181 2704 2363 2760 Laban
2385 2719 2524 2769 vero,
2550 2701 2614 2755 de
2637 2708 2785 2753 nocte
2808 2710 3147 2766 consurgens,
3164 2690 3431 2747 osculatus
3453 2699 3529 2743 est
3552 2689 3697 2757 ﬁlios

2109 2812 2171 2848 ac
2192 2782 2333 2863 ﬁlias
2357 2808 2502 2851 suas,
2533 2799 2580 2844 et
2607 2787 2863 2843 benedixit
2894 2785 3032 2851 illis;
3066 2798 3406 2852 reversusque
3441 2781 3589 2835 estin
3614 2779 3702 2833 Ιο-

2111 2901 2228 2939 cum
2264 2899 2440 2937 suum.
2463 2879 2613 2947 Quod
2652 2885 2833 2933 autem
2862 2875 3044 2930 Laban
3078 2882 3133 2929 et
3159 2871 3326 2928 Iacob
3360 2871 3526 2925 ambo
3554 2870 3701 2923 viam

430 2975 559 3041 Quae
588 2975 773 3042 utique
814 2972 1055 3028 avaritia:
1102 2972 1464 3037 immunditia,
1497 2988 1603 3027 non
1630 2970 1736 3026 illis
1767 2972 1856 3041 qui
1884 2972 2009 3026 viri-

2116 2992 2235 3047 qum
2260 2975 2407 3030 ducit
2438 2981 2590 3026 trans
2610 2970 2829 3025 ﬂuvium
2852 2970 2905 3023 in
2931 2976 3133 3022 terram
3157 2962 3595 3036 repromissionis
3619 2963 3704 3016 ire

424 3064 550 3118 liter
574 3072 820 3127 currunt,
863 3062 1057 3131 quibus
1098 3062 1325 3125 dicitur,
1366 3060 1602 3115 Viriliter
1638 3062 1775 3131 agite
1804 3072 1850 3115 ct
1891 3078 2013 3117 con—
2045 3127 2080 3137 Α
2100 3054 2418 3137 eruperunt,
2443 3062 2539 3117 sed
2563 3071 2741 3115 tamen
2766 3060 2923 3115 ambo
2946 3071 3117 3128 usque
3156 3056 3226 3111 ad
3264 3053 3594 3110 destinatum
3623 3052 3703 3107 lo-

428 3157 653 3227 fortetur
678 3170 770 3207 cor
789 3167 1014 3207 vestrum
1054 3150 1225 3223 (Psal.
1251 3151 1369 3223 xx),
1402 3152 1497 3206 sed
1526 3152 1611 3206 his
1631 3151 1864 3207 maxime
1888 3166 2010 3207 eve-
2038 3127 2083 3189 Ο
2116 3174 2238 3213 cum
2269 3171 2373 3211 non
2415 3159 2800 3224 pervenerunt,
2840 3149 2967 3219 quia
3006 3127 3190 3202 Labau
3231 3154 3457 3215 accepto
3502 3144 3703 3198 itinere

426 3245 528 3307 nit,
579 3244 670 3314 qui
716 3245 869 3312 quasi
917 3242 1228 3298 eﬁ‘eminato
1282 3257 1470 3313 gressu
1515 3242 1863 3313 gradientes.
1916 3258 2013 3313 per

424 3338 791 3394 blandimenta
816 3336 995 3392 saeculi
1038 3335 1399 3390 resolvuntur.
1434 3334 1587 3389 Unde
1630 3342 1686 3388 et
1733 3334 1839 3389 illic
1867 3333 2012 3402 ejus-

426 3431 551 3486 dem
583 3428 830 3484 Rachelis
851 3427 965 3482 hmc
988 3426 1151 3480 verba
1196 3433 1358 3480 sunt:
1392 3425 1551 3494 juxta
1591 3424 2013 3478 consuetudinem

428 3522 741 3592 feminarum
765 3534 901 3573 nunc
923 3517 1112 3571 accidit
1141 3516 1290 3583 mihi,
1321 3517 1374 3571 id
1413 3524 1514 3579 est,
1548 3515 1700 3584 quasi
1732 3514 2014 3569 muliebria

429 3629 488 3669 se
514 3612 716 3667 habere
748 3609 999 3664 innotuit.
1028 3606 1260 3679 Sumpsit
1299 3616 1473 3660 autem
1499 3604 1663 3659 Iacob
1694 3604 1942 3675 lapidem,
1966 3614 2015 3659 et

430 3704 698 3760 constituit
734 3719 851 3757 eum
881 3703 935 3755 in
963 3699 1194 3763 titulum,
1225 3708 1329 3752 etc.
1349 3697 1645 3767 Diligenter
1673 3696 2016 3750 animadver-

431 3797 652 3853 tendum
699 3804 786 3852 est
822 3792 1090 3866 quomodo
1137 3792 1270 3847 istos
1319 3789 1501 3845 titulos
1540 3789 1593 3843 in
1629 3787 1911 3857 cujuslibet
1939 3789 2017 3842 rei

433 3889 742 3946 testimonio
786 3886 1207 3949 constituebant,
1241 3900 1349 3938 non
1388 3891 1449 3938 ut
1477 3898 1571 3938 eos
1616 3896 1716 3953 pro
1741 3882 1845 3938 diis
1878 3881 2019 3937 cole.

434 3989 578 4046 rent,
611 3979 705 4036 sed
737 3988 796 4033 ut
820 3979 899 4034 eis
928 3974 1130 4047 aliquid
1166 3976 1556 4047 signiﬁcarent.

502 4072 648 4125 Dixit
689 4070 857 4125 Iacob
908 4068 1159 4139 fratribus
1181 4068 1290 4122 suis
1325 4083 1343 4121 :
1371 4064 1692 4137 Colligamus
1723 4064 1944 4137 lapides,
1970 4075 2019 4120 et

432 4162 756 4235 congregatis
788 4159 1049 4231 lapidibus
1074 4159 1305 4228 fecerunt
1335 4173 1575 4211 acervum
1606 4166 1653 4210 et
1683 4157 2017 4210 comederunt

424 4270 589 4325 super
614 4269 752 4307 eum.
782 4252 850 4306 Et
888 4252 1083 4306 vocavit
1112 4250 1261 4305 illum
1303 4249 1484 4304 Laban
1510 4248 1761 4303 Acervum
1796 4249 2022 4302 testimo-

435 4346 529 4411 nii,
559 4354 604 4399 et
634 4343 799 4398 Iacob
821 4342 1071 4396 Acervum
1100 4343 1259 4395 testis.
1304 4341 1544 4395 Acervus
1578 4339 1759 4409 lingua
1795 4338 2021 4393 Ilcbtma

2114 3249 2346 3313 destitit,
2379 3262 2484 3301 non
2526 3242 2967 3300 inconvenienter
3005 3237 3311 3310 signiﬁcare
3358 3244 3538 3305 potest
3566 3233 3708 3287 duos

2115 3342 2342 3415 populos
2369 3345 2641 3395 tentantes
2668 3336 2748 3390 ire
2784 3349 2882 3405 per
2925 3331 3253 3401 baptismum
3280 3328 3347 3382 ad
3374 3336 3579 3382 terram
3604 3325 3703 3379 Ec-

2115 3436 2329 3499 clesiae;
2359 3432 2451 3487 sed
2474 3429 2639 3485 Iacob
2660 3428 2786 3482 illuc
2804 3416 3204 3495 progrediente,
3230 3419 3413 3474 Laban
3452 3431 3710 3472 reversus

2116 3537 2219 3593 est,
2249 3527 2375 3599 quia
2402 3523 2528 3579 ﬁliis
2555 3520 2692 3576 lucis
2716 3519 2773 3573 in
2812 3515 3057 3588 profectu
3091 3514 3349 3567 virtutum
3391 3526 3490 3580 per
3525 3508 3707 3578 bapti-

2119 3597 2294 3677 smum
2322 3618 2392 3672 ad
2418 3615 2657 3670 futuram
2681 3609 2911 3682 patriam
2938 3603 3373 3677 properantibus,
3400 3598 3616 3670 reprobi
3639 3597 3711 3653 de

2118 3712 2355 3780 incmpto
2386 3705 2563 3763 studio
2598 3713 2745 3758 retro
2767 3700 3115 3763 labuntur,et
3142 3695 3210 3750 ad
3234 3693 3494 3765 pristinas
3521 3689 3715 3746 sordes

2121 3808 2481 3857 revertuntur.
2508 3796 2662 3855 Unde
2693 3803 2748 3849 et
2775 3792 3025 3862 sequitur
3049 3807 3063 3844 :

2190 3890 2340 3962 (Car.
2374 3887 2570 3957 χχιιι.)
2601 3884 2766 3939 Iacob
2800 3896 3004 3953 quoque
3038 3878 3165 3933 abiit
3190 3877 3245 3930 in
3268 3875 3456 3930 itinere
3483 3890 3587 3945 quo
3610 3887 3711 3927 ca-

2119 3990 2300 4055 peret;
2322 3978 2538 4049 fuerunt
2565 3991 2664 4045 que
2684 3972 2731 4026 ei
2753 3972 2957 4026 obviam
2986 3967 3156 4039 angeli
3178 3966 3297 4020 Dei.
3320 3963 3465 4030 Quos
3487 3979 3606 4017 cum
3632 3963 3709 4016 si-

2119 4076 2276 4129 disset
2307 4071 2381 4126 ait
2408 4083 2427 4121 :
2461 4067 2650 4123 Castra
2683 4065 2776 4120 Dei
2807 4071 2927 4118 sunt
2953 4061 3085 4117 Iure.
3118 4060 3189 4114 Et
3217 4057 3499 4130 appellavit
3526 4073 3713 4111 nomen

2121 4167 2221 4220 loci
2268 4163 2411 4218 illius
2445 4158 2787 4221 Maltanaim,
2810 4164 3017 4216 unum.
3052 4152 3105 4207 id
3138 4159 3243 4216 est,
3282 4158 3461 4204 castra
3492 4148 3700 4219 (Ληθὼ

2120 4254 2308 4310 Castra
2337 4251 2430 4308 Dei
2444 4265 2565 4321 qua:
2588 4248 2721 4302 vidit
2747 4244 2914 4301 Iacob
2940 4244 2993 4298 in
3021 4242 3235 4305 itinere,
3264 4238 3410 4295 nulla
3432 4236 3707 4293 dubitatio

2121 4353 2205 4400 est
2246 4342 2389 4415 quod
2427 4338 2741 4410 angelorum
2789 4333 2966 4389 fuerat
2986 4330 3294 4387 multitudo.
3324 4328 3400 4383 Ea
3421 4326 3624 4397 quippe
3655 4324 3713 4378 in

435 4432 543 4504 gat,
568 4417 630 4494 ’θλ
649 4473 664 4500 ,
688 4432 906 4497 dicitur,
936 4432 1021 4496 ed,
1052 4442 1147 4495 ππ,
1180 4446 1309 4485 vero
1334 4430 1721 4485 testimonium.
1758 4428 2009 4493 Rursum,

2125 4433 2423 4504 Scripturis
2436 4429 2624 4485 militia
2637 4425 2759 4483 coeli
2777 4429 3173 4493 nuncupantur.
3192 4419 3294 4476 Ubi
3314 4428 3493 4473 castra
3508 4416 3607 4470 ‘hic
3624 4432 3715 4485 po-

438 4524 771 4597 Syralingua
812 4538 1035 4577 acervus
1056 4524 1191 4593 igar,
1205 4530 1295 4583 -ιλν
1317 4522 1636 4593 appellatur,
1656 4521 2022 4575 testimonium

439 4616 724 4680 saadutha,
754 4624 1001 4674 unum.
1028 4612 1197 4668 Iacob
1219 4614 1383 4682 igitur
1409 4622 1661 4667 acervum
1704 4611 2019 4674 testimonii,

443 4711 546 4765 hoc
571 4716 656 4763 est
696 4706 899 4762 Galaad
924 4746 940 4772 ,
987 4704 1170 4774 lingua
1214 4704 1503 4775 appellavit
1531 4702 1787 4768 Hebraea;
1838 4702 2023 4758 Laban

441 4813 572 4854 vero
598 4798 663 4853 ad
694 4798 890 4868 ipsum,
928 4797 979 4852 id
1005 4804 1109 4863 est,
1144 4811 1398 4852 acervum
1425 4795 1738 4861 testimonii,
1765 4796 1881 4864 igar
1903 4809 2027 4850 saa-

442 4891 608 4947 dutha
638 4889 813 4961 gentis
840 4904 951 4944 sua:
974 4902 1223 4943 sermone
1246 4887 1477 4943 vocavit.
1505 4886 1637 4940 Erat
1661 4886 1803 4941 enim
1830 4883 2021 4956 Syrus,

441 4994 499 5041 et
525 4983 802 5053 antiquam
826 4981 1060 5051 linguam
1083 4989 1367 5051 parentum
1399 4978 1692 5049 provinciae
1715 4979 1766 5031 in
1794 4992 1900 5047 qua
1924 4977 2022 5032 ha-

441 5078 650 5134 bitabat
677 5090 929 5131 sermone
957 5081 1276 5128 mutaverat.

513 5170 763 5240 Dixitque
806 5168 990 5221 Laban
1012 5179 1031 5218 :
1060 5165 1312 5220 Tumulus
1342 5165 1439 5219 iste
1465 5164 1607 5218 testis
1649 5163 1744 5216 erit
1787 5162 1925 5215 inter
1942 5176 2024 5214 me

446 5270 492 5315 et
524 5270 573 5314 te
591 5260 767 5323 hodie,
815 5266 864 5312 et
906 5257 1104 5312 idcirco
1151 5254 1532 5327 coappellatum
1574 5262 1648 5308 est
1692 5268 1877 5305 nomen
1908 5249 2022 5318 ejus

445 5348 656 5405 Galaad
679 5388 695 5414 ,
738 5348 790 5403 id
830 5356 950 5413 est,
992 5347 1229 5402 tumulus
1274 5346 1444 5401 testis.
1493 5343 1795 5398 Notandum
1846 5348 2026 5395 tamen

414 5458 423 5465 κ
446 5439 588 5508 quod
610 5444 615 5457 '
636 5453 888 5493 acervum
916 5438 1151 5507 lapidum
1180 5452 1341 5507 quem
1378 5436 1522 5489 inter
1547 5447 1605 5487 se
1629 5432 2027 5487 constituerant

446 5529 632 5584 Laban
659 5537 715 5584 et
737 5528 927 5593 Iacob,
952 5528 1227 5597 aliquanta
1264 5524 1579 5580 diversitate
1602 5522 2024 5591 appellaverunt,

449 5620 589 5674 sicut
609 5620 665 5673 in
684 5620 1005 5689 quibusdam
1026 5617 1425 5688 exemplaribus
1449 5616 1710 5685 scriptum
1735 5612 2025 5681 reperitur,
2046 5669 2076 5681 ,

453 5717 513 5763 ut
552 5724 677 5763 cum
723 5720 938 5764 vocaret
979 5710 1159 5767 Lai-an
1192 5710 1445 5763 Acci-vum
1504 5706 1784 5762 testimonii
1814 5742 1829 5768 ,
1861 5704 2026 5762 Iacob

2124 4527 2226 4580 sita
2253 4533 2414 4587 sunt,
2444 4522 2497 4575 in
2525 4520 2748 4574 Hebraeo
2776 4517 2939 4571 habet
2967 4511 3300 4577 mahanaim,
3339 4517 3402 4564 ut
3440 4509 3713 4571 sciamus,

2125 4616 2168 4671 si
2192 4614 2407 4686 quando
2437 4592 2846 4681 interpretatum
2886 4608 2941 4662 in
2988 4605 3096 4660 alio
3127 4603 3249 4658 loco
3277 4603 3521 4672 ponitur,
3552 4615 3716 4669 quem

2124 4705 2302 4761 locum
2331 4702 2627 4774 signiﬁcet;
2655 4708 2710 4755 et
2753 4697 2979 4768 pulchre
3022 4695 3092 4749 ad
3120 4693 3347 4748 fratrem
3386 4691 3569 4745 iturus
3610 4690 3712 4743 ini-

2125 4796 2350 4863 micum,
2378 4793 2692 4864 angelorum
2722 4805 2782 4845 se
2803 4786 3178 4843 comitantium
3205 4783 3478 4853 excipitur
3509 4780 3715 4836 choris.

2732 4896 2960 4955 CAPUT
2990 4893 3111 4951 XX.

2128 5000 2208 5056 De
2256 5016 2316 5054 eo
2361 4997 2500 5069 quod
2537 5010 2757 5069 munera
2800 4991 2943 5047 misit
2981 4989 3153 5069 Esau.
3177 4988 3471 5069 [ναίετε-εαο
3503 4993 3609 5069 ;_ct
3648 4983 3718 5037 dc

2268 5058 2550 5124 luctamine
2588 5067 2683 5121 viri
2710 5081 2826 5118 cum
2855 5079 2914 5117 eo
2939 5078 2971 5116 a
3001 5076 3105 5132 quo
3135 5058 3435 5112 benedictus
3470 5066 3568 5111 est.

2200 5160 2346 5215 Misit
2390 5168 2563 5213 autem
2613 5165 2660 5210 et
2692 5154 2901 5209 nuntios
2943 5159 3062 5204 ante
3110 5166 3167 5204 se
3210 5147 3279 5202 ad
3320 5146 3466 5201 Esau
3496 5145 3717 5215 fratrem

2128 5267 2281 5306 suum
2303 5250 2358 5303 in
2381 5258 2571 5303 terram
2595 5244 2713 5301 Seir
2733 5241 2956 5313 regionis
2970 5239 3175 5303 Edam;
3198 5238 3543 5307 prtccepitque
3561 5235 3608 5289 ei
3630 5235 3718 5287 di-

2131 5354 2291 5395 cens:
2330 5340 2421 5397 Sic
2459 5335 2733 5407 loquimini
2766 5332 2977 5386 domino
3024 5345 3137 5383 meo
3176 5327 3324 5382 Esau
3361 5342 3380 5380 :
3427 5325 3559 5381 Haec
3587 5325 3716 5378 dicit

2130 5432 2298 5501 frater
2323 5440 2442 5484 tuus
2466 5425 2666 5481 Iacob:
2703 5421 2856 5493 Apud
2895 5418 3081 5473 Laban
3104 5419 3468 5489 peregrinatus
3500 5432 3637 5479 sum,
3664 5422 3714 5467 et

2132 5521 2211 5590 fui
2233 5536 2393 5591 usque
2418 5519 2472 5572 in
2502 5523 2807 5588 prmsenlem
2839 5512 2999 5565 diem.
3030 5507 3212 5562 [Iubeo
3239 5509 3388 5562 bores
3426 5517 3474 5562 et
3514 5507 3714 5567 asinos,

2131 5627 2247 5665 ores
2287 5620 2335 5664 et
2371 5624 2581 5672 servos,
2626 5615 2781 5676 atque
2809 5599 3070 5656 ancillas:
3102 5599 3349 5670 mittoquc
3390 5613 3527 5652 nunc
3565 5595 3715 5665 lcga-

2132 5702 2321 5757 tionem
2358 5699 2426 5753 ad
2467 5698 2737 5753 dominum
2789 5707 2980 5757 meum,
3016 5700 3068 5746 ut
3112 5690 3368 5745 inveniam
3400 5690 3623 5761 gratiam
3656 5688 3713 5739 in
