3970 6198
291 248 393 305 cas

1336 247 1687 303 COMMENT.
1726 245 1793 300 IN
1833 243 2154 301 caunsm.
2186 277 2256 287 --
2294 246 2419 302 LIB.
2459 233 2551 310 ut;

2552 92 2579 113 ρ

3430 242 3534 299 6ἓο

318 368 559 430 cnspectu
585 368 694 412 tuo.
727 360 933 414 Rerersi
961 368 1080 413 sunt
1106 359 1273 412 nuntii
1294 359 1363 412 ad
1404 358 1571 411 Jacob
1597 358 1858 412 dicentes:
1888 377 1939 417 Α
1962 363 2107 412 sutra
2135 358 2277 426 facta
2301 370 2376 415 est
2414 374 2594 412 anima
2634 374 2769 412 mea.
2803 354 2953 421 Quod
2988 359 3058 414 ab
3093 356 3255 412 Israel
3280 359 3541 413 vocabulo

302 449 546 506 I'enimus
575 450 644 503 ad
688 449 830 503 Esau
857 450 1073 520 fratrem
1109 460 1279 514 tuum,
1306 459 1353 503 et
1390 466 1507 504 ecce
1532 459 1773 520 properat
1812 452 1866 503 in

292 556 563 595 occursum
587 540 703 605 tibi,
733 556 850 592 cum
870 538 1263 609 quadringentis
1286 538 1428 592 viris.
1472 537 1664 591 Timuit
1701 536 1867 590 λιιι-οὺ

289 630 457 695 ralde,
480 638 529 683 et
566 629 874 700 perterritus
911 626 1084 681 divisit
1125 627 1373 697 populum
1401 628 1489 697 qui
1526 642 1699 680 secum
1723 635 1868 688 eral;

288 737 464 790 greges
487 734 710 791 quoque,
757 728 802 771 et
836 734 973 783 oves,
1016 727 1061 771 et
1102 717 1269 783 bores,
1300 728 1346 772 et
1375 716 1619 782 camelos,
1659 718 1713 769 in
1735 716 1869 769 duas

288 822 516 875 turmas,
537 810 716 863 dicens
738 826 756 864 :
778 809 837 863 Si
874 810 1063 864 venerit
1112 809 1253 864 Esau
1284 811 1353 865 ad
1379 828 1535 864 unam
1579 820 1805 863 turmam
1822 819 1870 861 et

288 898 602 955 percusserit
640 915 778 962 eam,
810 897 917 951 alia
963 908 1138 952 turma
1165 916 1281 971 qua:
1318 900 1515 970 reliqua
1559 908 1657 964 est,
1698 897 1871 952 salva-

289 991 448 1043 bitur.
476 989 732 1043 Nuntiato
757 989 857 1044 sibi
884 988 1049 1043 fratre
1074 1006 1171 1045 suo
1189 988 1354 1044 Jacob
1382 990 1630 1043 veniente
1656 988 1868 1044 obviam

287 1079 335 1133 ci
364 1095 489 1133 cum
512 1079 944 1149 quadringentis,
970 1079 1217 1134 turbatus
1249 1079 1589 1148 estquidem,
1615 1088 1667 1133 ct
1693 1090 1872 1132 meme

287 1168 572 1234 confusus,
605 1169 858 1238 quoniam
885 1169 1061 1224 timuit
1085 1169 1261 1234 valde,
1293 1178 1345 1224 ct
1368 1170 1538 1224 visum
1563 1179 1645 1223 est
1667 1169 1870 1225 homini

287 1261 610 1329 perturbato
657 1260 884 1313 divisam
933 1259 1328 1314 multitudinem
1378 1276 1528 1315 suam
1568 1260 1622 1314 in
1651 1261 1755 1315 duo
1783 1274 1873 1314 ca-

289 1357 403 1403 stra
450 1348 682 1419 disponi.
716 1347 814 1404 Ubi
862 1349 1026 1418 qumri
1073 1358 1249 1420 potest
1304 1351 1570 1420 quomodo
1624 1350 1868 1406 habuerit

292 1440 453 1495 ﬁdem
487 1441 553 1495 de
575 1442 855 1511 promissis
879 1441 991 1505 Dei,
1035 1444 1464 1513 quandoquidem
1506 1444 1639 1499 dixit
1666 1462 1678 1497 :
1714 1446 1773 1500 Si
1799 1462 1873 1499 vc-

290 1535 424 1586 nerit
441 1534 511 1586 ad
536 1543 709 1586 castra
727 1534 896 1605 prima
920 1533 1083 1604 frater
1109 1551 1252 1589 meus
1276 1546 1321 1590 et
1347 1535 1589 1589 occiderit
1615 1552 1698 1600 ea,
1720 1546 1870 1591 erunt

287 1623 521 1676 secunda
567 1624 623 1676 in
648 1622 889 1677 salutem.
930 1622 1034 1678 Sed
1082 1625 1245 1679 etiam
1292 1627 1394 1680 hoc
1430 1626 1543 1681 ﬁeri
1591 1628 1785 1697 potuit,
1814 1637 1873 1682 ut

290 1724 563 1769 everteret
591 1724 769 1769 castra
796 1715 910 1786 ejus
940 1715 1099 1781 Esau,
1125 1724 1179 1770 et
1209 1724 1334 1771 tunc
1379 1717 1519 1772 Deus
1560 1728 1683 1787 post
1726 1718 1868 1772 illam
1902 1696 1947 1756 Β

198 1802 213 1811 “
292 1806 663 1872 aﬂlietienem,
696 1808 906 1862 adesset
936 1818 990 1863 et
1020 1808 1275 1864 liberaret
1316 1826 1458 1877 cum,
1509 1820 1563 1866 et
1603 1829 1721 1882 quae
1749 1828 1872 1885 pro-

290 1899 439 1952 misit
464 1897 731 1966 impleret.
778 1899 1189 1957 Etadmonendi
1234 1903 1430 1958 fuimus
1477 1904 1579 1959 hoc
1605 1905 1869 1976 exemplo,

290 1999 351 2041 ut
379 1991 633 2059 quamvis
660 1992 945 2048 credamus
976 1994 1028 2047 in
1054 1994 1245 2059 Deum,
1267 1995 1529 2052 faciamus
1554 2006 1873 2067 tamenquae

292 2079 537 2133 facienda
570 2088 694 2133 sunt
717 2082 784 2135 ab
806 2080 1114 2138 hominibus
1141 2084 1192 2139 in
1216 2086 1528 2155 praesidium
1570 2086 1777 2149 salutis,
1808 2104 1873 2143 ne

289 2171 768 2237 praetermittentcs
803 2188 888 2237 ea,
920 2172 1085 2227 Deum
1133 2183 1342 2228 tentare
1373 2176 1666 2230 videamur.
1716 2178 1874 2232 Deni-

292 2277 398 2331 que
431 2271 555 2331 post
582 2262 697 2317 hmc
721 2278 839 2332 quae
861 2266 1023 2319 vcr2.a
1059 2265 1195 2320 dicat
1228 2265 1368 2321 idem
1395 2264 1582 2332 Jacob,
1623 2267 1872 2323 conside-

296 2354 523 2406 randum
549 2362 652 2407 est.

362 2442 527 2508 Deus,
568 2444 760 2514 inquit,
791 2446 956 2514 patris
996 2445 1093 2498 mei
1129 2445 1413 2511 Abraham,
1456 2456 1503 2500 et
1529 2447 1667 2501 Deus
1714 2450 1875 2503 vntris

298 2536 395 2589 mei
423 2535 605 2602 Isaac,
636 2536 879 2605 Domine,
926 2538 1015 2609 qui
1045 2536 1221 2591 dixisti
1253 2539 1401 2603 milii,
1434 2537 1660 2593 Reeurre
1688 2541 1741 2593 in
1773 2550 1876 2593 ter-

299 2644 408 2680 ram
437 2629 787 2699 generationis
825 2639 947 2694 tua',
976 2640 1023 2683 et
1059 2629 1379 2700 benefaciam
1418 2632 1530 2697 tibi,
1580 2632 1797 2687 idoneus
1823 2650 1875 2688 es

299 2719 429 2773 milii
469 2720 533 2773 ab
562 2721 701 2773 omni
723 2720 934 2791 justitia
962 2732 1009 2775 et
1053 2719 1117 2775 ab
1145 2722 1284 2776 omni
1315 2722 1526 2775 veritate
1564 2739 1680 2793 quia
1707 2723 1876 2794 fecisti

300 2828 461 2883 puero
492 2821 601 2866 tuo.
642 2811 709 2866 In
741 2812 881 2884 virga
906 2814 1042 2867 enim
1066 2830 1179 2867 mea
1204 2814 1323 2879 ista,
1350 2814 1566 2868 transivi
1586 2813 1876 2869 Iordanem

299 2902 457 2959 hunc.
490 2901 647 2955 Nunc
682 2913 853 2957 autem
892 2902 1063 2972 factus
1108 2921 1226 2958 sum
1257 2905 1311 2957 in
1356 2906 1460 2959 duo
1492 2915 1686 2959 castra.
1734 2904 1878 2965 Erue

299 3008 381 3046 me
424 2992 490 3045 de
528 3009 689 3045 manu
740 2993 922 3063 fratris
960 2996 1083 3059 mei,
1117 2995 1181 3049 de
1218 3012 1377 3050 manu
1429 2995 1596 3064 Esau,
1638 2999 1761 3070 quia
1785 3015 1876 3068 ego

262 3070 454 3137 ‘timea
490 3082 669 3149 illum,
707 3102 770 3139 ne
826 3103 943 3141 cum
984 3088 1175 3141 venerit
1229 3087 1385 3157 feriat
1439 3106 1556 3153 me,
1603 3100 1648 3144 et
1688 3101 1877 3145 matres

302 3191 455 3244 super
491 3174 651 3242 filios.
704 3173 783 3229 Tu
827 3187 1000 3232 autem
1039 3178 1268 3232 dixisti:
1306 3178 1643 3250 Benefaciam
1687 3182 1802 3247 tibi,
1831 3193 1877 3236 ct

296 3278 493 3326 ponam
520 3281 695 3319 δεηιθη
726 3275 871 3320 tuum
902 3277 1152 3340 tanquam
1182 3286 1395 3323 arenam
1426 3272 1611 3337 maris,
1637 3289 1753 3341 qua:
1777 3291 1880 3328 non

301 3354 720 3411 dinumerabitur
743 3374 852 3428 pra:
888 3358 1241 3415 multitudine.
1275 3359 1418 3416 Satis
1462 3361 1516 3417 in
1566 3361 1649 3417 his
1701 3365 1883 3420 verbis

206 3497 231 3511 ,
301 3454 356 3500 et
377 3446 614 3501 humana
637 3446 925 3503 inﬁrmitas
961 3456 1014 3504 et
1042 3448 1174 3507 ﬁdes
1195 3450 1412 3520 pietatis
1441 3462 1683 3523 apparet.

374 3537 764 3595 Prarcesserunt
801 3541 976 3612 itaque
1022 3560 1239 3597 munera
1284 3555 1405 3598 ante
1445 3561 1599 3612 eum;
1630 3546 1737 3617 ipse
1765 3563 1882 3602 vero

304 3622 497 3683 mansit
524 3640 673 3684 nocte
695 3630 786 3684 illa
816 3631 869 3685 in
898 3633 1105 3686 castris.
1132 3631 1363 3704 Cumque
1404 3645 1607 3689 mature
1625 3639 1884 3691 surrexis—

304 3729 403 3784 set,
428 3719 546 3772 tulit
578 3719 711 3773 duas
742 3738 929 3776 uxores
980 3740 1125 3787 suas,
1169 3733 1216 3777 et
1258 3724 1468 3778 totidem
1511 3724 1739 3794 famulas
1764 3744 1879 3782 eum

302 3807 545 3861 undecim
574 3807 722 3877 filiis,
773 3818 820 3865 et
850 3812 1088 3866 transivit
1120 3813 1309 3867 vadunt
1355 3814 1540 3869 Jaboc.
1582 3815 1751 3873 Jaboc
1784 3817 1883 3873 llu-

301 3898 424 3971 vius
446 3907 534 3953 est
575 3899 665 3969 qui
697 3900 808 3954 ﬂuit
838 3902 979 3957 inter
1011 3902 1317 3969 Ammaum,
1360 3905 1462 3959 hoc
1499 3915 1583 3961 est
1615 3906 1880 3962 Philadel-

298 3990 484 4059 phiam
507 4000 560 4044 et
581 3990 863 4058 Gerasam,
905 3993 957 4047 in
1005 4004 1199 4064 quarto
1243 3995 1360 4065 ejus
1389 3996 1637 4053 milliario
1663 4008 1718 4053 et
1744 3999 1882 4056 ultra

300 4082 620 4151 procedens.
666 4081 883 4139 Jordaui
917 4084 1078 4140 ﬂuvio
1120 4089 1518 4143 commiscetur.
1567 4089 1679 4145 Hoc
1705 4100 1881 4147 autem

300 4188 460 4227 amne
491 4175 830 4239 transmisso,
883 4176 1117 4232 IUi'lﬂllIS
1150 4186 1235 4233 est
1272 4177 1436 4233 Jacoh
1467 4180 1729 4236 adversus
1759 4198 1882 4237 eum

297 4262 393 4332 qui
417 4263 526 4318 sibi
555 4276 902 4336 apparuerat,
931 4278 1258 4341 vocatusque
1286 4277 1370 4325 est
1411 4268 1600 4328 Israel.
1649 4270 1804 4328 Unde
1829 4283 1884 4330 et

298 4357 551 4427 sequitur
586 4376 599 4411 :

372 4447 827 4519 Transductisque
851 4449 1088 4504 omnibus
1110 4468 1227 4522 quer
1255 4452 1324 4506 ad
1349 4470 1403 4507 sc
1429 4454 1773 4523 pertinebant,
1801 4473 1885 4509 re-

295 4539 498 4592 mansit
540 4538 705 4603 solus,
750 4549 798 4593 et
846 4558 960 4595 erce
1005 4542 1082 4597 rir
1120 4542 1421 4596 luctabatur
1470 4559 1587 4597 cum
1624 4561 1684 4599 eo
1728 4562 1896 4616 usque,

294 4647 476 4685 mane.
510 4630 615 4696 Qui
643 4648 760 4684 cum
793 4632 983 4687 rideret
1010 4634 1147 4705 quod
1169 4650 1283 4686 eum
1306 4650 1551 4704 superare
1574 4652 1674 4689 non
1695 4646 1885 4704 posset,

290 4722 468 4791 tetigit
494 4738 707 4775 nervum
736 4722 948 4791 femoris
977 4725 1113 4793 ejus,
1137 4735 1182 4778 et
1209 4726 1383 4777 statim
1406 4726 1682 4779 emarcuit.
1710 4726 1886 4780 Dixit-

290 4829 395 4883 que
424 4812 500 4865 ad
520 4828 640 4866 eum
663 4832 681 4867 :
716 4813 931 4868 Dimitte
967 4833 1068 4882 me,
1091 4815 1207 4885 jam
1247 4816 1382 4870 enim
1415 4819 1644 4871 ascendit
1668 4834 1885 4873 aurora.

293 4901 589 4971 Respondit
616 4918 634 4954 :
676 4900 796 4957 Non
818 4903 1078 4958 dimittam
1127 4914 1175 4959 te
1196 4946 1211 4969 ,
1249 4905 1349 4959 nisi
1385 4906 1706 4961 benedixeris
1735 4910 1882 4961 mihi.

290 4994 383 5047 Ait
413 5008 542 5061 ergo
567 5005 584 5042 :
613 4991 766 5057 Quod
790 5010 975 5049 nomen
1004 5010 1077 5050 est
1101 4996 1234 5050 tibi?
1254 4995 1535 5067 Respondit
1560 5013 1579 5051 :
1602 4997 1788 5052 Jacob.
1822 4999 1887 5051 At

289 5084 388 5138 ille
413 5099 434 5137 :
479 5080 849 5155 Nequaquam,
890 5086 1076 5157 inquit,
1120 5087 1284 5141 Jaeob
1325 5087 1673 5158 appellabitur
1704 5106 1889 5143 nomen

288 5186 476 5238 tuum,
492 5174 582 5227 sed
605 5173 793 5239 Israel,
817 5178 1065 5247 quoniam
1088 5178 1135 5233 si
1152 5188 1333 5234 contra
1358 5179 1522 5233 Deum
1548 5181 1699 5251 fortis
1719 5180 1893 5249 fuisti,

285 5271 502 5334 quanto
523 5263 692 5333 magis
721 5275 902 5319 contra
917 5266 1153 5322 homines
1170 5268 1473 5339 pra'valebis
1492 5269 1517 5321 Ρ
1537 5268 1887 5340 Interrogavit
1924 5256 1935 5261 ’

284 5368 420 5407 eum
476 5344 686 5405 Jacobs
730 5352 827 5407 Dic
860 5355 990 5409 mihi
1024 5372 1127 5427 quo
1165 5357 1447 5428 appellaris
1493 5358 1744 5412 nomine?
1783 5359 1887 5414 Re-

286 5442 515 5513 spondit
539 5462 557 5499 :
581 5441 692 5497 Cur
717 5448 912 5515 qua'ris
936 5465 1124 5503 nomen
1153 5466 1325 5503 meum
1342 5450 1368 5504 .’
1401 5450 1469 5504 Et
1494 5450 1754 5506 benedixit
1773 5470 1889 5507 eum

289 5536 349 5588 in
382 5532 576 5588 eodem
618 5533 751 5589 loco.
806 5536 1124 5609 Vocavitque
1166 5539 1331 5593 Jaeob
1367 5557 1553 5594 nomen
1598 5541 1700 5596 loci
1749 5543 1890 5598 illius

296 5624 576 5689 Phanuel,
601 5626 813 5683 dicens:
860 5627 1293 5685 I’idi'Dominum
1338 5632 1471 5701 faeie
1508 5634 1576 5687 ad
1607 5635 1815 5704 facient,
1846 5646 1893 5691 et

1968 448 2264 513 derivatur,
2284 448 2570 519 principem
2610 456 2788 503 sonat.
2832 446 3039 503 Sensus
3086 448 3267 517 itaque
3300 447 3389 502 hic
3425 458 3542 504 est;

1967 535 2086 590 Non
2108 538 2391 593 vocabitur
2430 553 2628 593 nomen
2673 547 2822 592 tuum
2864 537 3272 607 supplantator,
3311 538 3414 592 hoe.
3440 548 3546 604 est,

1966 625 2153 691 Jacob,
2185 628 2279 683 sed
2306 628 2588 684 vocabitur
2606 643 2800 684 nomen
2825 638 2973 683 tuum
2998 630 3247 699 princeps
3270 645 3388 683 eum
3414 630 3544 696 Deo,

1970 716 2073 769 hoc
2098 726 2202 780 est,
2249 716 2428 772 Israel.
2459 717 2738 785 Quomodo
2783 720 2926 774 enim
2970 735 3069 790 ego
3110 721 3374 790 princeps
3402 736 3546 785 sum,

1970 806 2050 858 sic
2079 816 2135 859 ct
2166 815 2241 872 tu,
2266 807 2356 875 qui
2389 824 2600 863 mecum
2626 808 2815 864 luctari
2848 811 3087 877 potuisti,
3110 810 3369 880 princeps
3389 825 3548 865 voca-

1971 896 2136 951 beris.
2171 896 2227 952 Si
2258 907 2435 953 autem
2462 915 2673 953 mecura
2700 901 2790 968 qui
2818 901 2956 955 Deus
2990 916 3131 964 sum,
3154 901 3268 955 sive
3291 904 3543 973 angelus;

1971 987 2226 1056 quoniam
2276 988 2520 1058 plerique
2578 991 2726 1044 varie
2786 990 3246 1060 interpretantur,
3310 1008 3550 1064 pugnare

1972 1079 2220 1148 potuisti,
2246 1091 2446 1148 quanto
2480 1081 2651 1150 magis
2678 1096 2799 1135 cum
2828 1082 3169 1136 hominibus?
3193 1083 3296 1137 hoc
3316 1093 3399 1138 est
3423 1101 3547 1138 cum

1972 1168 2137 1233 Esau,
2166 1183 2326 1236 quem
2358 1169 2646 1223 formidare
2675 1186 2780 1223 non
2809 1170 2988 1224 debes.
3030 1170 3162 1225 Illud
3200 1180 3379 1226 autem
3407 1174 3548 1240 quod

1975 1257 2030 1313 in
2067 1258 2204 1314 libro
2252 1258 2565 1322 Nomiuum,
2618 1259 3000 1327 interpretatur
3049 1260 3214 1315 Israel
3261 1261 3337 1315 vir
3374 1262 3549 1315 uidens

1978 1348 2163 1412 Deum,
2187 1350 2301 1404 sive
2324 1365 2466 1402 mens
2486 1349 2660 1402 videns
2684 1348 2869 1413 Deum,
2893 1351 3131 1405 omnium
3146 1366 3281 1419 pene
3303 1368 3551 1406 sermone

1974 1437 2252 1501 detritum,
2278 1453 2385 1491 non
2413 1447 2523 1491 tam
2553 1453 2677 1492 vere
2701 1454 2863 1507 quam
2913 1439 3175 1495 violenter
3215 1441 3347 1495 mihi
3378 1441 3550 1495 inter-

1973 1538 2242 1598 pretatum
2286 1530 2519 1583 videtur.
2568 1530 2667 1584 llic
2707 1531 2849 1586 enim
2872 1530 3034 1587 Israel
3080 1548 3178 1602 per
3217 1533 3316 1586 has
3344 1534 3552 1590 litteras

1976 1620 2268 1677 scribitur:
2295 1620 2400 1685 iod,
2434 1627 2475 1684 9,
2519 1621 2623 1684 sin,
2667 1632 2739 1685 tv,
2774 1638 2876 1685 res,
2906 1635 2965 1685 Ἴ,
2993 1618 3163 1693 aleplt,
3186 1639 3244 1689 κ,
3277 1624 3468 1690 lamed,
3492 1611 3545 1691 '7,

1974 1712 2118 1782 quod
2149 1696 2533 1782 interpretatur
2551 1712 2787 1784 princeps
2800 1712 2970 1775 Deus,
2993 1714 3106 1769 sive
3131 1715 3358 1769 directus
3386 1717 3548 1771 Deus.

1977 1803 2073 1858 Vir
2101 1818 2231 1857 vero
2270 1803 2458 1857 videns
2487 1802 2657 1859 Deum
2703 1804 2788 1858 his
2823 1805 3018 1860 litteris
3063 1806 3333 1874 scribitur,
3384 1816 3442 1863 ut
3470 1809 3554 1864 vir

1976 1911 2042 1949 ex
2074 1894 2247 1948 tribus
2276 1893 2481 1963 ,Iittcris
2523 1896 2814 1964 scribatur,
2863 1896 3033 1963 aleo/1,
3069 1913 3131 1963 κ,
3161 1899 3268 1961 iod,
3291 1908 3334 1966 ν,
3355 1901 3456 1964 sin,
3479 1911 3546 1964 ut,

1975 1993 2038 2038 ut
2073 1985 2284 2041 dicatur
2310 1985 2412 2049 ais,
2441 1992 2583 2052 tum;
2612 1986 2796 2042 videns
2828 1987 3110 2052 extribus,
3146 2005 3245 2053 res,
3279 1989 3550 2059 (tlt’p/t,lte,

1978 2076 2189 2130 dicatur
2212 2076 2353 2141 ratae,
2377 2087 2515 2136 nam.
2539 2076 2707 2131 Porro
2738 2076 2805 2140 el,
2836 2060 2928 2141 ΒΝ,
2973 2093 3039 2131 ex
3067 2079 3290 2144 duabus,
3317 2081 3468 2149 alep/t
3499 2090 3554 2135 et

1979 2157 2174 2225 lamed,
2218 2169 2271 2213 ct
2312 2160 2698 2229 interpretatur
2745 2160 2908 2226 Deus,
2950 2163 3065 2217 sive
3100 2164 3268 2231 fortis.
3294 2164 3552 2232 Quamvis

1980 2250 2143 2321 igitur
2163 2250 2381 2320 grandis
2402 2250 2736 2306 auctoritatis
2763 2250 2872 2307 sint
2902 2260 2959 2307 et
2978 2252 3310 2322 eloquentim,
3337 2264 3390 2311 et
3412 2256 3554 2326 ipso-

1981 2357 2099 2396 rum
2117 2343 2306 2397 umbra
2329 2348 2424 2397 no’s
2443 2342 2732 2413 opprimat,
2756 2344 2849 2414 qui
2871 2344 3036 2399 Israel
3064 2346 3237 2400 virum
3259 2347 3372 2423 sive
3397 2363 3551 2403 meu—

1982 2441 2089 2485 tem
2119 2432 2388 2486 videntem
2435 2434 2601 2486 Deum
2640 2433 3049 2501 transtulerunt,
3083 2449 3178 2491 nos
3218 2437 3391 2507 magis
3415 2436 3560 2493 Scri-

1981 2531 2153 2590 ptura:
2203 2530 2257 2577 ct
2284 2524 2458 2594 ωεριὶ
2483 2524 2562 2578 vel
2600 2524 2841 2593 Dei,-qui
2885 2526 3045 2580 Israel
3094 2528 3268 2596 ipsum
3322 2531 3550 2596 vocavit,

1983 2617 2354 2670 auctoritatem
2391 2631 2701 2684 sequamur,
2725 2634 2886 2687 qua-ut
2908 2618 3212 2687 ’cujuslibet
3235 2621 3556 2690 eloquentiae

1982 2706 2275 2760 smcularis.
2302 2706 2435 2761 Illud
2459 2723 2674 2778 quoque
2695 2708 2834 2779 quod
2871 2721 3055 2779 postea
3083 2711 3342 2779 sequitur.

2054 2793 2120 2849 Et
2144 2796 2402 2850 benedixit
2441 2814 2560 2851 eum
2604 2798 2694 2864 ibi,
2741 2808 2788 2853 et
2834 2801 3025 2853 vocarit
3054 2798 3218 2854 Jaccb
3250 2817 3434 2859 nomen
3455 2802 3558 2859 loci

1985 2884 2144 2949 illius,
2179 2884 2367 2941 Facies
2396 2888 2512 2954 Dei,
2538 2884 2754 2943 dicens:
2793 2888 2907 2943 Vidi
2935 2892 3069 2946 enim
3117 2892 3279 2948 Deum
3310 2896 3446 2965 facie
3488 2899 3556 2952 ad

1986 2978 2197 3048 faciem,
2227 2991 2275 3033 et
2304 2980 2447 3035 salva
2479 2982 2620 3052 facta
2653 2993 2737 3062 est
2762 2985 2941 3041 animo
2976 3004 3091 3042 mea
3123 2989 3327 3062 (lsid.),
3364 2991 3418 3046 in
3448 2991 3556 3047 lle—

1905 3045 1950 3109 C
1982 3070 2124 3127 hunc
2151 3072 2347 3126 dicitur
2370 3074 2622 3144 plmnuel,
2653 3058 2841 3163 5am],
2875 3085 2932 3131 ut
2969 3045 3203 3135 sciamus
3233 3045 3409 3151 ipsum
3440 3099 3559 3139 esse

1982 3160 2157 3216 locum
2188 3164 2277 3234 qui
2307 3164 2361 3218 in
2390 3166 2600 3220 exteris
2624 3160 2825 3221 sanctis:
2844 3167 3138 3237 Scriptura:
3173 3171 3555 3238 voluminibus,

1982 3252 2053 3308 ita
2072 3263 2129 3307 ut
2151 3255 2204 3308 in
2219 3254 2445 3312 IIebrzeo
2463 3258 2728 3336 scripturn
2754 3268 2858 3325 est,
2893 3261 3124 3330 phanuel
3146 3263 3356 3333 legitur.
3380 3266 3435 3320 In
3454 3282 3558 3336 quo

1980 3343 2700 3414 principaliterrsacramenti
2716 3330 3001 3406 'Dominici
3021 3330 3436 3427 imago'prailigu
3446 3330 3558 3412 rata

1981 3444 2083 3491 est.
2118 3437 2213 3492 Vir
2257 3437 2401 3492 enim
2438 3438 2528 3494 ille
2566 3447 2747 3511 typum
2777 3440 2981 3497 Christi
3009 3444 3410 3502 evidentissime
3448 3465 3558 3518 ges-

1983 3539 2168 3594 serat;
2210 3530 2296 3584 cui
2346 3540 2525 3585 tamen
2582 3532 2701 3586 ideo
2741 3534 3098 3602 prtevaluerat
3150 3535 3317 3592 Jacob
3374 3540 3558 3609 utique

1982 3618 2205 3685 volenti,
2250 3628 2308 3674 ut
2350 3622 2665 3691 mysterium
2713 3622 2972 3692 ﬁguraret
3020 3625 3285 3693 passionis
3323 3628 3558 3684 Domini.

1986 3711 2088 3768 Ubi
2132 3713 2279 3766 visus
2307 3721 2389 3765 cst
2433 3711 2603 3766 Jacob
2649 3713 2701 3766 in
2735 3711 3040 3767 Judteorum
3081 3722 3224 3785 typo,
3258 3716 3360 3771 hoc
3391 3718 3559 3772 estin

1984 3804 2227 3873 corporis
2276 3803 2358 3858 sui
2388 3803 2572 3858 sobole
2600 3802 2944 3873 pnevaluisse
2971 3804 3102 3869 Deo,
3151 3814 3205 3859 et
3238 3808 3391 3876 quasi
3436 3825 3558 3864 cum

1984 3895 2222 3957 inlirmo,
2252 3895 2326 3947 ita
2352 3910 2474 3948 cum
2507 3908 2668 3948 carne
2702 3892 2817 3961 ejus
2846 3894 3111 3953 luctamen
3139 3898 3292 3961 inire,
3325 3906 3378 3952 et
3406 3898 3559 3954 iuva-

1984 3989 2189 4044 lescere
2220 3987 2271 4040 iu
2305 3986 2555 4054 passione
2589 3984 2725 4055 ejus,
2754 3987 2893 4041 sicut
2926 3988 3185 4056 scriptum
3213 3999 3296 4044 est
3318 4006 3440 4043 cum
3479 3992 3560 4045 di-

1985 4088 2150 4142 ceret,
2182 4075 2442 4146 Crueiﬁge
2470 4074 2685 4148 (Matth.
2716 4074 2918 4147 xxvii);
2949 4086 3005 4133 et
3050 4088 3227 4133 tamen
3276 4078 3444 4135 Jacob
3494 4081 3564 4135 ab

1984 4170 2174 4229 eodem
2203 4168 2392 4239 angi-lo
2421 4168 2852 4223 benedictionem
2887 4186 3045 4239 quem
3069 4173 3244 4248 victor
3270 4188 3564 4242 superave-

1987 4268 2069 4315 rat
2098 4259 2423 4329 impetravit.
2455 4256 2620 4326 Cujus
2654 4260 2888 4313 nominis
2927 4261 3198 4330 impositio
3242 4263 3424 4332 utique
3464 4263 3563 4317 be-

1915 4351 2223 4444 Duedictio
2272 4350 2393 4404 fuit.
2447 4349 2841 4419 Interpretatur
2898 4351 3059 4405 Israel
3111 4353 3290 4408 videns
3358 4353 3559 4417 Deum,

1989 4448 2133 4516 quod
2162 4446 2266 4501 erit
2290 4445 2342 4499 in
2371 4444 2477 4501 line
2517 4444 2795 4515 praemium
2825 4456 3137 4499 sanctorum
3169 4446 3430 4500 omnium.
3458 4445 3595 4523 Te:

1990 4539 2289 4608 tigitporro
2314 4537 2402 4593 ille
2431 4538 2570 4592 idem
2604 4537 2837 4613 angelus
2863 4535 3197 4592 latitudinem
3228 4537 3472 4603 femoris,
3512 4550 3569 4595 et

1982 4628 2234 4683 claudum
2265 4629 2517 4683 reddidit.
2548 4626 2744 4696 Sicque
2773 4612 2892 4681 erat
2936 4641 3073 4681 unus
3114 4636 3274 4687 atque
3296 4629 3440 4684 idem
3482 4628 3570 4684 Ja-

1989 4720 2088 4775 cob
2120 4720 2432 4775 benedictus
2460 4727 2514 4773 et
2565 4717 2787 4774 claudus
2843 4734 2855 4769 :
2908 4716 3226 4771 benedictus
3258 4721 3313 4774 in
3355 4718 3438 4773 bis
3474 4722 3566 4788 qui

1990 4812 2044 4867 in
2087 4813 2364 4868 Christum
2394 4828 2458 4867 ex
2489 4826 2553 4866 eo
2575 4810 2771 4881 populo
2813 4811 3182 4876 crediderunt,
3217 4820 3377 4881 atque
3406 4813 3459 4866 in
3485 4813 3569 4867 in-

1994 4904 2240 4961 lldelibus
2269 4902 2512 4959 claudus.
2556 4900 2769 4955 Namin
2815 4900 3036 4957 femoris
3080 4916 3247 4956 nervo
3294 4902 3563 4966 valetudo,

1992 4997 2205 5066 generis
2261 4978 2544 5048 multitudo
2617 5000 2701 5045 est
2753 5009 2766 5044 :
2829 4992 3009 5061 plures
3060 4994 3257 5062 quippe
3324 5000 3450 5046 sunt
3510 4992 3564 5044 in

1995 5088 2160 5156 stirpe
2186 5086 2274 5156 qui
2305 5084 2698 5154 degenerautes
2721 5097 2750 5136 a
2775 5081 2879 5138 ﬁde
2904 5092 3138 5153 patrum,
3162 5093 3217 5138 et
3237 5098 3265 5135 a
3288 5082 3568 5155 prmeeptis

1995 5176 2232 5231 auctoris
2269 5174 2351 5229 sui
2381 5174 2681 5237 deviantes,
2708 5172 2761 5226 in
2796 5188 3036 5229 errorem
3067 5174 3148 5229 sui
3177 5172 3400 5228 seminis
3419 5171 3569 5226 clau-
3634 5246 3645 5257 ν

1990 5270 2194 5339 dicant,
2245 5268 2311 5323 de
2338 5267 2555 5336 quibus
2599 5269 2909 5337 prophetico
2950 5267 3265 5336 praedictum
3317 5273 3403 5321 est
3443 5281 3457 5318 :
3499 5265 3568 5319 Et

1991 5363 2416 5417 elaudiearcrunt
2444 5376 2475 5413 a
2501 5361 2698 5414 semitis
2725 5360 2833 5413 suis
2861 5357 3033 5428 (Psal.
3067 5360 3220 5425 xvu).
3238 5355 3438 5429 (Creg.)
3465 5358 3567 5424 Qui

1995 5463 2174 5509 tamen
2202 5453 2430 5524 populus
2459 5464 2599 5522 pos',
2632 5453 2788 5506 tactis
2837 5452 2939 5506 sibi
2968 5451 3194 5516 viribus,
3251 5467 3356 5504 non
3395 5451 3567 5505 solum

1996 5545 2281 5609 claudicat,
2313 5546 2407 5598 sed
2439 5555 2492 5598 et
2524 5542 2799 5611 torpescit,
2840 5558 2907 5595 ne
2930 5542 3070 5595 ultra
3094 5542 3206 5613 jam
3244 5541 3383 5596 ﬁlios
3410 5557 3570 5612 gene-

1999 5652 2120 5691 rare
2171 5638 2359 5705 possit.
2421 5635 2598 5690 l’otcst
2650 5644 2703 5689 et
2752 5634 3048 5690 secundum
3099 5635 3451 5706 tropologiam
3515 5635 3568 5686 in
