3970 6198
454 296 558 355 διι
644 368 645 371 γ

1131 294 1193 350 Β.
1238 291 1491 348 RABANI
1532 290 1753 348 MAURI
1790 288 2108 346 ARCHIEP.
2147 289 2455 348 MOGUNT.
2498 291 2784 350 OPERUM
2823 292 3005 349 PARS
3042 292 3085 347 1.

3629 292 3729 348 (ἷιὲ

457 411 648 468 eadem
669 422 751 475 re,
780 406 986 464 utiliter
1009 404 1212 475 aliquid
1240 403 1492 474 intelligi.
1517 401 1708 474 Magna
1730 400 1890 457 estin
1912 415 2043 456 con-
2073 409 2126 470 Α
2151 401 2313 457 homo
2351 412 2470 458 erat
2492 402 2706 460 futurus
2729 405 2967 476 quicum
2991 404 3160 461 Jacob
3186 405 3393 480 populo
3428 376 3726 465 uetaretur.

459 500 772 572 templativa
799 499 910 554 vita
954 495 1234 553 contentio
1271 494 1490 560 mentis,
1531 507 1654 547 cum
1684 506 1805 548 sese
1840 490 1909 546 ad
1930 503 2043 566 cte-

458 592 617 647 lestia
644 590 825 662 erigit,
853 605 975 645 cum
1003 589 1059 644 in
1085 588 1248 643 rebus
1267 586 1640 658 spiritualibus
1668 585 1908 640 animum
1936 591 2046 639 ten-

460 685 558 749 dit,
590 699 714 738 cum
749 680 1049 751 transgredi
1078 680 1270 735 nititur
1293 694 1455 734 omne
1493 677 1640 748 quod
1684 677 2045 747 corporaliter

459 776 694 840 videtur,
731 790 856 829 cum
883 788 1002 829 sese
1026 780 1300 841 angustat,
1343 780 1399 827 et
1427 770 1641 835 dilatat,
1677 777 1734 824 et
1758 768 2045 838 aliquando

459 865 677 933 quidem
709 864 895 929 vincit,
926 872 983 918 et
1010 863 1342 918 reluctantes
1371 861 1624 917 tenebras
1650 874 1762 915 suae
1779 859 2046 928 caecitatis

458 964 768 1027 exsuperat,
816 955 967 1010 etde
1013 951 1488 1022 incircumscripto
1538 950 1739 1005 lumine
1786 949 2045 1020 quiddam

459 1049 660 1129 partim
704 1056 761 1125 et
813 1045 1084 1103 subtiliter
1110 1046 1358 1115 attingit;
1409 1044 1505 1099 sed
1536 1052 1717 1097 tamen
1758 1043 1827 1096 ad
1850 1049 2048 1096 semet-

458 1143 633 1212 ipsam
680 1141 925 1212 protinus
976 1138 1381 1202 reverberatur,
1416 1145 1581 1206 atque
1623 1135 1692 1190 ab
1738 1150 1800 1189 ea
1829 1134 1949 1189 luce
1977 1133 2047 1189 ad

456 1247 623 1301 quam
655 1230 970 1302 respirando
998 1229 1213 1284 transiit
1261 1228 1328 1282 ad
1363 1241 1475 1283 sua).
1511 1225 1773 1282 caecitatis
1795 1225 2045 1280 tenebras

456 1322 782 1390 suspiranda
834 1320 1016 1375 rediit.
1058 1319 1214 1385 Quod
1252 1318 1390 1373 bene
1434 1333 1589 1373 sacra
1636 1317 1865 1373 historia
1903 1317 2048 1372 desi-

456 1420 603 1481 gnat,
630 1420 751 1480 quae
775 1398 992 1466 beatum
1014 1408 1182 1465 Jacob
1208 1425 1331 1464 cum
1363 1408 1552 1480 angelo
1578 1408 1877 1463 luctantem
1914 1423 2044 1463 nar-

458 1510 562 1555 rat.
593 1500 728 1556 Cum
756 1501 902 1557 enim
948 1500 1016 1555 ad
1045 1509 1295 1570 parentes
1325 1499 1572 1570 preprios
1601 1500 1820 1566 rediret,
1858 1499 1914 1553 in
1959 1498 2046 1553 via

454 1591 711 1663 angelum
761 1592 987 1658 invenit,
1043 1606 1168 1646 cum
1195 1605 1303 1660 quo
1348 1591 1403 1645 in
1446 1590 1741 1646 luctamine
1791 1604 2047 1659 magnum

458 1693 733 1739 certamen
765 1684 973 1739 habuit.
1022 1683 1073 1738 ls
1106 1683 1250 1739 enim
1282 1682 1371 1752 qui
1418 1692 1593 1739 certat
1642 1684 1696 1739 in
1720 1682 2044 1750 luctamine,

2151 490 2357 564 (Greg.)
2400 494 2672 562 Quaeritur
2715 495 2845 551 dum
2896 496 3011 568 ipsa
3066 511 3164 568 per
3217 512 3278 554 se
3318 482 3534 553 veritas
3561 499 3727 555 dixit:

2148 583 2319 637 Nemo
2348 585 2476 639 vidit
2521 586 2713 656 faciem
2763 604 2934 642 meam
2964 604 3218 657 unquam,
3249 589 3539 663 quomodo,
3573 586 3729 643 Jacob

2148 684 2380 730 testatur
2425 676 2657 732 dicens:
2699 676 2823 732 Vidi
2864 678 3155 733 Dominum
3204 678 3342 749 facie
3393 683 3463 733 ad
3505 680 3734 750 faciem?

2147 764 2345 834 (Exod.
2377 767 2595 839 XXXIII.)
2629 767 2892 823 Humana!
2939 769 3140 824 etenim
3190 770 3390 826 mentis
3424 770 3583 825 oculo
3608 771 3731 826 inte-

2145 856 2291 911 riore
2317 867 2566 929 purgato,
2607 858 2737 914 dum
2781 858 3035 919 vitiorum
3085 860 3326 914 omnium
3375 859 3732 915 tribulationis

2146 947 2269 1015 igne
2290 964 2456 1019 erugo
2492 948 2655 1003 fuerit
2678 957 3044 1014 concremata,
3073 959 3220 1016 tunc,
3266 950 3541 1005 mundatis
3568 950 3731 1007 oculis

2147 1042 2350 1109 cordis,
2400 1041 2491 1096 illa
2521 1041 2707 1096 laetitia
2738 1042 2928 1112 patriae
2949 1042 3187 1098 caelestis
3223 1043 3487 1112 aperitur,
3518 1050 3581 1097 ut
3606 1059 3729 1113 pur-

2147 1147 2337 1204 gemus
2378 1132 2610 1205 lugendo
2649 1133 2801 1203 prius
2848 1132 2992 1203 quod
3024 1132 3271 1200 fecimus,
3298 1141 3356 1188 et
3392 1135 3730 1204 postmodum

2147 1221 2487 1279 manifestius
2527 1223 2955 1294 contemplemur
3008 1239 3107 1295 per
3153 1224 3352 1295 gaudia
3393 1224 3539 1294 quod
3600 1239 3733 1294 qua:-

2149 1332 2353 1372 ramus.
2380 1316 2540 1372 Prius
2576 1318 2720 1372 enim
2747 1332 2778 1372 a
2807 1317 3007 1374 mentis
3036 1318 3174 1385 acie,
3199 1326 3464 1374 exurente
3494 1317 3729 1384 tristitia,

2147 1409 2466 1481 interposita
2517 1410 2781 1466 malorum
2836 1411 3012 1481 caligo
3065 1410 3357 1482 detegitur,
3394 1420 3450 1467 et
3489 1420 3621 1467 tunc
3658 1426 3733 1466 re-

2147 1503 2464 1574 Splendeute
2494 1504 2691 1573 raptim
2740 1504 3143 1570 coruscatione,
3169 1503 3631 1574 incircumscripti
3660 1502 3730 1557 lu-

2146 1595 2311 1649 minis
2335 1594 2656 1662 illustratur,
2682 1609 2791 1663 quo
2821 1603 3096 1665 utcunque
3125 1603 3416 1666 conspectu
3450 1594 3509 1649 in
3540 1595 3727 1665 gaudio

2147 1686 2431 1757 cujusdam
2478 1686 2788 1741 securitatis
2834 1686 3174 1752 absorbetur,
3211 1694 3267 1741 et
3302 1686 3458 1756 quasi
3499 1694 3624 1757 post
3649 1684 3731 1740 de-

458 1774 747 1845 aliquando
766 1774 1099 1844 superiorem
1126 1788 1206 1840 se,
1236 1772 1523 1844 aliquando
1543 1789 1608 1831 eo
1634 1788 1755 1829 cum
1781 1789 1890 1844 quo
1916 1790 2048 1830 con-
2079 1775 2125 1835 B
2153 1778 2352 1833 fectum
2385 1779 2511 1833 vitae
2535 1779 2817 1849 puesentis
2840 1778 2980 1832 ultra
3016 1793 3074 1834 se
3103 1787 3280 1848 rapta,
3310 1777 3657 1847 aliquomodo
3683 1778 3731 1832 in

460 1868 631 1922 tendit
656 1865 967 1922 inferiorem
1008 1865 1233 1919 invenit.
1263 1864 1519 1935 Designat
1539 1878 1669 1935 ergo
1698 1864 1919 1934 angelus
1944 1864 2051 1920 Do-

456 1960 687 2027 minum,
739 1966 794 2014 et
821 1956 989 2013 Jacob
1034 1956 1127 2027 qui
1156 1971 1281 2012 cum
1310 1956 1502 2028 angelo
1531 1956 1829 2023 contendit,
1865 1958 2051 2014 unius-

456 2051 717 2123 cujusque
759 2049 985 2123 perfecti
1014 2049 1137 2117 viri,
1182 2057 1239 2105 et
1274 2049 1327 2103 in
1357 2049 1811 2119 contemplatione
1863 2050 2047 2119 positi,

456 2144 692 2199 animam
715 2143 992 2213 exprimit,
1016 2146 1144 2212 quia
1165 2140 1418 2197 videlicet
1445 2141 1626 2196 anima
1655 2157 1778 2196 cum
1808 2149 2050 2197 contem-

454 2232 593 2305 plari
622 2232 793 2287 Deum
834 2232 1045 2297 nititur,
1074 2230 1222 2284 velut
1268 2231 1322 2285 in
1353 2232 1584 2301 quodam
1617 2232 1917 2288 certamine
1951 2246 2051 2303 po-

454 2324 583 2391 sita,
610 2323 770 2378 modo
797 2322 951 2394 quasi
992 2323 1275 2387 exuberat,
1306 2323 1432 2392 quia
1462 2315 1825 2395 intelligendo-
1839 2333 1895 2381 et
1920 2339 2047 2380 sen-

459 2415 640 2470 tiendo
665 2414 733 2470 de
780 2413 1252 2484 incircumscripto
1281 2413 1483 2468 lumine
1535 2414 1740 2486 aliquid
1766 2416 2044 2487 degustat;

457 2507 617 2562 modo
652 2520 783 2560 vero
829 2504 1152 2570 succumbit,
1182 2503 1309 2574 quia
1337 2503 1671 2575 degustando
1695 2506 1891 2561 iterum
1917 2506 1967 2561 d.
1987 2506 2048 2560 fi-

454 2599 550 2654 cit.
583 2598 749 2666 Quasi
786 2613 915 2669 ergo
946 2597 1182 2652 vincitur
1228 2595 1471 2666 angelus,
1523 2597 1738 2666 quando
1774 2598 2047 2655 intellectu

456 2692 649 2747 intimo
697 2691 1122 2762 apprehenditur
1170 2692 1331 2747 Deus.
1398 2689 1505 2746 Sed
1562 2690 1859 2748 notandum
1902 2690 2047 2760 quod

455 2785 598 2840 idem
627 2785 802 2839 victus
835 2783 1059 2855 angelus
1113 2798 1343 2839 nervum
1393 2782 1614 2838 femoris
1650 2781 1817 2838 Jacob
1851 2782 2043 2864 tetigit,

354 2940 364 2963 ἱ
454 2889 688 2945 eumque
729 2887 1066 2930 marcescere
1100 2874 1286 2929 Statim
1330 2873 1480 2939 fecit,
1513 2882 1675 2944 atque
1705 2873 1774 2947 ab
1793 2889 1858 2929 eo
1879 2873 2047 2930 Jacob

456 2971 700 3037 tempore
745 2981 852 3021 uno
890 2964 1211 3021 claudicavit
1239 2967 1395 3035 pede,
1424 2965 1551 3035 quia
1572 2965 1779 3021 scilicet
1801 2966 2048 3036 omnipo-

457 3066 578 3114 tens
607 3059 768 3125 Deus,
821 3073 944 3112 cum
987 3057 1100 3126 jam
1146 3072 1245 3127 per
1272 3056 1599 3112 desiderium
1626 3063 1681 3111 et
1714 3056 2044 3112 intellectum

2150 1869 2384 1940 quadam
2427 1871 2668 1925 novitate
2721 1879 3019 1925 recreatur.
3062 1869 3136 1925 lbi
3166 1884 3320 1924 tuens
3364 1884 3431 1924 ex
3477 1868 3763 1923 immenso‘

2149 1962 2298 2017 fonte
2332 1960 2620 2016 infusionis
2647 1962 2869 2032 superni
2903 1961 3042 2016 roris
3070 1960 3411 2033 aspergitur;
3440 1959 3516 2014 ibi
3551 1975 3660 2014 non
3678 1974 3730 2013 se

2150 2051 2396 2107 sufﬁcere
2424 2052 2492 2108 ad
2523 2052 2577 2106 id
2607 2052 2753 2122 quod
2781 2063 2935 2122 rapta
2961 2060 3046 2106 est
3070 2050 3505 2121 contextipIatur;
3529 2060 3585 2105 et
3606 2051 3733 2105 veri-

2150 2152 2317 2200 tatem
2348 2142 2630 2198 sentiendo
2670 2142 2836 2207 videt,
2868 2142 2993 2212 quia
3033 2149 3236 2212 quanta
3265 2151 3350 2197 est
3376 2142 3493 2212 ipsa
3514 2142 3728 2205 veritas,

2148 2249 2257 2289 non
2298 2234 2463 2290 videt.
2493 2232 2592 2288 Cui
2619 2232 2837 2289 veritati
2880 2242 3029 2287 tanto
3069 2233 3240 2304 magis
3266 2248 3328 2288 se
3364 2231 3523 2303 longe
3549 2232 3729 2286 existi-

2147 2332 2281 2391 mat,
2328 2333 2533 2394 quauto
2574 2322 2747 2394 magis
2795 2322 3211 2394 appropinquat,
3271 2322 3399 2393 quia
3447 2322 3554 2377 nisi
3594 2321 3731 2376 illam

2148 2424 2426 2486 utcunque
2476 2415 2908 2485 concupisceret,
2966 2429 3312 2486 nequaquam
3362 2428 3486 2469 eam
3542 2429 3731 2470 concu-

2148 2508 2360 2578 piscere
2416 2502 2537 2561 non'
2568 2520 2730 2577 posse
2780 2505 3029 2561 sentiret.
3087 2505 3324 2561 Annisus
3352 2518 3483 2575 ergo
3525 2504 3730 2569 anitum,

2153 2602 2281 2656 dum
2311 2601 2365 2655 in
2402 2600 2491 2655 illa
2520 2601 2841 2667 attenditur,
2866 2599 3251 2655 immensitatis
3271 2600 3390 2671 ejus
3418 2607 3733 2655 coruscantc

2149 2693 2561 2750 circumstantia
2591 2693 2989 2749 reverberatur.
3026 2692 3145 2763 Ipsa
3189 2692 3387 2763 quippe
3414 2700 3609 2746 cuncta
3640 2691 3733 2744 im-

2152 2787 2326 2860 plens,
2358 2796 2552 2842 cuncta
2582 2785 2937 2852 circumstat;
2991 2793 3046 2841 et
3094 2784 3300 2840 idcirco
3352 2798 3510 2838 mens
3557 2790 3733 2837 nostra

2150 2894 2497 2951 nequaquam
2538 2892 2597 2933 se
2645 2877 2713 2932 ad
2746 2876 3312 2947 comprehendendam
3346 2871 3735 2929 incircumscri-

2149 2979 2296 3041 ptam
2326 2967 2682 3024 substantiam
2708 2968 2922 3032 dilatat,
2954 2967 3080 3038 quia
3110 2981 3232 3021 eam
3262 2965 3457 3034 inopia:
3500 2977 3613 3017 sua:
3636 2962 3733 3016 cir-

2102 3106 2119 3132 ;
2152 3061 2506 3131 cumscriptio
2532 3068 2810 3132 angustat.
2850 3059 3002 3116 Unde
3030 3066 3086 3114 et
3121 3057 3187 3112 ad
3212 3055 3563 3126 semetipsam
3584 3053 3734 3108 citius

456 3149 827 3220 cognoscitur,
850 3161 1066 3204 omnem
1099 3148 1155 3202 in
1182 3147 1338 3203 nobis
1366 3146 1697 3218 voluptatem
1725 3148 1906 3203 carnis
1931 3163 2051 3203 are-
2076 3123 2121 3187 C
2154 3153 2434 3218 relabitur,
2479 3161 2535 3207 et
2579 3152 2880 3223 prospectis
2922 3151 3077 3222 quasi
3121 3148 3443 3219 quibusdam
3498 3145 3733 3201 veritatis

456 3238 619 3306 facit;
656 3248 711 3293 et
750 3241 878 3309 quia
924 3239 1097 3308 prius,
1141 3238 1297 3308 quasi
1324 3236 1532 3293 duobus
1567 3235 1795 3307 pedibus
1820 3237 2051 3293 inniten-

457 3339 560 3397 tes,
586 3338 643 3386 et
686 3330 857 3385 Deum
903 3330 1225 3385 videbamur
1269 3342 1536 3399 qumrere,
1591 3338 1647 3382 et
1675 3328 1933 3384 saeculum
1972 3339 2050 3384 te-

455 3434 610 3484 nere,
640 3427 765 3489 post
803 3418 1134 3489 agnitionem
1165 3418 1448 3473 suavitatis
1492 3416 1609 3482 Dei,
1639 3433 1781 3472 unus
1812 3418 1866 3472 in
1897 3418 2052 3473 nobis

455 3524 555 3583 pes
597 3525 762 3565 sanus
789 3508 1073 3573 remansit,
1103 3515 1265 3582 atque
1293 3507 1433 3561 alius
1461 3506 1761 3573 claudicat;
1803 3508 1929 3579 quia
1958 3525 2053 3563 ηο-

458 3617 612 3660 cesse
646 3610 731 3658 est
773 3608 851 3669 ut,
885 3600 1169 3656 debilitato
1211 3614 1397 3655 amore
1425 3600 1626 3665 saeculi,
1654 3604 1800 3656 solus
1824 3602 1876 3655 in
1900 3602 2051 3658 nobis

458 3695 802 3752 convalescat
846 3708 1001 3749 amor
1034 3692 1153 3747 Dei.
1206 3690 1263 3747 Si
1299 3707 1430 3764 ergo
1483 3701 1730 3749 tenemus
1777 3695 2050 3767 angelum,

458 3802 566 3841 uno
609 3784 977 3841 claudicamus
1021 3785 1177 3854 pede,
1218 3783 1341 3854 quia
1397 3785 1524 3839 dum
1569 3786 1765 3840 crescit
1804 3786 1858 3840 in
1897 3788 2052 3857 nobis

459 3876 719 3933 fortitudo
744 3875 947 3931 amoris
976 3874 1171 3939 intimi,
1200 3874 1508 3928 infirmatur
1536 3874 1723 3945 procul
1749 3876 1913 3931 dubio
1944 3877 2053 3931 for-

460 3969 634 4024 titudo
662 3968 863 4024 carnis.
896 3965 1086 4022 Omnis
1119 3965 1317 4035 quippe
1349 3966 1440 4035 qui
1469 3982 1576 4021 uno
1598 3967 1735 4035 pede
1763 3967 2049 4035 claudicat,

461 4062 560 4118 soli
589 4062 667 4117 illi
694 4062 818 4134 pedi
847 4059 1101 4116 innititur
1128 4073 1290 4129 quem
1314 4073 1510 4113 sanum
1530 4058 1709 4123 habet,
1739 4059 1864 4130 quia
1893 4068 1947 4115 et
1966 4060 2053 4115 cui

459 4153 788 4210 desiderium
823 4150 938 4221 jam
991 4159 1270 4207 terrenum
1311 4148 1608 4205 arefactum
1646 4148 1828 4217 fuerit,
1855 4152 2054 4207 insolo

458 4247 595 4318 pede
622 4246 825 4302 amoris
872 4245 967 4300 Dei
1018 4252 1131 4300 tota
1179 4258 1238 4299 se
1264 4244 1466 4299 virtute
1489 4242 1742 4309 sustinet,
1765 4253 1821 4298 et
1847 4244 1901 4298 in
1938 4244 2054 4314 ipso

461 4349 588 4404 stat,
622 4339 750 4409 quia
786 4338 981 4409 pedem
1031 4337 1235 4393 amoris
1287 4336 1493 4406 saeculi,
1548 4353 1711 4409 quem
1755 4352 1955 4407 ponere
1998 4339 2052 4392 in

461 4436 665 4483 terram
694 4436 1070 4493 consueverat,
1108 4426 1222 4496 jam
1252 4443 1283 4481 a
1324 4435 1468 4482 terra
1493 4443 1814 4498 διιερθιιευιιι
1848 4436 2047 4499 portat.

460 4520 529 4574 Et
556 4534 656 4574 nos
680 4533 808 4587 ergo
845 4518 893 4573 si
916 4519 984 4573 ad
1005 4525 1261 4586 parentes
1284 4517 1553 4586 proprios,
1585 4518 1637 4571 id
1662 4525 1764 4583 est,
1797 4519 1863 4572 ad
1891 4519 2050 4588 spiri-

465 4611 633 4666 tuales
655 4618 838 4681 patres
872 4609 1133 4673 redimus,
1156 4617 1439 4664 teneamus
1470 4608 1523 4661 in
1574 4610 1660 4662 via
1690 4608 1959 4679 angelum,
1991 4618 2052 4664 ut

462 4703 725 4759 suavitate
757 4701 948 4756 intima
976 4701 1444 4770 apprehendamns
1484 4700 1670 4755 Deum.
1707 4700 2051 4772 Contempla-

465 4797 588 4851 tiva:
615 4795 815 4850 etenim
839 4793 963 4848 vitae
994 4791 1242 4847 amabilis
1265 4792 1419 4849 valde
1445 4792 1671 4849 dulcedo
1692 4804 1795 4858 est,
1825 4809 2053 4865 quaeque

464 4903 626 4961 super
672 4887 1021 4957 semetipsum
1058 4885 1299 4939 animum
1349 4885 1510 4956 rapit,
1536 4886 1779 4941 ccelestia
1825 4887 2050 4956 appetit,

465 4993 680 5036 terrena
711 4990 892 5034 autent
924 4979 1122 5033 debere
1144 4992 1267 5032 esse
1293 4977 1627 5047 contemptui
1657 4976 1912 5041 ostendit,
1944 4977 2054 5046 spi—

465 5071 677 5128 ritualia
727 5070 924 5124 mentis
976 5068 1150 5123 oculis
1177 5066 1453 5138 patefacit,
1496 5066 1797 5137 corporalia
1824 5067 2053 5122 abscon-

463 5166 560 5221 dit.
597 5164 747 5220 Unde
774 5164 911 5219 bene
948 5162 1003 5216 in
1044 5162 1285 5217 Canticis
1335 5162 1669 5217 canticorum
1719 5161 1850 5215 dicit
1892 5159 2051 5230 :Ego

463 5256 691 5321 dormio,
732 5262 780 5308 et
807 5269 897 5307 cor
926 5268 1098 5308 meum
1124 5250 1304 5323 vigilat
1348 5250 1524 5323 (Cant.
1558 5254 1635 5323 v).
1669 5250 1938 5320 Vigilante
1978 5259 2055 5304 ct-

463 5364 606 5404 emm
636 5346 801 5403 corde
827 5346 1049 5411 dormit,
1092 5344 1182 5415 qui
1213 5359 1311 5413 per
1350 5344 1453 5399 hoc
1479 5345 1621 5412 quod
1667 5342 1896 5397 interius
1924 5358 2051 5397 con-

464 5441 774 5512 templanda
821 5438 1059 5509 proﬁcit,
1108 5451 1140 5491 a
1188 5451 1358 5506 pravo
1407 5434 1537 5490 foris
1590 5448 1754 5503 opere
1799 5433 2048 5503 quiescit.

466 5532 708 5601 Denique
755 5537 901 5599 quod
951 5528 1150 5597 adjecit
1197 5528 1343 5582 idem
1398 5526 1707 5596 patriarcha
1751 5526 1950 5591 vidisse
1993 5542 2052 5581 se

466 5623 635 5677 Deum
685 5622 821 5681 facie
868 5622 934 5676 ad
977 5622 1191 5688 faciem,
1230 5635 1355 5676 eum
1384 5619 1632 5689 superius
1658 5619 1830 5673 virum
1866 5635 2046 5674 secum

469 5722 653 5767 narret
681 5711 845 5766 fuisse
887 5712 1167 5777 lactatum,
1211 5713 1262 5767 id
1292 5711 1559 5781 significat
1589 5710 1715 5781 quia
1743 5709 1882 5765 idem
1908 5711 2048 5767 Deus

2150 3245 2413 3317 vestigiis,
2466 3244 2535 3298 ad
2580 3258 2737 3299 suam
2785 3243 3074 3314 imaginem
3106 3248 3411 3296 revocatur.
3461 3237 3587 3292 [hec
3622 3237 3733 3305 ipsa

2154 3345 2331 3391 tamen
2357 3349 2454 3406 per
2484 3332 2997 3403 contemplationem
3023 3331 3325 3398 factahnon
3353 3328 3522 3385 solida
3544 3337 3594 3381 et
3615 3342 3734 3398 per-

2154 3441 2378 3483 manens
2392 3425 2547 3492 visio,
2572 3424 2688 3491 sed,
2707 3435 2764 3478 ut
2791 3424 3039 3490 dixerim,
3059 3422 3216 3493 quasi
3243 3420 3491 3492 qutedam
3522 3418 3735 3473 visionis

2154 3524 2405 3589 imitatio,
2458 3521 2552 3577 Dei
2609 3520 2776 3576 facies
2798 3520 3015 3574 dicitur.
3065 3516 3204 3584 Quia
3230 3516 3376 3571 enim
3402 3530 3500 3586 per
3544 3513 3731 3566 faciem

2153 3614 2452 3686 quemlibet
2495 3613 2858 3685 agnoscimus,
2917 3625 3025 3666 non
3074 3609 3344 3664 immerito
3379 3605 3735 3678 cognitionem

2154 3703 2251 3758 Dei
2307 3703 2503 3758 faciem
2544 3716 2818 3756 vocamus.
2870 3698 3007 3754 Hinc
3054 3714 3183 3767 ergo
3238 3696 3411 3752 Jacob
3457 3702 3733 3766 postquam

2154 3794 2390 3850 luctatus
2413 3803 2497 3850 est
2520 3809 2644 3850 cum
2672 3791 2864 3863 angelo
2891 3790 2969 3845 ait
3000 3808 3012 3844 :
3055 3788 3173 3843 Vidi
3197 3788 3483 3842 Dominum
3508 3786 3637 3856 [acie
3665 3784 3734 3837 ad

2155 3883 2367 3953 faciem,
2411 3898 2476 3938 ac
2530 3882 2577 3936 si
2627 3882 2834 3937 diceret
2877 3899 2889 3934 :
2931 3878 3169 3950 Cognovi
3221 3877 3410 3943 Deum,
3461 3876 3583 3946 quia
3646 3888 3732 3927 me

2155 3988 2483 4046 cognoscere
2537 3973 2654 4043 ipse
2700 3973 2954 4044 dignatus
3000 3978 3103 4026 est.
3154 3969 3329 4037 Quam
3380 3966 3731 4038 cognitionem

2154 4063 2468 4134 plenissime
2490 4061 2609 4117 ﬁeri
2635 4060 2837 4116 Paulus
2866 4061 2922 4114 in
2949 4059 3056 4115 fine
3079 4067 3308 4114 testatur
3330 4058 3518 4113 dicens
3547 4074 3558 4109 :
3590 4053 3732 4107 Tunc

2156 4169 2463 4224 cognoscam
2490 4151 2624 4207 sicut
2653 4161 2700 4205 et
2734 4151 2972 4222 cognitus
2998 4168 3114 4204 sum
3150 4149 3203 4221 (Ι
3232 4148 3357 4204 Cor.
3384 4150 3526 4219 xm).

2749 4262 2976 4319 CAPUT
3017 4262 3161 4317 XXI.

2448 4336 2528 4390 De
2552 4335 2898 4391 collocatione
2928 4334 3072 4388 Esau
3113 4350 3231 4389 cum
3266 4332 3458 4389 Iacob.

2229 4428 2380 4499 (Car.
2409 4427 2625 4499 xxxiii.)
2650 4426 2849 4481 chans
2880 4436 3053 4480 autent
3078 4427 3244 4481 Iacob
3270 4425 3450 4479 oculos
3475 4440 3590 4478 suos
3609 4419 3730 4476 cidit

2155 4523 2441 4576 venientem
2477 4520 2644 4584 Esau,
2675 4530 2723 4573 et
2753 4535 2871 4573 cum
2910 4536 2969 4573 eo
2998 4519 3410 4591 quadringentos
3451 4518 3607 4580 viros;
3642 4514 3730 4565 di-

2114 4615 2373 4687 =‘visitque
2400 4614 2538 4685 ﬁlios
2561 4612 2670 4669 Liw
2690 4623 2738 4668 et
2764 4612 2957 4667 Rachel
2993 4612 3421 4683 [antularumque
3448 4612 3730 4665 ambarum.

2157 4719 2203 4763 et
2234 4709 2403 4774 posuit
2440 4718 2713 4777 utramque
2736 4706 2983 4760 ancillam
3009 4716 3055 4760 et
3081 4705 3270 4759 liberos
3296 4723 3481 4759 earum
3507 4707 3556 4757 in
3584 4702 3729 4772 prin-

2158 4802 2314 4872 cipio,
2344 4800 2493 4853 Liam
2527 4815 2643 4852 vero
2681 4808 2727 4851 ct
2754 4796 2943 4851 liberos
2975 4797 3087 4866 ejus
3117 4796 3170 4849 in
3201 4797 3431 4850 secundo
3463 4796 3587 4857 loco,
3616 4791 3731 4844 Ra-

2159 4890 2269 4945 cltel
2299 4901 2471 4943 autem
2499 4898 2546 4943 et
2591 4887 2787 4959 Ioseph
2820 4888 3157 4952 novissimos;
3184 4898 3229 4940 et
3262 4889 3371 4957 ipse
3412 4872 3731 4957 progrediens

2161 4981 2397 5035 adoravit
2423 4996 2618 5051 pronus
2647 4980 2698 5033 in
2745 4989 2886 5033 terra
2916 4980 3124 5049 septies,
3160 4978 3324 5031 donec
3355 4977 3729 5047 appropinqua-

2161 5085 2235 5128 ret
2260 5074 2423 5144 frater
2447 5073 2584 5142 ejus,
2643 5082 2748 5127 etc.
2780 5072 2918 5138 Non,
2950 5081 3010 5127 ut
3037 5071 3281 5142 plerique
3317 5054 3594 5129 mstimant,
3623 5076 3732 5118 tres

2162 5175 2368 5221 turmas
2408 5165 2557 5230 fecit,
2593 5165 2689 5219 sed
2739 5166 2893 5221 duas.
2932 5165 3175 5234 Denique
3217 5164 3308 5219 ubi
3352 5179 3452 5218 nos
3483 5163 3734 5217 habemus

2159 5258 2356 5321 divisit,
2408 5256 2603 5327 Aquila
2652 5256 2832 5325 posuit
2874 5258 3147 5328 ἡμίσυσεν,
3182 5256 3234 5310 id
3276 5264 3381 5318 est,
3431 5247 3725 5307 dimidiam,

2160 5358 2219 5403 ut
2246 5363 2414 5401 unum
2464 5362 2693 5401 cuneum
2735 5344 2937 5400 faceret
2974 5346 3294 5401 ancillarum
3338 5361 3460 5401 cum
3504 5336 3733 5413 parvulis

2158 5438 2293 5504 suis,
2323 5449 2377 5492 et
2413 5438 2576 5491 alium
2599 5436 2709 5493 Li:e
2739 5444 2795 5491 et
2818 5436 3041 5503 Rachel,
3074 5453 3195 5508 quae
3223 5437 3409 5493 liberm
3436 5442 3731 5493 erantcum

2159 5531 2284 5586 filiis
2305 5547 2514 5586 carum.
2542 5530 2861 5598 Primasque
2883 5529 2961 5583 ire
2983 5527 3187 5584 faceret
3209 5528 3456 5593 ancillas,
3479 5519 3740 5582 secundas

2158 5624 2371 5678 liberas.
2402 5622 2518 5694 ipse
2553 5631 2735 5676 autem
2779 5630 2904 5677 ante
2939 5630 3228 5693 utrumque
3250 5631 3465 5693 gregem
3493 5622 3741 5674 ορευιτθ-

2160 5722 2237 5768 ret
2264 5713 2488 5769 fratrem
2512 5713 2856 5770 adoraturus.
