3962 6198
1720 104 1736 133 \

393 339 499 395 6l5

1035 330 1096 382 Β.
1141 322 1393 380 mnam
1433 278 1652 375 nium
1686 311 2003 373 ARCHIEP.

2119 307 2356 369 )GUN'I‘.
2396 302 2684 364 OPERUM
2719 298 2902 356 PARS
2942 301 2983 355 1.

3554 295 3677 353 616

377 446 616 519 ‘emitque
639 451 842 517 partem
887 441 1024 512 agri,
1070 440 1126 493 in
1160 455 1266 509 qua
1295 436 1486 507 ﬁxerat
1520 430 1880 496 tabernacula,
1933 447 1966 484 a
1993 434 2046 492 Α
2071 422 2601 519 inaures-Scriptura
2622 419 2894 519 accepisse
2921 421 3172 519 testatur,
3204 414 3349 485 quod
3376 427 3494 519 non.
3514 414 3687 471 ﬁeret

394 502 750 613 filiis'fieinor
774 502 944 606 patris
987 502 1195 587 Sicheni
1242 502 1448 583 centum
1487 525 1639 596 agnis
1670 539 1690 588 ;
1719 531 1769 577 et
1807 528 1982 575 erecto
2079 516 2127 572 si
2164 518 2246 571 eis
2540 508 2850 567 ornamenti
2879 505 3054 613 gratia
3082 504 3288 613 habere
3321 519 3431 560 non

395 596 468 690 ibi
515 631 695 695 altari,
729 596 984 683 invocavit
1028 642 1187 696 super
1235 624 1368 678 illud
1422 621 1765 691 fortissimum
1811 615 1976 671 Deam
2079 608 2224 680 Ergo
2244 606 2347 661 illae
2367 606 2584 660 inaures
2604 618 2724 672 qua:
2743 599 3047 696 cumidolis
3065 598 3206 655 data:
3224 606 3449 661 suntmt
3467 596 3692 655 dictum

401 722 593 780 Israel.
624 690 851 791 Eqressa
897 725 970 770 est
1000 690 1177 769 autem
1206 714 1350 769 Dina
1382 690 1499 783 ﬁlia
1526 711 1656 775 Lite,
1687 718 1746 763 ut
1785 706 1982 763 videret
2081 708 2194 791 est,
2213 698 2476 755 idolorum
2505 693 2839 791 phylocteria
2866 690 3107 747 fuerunt.

399 810 644 866 mulieres
673 807 898 879 regionis
918 804 1083 859 illius.
1115 802 1353 874 Apparet
1372 817 1504 873 ergo
1531 802 1618 856 his
1645 797 1848 863 verbis,
1874 812 1983 853 non

401 906 746 958 transeunter
784 898 926 953 sicut
952 897 1127 951 viator
1155 896 1313 958 solet,
1339 893 1450 948 illic
1498 891 1765 947 mansisse
1789 887 1980 955 Iacob,

403 996 499 1053 sed
546 1010 732 1066 agrum
783 992 1000 1056 emisse,
1048 999 1103 1044 et
1160 986 1565 1043 tabernaculum
1614 982 1983 1045 constituisse,

405 1101 557 1141 aram
582 1082 923 1145 instruxisse,
947 1096 1011 1134 ac
1034 1093 1131 1149 per
1165 1079 1267 1133 hoe
1304 1077 1504 1133 diutius
1532 1074 1826 1130 habitasse.
1851 1071 1987 1125 Filia

404 1193 535 1232 vero
567 1176 709 1231 illius
738 1190 859 1229 cum
901 1173 967 1227 ad
1006 1188 1126 1226 eam
1166 1172 1404 1226 venisset
1431 1176 1662 1230 mtatem,
1699 1174 1758 1220 ut
1788 1164 1992 1219 amicas

400 1268 514 1338 jam
556 1269 758 1325 habere
798 1265 1081 1336 potuisset,
1107 1262 1426 1317 condiscere
1456 1258 1692 1313 voluisse
1742 1255 1880 1309 ﬁlias
1916 1254 1993 1308 ci-

406 1363 556 1415 vium
590 1358 715 1422 loci,
744 1365 904 1427 atque
928 1356 1001 1410 ita
1039 1354 1238 1409 factam
1266 1368 1385 1409 esse
1421 1368 1521 1422 pro
1562 1349 1652 1405 illa
1682 1347 1996 1405 cruentissi-

408 1466 555 1507 mam
593 1450 796 1505 cmdem
841 1455 898 1503 et
929 1445 1402 1516 deprmdationem,
1429 1457 1547 1513 quae
1567 1441 1701 1511 jam,
1753 1446 1817 1492 ut
1846 1444 1993 1517 puto,

410 1540 762 1611 quaestionem
816 1552 923 1592 non
966 1536 1144 1591 habet.
1180 1533 1467 1588 Multitudo
1526 1531 1673 1585 enim
1721 1534 1838 1583 erat
1887 1540 1998 1580 non

409 1628 576 1700 parva
604 1644 726 1683 cum
749 1626 938 1692 Iacob,
960 1626 1056 1696 qui
1084 1625 1373 1694 plurimum
1397 1623 1597 1678 ditatus
1628 1620 1759 1684 fuit;
1783 1618 1879 1673 sed
1905 1614 2001 1670 ﬁlii

411 1722 530 1791 ejus
579 1720 632 1774 in
689 1720 794 1772 hoc
838 1717 984 1771 facto
1035 1716 1404 1779 nominantur,
1450 1714 1574 1782 quia
1604 1710 1846 1781 ejusdem
1866 1706 2001 1763 facti

411 1811 686 1881 principes
705 1818 866 1877 atque
892 1816 1141 1861 auctores
1168 1803 1403 1858 fuerunt.

486 1901 689 1967 Quibus
717 1899 943 1969 patratis
976 1896 1248 1959 audacter,
1269 1893 1435 1947 Iacob
1458 1892 1593 1945 dixit
1616 1891 1684 1943 ad
1712 1888 1920 1944 Simeon
1950 1897 1997 1942 et

413 1992 534 2046 Levi
557 2008 575 2045 :
608 1989 879 2044 Turbastis
900 1992 1001 2051 m’e,
1029 1997 1078 2041 et
1103 1986 1339 2041 odiosum
1376 1983 1572 2053 fecistis
1614 1979 1929 2034 Chananais
1953 1988 2000 2031 et

414 2082 694 2138 Pherezeis
735 2078 1114 2135 habitatoribus
1154 2068 1308 2131 terra:
1345 2076 1527 2144 hujus.
1578 2072 1692 2127 Nos
1720 2071 1881 2143 pauci
1906 2087 2001 2124 su-

414 2176 553 2238 m‘us,
585 2171 663 2225 illi
704 2171 1003 2241 congregati
1028 2169 1316 2239 percutient
1344 2183 1443 2231 me,
1487 2173 1535 2219 et
1575 2162 1783 2217 delebor
1832 2177 1925 2231 ego
1953 2169 2001 2214 et

413 2263 602 2318 domus
645 2278 780 2315 mea.
827 2260 1054 2329 Propter
1100 2258 1242 2313 bella
1288 2255 1524 2328 plurium
1558 2253 1650 2324 qui
1677 2264 2004 2322 consurgere

413 2360 686 2423 poterant,
719 2367 778 2406 se
818 2351 955 2404 dixit
987 2363 1212 2404 numero
1240 2348 1519 2417 exiguum,
1570 2359 1676 2399 non
1727 2341 1871 2412 quod
1910 2341 2007 2395 mi-

415 2458 519 2497 nus
547 2441 748 2497 multos
798 2441 1027 2495 haberet
1072 2452 1235 2509 quam
1285 2442 1506 2507 possent
1560 2430 1806 2489 sullicere
1843 2444 2006 2499 expu-

415 2534 657 2605 gnationi
681 2531 919 2587 civitatis
948 2530 1113 2585 illius.

488 2626 986 2699 Responderuntque
1038 2624 1139 2694 ﬁlii
1181 2622 1350 2678 Iacob
1399 2639 1416 2677 :
1451 2620 1706 2692 Nunquid
1746 2626 1802 2673 ut
1835 2625 2006 2673 scorto

415 2719 559 2773 abuti
587 2717 810 2772 debuere
852 2732 1030 2771 sorore
1070 2715 1292 2769 nostra?
1315 2712 1473 2770 Zelus
1509 2727 1671 2784 quem
1698 2711 2008 2766 habuerunt

417 2809 511 2864 ﬁlii
537 2808 704 2864 Jacob
738 2807 793 2862 in
824 2806 1137 2862 ulciscendo
1163 2814 1357 2875 stupro
1401 2804 1605 2860 sororis
1633 2815 1745 2858 sua:
1793 2797 2010 2855 morali-

418 2910 504 2957 ter
544 2907 855 2956 commonet
898 2907 1144 2970 pastores
1175 2897 1413 2954 ﬁdelium
1452 2902 1721 2966 quatenus
1773 2893 2010 2948 habeant

420 3006 608 3048 curam
654 2991 958 3046 animarum
1016 2990 1118 3045 sibi
1162 2989 1597 3052 commissarum,
1646 3000 1717 3040 ne
1740 2983 2012 3039 violentur

422 3089 516 3136 aut
537 3079 805 3149 corporali
836 3079 1052 3142 delicto,
1089 3087 1181 3133 aut
1206 3077 1562 3133 fornicatione
1597 3072 1885 3145 spirituali,
1916 3087 2004 3142 pa-

421 3146 878 3239 ratique—sintipsi
891 3183 1107 3238 semper
1125 3167 1423 3225 secundum
1442 3165 1758 3236 Apostolum
1779 3162 1865 3236 (II
1881 3162 2004 3219 Cor.
2036 3146 2083 3210 C

423 3258 479 3332 ι)
500 3259 688 3314 ulcisci
712 3273 928 3314 omnem
950 3259 1369 3315 inobedientiam
1402 3258 1745 3313 resistentem
1771 3255 2006 3319 veritati,

422 3362 586 3423 atque
606 3352 1185 3408 exeommunicationis
1211 3351 1390 3423 gladio
1410 3349 1606 3406 feriant
1624 3356 2011 3420 stupratorem,

424 3461 496 3501 ne
523 3458 623 3515 pro
654 3453 803 3501 tanto
830 3445 1126 3500 commisso
1149 3443 1447 3513 impunitus
1477 3440 1690 3497 evadat.

999 3555 1229 3613 CAPUT
1265 3554 1451 3610 XXIII.

428 3644 529 3703 Ubi
556 3647 698 3704 Deus
729 3648 798 3703 ad
826 3647 993 3704 Iacob
1022 3646 1274 3718 loquitur,
1307 3645 1566 3700 mandans
1591 3645 1637 3700 ei
1664 3645 1729 3700 de
1752 3643 2016 3699 idolorum

1020 3716 1416 3787 disperditione.

495 3810 647 3883 (CAP.
664 3809 853 3881 xxxv.)
888 3808 1095 3863 Interea
1121 3807 1326 3861 locutus
1352 3816 1427 3861 est
1450 3806 1704 3861 Dominus
1726 3805 1795 3859 ad
1815 3805 1979 3861 Iacob
1997 3822 2016 3859 :

426 3903 595 3975 Surge
618 3915 667 3958 et
693 3901 915 3957 ascende
937 3900 1119 3955 Bethel
1141 3909 1189 3954 et
1211 3900 1389 3954 habita
1413 3900 1521 3964 ibi;
1549 3899 1734 3970 facque
1759 3899 1829 3952 ibi
1851 3898 2018 3953 altare

423 3998 522 4051 deo
559 3996 649 4066 qui
698 3995 946 4065 apparuit
985 3992 1078 4046 tibi
1111 3992 1322 4064 quando
1361 3991 1595 4063 fugiebas
1623 3991 1771 4046 Esau
1803 3991 2018 4059 fratrem

425 4097 596 4140 tuum.
648 4081 919 4155 (August)
955 4081 1094 4149 Quid
1125 4089 1211 4137 est
1237 4080 1383 4150 quod
1411 4096 1517 4136 non
1548 4081 1714 4147 dixit,
1746 4088 1801 4135 et
1829 4080 1915 4135 fac
1944 4081 2019 4135 ibi

425 4189 577 4229 aram
605 4173 760 4239 mihi,
792 4172 885 4243 qui
913 4170 1139 4242 apparui
1167 4171 1297 4236 tibi,
1332 4170 1427 4226 sed
1456 4170 1617 4236 dicit,
1648 4168 1735 4226 fac
1762 4171 1833 4225 ibi
1864 4186 2018 4225 aram

426 4266 539 4321 Deo
565 4265 658 4334 qui
687 4264 937 4335 apparuit
967 4263 1112 4318 tibi?
1146 4260 1338 4318 Utrum
1369 4261 1540 4317 Filius
1566 4261 1816 4331 apparuit
1841 4262 1932 4322 ibi,
1964 4269 2020 4315 et

424 4357 570 4412 Deus
593 4355 755 4411 Pater
781 4357 885 4411 hoc
911 4355 1080 4411 dicit?
1108 4353 1193 4409 An
1220 4354 1276 4409 in
1301 4354 1484 4424 aliquo
1510 4368 1709 4425 genere
1733 4352 2020 4409 locutionis

428 4447 896 4501 annumerandum
917 4445 941 4499 ?
1244 4512 1267 4525 ρ

497 4535 664 4590 Iacob
692 4551 834 4601 vero,
862 4544 1147 4589 convocata
1171 4522 1313 4589 omni
1339 4522 1497 4588 domo
1524 4550 1644 4597 sua,
1666 4534 1776 4587 ait:
1794 4532 2016 4603 Abjicite

426 4626 552 4680 deos
598 4624 797 4679 alienos
825 4625 913 4695 qui
942 4626 997 4677 in
1020 4624 1192 4677 medio
1221 4624 1375 4679 vestri
1401 4632 1547 4687 sunt,
1586 4632 1635 4677 et
1662 4624 2014 4690 mundamini,

426 4733 493 4772 ac
522 4725 717 4770 mutate
751 4718 1055 4770 vestimenta
1093 4724 1282 4769 vestra.
1335 4714 1549 4785 Surgite
1586 4724 1634 4769 et
1670 4716 2017 4772 ascendamus

427 4808 482 4860 in
512 4802 714 4869 Betltel,
756 4815 812 4859 ut
842 4806 1104 4877 faciamus
1132 4805 1204 4859 ibi
1232 4803 1400 4860 altare
1427 4804 1676 4870 Domino,
1719 4806 1809 4877 qui
1849 4822 2015 4860 exau-

427 4897 555 4951 divit
596 4912 679 4950 me
716 4896 771 4950 in
809 4896 893 4950 die
934 4894 1288 4951 tribulationis
1316 4913 1466 4962 metr,
1508 4906 1557 4951 et
1590 4898 1690 4967 fuit
1722 4899 1895 4953 socius
1930 4899 2019 4953 iti-

428 4988 567 5042 neris
597 4987 717 5042 mei.
769 4987 1039 5042 Dederunt
1064 5002 1185 5057 ergo
1213 4987 1262 5042 ei
1290 5003 1466 5042 omnes
1492 4987 1615 5042 deos
1647 4988 1845 5043 alienos
1880 5005 2012 5057 quos

426 5078 708 5143 habebant,
739 5088 787 5133 et
814 5079 1025 5133 inaures
1055 5095 1173 5151 qua:
1201 5089 1349 5134 erant
1377 5080 1435 5134 in
1464 5079 1681 5134 auribus
1709 5096 1912 5134 eorum.
1946 5081 2014 5135 At

425 5169 514 5225 ille
539 5170 730 5241 infodit
758 5187 846 5227 eos
875 5172 1055 5226 subter
1081 5170 1424 5226 terebinthum
1450 5189 1568 5243 qua:
1592 5182 1667 5227 est
1691 5184 1804 5243 post
1832 5172 2014 5227 urbem

426 5263 658 5319 Sichem.
691 5264 844 5331 Quod
874 5274 1054 5321 autem
1082 5265 1299 5331 dicitur,
1324 5273 1378 5320 et
1405 5266 1666 5321 dederunt
1691 5264 1860 5320 Iacob
1884 5266 2015 5323 deos

425 5352 633 5410 alienos
658 5355 748 5425 qui
775 5364 934 5411 erant
961 5356 1014 5411 in
1042 5357 1293 5412 manibus
1319 5371 1505 5411 eorum
1525 5397 1539 5421 ,
1567 5364 1622 5411 et
1650 5357 1866 5411 inaures
1892 5372 2012 5427 quae

425 5455 584 5502 erant
614 5447 668 5502 in
699 5450 925 5504 auribus
954 5464 1143 5504 eorum
1162 5489 1176 5514 ,
1221 5448 1486 5519 quaeritur
1514 5463 1685 5517 quare
1713 5456 1768 5503 et
1796 5451 2013 5504 inaures

426 5553 547 5608 quae
575 5539 620 5595 si
647 5549 967 5595 ornamenta
998 5550 1182 5605 erant,
1225 5540 1292 5596 ad
1322 5540 1681 5595 idololatriam
1713 5557 1818 5595 non
1846 5543 2014 5612 perti-

427 5630 649 5698 nebant,
678 5633 779 5687 nisi
808 5634 933 5703 quia
958 5633 1360 5705 intelligendum
1385 5643 1468 5688 cst
1496 5634 1824 5705 phylacteria
1849 5616 2013 5691 fuisse

430 5716 655 5774 deorum
683 5722 1022 5778 alienorum?
1049 5722 1184 5779 Nam
1213 5723 1515 5780 Rebeccam
1546 5742 1573 5779 a
1602 5741 1757 5781 servo
1778 5727 2010 5784 Abralne

2154 789 2388 862 Cumque
2425 787 2646 859 profecti
2690 793 2889 850 essent,
2932 793 3103 838 terror
3127 780 3227 837 Dei
3267 783 3459 836 invasit
3499 794 3700 834 omnes

2084 901 2179 958 per
2218 884 2494 939 circuitum
2536 879 2772 934 civitates
2798 918 2814 944 ,
2861 885 2910 931 et
2955 891 3058 930 non
3102 884 3227 958 sunt
3273 874 3394 928 ausi
3438 872 3697 943 persequi

2086 954 2401 1031 recedentes.
2418 972 2743 1042 Incipiamus
2761 970 2905 1026 enim
2927 954 3212 1022 advertere
3225 965 3700 1038 quemadmodum

2090 1069 2233 1124 Deus
2268 1072 2525 1137 Operetur
2558 1064 2615 1118 in
2653 1062 2937 1118 hominum
2976 1058 3273 1114 mentibus.
3324 1057 3371 1111 Δ
3397 1071 3510 1126 quo
3537 1055 3702 1112 enim

2094 1160 2256 1214 timor
2281 1160 2375 1213 Dei
2405 1156 2581 1211 factus
2621 1162 2706 1210 est
2748 1154 2805 1207 in
2848 1152 2956 1207 illis
2997 1149 3330 1214 civitatibus,
3361 1148 3468 1203 nisi
3498 1148 3572 1204 ab
3602 1146 3704 1202 illo

2092 1249 2185 1320 qui
2212 1263 2308 1303 sua
2333 1247 2605 1317 promissa
2626 1245 2682 1298 in
2707 1242 2875 1299 Iacob
2902 1241 3140 1310 ﬁliisque
3165 1237 3441 1293 tuebatur.

2172 1339 2323 1397 Venit
2362 1342 2527 1411 igitur
2559 1338 2724 1394 Iacob
2765 1336 2987 1400 Luzanr
3010 1350 3129 1405 qum
3166 1342 3243 1387 est
3280 1333 3337 1385 in
3375 1340 3522 1385 terra
3550 1327 3709 1383 Cha-

2098 1448 2239 1490 naan
2266 1443 2604 1503 cognomento
2636 1428 2842 1494 Bethel,
2878 1429 2988 1498 ipse
3021 1437 3068 1481 et
3106 1427 3280 1480 omnis
3313 1423 3543 1495 populus
3574 1438 3706 1475 cum

2082 1536 2193 1589 ‘eo;
2232 1523 2613 1593 mdiﬁcauitque
2646 1521 2719 1574 ibi
2751 1519 2942 1583 altare,
2977 1527 3028 1572 et
3060 1516 3338 1588 appellavit
3369 1530 3563 1569 nomen
3595 1513 3708 1566 loci

2104 1614 2302 1669 Domus
2331 1614 2447 1668 Dei.
2504 1612 2589 1667 Ibi
2630 1612 2768 1665 enim
2797 1610 3041 1680 apparuit
3078 1608 3127 1663 ei
3155 1606 3296 1661 Deus
3338 1622 3459 1660 cum
3489 1606 3710 1675 fugeret

2106 1706 2324 1776 fratrem
2374 1720 2548 1760 suum.
2624 1703 2765 1757 Ecce
2814 1698 3255 1755 manifestissime
3303 1696 3711 1766 comprobatur

2027 1791 2074 1851 Β
2100 1798 2290 1854 Bethel
2310 1813 2415 1852 non
2430 1796 2595 1852 Usam
2614 1795 2747 1857 Luz,
2762 1803 2821 1849 ut
2841 1808 3001 1863 supra
3023 1793 3227 1848 dictum
3246 1799 3351 1867 est,
3367 1791 3464 1846 sed
3484 1790 3706 1855 Luzan,

2103 1889 2155 1945 id
2183 1897 2288 1954 est,
2313 1887 2670 1959 Amygdalon,
2699 1897 2827 1941 ante
2854 1886 3166 1939 vocitatam.

2172 1978 2373 2033 Eodem
2398 1988 2627 2048 tempore
2647 1985 2854 2031 mortua
2883 1985 2956 2029 est
2983 1974 3190 2029 Debora
3216 1973 3400 2027 nutrix
3424 1972 3709 2031 Rebecca.

2103 2081 2151 2125 et
2178 2069 2382 2141 sepulta
2414 2071 2483 2124 ad
2512 2069 2716 2124 radices
2747 2068 2927 2123 Bethel
2952 2068 3131 2122 subter
3156 2082 3428 2138 quercum.
3461 2065 3522 2122 Si
3552 2082 3714 2121 mor—

2102 2171 2196 2217 tua
2226 2169 2309 2217 est
2336 2162 2520 2215 nutrix
2550 2160 2810 2215 Rebecca:
2838 2158 3056 2214 nomine
3085 2157 3326 2223 Debom,
3373 2166 3433 2211 ut
3465 2155 3712 2228 Septua-

2104 2256 2253 2326 ginta
2296 2270 2511 2325 quoque
2560 2255 2886 2325 interpretes
2936 2253 3369 2318 transwlerunt,
3417 2262 3474 2308 et
3522 2254 3713 2323 ipsum

2106 2347 2329 2402 verbum
2367 2354 2451 2402 est
2488 2344 2810 2401 llebraicum
2840 2343 3104 2408 meneket,
3138 2352 3352 2426 mpsim,
3405 2343 3551 2398 seire
3599 2358 3714 2411 non

2104 2453 2394 2508 possumus
2420 2477 2434 2504 ,
2486 2451 2653 2507 quare
2696 2435 2768 2490 ibi
2814 2435 3175 2491 substantiam
3219 2442 3564 2506 posuerunt,
3621 2434 3718 2489 hic

2108 2510 2395 2584 nutricem.

2179 2619 2439 2689 Apparuit
2464 2627 2641 2672 autem
2671 2619 2857 2674 iterum
2889 2618 3033 2673 Deus
3061 2616 3253 2683 Iacob,
3292 2626 3575 2687 postquam
3628 2636 3719 2674 re-

2108 2724 2285 2764 versus
2328 2717 2405 2763 est
2446 2708 2511 2763 de
2551 2707 2931 2780 Mesopotamia
2979 2707 3189 2778 Syrite;
3241 2708 3618 2779 benedixith
3668 2709 3721 2762 et

2108 2800 2287 2855 dicens
2310 2814 2347 2873 :5
2369 2798 2494 2854 Non
2530 2800 2797 2855 vocaberis
2839 2798 2980 2854 ultra
3019 2798 3212 2865 Iacob,
3256 2799 3346 2853 sed
3386 2797 3564 2853 Israel
3612 2800 3720 2853 erit

2112 2908 2300 2948 nomen
2325 2903 2492 2957 tuum,
2517 2902 2568 2948 et
2590 2891 2866 2964 appellarit
2893 2908 3011 2946 eum
3038 2890 3230 2946 Israel.
3265 2891 3473 2946 Dudum
3500 2908 3722 2963 nequa-

2111 2998 2274 3054 quam
2312 2985 2364 3040 ei
2393 2985 2463 3039 ab
2486 2984 2678 3056 angelo
2709 3000 2908 3040 nomen
2940 2984 3257 3053 imponitur,
3300 2982 3394 3038 sed
3422 2983 3574 3052 quod
3606 2984 3718 3038 im-

2113 3077 2420 3146 ponendum
2462 3076 2534 3132 sit
2583 3092 2614 3130 a
2662 3077 2773 3131 Deo
2819 3076 3167 3145 praedicatur.
3223 3072 3376 3140 Quod
3422 3074 3597 3146 igitur
3643 3075 3722 3130 ibi

2114 3166 2357 3223 futurum
2378 3168 2733 3240 promittitur,
2750 3169 2839 3224 hic
2860 3168 3084 3224 docetur
3104 3167 3400 3239 expletum.
3431 3165 3725 3235 Quazritur

2116 3272 2320 3329 autem,
2346 3277 2471 3318 cum
2501 3261 2671 3318 semel
2699 3262 2910 3318 dixerat
2937 3262 3006 3318 ad
3030 3260 3234 3317 Iacob:
3264 3259 3382 3316 Iam
3409 3276 3518 3316 non
3545 3278 3724 3318 voca-

2113 3352 2260 3408 beris
2284 3351 2471 3422 Iacob,
2500 3352 2593 3408 sed
2621 3350 2789 3406 Israel
2816 3352 2922 3406 erit
2951 3365 3148 3406 nomen
3180 3359 3362 3417 tuum,
3394 3365 3495 3405 cur
3519 3360 3723 3422 postea

2114 3414 2314 3515 legitul
2350 3414 2540 3498 eodem
2580 3442 2798 3498 nomine
2829 3442 2971 3497 idem
3015 3438 3185 3496 Iacob
3232 3414 3538 3503 vocitatus,-
3564 3441 3725 3511 quod

2118 3534 2170 3589 in
2202 3532 2657 3604 frequentissimis
2684 3531 2818 3587 locis
2846 3538 3159 3586 sanctarum
3190 3530 3606 3601 Scripturarum
3640 3531 3717 3584 ita

2115 3630 2351 3701 positum
2396 3629 2723 3684 invenimus.
2776 3627 3043 3682 Nimirum
3084 3642 3217 3698 ergo
3255 3642 3450 3681 nomen
3494 3627 3607 3682 hoc
3651 3626 3723 3681 ad

2118 3718 2265 3775 illam
2296 3727 2447 3775 recte
2473 3718 2789 3792 intelligitur
2815 3717 3090 3789 pertinere
3117 3716 3575 3787 promissionem,
3626 3719 3723 3774 ubi

2118 3809 2199 3865 sic
2223 3808 2493 3864 videbitur
2521 3808 2682 3872 Deus,
2723 3806 2994 3878 quomodo
3024 3821 3131 3860 non
3161 3813 3248 3860 est
3276 3814 3433 3860 antea
3463 3807 3724 3875 patribus

2119 3902 2287 3967 visus,
2312 3901 2401 3955 ubi
2426 3916 2532 3954 non
2556 3901 2662 3955 erit
2684 3916 2881 3955 nomen
2902 3907 3077 3959 vetus,
3101 3898 3228 3968 quia
3248 3898 3380 3953 nihil
3406 3900 3721 3955 remanebit

2118 3990 2204 4046 vel
2233 3991 2288 4044 in
2316 3991 2435 4061 ipso
2461 4005 2689 4060 corpore
2714 3990 3020 4055 vetustatis,
3049 3997 3105 4044 et
3143 3988 3240 4045 Dei
3268 3989 3407 4044 visio
3434 4005 3721 4046 summum

2101 4084 2224 4165 .erit
2250 4084 2551 4154 prmmium.
2890 4090 2899 4097 '

2191 4173 2442 4245 Dixitque
2469 4175 2517 4229 ei
2541 4189 2561 4229 :
2599 4173 2712 4246 Ego
2749 4173 3005 4229 Dominus
3036 4174 3361 4244 omnipotens
3386 4191 3404 4228 :
3444 4171 3643 4229 Cresae
3671 4184 3722 4229 et

2119 4264 2501 4337 multiplicare;
2539 4275 2713 4336 gentes
2740 4275 2788 4319 et
2815 4265 2994 4336 pepuli
3034 4267 3305 4319 nationum
3341 4274 3491 4319 erunt
3528 4282 3597 4318 ea:
3635 4276 3719 4330 te;

2121 4373 2263 4427 reges
2308 4357 2373 4411 de
2420 4356 2609 4412 lumbis
2660 4359 2764 4412 tuis
2809 4358 3169 4428 egredientur;
3218 4368 3513 4427 terramque
3550 4373 3721 4427 quam

2120 4448 2242 4503 dedi
2270 4448 2537 4504 Abraham
2572 4460 2619 4504 et
2647 4448 2827 4516 Isaac,
2864 4450 3000 4505 dabo
3037 4451 3133 4505 tibi
3176 4459 3223 4505 et
3259 4452 3444 4506 semini
3474 4460 3567 4504 tuo
3600 4460 3724 4521 post

2121 4548 2201 4604 te;
2237 4548 2285 4593 et
2323 4540 2531 4594 recessit
2561 4539 2626 4593 ab
2666 4557 2748 4594 eo.
2805 4541 2932 4596 Haec
2975 4542 3265 4611 promissio
3316 4542 3382 4596 ad
3428 4541 3725 4611 spirituale

2121 4646 2306 4687 semen
2336 4629 2502 4688 Iacob
2531 4634 2801 4702 pertinet,
2849 4634 2991 4689 sicut
3035 4635 3100 4689 de
3127 4635 3404 4689 Abraham
3434 4642 3564 4688 ante
3599 4631 3723 4701 jam

2122 4723 2325 4778 dictum
2361 4732 2464 4778 est.
2518 4722 2720 4779 Omnes
2753 4724 2899 4780 enim
2930 4725 3022 4795 qui
3060 4725 3408 4796 supplantant
3436 4726 3569 4779 vitia
3593 4765 3613 4789 ,
3666 4734 3725 4779 et

2119 4821 2359 4868 veterem
2391 4813 2664 4868 hominem
2696 4829 2820 4869 cum
2853 4815 3065 4869 actibus
3092 4814 3208 4882 ejus
3233 4816 3530 4885 deponunt,
3561 4831 3724 4870 men-

2120 4904 2296 4974 tisque
2339 4920 2451 4960 sua:
2490 4905 2678 4960 oculos
2712 4907 2779 4960 ad
2808 4905 3095 4960 videndum
3126 4906 3295 4960 Deum
3338 4905 3576 4959 intentos
3616 4906 3720 4959 ha-

2120 4997 2283 5061 bent,
2315 4996 2419 5052 rite
2445 4997 2513 5051 ad
2539 4994 2708 5051 Iacob
2736 4998 3039 5067 pertinent,
3073 4996 3226 5067 cujus
3254 4995 3416 5050 ﬁdem
3457 5004 3515 5050 et
3553 5006 3722 5050 actus

2122 5088 2437 5155 imitantur;
2498 5103 2763 5160 regesque
2813 5089 2881 5143 de
2930 5087 3128 5142 lumbis
3173 5086 3291 5156 ejus
3338 5086 3716 5158 egredientar,

2123 5181 2224 5237 hoc
2265 5190 2346 5236 est
2385 5182 2590 5247 sancti,
2634 5181 2726 5251 qui
2768 5196 2897 5236 vere
2937 5196 3093 5251 reges
3138 5179 3409 5244 dicuntur,
3457 5193 3523 5234 eo
3564 5179 3717 5248 quod

2121 5272 2391 5327 veraciter
2430 5268 2726 5327 secundum
2769 5272 2864 5325 Dei
2904 5270 3236 5326 voluntatem
3277 5272 3602 5341 semctipsos
3651 5287 3715 5325 ac

2121 5365 2224 5421 sibi
2274 5366 2519 5421 subditos
2570 5373 2783 5436 regunt.
2853 5365 2931 5421 De
2978 5366 3093 5436 ejus
3140 5367 3349 5420 semine
3396 5364 3669 5435 spirituali
3697 5406 3713 5429 ,

2118 5456 2222 5511 hoc
2258 5464 2343 5511 est
2383 5455 2506 5511 ﬁdei
2548 5456 2853 5510 imitatione
2908 5456 2962 5510 in
3012 5456 3169 5511 bonis
3212 5456 3471 5526 operibus
3516 5455 3714 5509 fecun-

2118 5545 2337 5600 dantur.
2382 5540 2387 5547 ’

2190 5639 2292 5695 Ille
2331 5657 2453 5695 vero
2491 5640 2652 5695 erexit
2694 5638 2907 5693 titulum
2948 5638 3211 5710 lapideum
3258 5640 3311 5692 in
3359 5638 3473 5692 loco
3514 5655 3620 5707 quo
3666 5643 3721 5692 ci

2118 5730 2320 5787 locutus
2358 5731 2532 5801 fuerat
2569 5730 2733 5797 Deus,
2782 5730 2951 5793 Libans
2998 5748 3155 5802 super
3189 5746 3305 5784 eum
3358 5730 3614 5783 libamina
3664 5739 3713 5781 et
