3970 6198
322 269 427 324 ὃίῖ

1313 343 1318 346 _
1360 281 1708 340 COMMENT.
1755 287 1818 342 IN
1858 288 2178 347 GENESIM.
2223 326 2291 334 —-
2329 297 2452 352 LIB.
2496 300 2578 356 III.

3489 321 3592 378 6l8

314 385 594 453 e/j’undens
623 383 816 450 oleum,
849 403 1134 459 vacansque
1166 408 1350 446 nomen
1379 395 1506 449 locis
1537 396 1677 453 illius
1708 399 1905 456 Bethel.
1940 409 1988 468 Α
2087 407 2319 480 tumque
2355 413 2614 469 habitaret
2650 417 2702 471 in
2745 417 2837 474 illa
2879 423 3116 492 regione,
3167 431 3294 484 abiit
3330 431 3511 491 Ruben
3546 448 3594 490 et

315 477 520 531 lterum
549 476 751 531 factum
781 488 866 531 est
906 480 1008 534 hoc
1046 480 1165 536 loco
1191 484 1333 551 quod
1358 483 1471 552 jam
1504 486 1703 544 factum
1736 490 1910 547 fuerat

315 570 490 624 ante?
536 585 605 624 an
655 570 850 626 iterum
891 584 1374 630 commemoratum
1415 581 1540 634 est?
1585 581 1692 637 Sed
1733 585 1906 654 quod-

315 657 451 714 libet
489 661 684 716 horum
724 661 827 718 sit.
871 677 1035 733 super
1063 664 1296 734 lapidem
1338 667 1752 738 lihavitJaeob,
1799 691 1906 730 non

313 751 483 822 lapidi
521 750 725 806 libavit.
777 751 894 808 Non
924 769 1055 825 ergo
1087 755 1224 811 sicut
1260 755 1555 818 idololatra:
1584 763 1758 819 solent
1785 781 1906 822 aras

311 851 442 895 ante
483 841 689 911 lapides
733 843 1106 911 constituere,
1167 855 1222 902 et
1281 855 1538 919 tanquam
1586 853 1689 909 diis
1736 855 1906 911 libare

313 931 604 1000 lapidibus.

877 1002 1106 1062 CAPUT
1139 1008 1327 1065 XXIV.

312 1070 392 1125 De
421 1071 562 1126 obitu
589 1071 788 1149 Rachel
816 1075 878 1149 ob
907 1088 1091 1144 partus
1113 1079 1490 1149 di/ﬁcultatem,
1514 1100 1606 1138 nec
1631 1102 1733 1140 non
1764 1097 1813 1141 et
1837 1089 1903 1144 de

680 1145 822 1197 obitu
849 1144 1004 1201 Isaae
1028 1157 1077 1202 et
1102 1144 1373 1219 sepultura
1397 1144 1533 1223 ejus.

387 1235 640 1306 Egressus
671 1246 844 1290 autem
876 1239 1021 1305 inde,
1064 1242 1201 1296 venit
1240 1259 1396 1298 verno
1435 1255 1662 1317 tempore
1686 1250 1758 1302 ad
1791 1259 1898 1306 tere

307 1345 425 1381 ram
466 1345 586 1398 quae
631 1327 773 1381 ducit
821 1329 1137 1400 Ephratam.
1188 1333 1257 1388 In
1298 1352 1403 1406 qua
1449 1353 1568 1392 cum
1614 1341 1899 1408 parturiret

311 1417 544 1482 Rachel,
601 1418 665 1472 ob
718 1419 1077 1490 difﬁcultatem
1136 1434 1317 1493 partus
1377 1427 1662 1496 periclitari
1724 1431 1894 1500 carpit.

305 1509 560 1578 Dixitque
609 1509 658 1562 ei
711 1509 1003 1564 obstetrix:
1051 1510 1180 1566 Noli
1229 1514 1441 1580 timere,
1499 1517 1623 1586 quia
1667 1527 1717 1571 et
1759 1519 1896 1574 hunc

301 1602 518 1656 habebis
548 1601 738 1670 ﬁlium.
787 1602 1100 1675 Egrediente
1134 1590 1310 1661 autem
1341 1609 1519 1663 anima
1551 1623 1660 1680 pra:
1691 1611 1894 1679 dolore,

299 1703 351 1746 et
384 1695 686 1748 imminente
715 1694 830 1763 jam
866 1705 1050 1761 morte,
1092 1699 1289 1752 vocavit
1329 1716 1516 1754 nomen
1551 1701 1650 1769 ﬁlii
1684 1703 1768 1756 sui
1793 1700 1895 1756 Be-

2019 498 2262 553 dormirit
2292 519 2407 556 cum
2436 504 2570 560 Bala
2601 511 2890 566 concubina
2927 518 3092 585 patris
3116 523 3231 588 sui,
3276 526 3416 594 quod
3450 529 3599 584 illam

2017 588 2228 644 minime
2257 592 2431 648 latuit.
2472 595 2653 670 (Isid.)
2685 601 2835 668 Quod
2866 605 3055 662 incesti
3086 588 3298 668 crimen
3323 633 3427 672 non
3457 617 3597 676 scri-

2015 677 2256 749 beretur,
2289 686 2391 740 nisi
2421 687 2602 744 futura
2641 695 2821 763 populi
2861 701 3186 767 perversitas
3213 709 3597 774 pronuntiare-

2017 777 2122 824 tur.
2159 772 2478 845 Quanquam
2509 787 2564 834 et
2592 781 2646 836 in
2677 783 2769 838 illo
2797 788 2887 854 qui
2924 790 3028 846 hoc
3058 772 3390 852 commiserit
3419 801 3599 861 consi-

2013 860 2233 918 deretur
2253 865 2513 937 ﬂagitium
2539 886 2682 940 esse,
2705 877 2759 930 in
2786 875 3083 950 Seripturis
3107 895 3285 942 autem
3312 893 3594 962 pr0pbetia

2011 961 2095 1006 est
2124 952 2447 1013 futurorum.
2489 962 2625 1028 Quid
2658 982 2892 1039 namque
2917 985 3016 1040 per
3045 973 3232 1031 Ruben
3262 952 3593 1053 primogeni~

2012 1051 2156 1110 tum,
2196 1048 2299 1102 nisi
2338 1052 2581 1121 populus
2610 1057 3000 1130 primogenitus
3025 1064 3189 1122 Israel
3217 1083 3281 1124 ex
3311 1072 3596 1131 circumci-

2007 1136 2160 1191 sione
2187 1139 2564 1210 signiﬁcatur?
2596 1151 2686 1217 qui
2719 1152 2931 1208 [horum
2962 1159 3273 1216 concubina:
3303 1165 3514 1232 polluit,
3540 1168 3594 1228 id

2007 1233 2128 1291 est,
2173 1226 2346 1299 legem
2376 1230 2589 1291 Veteris
2621 1238 2954 1299 Testamenti
2999 1263 3142 1320 saepe
3184 1226 3594 1321 prevaricando

2006 1319 2318 1375 maculavit.
2370 1323 2524 1392 Quod
2571 1339 2750 1386 autem
2791 1319 3095 1394 concubina
3139 1319 3224 1398 lex
3255 1344 3463 1404 Veteris
3491 1351 3595 1407 Te-

2005 1411 2259 1465 stamenti
2307 1425 2559 1484 ponatur,
2588 1419 2788 1479 Paulus
2813 1427 3028 1484 edocuit
3068 1432 3252 1490 dicens
3282 1438 3593 1497 :Abraham

2003 1497 2135 1553 duos
2173 1500 2314 1568 ﬁlios
2351 1505 2574 1561 habuit:
2614 1527 2775 1567 unum
2818 1516 2882 1570 de
2921 1520 3142 1588 ancilla,
3168 1534 3217 1578 et
3245 1542 3407 1583 unum
3434 1531 3497 1584 de
3526 1532 3592 1587 li-

2001 1590 2123 1646 bera
2152 1592 2292 1664 (Cal.
2321 1596 2416 1670 1v).
2466 1598 2592 1658 limo
2621 1613 2800 1660 autem
2831 1608 2936 1665 duo
2963 1624 3089 1668 sunt
3116 1615 3480 1676 Testamenta.
3530 1623 3590 1679 lu

2000 1695 2108 1750 quo
2133 1683 2294 1755 Agar,
2312 1703 2432 1757 quae
2462 1695 2764 1762 concubina
2793 1699 2914 1766 fuit,
2938 1702 2992 1756 in
3017 1701 3228 1762 Veteris
3256 1709 3589 1770 Testamenti

302 1785 453 1846 noni,
489 1784 544 1837 id
576 1794 674 1850 est,
711 1785 855 1855 ﬁlius
889 1786 1088 1842 doloris
1116 1790 1238 1842 mei.
1280 1789 1443 1844 Pater
1466 1764 1584 1845 vero
1611 1792 1891 1862 appellavit
1923 1764 1967 1822 Β
1995 1774 2214 1874 νιξηξιυτ
2243 1785 2387 1848 ιΥΡο·
2430 1781 2543 1836 Ulla
2574 1785 2720 1839 enim
2749 1797 2832 1844 εει
2860 1764 3097 1861 Peril“:ta
3116 1837 3130 1861 ν
3162 1797 3409 1856 conum)“
3440 1805 3589 1874 εθηί-

300 1892 422 1930 eum
455 1875 760 1947 Benjamin,
797 1880 854 1932 id
885 1890 984 1946 est,
1007 1880 1169 1950 ﬁlius
1194 1881 1441 1938 dexterae.
1495 1885 1732 1955 Ephrata
1761 1902 1892 1941 vero

297 1976 359 2023 et
383 1968 702 2024 Bethlehem
732 1969 894 2025 unius
923 1972 1075 2027 urbis
1102 1973 1423 2028 vocabulum
1452 1984 1566 2040 est,
1598 1975 1698 2030 sub
1724 1976 1891 2030 inter-

295 2065 606 2133 pretatione
637 2064 942 2130 consimili,
989 2065 1253 2134 siquidem
1284 2064 1336 2118 in
1363 2064 1677 2135 frugiferam
1706 2074 1762 2120 et
1788 2066 1888 2120 do-

296 2171 444 2208 mum
469 2154 620 2225 panis
647 2155 896 2219 vertitur,
920 2163 1140 2223 propter
1166 2169 1290 2209 eum
1316 2169 1509 2223 panem
1536 2157 1629 2224 qui
1655 2156 1722 2210 de
1749 2156 1888 2213 caelo

297 2247 646 2301 descendisse
679 2262 738 2301 se
773 2247 923 2301 dicit.
976 2247 1043 2302 Et
1072 2246 1274 2302 factum
1313 2256 1397 2304 est
1434 2264 1556 2304 cum
1589 2250 1888 2306 dimitteret

297 2353 420 2394 eam
458 2339 639 2394 anima
666 2380 682 2403 ,
731 2339 996 2409 siquidem
1036 2341 1390 2408 moriebatur,
1430 2344 1644 2398 vocavit
1686 2359 1885 2400 nomen

292 2431 413 2501 ejus
437 2433 580 2502 [ilius
604 2433 801 2488 doloris
822 2435 943 2488 mei.
979 2433 1142 2489 Pater
1163 2449 1291 2490 vero
1312 2437 1524 2492 vocavit
1551 2453 1746 2493 nomen
1769 2437 1886 2507 ejus

293 2523 600 2594 Benjamin.
657 2524 715 2578 lu
771 2524 997 2580 Hebrzeo
1052 2527 1352 2582 similitudo
1407 2529 1584 2585 omnis
1641 2540 1879 2586 resonat.

291 2612 470 2670 Filius
499 2615 698 2670 doloris
728 2617 857 2681 mei,
897 2618 1041 2686 quod
1077 2631 1271 2673 nomen
1303 2620 1542 2676 moriens
1569 2631 1744 2677 mater
1773 2623 1878 2676 im-

289 2705 490 2773 posuit,
528 2705 727 2759 dicitur
753 2704 863 2758 Ben
894 2706 982 2759 oni
1005 2723 1022 2759 :
1053 2705 1198 2776 ﬁlius
1230 2722 1358 2762 vero
1383 2709 1633 2774 dexterte,
1669 2711 1770 2766 hoc
1795 2719 1882 2766 est

287 2798 522 2862 eirtutis,
550 2797 692 2866 quod
723 2797 952 2852 mutavit
974 2797 1162 2862 Jacob,
1186 2799 1579 2868 appellabatur.
1616 2801 1768 2857 Unde
1792 2817 1879 2857 er-

287 2899 417 2946 rant
441 2891 531 2960 qui
557 2897 754 2960 putant‘
779 2890 1057 2960 Benjamiu
1080 2890 1247 2959 ﬁlium
1277 2891 1482 2946 dierum
1508 2892 1872 2962 interpretari.

285 2983 424 3036 Cum
451 2982 598 3036 enim
622 2981 842 3036 dextera
874 2981 1171 3052 appelletur
1196 2983 1378 3047 iamin,
1405 2991 1546 3071 pm,
1574 2991 1629 3038 et
1655 2983 1875 3038 ﬁniatur

285 3074 341 3128 in
367 3091 402 3126 n
426 3074 686 3138 litteram,
711 3074 824 3128 dies
849 3073 1066 3144 quidem
1095 3073 1437 3144 appellantur
1456 3083 1512 3128 et
1540 3075 1639 3146 ipsi
1667 3075 1868 3141 iamim,

281 3173 450 3232 atat,
485 3167 580 3221 sed
609 3167 662 3220 in
691 3183 741 3220 m
769 3164 1005 3221 litteram
1043 3166 1425 3221 terminantur.
1473 3165 1580 3220 Sed
1610 3167 1738 3237 quid
1767 3167 1871 3223 sibi

282 3255 402 3308 vult
441 3255 584 3324 quod
625 3270 745 3309 cum
787 3256 1037 3310 eumdem
1080 3253 1362 3322 Benjamin
1390 3255 1592 3311 Rachel
1620 3264 1868 3326 pareret,

283 3347 501 3400 vocavit
541 3360 734 3400 nomen
774 3345 890 3415 ejus
926 3346 1068 3414 ﬁlius
1097 3346 1297 3401 doloris
1328 3349 1449 3413 mei,
1488 3349 1592 3403 nisi
1628 3347 1870 3403 futurum

281 3439 615 3507 prophetans
655 3453 721 3491 ex
762 3453 824 3491 ea
870 3438 1010 3493 tribu
1036 3437 1287 3504 Paulum,
1318 3440 1408 3509 qui
1439 3439 1700 3510 adligeret
1730 3439 1871 3495 ﬁlios

281 3528 538 3582 Ecclesia:
584 3527 980 3596 persecutionis
1031 3543 1130 3582 suo
1179 3529 1470 3598 tempore?
1531 3529 1721 3595 Aliter,
1772 3544 1870 3599 per

277 3619 559 3689 Benjamin
598 3619 871 3673 terrestris
896 3618 1228 3689 ﬁgurabatur
1253 3617 1550 3674 Jerusalem
1571 3661 1586 3684 ,
1624 3633 1745 3690 qua:
1784 3627 1870 3675 est

278 3710 334 3763 in
385 3709 528 3765 tribu
571 3709 811 3778 ejusdem
863 3706 1140 3776 Benjamin
1169 3748 1184 3774 ,
1239 3707 1391 3776 cujus
1439 3709 1668 3779 populus
1712 3709 1865 3780 gravi

279 3810 512 3854 matrem
544 3799 731 3854 dolore
763 3799 962 3864 allicit,
1011 3797 1336 3853 elfundendo
1379 3800 1698 3870 sanguinem
1736 3815 1866 3870 pro-

277 3893 565 3961 phetarum
589 3931 602 3952 ,
656 3891 877 3958 insuper
905 3889 1069 3944 etiam
1109 3890 1164 3944 in
1203 3904 1394 3944 necem
1435 3889 1636 3945 Christi
1686 3890 1864 3960 impiis

272 3982 626 4037 acclamando
651 3981 906 4036 vocibus.
935 3981 1164 4051 Sanguis
1189 3981 1302 4035 eius
1328 3997 1486 4051 super
1509 3997 1602 4034 nos
1630 3989 1677 4034 et
1705 3996 1864 4048 super

270 4074 415 4141 ﬁlios
448 4080 652 4125 nostros
681 4069 895 4143 (Matth.
922 4070 1113 4138 xxv").

345 4161 558 4215 Mortua
585 4171 657 4215 est
683 4177 804 4230 ergo
829 4159 1045 4224 Rachel,
1073 4170 1120 4212 et
1150 4157 1352 4230 sepulta
1384 4159 1438 4212 in
1467 4158 1544 4212 ria
1572 4174 1690 4230 qute
1715 4158 1858 4212 ducit

275 4252 589 4321 Ephratam,
621 4252 731 4304 lure
762 4261 836 4304 est
867 4249 1188 4304 Bethlehem.
1229 4249 1513 4320 Erexitque
1535 4248 1704 4302 Iacob
1734 4250 1861 4302 titu-

265 4345 376 4396 lum
405 4359 566 4413 super
593 4341 890 4412 sepulcrum
922 4341 1038 4410 ejus
1065 4357 1082 4392 :
1111 4341 1194 4393 hic
1219 4350 1293 4394 est
1327 4339 1510 4394 titulus
1537 4340 1856 4393 monumenti

262 4432 482 4496 Rachel,
531 4448 696 4500 usque
747 4432 800 4484 in
845 4439 1151 4500 prtesentem
1191 4429 1349 4482 diem.
1407 4428 1665 4499 Egressus
1711 4427 1852 4493 inde,

1997 1869 2146 1926 tricis
2175 1888 2315 1938 sum,
2351 1892 2471 1945 quae
2501 1879 2650 1950 virgo
2677 1894 2827 1939 casta
2846 1926 2859 1951 ,
2892 1902 3108 1958 sponsa,
3138 1895 3324 1964 regina
3350 1899 3460 1970 regi
3489 1899 3588 1954 Ee-

1993 1960 2158 2016 clesia
2185 1979 2281 2032 per
2304 1965 2650 2038 Evangelium
2669 1972 2916 2051 jungitur
2937 1976 3154 2037 Christo

2063 2050 2234 2141 Erant
2290 2066 2464 2110 autem
2523 2059 2624 2127 ﬁlii
2667 2050 2834 2118 Jacob
2881 2068 3180 2126 duodecim.
3248 2072 3380 2129 Filii
3434 2077 3582 2141 Lim,

1989 2139 2364 2210 primogenitus
2406 2143 2608 2212 Ruben,
2646 2161 2694 2203 et
2737 2152 2971 2222 Simeon,
3015 2169 3062 2211 et
3106 2159 3249 2226 Leri,
3295 2174 3343 2218 et
3384 2139 3582 2229 ludas.

1988 2237 2038 2280 et
2085 2227 2337 2284 Issachar
2387 2244 2435 2287 et
2493 2233 2757 2294 Zabulon.
2821 2241 2954 2298 Filii
2997 2246 3238 2316 Rachel,
3289 2251 3484 2325 Ioseph
3533 2227 3581 2311 et

1987 2313 2288 2397 Benjamin.
2360 2319 2490 2377 Filii
2541 2326 2690 2382 Βαίας
2746 2332 2954 2387 ancilla:
3003 2313 3286 2405 Rachelis,
3348 2313 3470 2398 Dnn
3530 2359 3579 2402 et

1991 2407 2317 2498 lVephtalim.
2366 2414 2494 2470 Filii
2535 2417 2747 2490 Zelphte
2787 2425 2994 2481 ancillas
3035 2428 3167 2498 Lite,
3207 2431 3322 2489 Cad
3348 2447 3396 2491 et
3422 2439 3575 2494 Aser.

1987 2495 2062 2549 Hi
2084 2498 2185 2566 ﬁlii
2206 2499 2373 2557 Iacob
2397 2507 2485 2576 qui
2508 2511 2620 2563 nati
2649 2521 2770 2567 sunt
2809 2516 2856 2569 ei
2891 2518 2944 2575 in
2974 2495 3352 2591 Mesopotamia
3379 2527 3575 2599 Syriae.

1987 2589 2170 2688 lAug.)
2193 2594 2465 2688 Quaeritur
2485 2607 2754 2674 quomodo
2773 2607 3056 2667 duodecim
3080 2589 3172 2670 ﬁlii
3194 2589 3577 2688 computantur

1983 2678 2173 2749 Israel,
2203 2687 2294 2755 qui
2326 2691 2438 2743 nati
2468 2702 2612 2758 sunt,
2646 2705 2702 2750 et
2731 2698 2965 2755 dicitur:
3003 2702 3078 2757 lli
3105 2716 3225 2758 sunt
3252 2678 3353 2773 ﬁlii
3378 2709 3568 2774 lsrael,

1980 2773 2072 2842 qui
2099 2775 2212 2828 nati
2234 2787 2356 2831 sunt
2384 2780 2430 2832 ei
2461 2781 2514 2834 in
2540 2781 2944 2856 Mesopotamia,
2967 2806 3089 2847 cum
3110 2792 3391 2864 Beujamin
3411 2798 3573 2872 longe

1979 2873 2168 2932 postea
2195 2876 2356 2924 natus
2397 2873 2500 2937 sit,
2549 2890 2672 2929 cum
2713 2877 2827 2947 jam
2858 2884 3180 2941 transissent
3205 2887 3425 2957 Betbel.
3469 2907 3569 2962 ap-

1977 2955 2509 3032 propinquarentque
2548 2965 2882 3025 Bethlebem.
2935 2973 3064 3041 Qua:
3103 2977 3281 3034 taliter
3309 2955 3566 3039 solvenda

1978 3046 2206 3112 quaestio
2234 3059 2349 3116 est,
2380 3060 2438 3106 ut
2464 3053 2586 3110 ideo
2617 3057 2947 3132 intelligatur
2975 3066 3200 3134 dictum,
3235 3085 3569 3128 commento.

1899 3114 1944 3178 C
1977 3136 2111 3194 ratis
2135 3114 2420 3199 duodecim
2442 3145 2594 3203 ﬁliis:
2625 3149 2696 3204 Ηί
2719 3114 3567 3232 uagi}.3.15;}..555312.

1977 3231 2026 3283 ei
2065 3232 2120 3286 in
2161 3232 2543 3306 Mesopotamia
2570 3240 2768 3312 Syriae,
2821 3263 3127 3319 quanquam
3175 3231 3320 3311 inter
3344 3272 3560 3325 omnes.

1977 3324 2066 3392 qui
2097 3333 2207 3380 tam
2234 3328 2386 3384 multi
2417 3342 2593 3398 erant,
2615 3351 2754 3392 unus
2779 3346 2985 3394 tantum
3009 3353 3126 3397 erat
3149 3361 3256 3400 non
3281 3347 3355 3403 ibi
3379 3359 3563 3416 natus,

1975 3415 2068 3484 qui
2102 3425 2279 3474 tamen
2320 3421 2444 3478 inde
2480 3425 2669 3480 habuit
2708 3431 2965 3485 nascendi
3011 3448 3264 3503 causam,
3301 3441 3445 3509 quod
3485 3415 3562 3500 ibi

1973 3516 2148 3564 mater
2194 3510 2310 3581 ejus
2359 3515 2498 3584 patri
2549 3519 2792 3588 copulata
2839 3531 2942 3577 est.
3008 3524 3164 3582 Nulla
3213 3538 3298 3585 est
3346 3532 3561 3590 facilior

1972 3605 2287 3670 quaestionis
2315 3607 2475 3664 huius
2505 3610 2722 3680 solutio,
2754 3630 2914 3684 quam
2955 3625 3013 3672 ut
3051 3635 3146 3689 per
3173 3623 3554 3692 synecdochen

1969 3696 2283 3765 accipiatur.

2048 3784 2200 3840 Venit
2240 3789 2398 3842 etiam
2440 3791 2510 3844 ad
2556 3792 2713 3847 Isaac
2762 3805 2963 3863 patrem
3003 3815 3158 3852 suum
3211 3801 3266 3856 in
3316 3801 3555 3860 Humbre

1967 3878 2228 3932 civitatem
2266 3879 2449 3936 Arbee.
2503 3882 2635 3937 Hice
2675 3894 2749 3938 est
2791 3885 3027 3954 Hebron,
3075 3891 3132 3946 in
3175 3910 3280 3964 qua
3317 3899 3550 3966 peregri-

1966 3977 2120 4022 natus
2156 3977 2231 4022 est
2253 3969 2519 4024 Abraham
2555 3981 2605 4027 et
2642 3972 2821 4032 Isaac.
2855 3976 2962 4032 Pro
2991 3978 3168 4036 Arbee
3199 3981 3551 4056 Septuaginta

1964 4077 2205 4130 campum
2225 4061 2444 4129 habent,
2462 4080 2584 4120 cum
2600 4065 2815 4123 llebron
2837 4071 2889 4124 in
2913 4081 3094 4128 monte
3112 4074 3216 4128 sita
3237 4075 3326 4130 sit.
3347 4076 3549 4134 Eadem

1965 4162 2145 4208 autem
2174 4154 2366 4210 civitas
2391 4157 2591 4213 dicitur
2618 4169 2673 4215 et
2701 4160 2943 4219 Mambre
3014 4164 3083 4220 ab
3109 4166 3285 4224 amico
3312 4168 3546 4227 Abraha-

1960 4244 2035 4300 ita
2062 4247 2361 4316 antiquitus
2387 4250 2676 4320 appellata.

2033 4335 2100 4390 Et
2139 4337 2377 4408 completi
2416 4351 2536 4395 sunt
2579 4342 2690 4397 dies
2728 4341 2907 4410 Isaac,
2953 4357 3160 4403 centum
3196 4360 3245 4404 et
3281 4353 3545 4423 octoginta

1957 4430 2084 4483 anni
2099 4447 2117 4494 ;
2145 4441 2582 4504 consumptusque
2607 4444 2783 4500 wtate,
2808 4447 3046 4492 mortuus
3071 4449 3170 4507 est,
3197 4451 3249 4496 et
3275 4446 3545 4514 appositus

263 4526 380 4594 fixit
427 4497 824 4577 tabernaculum
841 4497 855 4564 -Ἰ
879 4531 1027 4575 trans
1079 4521 1267 4576 turrim
1319 4497 1524 4591 Gregis.
1573 4518 1854 4575 Proiectus
1881 4497 1932 4557 D
1957 4522 2153 4593 populo
2193 4540 2288 4577 suo
2330 4497 2488 4579 senex
2529 4534 2578 4579 et
2623 4525 2810 4597 plenus
2850 4527 3091 4598 dierum;
3134 4541 3184 4587 et
3225 4533 3541 4606 sepelierunt

261 4626 347 4672 est
372 4615 558 4681 lsrael,
587 4624 642 4669 et
670 4614 912 4670 extendit
941 4613 1344 4669 tabernaculum
1374 4629 1530 4668 suum
1561 4621 1712 4667 trans
1739 4620 1852 4666 tur—

260 4717 364 4766 rim
414 4711 581 4766 Ader.
635 4708 789 4764 Hunc
835 4709 1014 4764 locum
1063 4723 1182 4763 esse
1229 4707 1439 4764 lIebrmi
1484 4707 1706 4774 volunt,
1757 4709 1848 4763 ubi

257 4811 448 4872 ptstea
479 4800 739 4869 templum
770 4799 1092 4854 aediﬁcatum
1121 4807 1221 4861 est,
1255 4807 1309 4853 et
1340 4799 1526 4852 turrim
1557 4799 1701 4854 Ader
1729 4807 1845 4854 tur-

257 4895 361 4948 rim
405 4892 600 4964 Gregis
646 4890 937 4963 signiﬁcari
965 4931 978 4956 ,
1031 4892 1132 4946 hoc
1179 4901 1263 4945 est
1311 4892 1745 4962 congregationis
1793 4901 1847 4948 et

253 4995 467 5050 coetus;
513 4985 656 5054 quod
689 4993 742 5036 et
782 4984 1034 5038 Michzeas
1065 4985 1325 5054 propheta
1361 4993 1589 5040 testatur
1617 4987 1842 5041 dicens:

254 5076 326 5130 Et
343 5087 423 5143 tu,
439 5078 602 5131 turris
618 5076 823 5148 Grcgis,
839 5076 1088 5131 nebulosa
1109 5077 1222 5146 ﬁlia
1240 5075 1388 5142 Sion,
1405 5086 1510 5132 etc.
1531 5078 1718 5150 (Mich.
1743 5080 1839 5149 Iv),

254 5177 457 5245 illoque
488 5183 730 5242 tempore
759 5170 924 5225 Jacob
955 5180 1106 5225 trans
1146 5171 1322 5226 locum
1363 5172 1452 5226 ubi
1495 5181 1674 5241 postea
1707 5181 1840 5227 tem-

252 5267 401 5338 plum
431 5264 754 5317 mdiﬁcatum
786 5270 900 5325 est,
948 5261 1200 5315 habuisse
1232 5261 1486 5314 tentoria.
1539 5259 1645 5315 Sed
1675 5261 1719 5314 si
1750 5275 1837 5317 se-

245 5372 486 5426 quamur
524 5353 772 5409 ordinem
815 5353 950 5417 vim,
1003 5361 1282 5420 pastorum
1324 5351 1478 5421 juxta
1523 5351 1836 5408 Bethlehem

244 5447 404 5499 Int‘tts
441 5455 524 5498 est
552 5486 564 5504 .
615 5444 704 5497 ubi
736 5443 819 5497 vel
853 5443 1166 5513 angelorum
1207 5457 1338 5514 grex
1381 5443 1432 5495 in
1473 5454 1595 5496 ortu
1623 5442 1833 5498 Domini

245 5539 448 5594 cet-iuit
468 5580 481 5600 ,
513 5537 594 5590 vel
625 5538 793 5590 Jaeob
823 5552 1019 5606 pecora
1049 5553 1146 5590 sua
1177 5536 1322 5606 pavit
1358 5535 1476 5589 loco
1505 5551 1697 5590 nomen
1729 5536 1830 5590 im-

240 5646 478 5699 ponens,
503 5627 605 5691 vel,
635 5628 774 5696 quod
811 5628 987 5681 verius
1020 5635 1122 5690 est,
1151 5627 1380 5694 quodam
1409 5625 1662 5680 vaticiuio
1689 5625 1831 5680 lutu-

241 5733 364 5772 rum
388 5716 503 5786 jam
533 5725 662 5770 tunc
690 5716 1005 5785 mysterium
1035 5717 1456 5771 molnstrabatur.

651 5812 922 5872 Parum.
977 5808 1167 5873 CVII.

1956 4629 2072 4667 eum
2102 4612 2246 4668 Esau
2276 4625 2322 4668 et
2348 4613 2514 4670 Jacob
2541 4615 2640 4686 ﬁlii
2665 4617 2768 4672 sui.

2523 4745 2750 4806 CAPUT
2793 4749 2958 4809 XXV.

2467 4859 2542 4914 De
2578 4864 2822 4933 progenie
2861 4864 3026 4921 Esau.

2023 4970 2172 5042 (CAP.
2197 4977 2416 5043 .xxxvt.)
2456 4971 2554 5026 Ha:
2592 4984 2712 5028 sunt
2754 4984 2928 5032 autem
2967 4981 3324 5049 generationes
3359 4982 3528 5052 Esau,

1948 5067 2056 5136 ipse
2093 5078 2167 5122 est
2196 5067 2384 5122 Edam.
2428 5069 2573 5123 Esau
2600 5070 2794 5140 accepit
2827 5087 3015 5128 uxores
3051 5075 3116 5127 de
3145 5074 3358 5142 ﬁliabus
3383 5074 3525 5132 Cha-

1948 5177 2108 5226 naan,
2160 5160 2276 5213 Atla
2315 5161 2482 5230 ﬁliam
2511 5161 2660 5217 Elom
2690 5162 2916 5230 Hethtei,
2953 5175 3000 5220 et
3031 5164 3326 5231 Oolibama,
3355 5167 3524 5236 ﬁliam

1946 5255 2095 5316 Ana',
2147 5252 2244 5321 ﬁlii
2291 5251 2493 5308 Sebeon
2539 5252 3066 5311 Hereri:Basemath
3108 5274 3310 5328 quoque
3352 5258 3524 5328 ﬁliam

1945 5343 2141 5401 Ismael
2173 5361 2405 5398 sororem
2442 5344 2730 5401 Nabaioth.
2780 5347 2933 5415 Quod
2963 5356 3141 5402 autem
3176 5358 3297 5419 post
3327 5365 3515 5406 narra-

1942 5437 2140 5490 tionem
2167 5436 2358 5490 mortis
2383 5434 2530 5490 Isaac
2555 5446 2805 5491 narratur
2825 5452 2960 5506 quas
2984 5452 3182 5492 uxores
3200 5437 3340 5494 Esau
3367 5455 3532 5497 accc-

1939 5529 2108 5600 perit,
2135 5537 2191 5582 et
2218 5542 2354 5597 quos
2384 5528 2740 5591 recreaverit,
2766 5528 3140 5597 recapitulatio
3173 5529 3523 5602 intelligenda

1937 5629 2039 5676 est.
2075 5619 2258 5688 Neque
2287 5619 2430 5674 enim
2460 5627 2582 5688 post
2608 5627 2834 5673 mortem
2862 5617 3009 5673 Isaac
3035 5619 3150 5675 lleri
3175 5621 3360 5691 coapit,
3391 5639 3516 5679 eum

1929 5715 2044 5786 jam
2073 5720 2254 5768 essent
2286 5710 2424 5766 Esau
2461 5717 2515 5764 et
2543 5707 2709 5764 Jacob
2737 5718 2952 5766 centum
2986 5710 3172 5782 viginti
3205 5727 3468 5770 annorum
3493 5754 3512 5787 ,

2999 5805 3080 5868 20
