  <div class='ocr_page' id='page_1' title='image "/cluster/home/n/w/nwhite01/storage/ocr_20150623/107/hvd.32044054759725/315.png"; bbox 0 0 3970 6198; ppageno 0'>
   <div class='ocr_carea' id='block_1_1' title="bbox 478 320 586 376">
    <p class='ocr_par' dir='ltr' id='par_1_1' title="bbox 478 320 586 376">
     <span class='ocr_line' id='line_1_1' title="bbox 478 320 586 376; baseline 0.009 -1"><span class='ocrx_word' id='word_1_1' title='bbox 478 320 586 376; x_wconf 64' lang='grc' dir='ltr'><strong>ωε)</strong></span> 
     </span>
    </p>
   </div>
   <div class='ocr_carea' id='block_1_2' title="bbox 1122 307 3048 373">
    <p class='ocr_par' dir='ltr' id='par_1_2' title="bbox 1122 307 3048 373">
     <span class='ocr_line' id='line_1_2' title="bbox 1122 307 3048 373; baseline -0.006 0"><span class='ocrx_word' id='word_1_2' title='bbox 1122 320 1182 373; x_wconf 87' lang='grc' dir='ltr'><strong>Β.</strong></span> <span class='ocrx_word' id='word_1_3' title='bbox 1222 316 1473 372; x_wconf 73' lang='lat' dir='ltr'><strong>RABANI</strong></span> <span class='ocrx_word' id='word_1_4' title='bbox 1514 314 1734 372; x_wconf 73' lang='lat' dir='ltr'><strong>MAURI</strong></span> <span class='ocrx_word' id='word_1_5' title='bbox 1773 311 2088 369; x_wconf 71' lang='lat' dir='ltr'><strong>ARClllEP.</strong></span> <span class='ocrx_word' id='word_1_6' title='bbox 2130 309 2436 367; x_wconf 75' lang='lat' dir='ltr'><strong>MOGL&#39;NT.</strong></span> <span class='ocrx_word' id='word_1_7' title='bbox 2477 309 2761 368; x_wconf 77' lang='lat' dir='ltr'><strong>OPERUM</strong></span> <span class='ocrx_word' id='word_1_8' title='bbox 2799 307 2978 366; x_wconf 80' lang='lat' dir='ltr'><strong>PARS</strong></span> <span class='ocrx_word' id='word_1_9' title='bbox 3009 307 3048 362; x_wconf 93' lang='lat' dir='ltr'><strong>l.</strong></span> 
     </span>
    </p>
   </div>
   <div class='ocr_carea' id='block_1_3' title="bbox 3620 310 3719 365">
    <p class='ocr_par' dir='ltr' id='par_1_3' title="bbox 3620 310 3719 365">
     <span class='ocr_line' id='line_1_3' title="bbox 3620 310 3719 365; baseline 0 -1"><span class='ocrx_word' id='word_1_10' title='bbox 3620 310 3719 365; x_wconf 73' lang='lat'><strong>6‘20</strong></span> 
     </span>
    </p>
   </div>
   <div class='ocr_carea' id='block_1_4' title="bbox 474 417 3718 508">
    <p class='ocr_par' dir='ltr' id='par_1_4' title="bbox 474 417 3718 508">
     <span class='ocr_line' id='line_1_4' title="bbox 474 417 3718 508; baseline -0.005 -10"><span class='ocrx_word' id='word_1_11' title='bbox 474 457 598 499; x_wconf 88' lang='lat' dir='ltr'><strong>nam</strong></span> <span class='ocrx_word' id='word_1_12' title='bbox 624 454 716 494; x_wconf 86' lang='lat' dir='ltr'><strong>eos</strong></span> <span class='ocrx_word' id='word_1_13' title='bbox 739 435 1118 508; x_wconf 74' lang='lat' dir='ltr'><strong>sexagenarius</strong></span> <span class='ocrx_word' id='word_1_14' title='bbox 1142 435 1399 503; x_wconf 81' lang='lat' dir='ltr'><strong>suscepit,</strong></span> <span class='ocrx_word' id='word_1_15' title='bbox 1422 441 1475 487; x_wconf 88' lang='lat' dir='ltr'><strong>ct</strong></span> <span class='ocrx_word' id='word_1_16' title='bbox 1500 432 1633 486; x_wconf 75' lang='lat' dir='ltr'><strong>vixit</strong></span> <span class='ocrx_word' id='word_1_17' title='bbox 1660 443 1847 485; x_wconf 86' lang='lat' dir='ltr'><strong>omnes</strong></span> <span class='ocrx_word' id='word_1_18' title='bbox 1874 442 2048 482; x_wconf 90' lang='lat' dir='ltr'><strong>annos</strong></span> <span class='ocrx_word' id='word_1_19' title='bbox 2075 426 2122 484; x_wconf 83' lang='lat' dir='ltr'><strong>A</strong></span> <span class='ocrx_word' id='word_1_20' title='bbox 2152 424 2314 479; x_wconf 84' lang='lat' dir='ltr'><strong>Multa</strong></span> <span class='ocrx_word' id='word_1_21' title='bbox 2342 434 2397 480; x_wconf 87' lang='lat' dir='ltr'><strong>et</strong></span> <span class='ocrx_word' id='word_1_22' title='bbox 2423 427 2570 480; x_wconf 87' lang='lat' dir='ltr'><strong>varia</strong></span> <span class='ocrx_word' id='word_1_23' title='bbox 2600 426 2738 494; x_wconf 89' lang='lat' dir='ltr'><strong>apud</strong></span> <span class='ocrx_word' id='word_1_24' title='bbox 2774 425 3028 481; x_wconf 62' lang='lat' dir='ltr'><strong>llebrasos</strong></span> <span class='ocrx_word' id='word_1_25' title='bbox 3057 426 3122 480; x_wconf 85' lang='lat' dir='ltr'><strong>de</strong></span> <span class='ocrx_word' id='word_1_26' title='bbox 3151 426 3251 479; x_wconf 87' lang='lat' dir='ltr'><strong>hoc</strong></span> <span class='ocrx_word' id='word_1_27' title='bbox 3282 424 3518 494; x_wconf 88' lang='lat' dir='ltr'><strong>capitulo</strong></span> <span class='ocrx_word' id='word_1_28' title='bbox 3545 417 3718 499; x_wconf 63' lang='lat' dir='ltr'><strong>dispn.</strong></span> 
     </span>
    </p>
   </div>
   <div class='ocr_carea' id='block_1_5' title="bbox 472 526 1281 594">
    <p class='ocr_par' dir='ltr' id='par_1_5' title="bbox 472 526 1281 594">
     <span class='ocr_line' id='line_1_5' title="bbox 472 526 1281 594; baseline -0.011 -8"><span class='ocrx_word' id='word_1_29' title='bbox 472 534 596 587; x_wconf 71' lang='lat' dir='ltr'><strong>vita:</strong></span> <span class='ocrx_word' id='word_1_30' title='bbox 620 544 731 585; x_wconf 61' lang='lat' dir='ltr'><strong>sua:</strong></span> <span class='ocrx_word' id='word_1_31' title='bbox 753 536 965 582; x_wconf 88' lang='lat' dir='ltr'><strong>centum</strong></span> <span class='ocrx_word' id='word_1_32' title='bbox 992 526 1281 594; x_wconf 77' lang='lat' dir='ltr'><strong>octoginta.</strong></span> 
     </span>
    </p>
   </div>
   <div class='ocr_carea' id='block_1_6' title="bbox 547 603 2043 691">
    <p class='ocr_par' dir='ltr' id='par_1_6' title="bbox 547 603 2043 691">
     <span class='ocr_line' id='line_1_6' title="bbox 547 603 2043 691; baseline -0.007 -15"><span class='ocrx_word' id='word_1_33' title='bbox 547 603 756 691; x_wconf 83' lang='lat' dir='ltr'><strong>Peperit</strong></span> <span class='ocrx_word' id='word_1_34' title='bbox 784 626 956 672; x_wconf 89' lang='lat' dir='ltr'><strong>autem</strong></span> <span class='ocrx_word' id='word_1_35' title='bbox 984 616 1097 668; x_wconf 82' lang='lat' dir='ltr'><strong>Ada</strong></span> <span class='ocrx_word' id='word_1_36' title='bbox 1129 614 1370 684; x_wconf 76' lang='lat' dir='ltr'><strong>Eliplzaz.</strong></span> <span class='ocrx_word' id='word_1_37' title='bbox 1402 613 1510 668; x_wconf 88' lang='lat' dir='ltr'><strong>lste</strong></span> <span class='ocrx_word' id='word_1_38' title='bbox 1535 621 1618 667; x_wconf 90' lang='lat' dir='ltr'><strong>est</strong></span> <span class='ocrx_word' id='word_1_39' title='bbox 1639 610 1857 681; x_wconf 85' lang='lat' dir='ltr'><strong>Eliphaz</strong></span> <span class='ocrx_word' id='word_1_40' title='bbox 1884 609 2043 680; x_wconf 81' lang='lat' dir='ltr'><strong>cujus</strong></span> 
     </span>
    </p>
   </div>
   <div class='ocr_carea' id='block_1_7' title="bbox 473 703 1613 781">
    <p class='ocr_par' dir='ltr' id='par_1_7' title="bbox 473 703 1613 781">
     <span class='ocr_line' id='line_1_7' title="bbox 473 703 1613 781; baseline -0.012 -13"><span class='ocrx_word' id='word_1_41' title='bbox 473 714 752 781; x_wconf 74' lang='lat' dir='ltr'><strong>Scriptura</strong></span> <span class='ocrx_word' id='word_1_42' title='bbox 780 709 834 762; x_wconf 92' lang='lat' dir='ltr'><strong>in</strong></span> <span class='ocrx_word' id='word_1_43' title='bbox 860 705 960 761; x_wconf 88' lang='lat' dir='ltr'><strong>Iob</strong></span> <span class='ocrx_word' id='word_1_44' title='bbox 984 703 1253 759; x_wconf 85' lang='lat' dir='ltr'><strong>volumine</strong></span> <span class='ocrx_word' id='word_1_45' title='bbox 1280 703 1613 758; x_wconf 69' lang='lat' dir='ltr'><strong>recordatur.</strong></span> 
     </span>
    </p>
   </div>
   <div class='ocr_carea' id='block_1_8' title="bbox 545 791 2041 861">
    <p class='ocr_par' dir='ltr' id='par_1_8' title="bbox 545 791 2041 861">
     <span class='ocr_line' id='line_1_8' title="bbox 545 791 2041 861; baseline -0.008 -6"><span class='ocrx_word' id='word_1_46' title='bbox 545 802 687 855; x_wconf 86' lang='lat' dir='ltr'><strong>Tulit</strong></span> <span class='ocrx_word' id='word_1_47' title='bbox 726 809 898 853; x_wconf 82' lang='lat' dir='ltr'><strong>autem</strong></span> <span class='ocrx_word' id='word_1_48' title='bbox 943 795 1085 849; x_wconf 84' lang='lat' dir='ltr'><strong>Esau</strong></span> <span class='ocrx_word' id='word_1_49' title='bbox 1135 811 1321 848; x_wconf 70' lang='lat' dir='ltr'><strong>uxores</strong></span> <span class='ocrx_word' id='word_1_50' title='bbox 1358 809 1481 847; x_wconf 80' lang='lat' dir='ltr'><strong>suas</strong></span> <span class='ocrx_word' id='word_1_51' title='bbox 1521 803 1567 847; x_wconf 87' lang='lat' dir='ltr'><strong>et</strong></span> <span class='ocrx_word' id='word_1_52' title='bbox 1607 792 1746 861; x_wconf 83' lang='lat' dir='ltr'><strong>ﬁlios</strong></span> <span class='ocrx_word' id='word_1_53' title='bbox 1788 801 1836 845; x_wconf 86' lang='lat' dir='ltr'><strong>et</strong></span> <span class='ocrx_word' id='word_1_54' title='bbox 1875 791 2041 860; x_wconf 74' lang='lat' dir='ltr'><strong>ﬁlias,</strong></span> 
     </span>
    </p>
   </div>
   <div class='ocr_carea' id='block_1_9' title="bbox 473 881 2044 947">
    <p class='ocr_par' dir='ltr' id='par_1_9' title="bbox 473 881 2044 947">
     <span class='ocr_line' id='line_1_9' title="bbox 473 881 2044 947; baseline -0.008 0"><span class='ocrx_word' id='word_1_55' title='bbox 473 902 520 947; x_wconf 86' lang='lat' dir='ltr'><strong>et</strong></span> <span class='ocrx_word' id='word_1_56' title='bbox 568 905 770 945; x_wconf 85' lang='lat' dir='ltr'><strong>omnem</strong></span> <span class='ocrx_word' id='word_1_57' title='bbox 817 889 1046 941; x_wconf 89' lang='lat' dir='ltr'><strong>animam</strong></span> <span class='ocrx_word' id='word_1_58' title='bbox 1085 886 1270 938; x_wconf 85' lang='lat' dir='ltr'><strong>domus</strong></span> <span class='ocrx_word' id='word_1_59' title='bbox 1314 898 1444 947; x_wconf 68' lang='lat' dir='ltr'><strong>sum,</strong></span> <span class='ocrx_word' id='word_1_60' title='bbox 1489 893 1536 936; x_wconf 87' lang='lat' dir='ltr'><strong>et</strong></span> <span class='ocrx_word' id='word_1_61' title='bbox 1581 881 1951 945; x_wconf 74' lang='lat' dir='ltr'><strong>substantiam,</strong></span> <span class='ocrx_word' id='word_1_62' title='bbox 1996 888 2044 935; x_wconf 84' lang='lat' dir='ltr'><strong>et</strong></span> 
     </span>
    </p>
   </div>
   <div class='ocr_carea' id='block_1_10' title="bbox 471 970 2048 1054">
    <p class='ocr_par' dir='ltr' id='par_1_10' title="bbox 471 970 2048 1054">
     <span class='ocr_line' id='line_1_10' title="bbox 471 970 2048 1054; baseline -0.006 -18"><span class='ocrx_word' id='word_1_63' title='bbox 471 997 677 1054; x_wconf 77' lang='lat' dir='ltr'><strong>pecora,</strong></span> <span class='ocrx_word' id='word_1_64' title='bbox 714 990 762 1034; x_wconf 88' lang='lat' dir='ltr'><strong>et</strong></span> <span class='ocrx_word' id='word_1_65' title='bbox 799 986 986 1032; x_wconf 70' lang='lat' dir='ltr'><strong>cuncta</strong></span> <span class='ocrx_word' id='word_1_66' title='bbox 1019 992 1134 1046; x_wconf 70' lang='lat' dir='ltr'><strong>quae</strong></span> <span class='ocrx_word' id='word_1_67' title='bbox 1168 974 1356 1029; x_wconf 81' lang='lat' dir='ltr'><strong>habere</strong></span> <span class='ocrx_word' id='word_1_68' title='bbox 1393 981 1616 1052; x_wconf 81' lang='lat' dir='ltr'><strong>poterat,</strong></span> <span class='ocrx_word' id='word_1_69' title='bbox 1657 974 1713 1025; x_wconf 89' lang='lat' dir='ltr'><strong>in</strong></span> <span class='ocrx_word' id='word_1_70' title='bbox 1749 981 1887 1026; x_wconf 85' lang='lat' dir='ltr'><strong>terra</strong></span> <span class='ocrx_word' id='word_1_71' title='bbox 1912 970 2048 1027; x_wconf 80' lang='lat' dir='ltr'><strong>Cha-</strong></span> 
     </span>
    </p>
   </div>
   <div class='ocr_carea' id='block_1_11' title="bbox 473 1063 2045 1138">
    <p class='ocr_par' dir='ltr' id='par_1_11' title="bbox 473 1063 2045 1138">
     <span class='ocr_line' id='line_1_11' title="bbox 473 1063 2045 1138; baseline -0.007 -11"><span class='ocrx_word' id='word_1_72' title='bbox 473 1088 648 1138; x_wconf 88' lang='lat' dir='ltr'><strong>naan,</strong></span> <span class='ocrx_word' id='word_1_73' title='bbox 695 1079 743 1124; x_wconf 89' lang='lat' dir='ltr'><strong>et</strong></span> <span class='ocrx_word' id='word_1_74' title='bbox 792 1068 919 1122; x_wconf 87' lang='lat' dir='ltr'><strong>abiit</strong></span> <span class='ocrx_word' id='word_1_75' title='bbox 960 1067 1015 1121; x_wconf 87' lang='lat' dir='ltr'><strong>in</strong></span> <span class='ocrx_word' id='word_1_76' title='bbox 1053 1065 1271 1119; x_wconf 76' lang='lat' dir='ltr'><strong>alteram</strong></span> <span class='ocrx_word' id='word_1_77' title='bbox 1319 1064 1613 1131; x_wconf 82' lang='lat' dir='ltr'><strong>regionem,</strong></span> <span class='ocrx_word' id='word_1_78' title='bbox 1663 1063 1970 1131; x_wconf 83' lang='lat' dir='ltr'><strong>recessitque</strong></span> <span class='ocrx_word' id='word_1_79' title='bbox 2012 1079 2045 1116; x_wconf 93' lang='lat' dir='ltr'><strong>a</strong></span> 
     </span>
    </p>
   </div>
   <div class='ocr_carea' id='block_1_12' title="bbox 472 1149 2047 1230">
    <p class='ocr_par' dir='ltr' id='par_1_12' title="bbox 472 1149 2047 1230">
     <span class='ocr_line' id='line_1_12' title="bbox 472 1149 2047 1230; baseline -0.007 -16"><span class='ocrx_word' id='word_1_80' title='bbox 472 1161 635 1230; x_wconf 83' lang='lat' dir='ltr'><strong>fratre</strong></span> <span class='ocrx_word' id='word_1_81' title='bbox 670 1172 765 1213; x_wconf 81' lang='lat' dir='ltr'><strong>suo</strong></span> <span class='ocrx_word' id='word_1_82' title='bbox 792 1154 1001 1210; x_wconf 73' lang='lat' dir='ltr'><strong>Iacob.‘</strong></span> <span class='ocrx_word' id='word_1_83' title='bbox 1026 1153 1218 1206; x_wconf 86' lang='lat' dir='ltr'><strong>Divites</strong></span> <span class='ocrx_word' id='word_1_84' title='bbox 1252 1152 1388 1205; x_wconf 83' lang='lat' dir='ltr'><strong>enim</strong></span> <span class='ocrx_word' id='word_1_85' title='bbox 1423 1160 1571 1205; x_wconf 88' lang='lat' dir='ltr'><strong>erant</strong></span> <span class='ocrx_word' id='word_1_86' title='bbox 1608 1150 1777 1215; x_wconf 83' lang='lat' dir='ltr'><strong>valde,</strong></span> <span class='ocrx_word' id='word_1_87' title='bbox 1808 1161 1854 1204; x_wconf 88' lang='lat' dir='ltr'><strong>et</strong></span> <span class='ocrx_word' id='word_1_88' title='bbox 1889 1149 2047 1204; x_wconf 80' lang='lat' dir='ltr'><strong>simul</strong></span> 
     </span>
    </p>
   </div>
   <div class='ocr_carea' id='block_1_13' title="bbox 470 1233 2044 1316">
    <p class='ocr_par' dir='ltr' id='par_1_13' title="bbox 470 1233 2044 1316">
     <span class='ocr_line' id='line_1_13' title="bbox 470 1233 2044 1316; baseline -0.008 -11"><span class='ocrx_word' id='word_1_89' title='bbox 470 1251 708 1305; x_wconf 76' lang='lat' dir='ltr'><strong>habitare</strong></span> <span class='ocrx_word' id='word_1_90' title='bbox 751 1263 855 1303; x_wconf 83' lang='lat' dir='ltr'><strong>non</strong></span> <span class='ocrx_word' id='word_1_91' title='bbox 897 1233 1173 1316; x_wconf 75' lang='lat' dir='ltr'><strong>poterant;</strong></span> <span class='ocrx_word' id='word_1_92' title='bbox 1214 1258 1305 1296; x_wconf 83' lang='lat' dir='ltr'><strong>nec</strong></span> <span class='ocrx_word' id='word_1_93' title='bbox 1344 1240 1752 1295; x_wconf 63' lang='lat' dir='ltr'><strong>sustinebat&#39;eos</strong></span> <span class='ocrx_word' id='word_1_94' title='bbox 1788 1249 1926 1293; x_wconf 88' lang='lat' dir='ltr'><strong>terra</strong></span> <span class='ocrx_word' id='word_1_95' title='bbox 1952 1255 2044 1309; x_wconf 81' lang='lat' dir='ltr'><strong>pe-</strong></span> 
     </span>
    </p>
   </div>
   <div class='ocr_carea' id='block_1_14' title="bbox 468 1326 2043 1409">
    <p class='ocr_par' dir='ltr' id='par_1_14' title="bbox 468 1326 2043 1409">
     <span class='ocr_line' id='line_1_14' title="bbox 468 1326 2043 1409; baseline -0.008 -16"><span class='ocrx_word' id='word_1_96' title='bbox 468 1338 838 1409; x_wconf 84' lang='lat' dir='ltr'><strong>regrinationis</strong></span> <span class='ocrx_word' id='word_1_97' title='bbox 879 1349 1081 1398; x_wconf 86' lang='lat' dir='ltr'><strong>eorum,</strong></span> <span class='ocrx_word' id='word_1_98' title='bbox 1124 1346 1233 1402; x_wconf 69' lang='lat' dir='ltr'><strong>pro:</strong></span> <span class='ocrx_word' id='word_1_99' title='bbox 1272 1329 1603 1384; x_wconf 78' lang='lat' dir='ltr'><strong>multitudine</strong></span> <span class='ocrx_word' id='word_1_100' title='bbox 1638 1344 1871 1398; x_wconf 78' lang='lat' dir='ltr'><strong><em>gregum.</em></strong></span> <span class='ocrx_word' id='word_1_101' title='bbox 1924 1326 2043 1381; x_wconf 85' lang='lat' dir='ltr'><strong>Ha—</strong></span> 
     </span>
    </p>
   </div>
   <div class='ocr_carea' id='block_1_15' title="bbox 470 1417 2040 1499">
    <p class='ocr_par' dir='ltr' id='par_1_15' title="bbox 470 1417 2040 1499">
     <span class='ocr_line' id='line_1_15' title="bbox 470 1417 2040 1499; baseline -0.008 -15"><span class='ocrx_word' id='word_1_102' title='bbox 470 1430 749 1499; x_wconf 78' lang='lat' dir='ltr'><strong>bitaritque</strong></span> <span class='ocrx_word' id='word_1_103' title='bbox 805 1424 952 1479; x_wconf 80' lang='lat' dir='ltr'><strong>Esau</strong></span> <span class='ocrx_word' id='word_1_104' title='bbox 1010 1424 1065 1477; x_wconf 85' lang='lat' dir='ltr'><strong>in</strong></span> <span class='ocrx_word' id='word_1_105' title='bbox 1122 1429 1295 1476; x_wconf 86' lang='lat' dir='ltr'><strong>monte</strong></span> <span class='ocrx_word' id='word_1_106' title='bbox 1345 1419 1496 1485; x_wconf 83' lang='lat' dir='ltr'><strong>Seir,</strong></span> <span class='ocrx_word' id='word_1_107' title='bbox 1558 1420 1668 1490; x_wconf 81' lang='lat' dir='ltr'><strong>ipse</strong></span> <span class='ocrx_word' id='word_1_108' title='bbox 1718 1429 1795 1474; x_wconf 79' lang='lat' dir='ltr'><strong>est</strong></span> <span class='ocrx_word' id='word_1_109' title='bbox 1849 1417 2040 1473; x_wconf 79' lang='lat' dir='ltr'><strong>Edam.</strong></span> 
     </span>
    </p>
   </div>
   <div class='ocr_carea' id='block_1_16' title="bbox 470 1508 2040 1585">
    <p class='ocr_par' dir='ltr' id='par_1_16' title="bbox 470 1508 2040 1585">
     <span class='ocr_line' id='line_1_16' title="bbox 470 1508 2040 1585; baseline -0.007 -13"><span class='ocrx_word' id='word_1_110' title='bbox 470 1518 705 1585; x_wconf 65' lang='lat' dir='ltr'><strong>Quaestio</strong></span> <span class='ocrx_word' id='word_1_111' title='bbox 736 1521 821 1571; x_wconf 85' lang='lat' dir='ltr'><strong>est</strong></span> <span class='ocrx_word' id='word_1_112' title='bbox 846 1512 1112 1584; x_wconf 88' lang='lat' dir='ltr'><strong>quomodo</strong></span> <span class='ocrx_word' id='word_1_113' title='bbox 1149 1508 1429 1579; x_wconf 76' lang='lat' dir='ltr'><strong>Scriptura</strong></span> <span class='ocrx_word' id='word_1_114' title='bbox 1456 1508 1630 1572; x_wconf 81' lang='lat' dir='ltr'><strong>dicat,</strong></span> <span class='ocrx_word' id='word_1_115' title='bbox 1663 1515 1786 1578; x_wconf 89' lang='lat' dir='ltr'><strong>post</strong></span> <span class='ocrx_word' id='word_1_116' title='bbox 1813 1514 2040 1563; x_wconf 85' lang='lat' dir='ltr'><strong>mortem</strong></span> 
     </span>
    </p>
   </div>
   <div class='ocr_carea' id='block_1_17' title="bbox 468 1597 2037 1676">
    <p class='ocr_par' dir='ltr' id='par_1_17' title="bbox 468 1597 2037 1676">
     <span class='ocr_line' id='line_1_17' title="bbox 468 1597 2037 1676; baseline -0.007 -14"><span class='ocrx_word' id='word_1_117' title='bbox 468 1608 620 1662; x_wconf 80' lang='lat' dir='ltr'><strong>lsaac</strong></span> <span class='ocrx_word' id='word_1_118' title='bbox 647 1605 819 1676; x_wconf 83' lang='lat' dir='ltr'><strong>patris</strong></span> <span class='ocrx_word' id='word_1_119' title='bbox 851 1603 934 1658; x_wconf 86' lang='lat' dir='ltr'><strong>sui</strong></span> <span class='ocrx_word' id='word_1_120' title='bbox 966 1602 1105 1656; x_wconf 91' lang='lat' dir='ltr'><strong>Esau</strong></span> <span class='ocrx_word' id='word_1_121' title='bbox 1136 1600 1462 1655; x_wconf 84' lang='lat' dir='ltr'><strong>abscessisse</strong></span> <span class='ocrx_word' id='word_1_122' title='bbox 1489 1599 1557 1654; x_wconf 90' lang='lat' dir='ltr'><strong>de</strong></span> <span class='ocrx_word' id='word_1_123' title='bbox 1586 1607 1726 1653; x_wconf 90' lang='lat' dir='ltr'><strong>terra</strong></span> <span class='ocrx_word' id='word_1_124' title='bbox 1756 1597 2037 1663; x_wconf 78' lang='lat' dir='ltr'><strong>Chanaan,</strong></span> 
     </span>
    </p>
   </div>
   <div class='ocr_carea' id='block_1_18' title="bbox 468 1687 2036 1753">
    <p class='ocr_par' dir='ltr' id='par_1_18' title="bbox 468 1687 2036 1753">
     <span class='ocr_line' id='line_1_18' title="bbox 468 1687 2036 1753; baseline -0.011 -2"><span class='ocrx_word' id='word_1_125' title='bbox 468 1702 525 1751; x_wconf 87' lang='lat' dir='ltr'><strong>et</strong></span> <span class='ocrx_word' id='word_1_126' title='bbox 551 1693 826 1750; x_wconf 84' lang='lat' dir='ltr'><strong>habitasse</strong></span> <span class='ocrx_word' id='word_1_127' title='bbox 862 1692 916 1745; x_wconf 90' lang='lat' dir='ltr'><strong>in</strong></span> <span class='ocrx_word' id='word_1_128' title='bbox 952 1698 1133 1744; x_wconf 89' lang='lat' dir='ltr'><strong>monte</strong></span> <span class='ocrx_word' id='word_1_129' title='bbox 1162 1688 1300 1753; x_wconf 91' lang='lat' dir='ltr'><strong>Seir,</strong></span> <span class='ocrx_word' id='word_1_130' title='bbox 1337 1704 1459 1744; x_wconf 90' lang='lat' dir='ltr'><strong>cum</strong></span> <span class='ocrx_word' id='word_1_131' title='bbox 1490 1690 1741 1746; x_wconf 82' lang='lat' dir='ltr'><strong>veniente</strong></span> <span class='ocrx_word' id='word_1_132' title='bbox 1769 1690 1836 1742; x_wconf 78' lang='lat' dir='ltr'><strong>de</strong></span> <span class='ocrx_word' id='word_1_133' title='bbox 1864 1687 2036 1743; x_wconf 61' lang='lat' dir='ltr'><strong>Maso.</strong></span> 
     </span>
    </p>
   </div>
   <div class='ocr_carea' id='block_1_19' title="bbox 2144 512 3722 586">
    <p class='ocr_par' dir='ltr' id='par_1_19' title="bbox 2144 512 3722 586">
     <span class='ocr_line' id='line_1_19' title="bbox 2144 512 3722 586; baseline 0.004 -18"><span class='ocrx_word' id='word_1_134' title='bbox 2144 522 2345 569; x_wconf 90' lang='lat' dir='ltr'><strong>tantur.</strong></span> <span class='ocrx_word' id='word_1_135' title='bbox 2395 515 2550 585; x_wconf 85' lang='lat' dir='ltr'><strong>Apud</strong></span> <span class='ocrx_word' id='word_1_136' title='bbox 2576 514 2794 571; x_wconf 62' lang='lat' dir='ltr'><strong>Graacos</strong></span> <span class='ocrx_word' id='word_1_137' title='bbox 2821 515 3018 585; x_wconf 83' lang='lat' dir='ltr'><strong>quippe</strong></span> <span class='ocrx_word' id='word_1_138' title='bbox 3053 522 3109 569; x_wconf 87' lang='lat' dir='ltr'><strong>et</strong></span> <span class='ocrx_word' id='word_1_139' title='bbox 3138 524 3387 579; x_wconf 89' lang='lat' dir='ltr'><strong>nostros,</strong></span> <span class='ocrx_word' id='word_1_140' title='bbox 3435 532 3598 586; x_wconf 88' lang='lat' dir='ltr'><strong>super</strong></span> <span class='ocrx_word' id='word_1_141' title='bbox 3626 512 3722 575; x_wconf 82' lang='lat' dir='ltr'><strong>huc</strong></span> 
     </span>
    </p>
   </div>
   <div class='ocr_carea' id='block_1_20' title="bbox 2146 606 3723 683">
    <p class='ocr_par' dir='ltr' id='par_1_20' title="bbox 2146 606 3723 683">
     <span class='ocr_line' id='line_1_20' title="bbox 2146 606 3723 683; baseline 0.003 -21"><span class='ocrx_word' id='word_1_142' title='bbox 2146 606 2421 662; x_wconf 85' lang='lat' dir='ltr'><strong>silentium</strong></span> <span class='ocrx_word' id='word_1_143' title='bbox 2467 615 2570 663; x_wconf 87' lang='lat' dir='ltr'><strong>est.</strong></span> <span class='ocrx_word' id='word_1_144' title='bbox 2621 607 2725 663; x_wconf 82' lang='lat' dir='ltr'><strong>Alii</strong></span> <span class='ocrx_word' id='word_1_145' title='bbox 2764 617 2989 677; x_wconf 86' lang='lat' dir='ltr'><strong>putant.</strong></span> <span class='ocrx_word' id='word_1_146' title='bbox 3021 610 3200 663; x_wconf 85' lang='lat' dir='ltr'><strong>iamim</strong></span> <span class='ocrx_word' id='word_1_147' title='bbox 3231 612 3402 665; x_wconf 88' lang='lat' dir='ltr'><strong>maria</strong></span> <span class='ocrx_word' id='word_1_148' title='bbox 3433 614 3723 683; x_wconf 74' lang='lat' dir='ltr'><strong>appellata,</strong></span> 
     </span>
    </p>
   </div>
   <div class='ocr_carea' id='block_1_21' title="bbox 2143 696 3721 770">
    <p class='ocr_par' dir='ltr' id='par_1_21' title="bbox 2143 696 3721 770">
     <span class='ocr_line' id='line_1_21' title="bbox 2143 696 3721 770; baseline 0.006 -20"><span class='ocrx_word' id='word_1_149' title='bbox 2143 696 2333 751; x_wconf 81' lang='lat' dir='ltr'><strong>iisdem</strong></span> <span class='ocrx_word' id='word_1_150' title='bbox 2355 696 2499 752; x_wconf 88' lang='lat' dir='ltr'><strong>enim</strong></span> <span class='ocrx_word' id='word_1_151' title='bbox 2525 699 2839 755; x_wconf 89' lang='lat' dir='ltr'><strong>scribuntur</strong></span> <span class='ocrx_word' id='word_1_152' title='bbox 2863 699 3056 755; x_wconf 72' lang='lat' dir='ltr'><strong>litteris</strong></span> <span class='ocrx_word' id='word_1_153' title='bbox 3082 701 3253 755; x_wconf 88' lang='lat' dir='ltr'><strong>maria</strong></span> <span class='ocrx_word' id='word_1_154' title='bbox 3280 702 3474 770; x_wconf 84' lang='lat' dir='ltr'><strong>quibus</strong></span> <span class='ocrx_word' id='word_1_155' title='bbox 3500 712 3554 756; x_wconf 90' lang='lat' dir='ltr'><strong>ct</strong></span> <span class='ocrx_word' id='word_1_156' title='bbox 3580 720 3721 760; x_wconf 90' lang='lat' dir='ltr'><strong>nunc</strong></span> 
     </span>
    </p>
   </div>
   <div class='ocr_carea' id='block_1_22' title="bbox 2143 789 3721 865">
    <p class='ocr_par' dir='ltr' id='par_1_22' title="bbox 2143 789 3721 865">
     <span class='ocr_line' id='line_1_22' title="bbox 2143 789 3721 865; baseline 0.004 -23"><span class='ocrx_word' id='word_1_157' title='bbox 2143 789 2232 844; x_wconf 88' lang='lat' dir='ltr'><strong>hic</strong></span> <span class='ocrx_word' id='word_1_158' title='bbox 2257 803 2433 844; x_wconf 86' lang='lat' dir='ltr'><strong>sermo</strong></span> <span class='ocrx_word' id='word_1_159' title='bbox 2456 789 2758 858; x_wconf 87' lang='lat' dir='ltr'><strong>descriptus</strong></span> <span class='ocrx_word' id='word_1_160' title='bbox 2781 798 2887 855; x_wconf 91' lang='lat' dir='ltr'><strong>est,</strong></span> <span class='ocrx_word' id='word_1_161' title='bbox 2910 798 2965 844; x_wconf 87' lang='lat' dir='ltr'><strong>et</strong></span> <span class='ocrx_word' id='word_1_162' title='bbox 2985 792 3170 845; x_wconf 90' lang='lat' dir='ltr'><strong>volunt</strong></span> <span class='ocrx_word' id='word_1_163' title='bbox 3198 791 3367 857; x_wconf 89' lang='lat' dir='ltr'><strong>illum,</strong></span> <span class='ocrx_word' id='word_1_164' title='bbox 3396 793 3522 846; x_wconf 89' lang='lat' dir='ltr'><strong>dum</strong></span> <span class='ocrx_word' id='word_1_165' title='bbox 3551 795 3721 865; x_wconf 85' lang='lat' dir='ltr'><strong>pascit</strong></span> 
     </span>
    </p>
   </div>
   <div class='ocr_carea' id='block_1_23' title="bbox 2143 879 3721 956">
    <p class='ocr_par' dir='ltr' id='par_1_23' title="bbox 2143 879 3721 956">
     <span class='ocr_line' id='line_1_23' title="bbox 2143 879 3721 956; baseline 0.004 -24"><span class='ocrx_word' id='word_1_166' title='bbox 2143 880 2324 935; x_wconf 83' lang='lat' dir='ltr'><strong>asinos</strong></span> <span class='ocrx_word' id='word_1_167' title='bbox 2351 881 2521 950; x_wconf 86' lang='lat' dir='ltr'><strong>patris</strong></span> <span class='ocrx_word' id='word_1_168' title='bbox 2549 881 2655 945; x_wconf 89' lang='lat' dir='ltr'><strong>sui,</strong></span> <span class='ocrx_word' id='word_1_169' title='bbox 2685 879 2739 934; x_wconf 89' lang='lat' dir='ltr'><strong>in</strong></span> <span class='ocrx_word' id='word_1_170' title='bbox 2769 881 2983 935; x_wconf 89' lang='lat' dir='ltr'><strong>deserto</strong></span> <span class='ocrx_word' id='word_1_171' title='bbox 3012 896 3276 951; x_wconf 82' lang='lat' dir='ltr'><strong>aquarum</strong></span> <span class='ocrx_word' id='word_1_172' title='bbox 3305 884 3394 937; x_wconf 88' lang='lat' dir='ltr'><strong>hic</strong></span> <span class='ocrx_word' id='word_1_173' title='bbox 3423 900 3721 956; x_wconf 81' lang='lat' dir='ltr'><strong>congrega-</strong></span> 
     </span>
    </p>
   </div>
   <div class='ocr_carea' id='block_1_24' title="bbox 2146 970 3718 1047">
    <p class='ocr_par' dir='ltr' id='par_1_24' title="bbox 2146 970 3718 1047">
     <span class='ocr_line' id='line_1_24' title="bbox 2146 970 3718 1047; baseline 0.005 -23"><span class='ocrx_word' id='word_1_174' title='bbox 2146 971 2320 1027; x_wconf 89' lang='lat' dir='ltr'><strong>tiones</strong></span> <span class='ocrx_word' id='word_1_175' title='bbox 2349 972 2634 1042; x_wconf 88' lang='lat' dir='ltr'><strong>reperisse,</strong></span> <span class='ocrx_word' id='word_1_176' title='bbox 2665 987 2793 1042; x_wconf 70' lang='lat' dir='ltr'><strong>qua:</strong></span> <span class='ocrx_word' id='word_1_177' title='bbox 2810 970 2964 1041; x_wconf 90' lang='lat' dir='ltr'><strong>juxta</strong></span> <span class='ocrx_word' id='word_1_178' title='bbox 2993 973 3192 1043; x_wconf 88' lang='lat' dir='ltr'><strong>idioma</strong></span> <span class='ocrx_word' id='word_1_179' title='bbox 3222 975 3415 1047; x_wconf 72' lang='lat' dir='ltr'><strong>lingua:</strong></span> <span class='ocrx_word' id='word_1_180' title='bbox 3442 975 3718 1032; x_wconf 70' lang='lat' dir='ltr'><strong>Hebraicze</strong></span> 
     </span>
    </p>
   </div>
   <div class='ocr_carea' id='block_1_25' title="bbox 2146 1059 3717 1134">
    <p class='ocr_par' dir='ltr' id='par_1_25' title="bbox 2146 1059 3717 1134">
     <span class='ocr_line' id='line_1_25' title="bbox 2146 1059 3717 1134; baseline 0.004 -22"><span class='ocrx_word' id='word_1_181' title='bbox 2146 1059 2316 1114; x_wconf 88' lang='lat' dir='ltr'><strong>maria</strong></span> <span class='ocrx_word' id='word_1_182' title='bbox 2342 1067 2739 1129; x_wconf 89' lang='lat' dir='ltr'><strong>nuncupantur,</strong></span> <span class='ocrx_word' id='word_1_183' title='bbox 2763 1059 2905 1129; x_wconf 86' lang='lat' dir='ltr'><strong>quod</strong></span> <span class='ocrx_word' id='word_1_184' title='bbox 2931 1059 3137 1116; x_wconf 82' lang='lat' dir='ltr'><strong>scilicet</strong></span> <span class='ocrx_word' id='word_1_185' title='bbox 3163 1071 3411 1133; x_wconf 76' lang='lat' dir='ltr'><strong>stagnum</strong></span> <span class='ocrx_word' id='word_1_186' title='bbox 3434 1067 3717 1134; x_wconf 73' lang='lat' dir='ltr'><strong>repererit,</strong></span> 
     </span>
    </p>
   </div>
   <div class='ocr_carea' id='block_1_26' title="bbox 2147 1147 3716 1216">
    <p class='ocr_par' dir='ltr' id='par_1_26' title="bbox 2147 1147 3716 1216">
     <span class='ocr_line' id='line_1_26' title="bbox 2147 1147 3716 1216; baseline 0.004 -14"><span class='ocrx_word' id='word_1_187' title='bbox 2147 1147 2299 1216; x_wconf 87' lang='lat' dir='ltr'><strong>cujus</strong></span> <span class='ocrx_word' id='word_1_188' title='bbox 2340 1148 2416 1201; x_wconf 87' lang='lat' dir='ltr'><strong>rei</strong></span> <span class='ocrx_word' id='word_1_189' title='bbox 2464 1147 2702 1203; x_wconf 77' lang='lat' dir='ltr'><strong>inventio</strong></span> <span class='ocrx_word' id='word_1_190' title='bbox 2746 1149 2801 1202; x_wconf 89' lang='lat' dir='ltr'><strong>in</strong></span> <span class='ocrx_word' id='word_1_191' title='bbox 2846 1164 3031 1205; x_wconf 86' lang='lat' dir='ltr'><strong>eremo</strong></span> <span class='ocrx_word' id='word_1_192' title='bbox 3054 1148 3286 1206; x_wconf 80' lang='lat' dir='ltr'><strong>dillieilis</strong></span> <span class='ocrx_word' id='word_1_193' title='bbox 3311 1160 3412 1207; x_wconf 89' lang='lat' dir='ltr'><strong>est.</strong></span> <span class='ocrx_word' id='word_1_194' title='bbox 3467 1152 3716 1209; x_wconf 76' lang='lat' dir='ltr'><strong>Nonnulli</strong></span> 
     </span>
    </p>
   </div>
   <div class='ocr_carea' id='block_1_27' title="bbox 2144 1238 3715 1314">
    <p class='ocr_par' dir='ltr' id='par_1_27' title="bbox 2144 1238 3715 1314">
     <span class='ocr_line' id='line_1_27' title="bbox 2144 1238 3715 1314; baseline 0.006 -22"><span class='ocrx_word' id='word_1_195' title='bbox 2144 1246 2335 1308; x_wconf 82' lang='lat' dir='ltr'><strong>putant</strong></span> <span class='ocrx_word' id='word_1_196' title='bbox 2358 1253 2527 1307; x_wconf 80' lang='lat' dir='ltr'><strong>aquas</strong></span> <span class='ocrx_word' id='word_1_197' title='bbox 2547 1238 2949 1306; x_wconf 71' lang='lat' dir='ltr'><strong>calidas,.juxta</strong></span> <span class='ocrx_word' id='word_1_198' title='bbox 2976 1240 3193 1297; x_wconf 71' lang='lat' dir='ltr'><strong>Punica:</strong></span> <span class='ocrx_word' id='word_1_199' title='bbox 3216 1242 3413 1314; x_wconf 77' lang='lat' dir='ltr'><strong>lingua:</strong></span> <span class='ocrx_word' id='word_1_200' title='bbox 3438 1245 3715 1307; x_wconf 81' lang='lat' dir='ltr'><strong>viciniam,</strong></span> 
     </span>
    </p>
   </div>
   <div class='ocr_carea' id='block_1_28' title="bbox 2144 1325 3719 1404">
    <p class='ocr_par' dir='ltr' id='par_1_28' title="bbox 2144 1325 3719 1404">
     <span class='ocr_line' id='line_1_28' title="bbox 2144 1325 3719 1404; baseline 0.004 -24"><span class='ocrx_word' id='word_1_201' title='bbox 2144 1342 2266 1395; x_wconf 68' lang='lat' dir='ltr'><strong>quae</strong></span> <span class='ocrx_word' id='word_1_202' title='bbox 2292 1325 2571 1383; x_wconf 63' lang='lat' dir='ltr'><strong>Hebraicis</strong></span> <span class='ocrx_word' id='word_1_203' title='bbox 2589 1329 2921 1385; x_wconf 71' lang='lat' dir='ltr'><strong>contermina</strong></span> <span class='ocrx_word' id='word_1_204' title='bbox 2950 1336 3060 1392; x_wconf 87' lang='lat' dir='ltr'><strong>est,</strong></span> <span class='ocrx_word' id='word_1_205' title='bbox 3092 1330 3196 1385; x_wconf 82' lang='lat' dir='ltr'><strong>hoc</strong></span> <span class='ocrx_word' id='word_1_206' title='bbox 3225 1332 3483 1389; x_wconf 84' lang='lat' dir='ltr'><strong>vocabulo</strong></span> <span class='ocrx_word' id='word_1_207' title='bbox 3517 1333 3719 1404; x_wconf 80' lang='lat' dir='ltr'><strong>signiﬁ-</strong></span> 
     </span>
    </p>
   </div>
   <div class='ocr_carea' id='block_1_29' title="bbox 2145 1417 3722 1489">
    <p class='ocr_par' dir='ltr' id='par_1_29' title="bbox 2145 1417 3722 1489">
     <span class='ocr_line' id='line_1_29' title="bbox 2145 1417 3722 1489; baseline 0.006 -18"><span class='ocrx_word' id='word_1_208' title='bbox 2145 1418 2278 1472; x_wconf 80' lang='lat' dir='ltr'><strong>cari.</strong></span> <span class='ocrx_word' id='word_1_209' title='bbox 2329 1417 2467 1473; x_wconf 88' lang='lat' dir='ltr'><strong>Sunt</strong></span> <span class='ocrx_word' id='word_1_210' title='bbox 2492 1418 2584 1488; x_wconf 85' lang='lat' dir='ltr'><strong>qui</strong></span> <span class='ocrx_word' id='word_1_211' title='bbox 2610 1418 2946 1477; x_wconf 71' lang='lat' dir='ltr'><strong>arbitrantur</strong></span> <span class='ocrx_word' id='word_1_212' title='bbox 2970 1434 3203 1489; x_wconf 77' lang='lat' dir='ltr'><strong>onagros</strong></span> <span class='ocrx_word' id='word_1_213' title='bbox 3226 1421 3294 1475; x_wconf 88' lang='lat' dir='ltr'><strong>ab</strong></span> <span class='ocrx_word' id='word_1_214' title='bbox 3322 1422 3427 1477; x_wconf 84' lang='lat' dir='ltr'><strong>hoc</strong></span> <span class='ocrx_word' id='word_1_215' title='bbox 3453 1424 3722 1479; x_wconf 80' lang='lat' dir='ltr'><strong>admissos</strong></span> 
     </span>
    </p>
   </div>
   <div class='ocr_carea' id='block_1_30' title="bbox 2142 1507 3718 1581">
    <p class='ocr_par' dir='ltr' id='par_1_30' title="bbox 2142 1507 3718 1581">
     <span class='ocr_line' id='line_1_30' title="bbox 2142 1507 3718 1581; baseline 0.004 -20"><span class='ocrx_word' id='word_1_216' title='bbox 2142 1521 2267 1561; x_wconf 17' lang='lat' dir='ltr'><strong>esse.</strong></span> <span class='ocrx_word' id='word_1_217' title='bbox 2289 1508 2361 1562; x_wconf 80' lang='lat' dir='ltr'><strong>ad</strong></span> <span class='ocrx_word' id='word_1_218' title='bbox 2382 1507 2666 1574; x_wconf 73' lang='lat' dir='ltr'><strong>asinas,,et</strong></span> <span class='ocrx_word' id='word_1_219' title='bbox 2698 1508 2871 1578; x_wconf 83' lang='lat' dir='ltr'><strong>ipsum</strong></span> <span class='ocrx_word' id='word_1_220' title='bbox 2899 1509 3201 1567; x_wconf 84' lang='lat' dir='ltr'><strong>istiusmodi.</strong></span> <span class='ocrx_word' id='word_1_221' title='bbox 3227 1511 3494 1581; x_wconf 79' lang='lat' dir='ltr'><strong>reperisse</strong></span> <span class='ocrx_word' id='word_1_222' title='bbox 3519 1528 3718 1569; x_wconf 82' lang='lat' dir='ltr'><strong>concu-</strong></span> 
     </span>
    </p>
   </div>
   <div class='ocr_carea' id='block_1_31' title="bbox 2141 1598 3720 1672">
    <p class='ocr_par' dir='ltr' id='par_1_31' title="bbox 2141 1598 3720 1672">
     <span class='ocr_line' id='line_1_31' title="bbox 2141 1598 3720 1672; baseline 0.003 -18"><span class='ocrx_word' id='word_1_223' title='bbox 2141 1598 2351 1663; x_wconf 71' lang='lat' dir='ltr'><strong>bitum,‘</strong></span> <span class='ocrx_word' id='word_1_224' title='bbox 2378 1608 2439 1653; x_wconf 88' lang='lat' dir='ltr'><strong>ut</strong></span> <span class='ocrx_word' id='word_1_225' title='bbox 2465 1598 2787 1657; x_wconf 80' lang='lat' dir='ltr'><strong>velocissimi</strong></span> <span class='ocrx_word' id='word_1_226' title='bbox 2824 1615 2889 1655; x_wconf 86' lang='lat' dir='ltr'><strong>ex</strong></span> <span class='ocrx_word' id='word_1_227' title='bbox 2927 1601 3014 1657; x_wconf 84' lang='lat' dir='ltr'><strong>his</strong></span> <span class='ocrx_word' id='word_1_228' title='bbox 3048 1602 3189 1657; x_wconf 83' lang='lat' dir='ltr'><strong>asini</strong></span> <span class='ocrx_word' id='word_1_229' title='bbox 3217 1611 3591 1668; x_wconf 83' lang='lat' dir='ltr'><strong>nascerentur,</strong></span> <span class='ocrx_word' id='word_1_230' title='bbox 3625 1605 3720 1672; x_wconf 86' lang='lat' dir='ltr'><strong>qui</strong></span> 
     </span>
    </p>
   </div>
   <div class='ocr_carea' id='block_1_32' title="bbox 2140 1689 3717 1765">
    <p class='ocr_par' dir='ltr' id='par_1_32' title="bbox 2140 1689 3717 1765">
     <span class='ocr_line' id='line_1_32' title="bbox 2140 1689 3717 1765; baseline 0.004 -24"><span class='ocrx_word' id='word_1_231' title='bbox 2140 1698 2402 1749; x_wconf 78' lang='lat' dir='ltr'><strong>vocantur</strong></span> <span class='ocrx_word' id='word_1_232' title='bbox 2437 1690 2638 1746; x_wconf 80' lang='lat' dir='ltr'><strong>iamim.</strong></span> <span class='ocrx_word' id='word_1_233' title='bbox 2659 1689 2911 1760; x_wconf 84' lang='lat' dir='ltr'><strong>Plerique</strong></span> <span class='ocrx_word' id='word_1_234' title='bbox 2929 1700 3119 1760; x_wconf 82' lang='lat' dir='ltr'><strong>putant</strong></span> <span class='ocrx_word' id='word_1_235' title='bbox 3145 1693 3573 1762; x_wconf 70' lang='lat' dir='ltr'><strong>quodeqnarum</strong></span> <span class='ocrx_word' id='word_1_236' title='bbox 3597 1711 3717 1765; x_wconf 81' lang='lat' dir='ltr'><strong>gre-</strong></span> 
     </span>
    </p>
   </div>
   <div class='ocr_carea' id='block_1_33' title="bbox 467 1778 3713 1859">
    <p class='ocr_par' dir='ltr' id='par_1_33' title="bbox 467 1778 3713 1859">
     <span class='ocr_line' id='line_1_33' title="bbox 467 1778 3713 1859; baseline -0.001 -18"><span class='ocrx_word' id='word_1_237' title='bbox 467 1786 704 1859; x_wconf 84' lang='lat' dir='ltr'><strong>potamia</strong></span> <span class='ocrx_word' id='word_1_238' title='bbox 745 1783 912 1837; x_wconf 88' lang='lat' dir='ltr'><strong>Iacob</strong></span> <span class='ocrx_word' id='word_1_239' title='bbox 954 1782 1121 1836; x_wconf 82' lang='lat' dir='ltr'><strong>fratre</strong></span> <span class='ocrx_word' id='word_1_240' title='bbox 1161 1779 1297 1849; x_wconf 87' lang='lat' dir='ltr'><strong>ejus,</strong></span> <span class='ocrx_word' id='word_1_241' title='bbox 1344 1780 1553 1850; x_wconf 81' lang='lat' dir='ltr'><strong>legatur</strong></span> <span class='ocrx_word' id='word_1_242' title='bbox 1591 1782 1734 1850; x_wconf 88' lang='lat' dir='ltr'><strong>quod</strong></span> <span class='ocrx_word' id='word_1_243' title='bbox 1770 1780 1883 1848; x_wconf 90' lang='lat' dir='ltr'><strong>jam</strong></span> <span class='ocrx_word' id='word_1_244' title='bbox 1932 1781 2040 1835; x_wconf 89' lang='lat' dir='ltr'><strong>illic</strong></span> <span class='ocrx_word' id='word_1_245' title='bbox 2068 1779 2115 1839; x_wconf 91' lang='lat' dir='ltr'><strong>B</strong></span> <span class='ocrx_word' id='word_1_246' title='bbox 2143 1792 2236 1849; x_wconf 81' lang='lat' dir='ltr'><strong>ges</strong></span> <span class='ocrx_word' id='word_1_247' title='bbox 2265 1781 2334 1834; x_wconf 88' lang='lat' dir='ltr'><strong>ab</strong></span> <span class='ocrx_word' id='word_1_248' title='bbox 2357 1778 2526 1835; x_wconf 84' lang='lat' dir='ltr'><strong>asinis</strong></span> <span class='ocrx_word' id='word_1_249' title='bbox 2554 1779 2848 1840; x_wconf 72' lang='lat' dir='ltr'><strong>indeserto</strong></span> <span class='ocrx_word' id='word_1_250' title='bbox 2877 1781 2991 1850; x_wconf 90' lang='lat' dir='ltr'><strong>ipse</strong></span> <span class='ocrx_word' id='word_1_251' title='bbox 3020 1779 3212 1838; x_wconf 78' lang='lat' dir='ltr'><strong>fecerit</strong></span> <span class='ocrx_word' id='word_1_252' title='bbox 3235 1783 3449 1853; x_wconf 83' lang='lat' dir='ltr'><strong>primus</strong></span> <span class='ocrx_word' id='word_1_253' title='bbox 3471 1786 3713 1851; x_wconf 75' lang='lat' dir='ltr'><strong>accendi,</strong></span> 
     </span>
    </p>
   </div>
   <div class='ocr_carea' id='block_1_34' title="bbox 471 1870 2041 1941">
    <p class='ocr_par' dir='ltr' id='par_1_34' title="bbox 471 1870 2041 1941">
     <span class='ocr_line' id='line_1_34' title="bbox 471 1870 2041 1941; baseline -0.004 -8"><span class='ocrx_word' id='word_1_254' title='bbox 471 1876 767 1933; x_wconf 86' lang='lat' dir='ltr'><strong>habitabat.</strong></span> <span class='ocrx_word' id='word_1_255' title='bbox 798 1873 1029 1928; x_wconf 86' lang='lat' dir='ltr'><strong>Proinde</strong></span> <span class='ocrx_word' id='word_1_256' title='bbox 1055 1872 1181 1940; x_wconf 88' lang='lat' dir='ltr'><strong>quid</strong></span> <span class='ocrx_word' id='word_1_257' title='bbox 1214 1872 1340 1926; x_wconf 91' lang='lat' dir='ltr'><strong>inde</strong></span> <span class='ocrx_word' id='word_1_258' title='bbox 1368 1870 1486 1925; x_wconf 80' lang='lat' dir='ltr'><strong>fieri</strong></span> <span class='ocrx_word' id='word_1_259' title='bbox 1515 1872 1786 1941; x_wconf 89' lang='lat' dir='ltr'><strong>potuerit,</strong></span> <span class='ocrx_word' id='word_1_260' title='bbox 1813 1881 1872 1927; x_wconf 90' lang='lat' dir='ltr'><strong>ut</strong></span> <span class='ocrx_word' id='word_1_261' title='bbox 1898 1871 2041 1927; x_wconf 87' lang='lat' dir='ltr'><strong>Scri-</strong></span> 
     </span>
    </p>
   </div>
   <div class='ocr_carea' id='block_1_35' title="bbox 469 1963 2041 2042">
    <p class='ocr_par' dir='ltr' id='par_1_35' title="bbox 469 1963 2041 2042">
     <span class='ocr_line' id='line_1_35' title="bbox 469 1963 2041 2042; baseline -0.004 -17"><span class='ocrx_word' id='word_1_262' title='bbox 469 1980 628 2042; x_wconf 89' lang='lat' dir='ltr'><strong>ptura</strong></span> <span class='ocrx_word' id='word_1_263' title='bbox 661 1968 773 2023; x_wconf 88' lang='lat' dir='ltr'><strong>falli</strong></span> <span class='ocrx_word' id='word_1_264' title='bbox 800 1967 883 2022; x_wconf 85' lang='lat' dir='ltr'><strong>vel</strong></span> <span class='ocrx_word' id='word_1_265' title='bbox 914 1965 1100 2019; x_wconf 86' lang='lat' dir='ltr'><strong>fallere</strong></span> <span class='ocrx_word' id='word_1_266' title='bbox 1139 1979 1245 2018; x_wconf 91' lang='lat' dir='ltr'><strong>non</strong></span> <span class='ocrx_word' id='word_1_267' title='bbox 1275 1964 1545 2028; x_wconf 83' lang='lat' dir='ltr'><strong>credatur,</strong></span> <span class='ocrx_word' id='word_1_268' title='bbox 1587 1963 1640 2017; x_wconf 93' lang='lat' dir='ltr'><strong>in</strong></span> <span class='ocrx_word' id='word_1_269' title='bbox 1675 1970 1922 2032; x_wconf 85' lang='lat' dir='ltr'><strong>promptu</strong></span> <span class='ocrx_word' id='word_1_270' title='bbox 1959 1970 2041 2018; x_wconf 78' lang='lat' dir='ltr'><strong>est</strong></span> 
     </span>
    </p>
   </div>
   <div class='ocr_carea' id='block_1_36' title="bbox 469 2054 2041 2131">
    <p class='ocr_par' dir='ltr' id='par_1_36' title="bbox 469 2054 2041 2131">
     <span class='ocr_line' id='line_1_36' title="bbox 469 2054 2041 2131; baseline -0.006 -15"><span class='ocrx_word' id='word_1_271' title='bbox 469 2059 744 2131; x_wconf 88' lang='lat' dir='ltr'><strong>cogitare:</strong></span> <span class='ocrx_word' id='word_1_272' title='bbox 777 2057 920 2127; x_wconf 90' lang='lat' dir='ltr'><strong>quod</strong></span> <span class='ocrx_word' id='word_1_273' title='bbox 951 2055 1156 2110; x_wconf 90' lang='lat' dir='ltr'><strong>scilicet</strong></span> <span class='ocrx_word' id='word_1_274' title='bbox 1195 2054 1334 2109; x_wconf 87' lang='lat' dir='ltr'><strong>Esau</strong></span> <span class='ocrx_word' id='word_1_275' title='bbox 1375 2060 1559 2125; x_wconf 86' lang='lat' dir='ltr'><strong>postea</strong></span> <span class='ocrx_word' id='word_1_276' title='bbox 1588 2068 1747 2121; x_wconf 89' lang='lat' dir='ltr'><strong>quam</strong></span> <span class='ocrx_word' id='word_1_277' title='bbox 1779 2055 1833 2106; x_wconf 92' lang='lat' dir='ltr'><strong>in</strong></span> <span class='ocrx_word' id='word_1_278' title='bbox 1865 2054 2041 2109; x_wconf 77' lang='lat' dir='ltr'><strong>Meso-</strong></span> 
     </span>
    </p>
   </div>
   <div class='ocr_carea' id='block_1_37' title="bbox 467 2143 2041 2221">
    <p class='ocr_par' dir='ltr' id='par_1_37' title="bbox 467 2143 2041 2221">
     <span class='ocr_line' id='line_1_37' title="bbox 467 2143 2041 2221; baseline -0.004 -16"><span class='ocrx_word' id='word_1_279' title='bbox 467 2150 763 2221; x_wconf 87' lang='lat' dir='ltr'><strong>potamiam</strong></span> <span class='ocrx_word' id='word_1_280' title='bbox 789 2147 956 2202; x_wconf 80' lang='lat' dir='ltr'><strong>frater</strong></span> <span class='ocrx_word' id='word_1_281' title='bbox 983 2144 1099 2213; x_wconf 89' lang='lat' dir='ltr'><strong>ejus</strong></span> <span class='ocrx_word' id='word_1_282' title='bbox 1127 2146 1406 2210; x_wconf 84' lang='lat' dir='ltr'><strong>abscessit,</strong></span> <span class='ocrx_word' id='word_1_283' title='bbox 1433 2143 1607 2200; x_wconf 83' lang='lat' dir='ltr'><strong>noluit</strong></span> <span class='ocrx_word' id='word_1_284' title='bbox 1644 2143 1888 2200; x_wconf 82' lang='lat' dir='ltr'><strong>habitare</strong></span> <span class='ocrx_word' id='word_1_285' title='bbox 1915 2161 2041 2200; x_wconf 77' lang='lat' dir='ltr'><strong>cum</strong></span> 
     </span>
    </p>
   </div>
   <div class='ocr_carea' id='block_1_38' title="bbox 467 2235 2043 2311">
    <p class='ocr_par' dir='ltr' id='par_1_38' title="bbox 467 2235 2043 2311">
     <span class='ocr_line' id='line_1_38' title="bbox 467 2235 2043 2311; baseline -0.003 -17"><span class='ocrx_word' id='word_1_286' title='bbox 467 2239 779 2311; x_wconf 82' lang='lat' dir='ltr'><strong>parentibus</strong></span> <span class='ocrx_word' id='word_1_287' title='bbox 805 2238 937 2300; x_wconf 87' lang='lat' dir='ltr'><strong>suis,</strong></span> <span class='ocrx_word' id='word_1_288' title='bbox 962 2236 1077 2290; x_wconf 80' lang='lat' dir='ltr'><strong>sive</strong></span> <span class='ocrx_word' id='word_1_289' title='bbox 1102 2252 1167 2288; x_wconf 81' lang='lat' dir='ltr'><strong>ex</strong></span> <span class='ocrx_word' id='word_1_290' title='bbox 1199 2235 1289 2289; x_wconf 89' lang='lat' dir='ltr'><strong>illa</strong></span> <span class='ocrx_word' id='word_1_291' title='bbox 1315 2237 1674 2292; x_wconf 86' lang='lat' dir='ltr'><strong>commotione</strong></span> <span class='ocrx_word' id='word_1_292' title='bbox 1698 2251 1801 2305; x_wconf 90' lang='lat' dir='ltr'><strong>qua</strong></span> <span class='ocrx_word' id='word_1_293' title='bbox 1830 2236 2043 2290; x_wconf 75' lang='lat' dir='ltr'><strong>dolebat</strong></span> 
     </span>
    </p>
   </div>
   <div class='ocr_carea' id='block_1_39' title="bbox 469 2325 2042 2396">
    <p class='ocr_par' dir='ltr' id='par_1_39' title="bbox 469 2325 2042 2396">
     <span class='ocr_line' id='line_1_39' title="bbox 469 2325 2042 2396; baseline -0.004 -10"><span class='ocrx_word' id='word_1_294' title='bbox 469 2345 528 2385; x_wconf 85' lang='lat' dir='ltr'><strong>se</strong></span> <span class='ocrx_word' id='word_1_295' title='bbox 555 2328 928 2385; x_wconf 86' lang='lat' dir='ltr'><strong>benedictione</strong></span> <span class='ocrx_word' id='word_1_296' title='bbox 951 2326 1275 2389; x_wconf 86' lang='lat' dir='ltr'><strong>fraudatum,</strong></span> <span class='ocrx_word' id='word_1_297' title='bbox 1293 2326 1407 2380; x_wconf 82' lang='lat' dir='ltr'><strong>sive</strong></span> <span class='ocrx_word' id='word_1_298' title='bbox 1434 2325 1613 2396; x_wconf 89' lang='lat' dir='ltr'><strong>aliqua</strong></span> <span class='ocrx_word' id='word_1_299' title='bbox 1643 2341 1804 2381; x_wconf 88' lang='lat' dir='ltr'><strong>causa</strong></span> <span class='ocrx_word' id='word_1_300' title='bbox 1836 2342 1930 2381; x_wconf 89' lang='lat' dir='ltr'><strong>sua</strong></span> <span class='ocrx_word' id='word_1_301' title='bbox 1962 2326 2042 2379; x_wconf 83' lang='lat' dir='ltr'><strong>vel</strong></span> 
     </span>
    </p>
   </div>
   <div class='ocr_carea' id='block_1_40' title="bbox 471 2410 2042 2491">
    <p class='ocr_par' dir='ltr' id='par_1_40' title="bbox 471 2410 2042 2491">
     <span class='ocr_line' id='line_1_40' title="bbox 471 2410 2042 2491; baseline -0.004 -15"><span class='ocrx_word' id='word_1_302' title='bbox 471 2435 697 2476; x_wconf 79' lang='lat' dir='ltr'><strong>uxorum</strong></span> <span class='ocrx_word' id='word_1_303' title='bbox 723 2433 941 2475; x_wconf 87' lang='lat' dir='ltr'><strong>suarum</strong></span> <span class='ocrx_word' id='word_1_304' title='bbox 959 2456 974 2481; x_wconf 90' lang='lat'><strong>,</strong></span> <span class='ocrx_word' id='word_1_305' title='bbox 1012 2432 1150 2488; x_wconf 87' lang='lat' dir='ltr'><strong>quas</strong></span> <span class='ocrx_word' id='word_1_306' title='bbox 1175 2417 1390 2473; x_wconf 88' lang='lat' dir='ltr'><strong>odiosas</strong></span> <span class='ocrx_word' id='word_1_307' title='bbox 1419 2416 1632 2472; x_wconf 82' lang='lat' dir='ltr'><strong>videbat</strong></span> <span class='ocrx_word' id='word_1_308' title='bbox 1659 2410 1787 2491; x_wconf 36' lang='lat' dir='ltr'><strong>esse:</strong></span> <span class='ocrx_word' id='word_1_309' title='bbox 1807 2417 2042 2486; x_wconf 87' lang='lat' dir='ltr'><strong>parenti-</strong></span> 
     </span>
    </p>
   </div>
   <div class='ocr_carea' id='block_1_41' title="bbox 468 2506 2043 2579">
    <p class='ocr_par' dir='ltr' id='par_1_41' title="bbox 468 2506 2043 2579">
     <span class='ocr_line' id='line_1_41' title="bbox 468 2506 2043 2579; baseline -0.003 -14"><span class='ocrx_word' id='word_1_310' title='bbox 468 2511 589 2576; x_wconf 83' lang='lat' dir='ltr'><strong>bus,</strong></span> <span class='ocrx_word' id='word_1_311' title='bbox 618 2508 702 2564; x_wconf 86' lang='lat' dir='ltr'><strong>vel</strong></span> <span class='ocrx_word' id='word_1_312' title='bbox 730 2508 962 2579; x_wconf 79' lang='lat' dir='ltr'><strong>qualiter</strong></span> <span class='ocrx_word' id='word_1_313' title='bbox 993 2507 1119 2570; x_wconf 87' lang='lat' dir='ltr'><strong>alia,</strong></span> <span class='ocrx_word' id='word_1_314' title='bbox 1150 2517 1204 2561; x_wconf 92' lang='lat' dir='ltr'><strong>et</strong></span> <span class='ocrx_word' id='word_1_315' title='bbox 1236 2513 1476 2576; x_wconf 71' lang='lat' dir='ltr'><strong>cmperat</strong></span> <span class='ocrx_word' id='word_1_316' title='bbox 1500 2506 1745 2561; x_wconf 87' lang='lat' dir='ltr'><strong>habitare</strong></span> <span class='ocrx_word' id='word_1_317' title='bbox 1775 2506 1830 2560; x_wconf 91' lang='lat' dir='ltr'><strong>in</strong></span> <span class='ocrx_word' id='word_1_318' title='bbox 1860 2515 2043 2561; x_wconf 88' lang='lat' dir='ltr'><strong>monte</strong></span> 
     </span>
    </p>
   </div>
   <div class='ocr_carea' id='block_1_42' title="bbox 471 2592 2041 2667">
    <p class='ocr_par' dir='ltr' id='par_1_42' title="bbox 471 2592 2041 2667">
     <span class='ocr_line' id='line_1_42' title="bbox 471 2592 2041 2667; baseline -0.005 -13"><span class='ocrx_word' id='word_1_319' title='bbox 471 2598 611 2655; x_wconf 87' lang='lat' dir='ltr'><strong>Seir.</strong></span> <span class='ocrx_word' id='word_1_320' title='bbox 659 2596 861 2652; x_wconf 84' lang='lat' dir='ltr'><strong>Deinde</strong></span> <span class='ocrx_word' id='word_1_321' title='bbox 900 2603 1025 2667; x_wconf 90' lang='lat' dir='ltr'><strong>post</strong></span> <span class='ocrx_word' id='word_1_322' title='bbox 1065 2595 1295 2651; x_wconf 81' lang='lat' dir='ltr'><strong>reditum</strong></span> <span class='ocrx_word' id='word_1_323' title='bbox 1321 2593 1489 2650; x_wconf 89' lang='lat' dir='ltr'><strong>Iacob</strong></span> <span class='ocrx_word' id='word_1_324' title='bbox 1512 2593 1702 2649; x_wconf 84' lang='lat' dir='ltr'><strong>fratris</strong></span> <span class='ocrx_word' id='word_1_325' title='bbox 1731 2593 1846 2660; x_wconf 90' lang='lat' dir='ltr'><strong>sui,</strong></span> <span class='ocrx_word' id='word_1_326' title='bbox 1899 2592 2041 2647; x_wconf 86' lang='lat' dir='ltr'><strong>facta</strong></span> 
     </span>
    </p>
   </div>
   <div class='ocr_carea' id='block_1_43' title="bbox 468 2683 2040 2753">
    <p class='ocr_par' dir='ltr' id='par_1_43' title="bbox 468 2683 2040 2753">
     <span class='ocr_line' id='line_1_43' title="bbox 468 2683 2040 2753; baseline -0.003 -11"><span class='ocrx_word' id='word_1_327' title='bbox 468 2688 611 2745; x_wconf 85' lang='lat' dir='ltr'><strong>inter</strong></span> <span class='ocrx_word' id='word_1_328' title='bbox 636 2703 731 2743; x_wconf 89' lang='lat' dir='ltr'><strong>eos</strong></span> <span class='ocrx_word' id='word_1_329' title='bbox 770 2687 1090 2750; x_wconf 84' lang='lat' dir='ltr'><strong>concordia,</strong></span> <span class='ocrx_word' id='word_1_330' title='bbox 1134 2700 1385 2741; x_wconf 84' lang='lat' dir='ltr'><strong>reversus</strong></span> <span class='ocrx_word' id='word_1_331' title='bbox 1410 2691 1497 2740; x_wconf 89' lang='lat' dir='ltr'><strong>est</strong></span> <span class='ocrx_word' id='word_1_332' title='bbox 1525 2692 1581 2740; x_wconf 90' lang='lat' dir='ltr'><strong>et</strong></span> <span class='ocrx_word' id='word_1_333' title='bbox 1609 2684 1723 2753; x_wconf 86' lang='lat' dir='ltr'><strong>ipse</strong></span> <span class='ocrx_word' id='word_1_334' title='bbox 1749 2683 1815 2737; x_wconf 89' lang='lat' dir='ltr'><strong>ad</strong></span> <span class='ocrx_word' id='word_1_335' title='bbox 1843 2699 2040 2753; x_wconf 87' lang='lat' dir='ltr'><strong>paren-</strong></span> 
     </span>
    </p>
   </div>
   <div class='ocr_carea' id='block_1_44' title="bbox 468 2775 2042 2848">
    <p class='ocr_par' dir='ltr' id='par_1_44' title="bbox 468 2775 2042 2848">
     <span class='ocr_line' id='line_1_44' title="bbox 468 2775 2042 2848; baseline -0.004 -12"><span class='ocrx_word' id='word_1_336' title='bbox 468 2789 573 2847; x_wconf 83' lang='lat' dir='ltr'><strong>tes,</strong></span> <span class='ocrx_word' id='word_1_337' title='bbox 596 2786 653 2835; x_wconf 77' lang='lat' dir='ltr'><strong>et</strong></span> <span class='ocrx_word' id='word_1_338' title='bbox 672 2793 796 2835; x_wconf 84' lang='lat' dir='ltr'><strong>cum</strong></span> <span class='ocrx_word' id='word_1_339' title='bbox 826 2782 1097 2834; x_wconf 83' lang='lat' dir='ltr'><strong>mortuum</strong></span> <span class='ocrx_word' id='word_1_340' title='bbox 1127 2786 1339 2848; x_wconf 84' lang='lat' dir='ltr'><strong>patrem</strong></span> <span class='ocrx_word' id='word_1_341' title='bbox 1368 2775 1529 2831; x_wconf 87' lang='lat' dir='ltr'><strong>simul</strong></span> <span class='ocrx_word' id='word_1_342' title='bbox 1556 2776 1887 2846; x_wconf 85' lang='lat' dir='ltr'><strong>sepelissent,</strong></span> <span class='ocrx_word' id='word_1_343' title='bbox 1915 2776 2042 2845; x_wconf 83' lang='lat' dir='ltr'><strong>quia</strong></span> 
     </span>
    </p>
   </div>
   <div class='ocr_carea' id='block_1_45' title="bbox 467 2867 2037 2943">
    <p class='ocr_par' dir='ltr' id='par_1_45' title="bbox 467 2867 2037 2943">
     <span class='ocr_line' id='line_1_45' title="bbox 467 2867 2037 2943; baseline -0.004 -14"><span class='ocrx_word' id='word_1_344' title='bbox 467 2885 562 2929; x_wconf 81' lang='lat' dir='ltr'><strong>eos</strong></span> <span class='ocrx_word' id='word_1_345' title='bbox 584 2870 873 2943; x_wconf 85' lang='lat' dir='ltr'><strong>plurimum</strong></span> <span class='ocrx_word' id='word_1_346' title='bbox 908 2871 1110 2925; x_wconf 86' lang='lat' dir='ltr'><strong>ditatos</strong></span> <span class='ocrx_word' id='word_1_347' title='bbox 1140 2877 1287 2925; x_wconf 89' lang='lat' dir='ltr'><strong>terra</strong></span> <span class='ocrx_word' id='word_1_348' title='bbox 1315 2869 1435 2937; x_wconf 91' lang='lat' dir='ltr'><strong>illa,</strong></span> <span class='ocrx_word' id='word_1_349' title='bbox 1469 2869 1609 2925; x_wconf 88' lang='lat' dir='ltr'><strong>sicut</strong></span> <span class='ocrx_word' id='word_1_350' title='bbox 1636 2867 1895 2938; x_wconf 89' lang='lat' dir='ltr'><strong>scriptum</strong></span> <span class='ocrx_word' id='word_1_351' title='bbox 1923 2878 2037 2934; x_wconf 84' lang='lat' dir='ltr'><strong>est,</strong></span> 
     </span>
    </p>
   </div>
   <div class='ocr_carea' id='block_1_46' title="bbox 468 2957 2040 3031">
    <p class='ocr_par' dir='ltr' id='par_1_46' title="bbox 468 2957 2040 3031">
     <span class='ocr_line' id='line_1_46' title="bbox 468 2957 2040 3031; baseline -0.003 -13"><span class='ocrx_word' id='word_1_352' title='bbox 468 2964 695 3019; x_wconf 78' lang='lat' dir='ltr'><strong>minimc</strong></span> <span class='ocrx_word' id='word_1_353' title='bbox 728 2963 976 3031; x_wconf 84' lang='lat' dir='ltr'><strong>capiebat</strong></span> <span class='ocrx_word' id='word_1_354' title='bbox 996 2961 1328 3028; x_wconf 8' lang='lat' dir='ltr'><strong>,iabscessit</strong></span> <span class='ocrx_word' id='word_1_355' title='bbox 1363 2974 1554 3015; x_wconf 88' lang='lat' dir='ltr'><strong>rursus</strong></span> <span class='ocrx_word' id='word_1_356' title='bbox 1588 2959 1642 3013; x_wconf 92' lang='lat' dir='ltr'><strong>in</strong></span> <span class='ocrx_word' id='word_1_357' title='bbox 1675 2957 1816 3024; x_wconf 88' lang='lat' dir='ltr'><strong>Seir,</strong></span> <span class='ocrx_word' id='word_1_358' title='bbox 1865 2966 1922 3013; x_wconf 90' lang='lat' dir='ltr'><strong>et</strong></span> <span class='ocrx_word' id='word_1_359' title='bbox 1967 2958 2040 3014; x_wconf 85' lang='lat' dir='ltr'><strong>ibi</strong></span> 
     </span>
    </p>
   </div>
   <div class='ocr_carea' id='block_1_47' title="bbox 464 3050 1423 3125">
    <p class='ocr_par' dir='ltr' id='par_1_47' title="bbox 464 3050 1423 3125">
     <span class='ocr_line' id='line_1_47' title="bbox 464 3050 1423 3125; baseline -0.005 -17"><span class='ocrx_word' id='word_1_360' title='bbox 464 3053 781 3125; x_wconf 73' lang='lat' dir='ltr'><strong>propagavit</strong></span> <span class='ocrx_word' id='word_1_361' title='bbox 807 3060 1021 3122; x_wconf 79' lang='lat' dir='ltr'><strong>gentem</strong></span> <span class='ocrx_word' id='word_1_362' title='bbox 1048 3050 1423 3107; x_wconf 70' lang='lat' dir='ltr'><strong>ldummorum.</strong></span> 
     </span>
    </p>
   </div>
   <div class='ocr_carea' id='block_1_48' title="bbox 2146 1868 3715 1929">
    <p class='ocr_par' dir='ltr' id='par_1_48' title="bbox 2146 1868 3715 1929">
     <span class='ocr_line' id='line_1_48' title="bbox 2146 1868 3715 1929; baseline 0.004 -7"><span class='ocrx_word' id='word_1_363' title='bbox 2146 1876 2205 1922; x_wconf 89' lang='lat' dir='ltr'><strong>ut</strong></span> <span class='ocrx_word' id='word_1_364' title='bbox 2247 1868 2515 1923; x_wconf 90' lang='lat' dir='ltr'><strong>mulorum</strong></span> <span class='ocrx_word' id='word_1_365' title='bbox 2567 1869 2691 1925; x_wconf 87' lang='lat' dir='ltr'><strong>inde</strong></span> <span class='ocrx_word' id='word_1_366' title='bbox 2737 1885 2876 1925; x_wconf 84' lang='lat' dir='ltr'><strong>nova</strong></span> <span class='ocrx_word' id='word_1_367' title='bbox 2922 1880 3113 1927; x_wconf 86' lang='lat' dir='ltr'><strong>contra</strong></span> <span class='ocrx_word' id='word_1_368' title='bbox 3164 1879 3413 1927; x_wconf 83' lang='lat' dir='ltr'><strong>naturam</strong></span> <span class='ocrx_word' id='word_1_369' title='bbox 3462 1873 3715 1929; x_wconf 82' lang='lat' dir='ltr'><strong>animalia</strong></span> 
     </span>
    </p>
   </div>
   <div class='ocr_carea' id='block_1_49' title="bbox 2145 1959 3715 2034">
    <p class='ocr_par' dir='ltr' id='par_1_49' title="bbox 2145 1959 3715 2034">
     <span class='ocr_line' id='line_1_49' title="bbox 2145 1959 3715 2034; baseline 0.005 -23"><span class='ocrx_word' id='word_1_370' title='bbox 2145 1969 2515 2015; x_wconf 77' lang='lat' dir='ltr'><strong>nascerentur.</strong></span> <span class='ocrx_word' id='word_1_371' title='bbox 2548 1959 2740 2030; x_wconf 84' lang='lat' dir='ltr'><strong>Aquila</strong></span> <span class='ocrx_word' id='word_1_372' title='bbox 2769 1960 2914 2016; x_wconf 87' lang='lat' dir='ltr'><strong>hunc</strong></span> <span class='ocrx_word' id='word_1_373' title='bbox 2938 1960 3116 2016; x_wconf 89' lang='lat' dir='ltr'><strong>locum</strong></span> <span class='ocrx_word' id='word_1_374' title='bbox 3146 1961 3222 2015; x_wconf 87' lang='lat' dir='ltr'><strong>ita</strong></span> <span class='ocrx_word' id='word_1_375' title='bbox 3253 1961 3563 2018; x_wconf 80' lang='lat' dir='ltr'><strong>transtulit:</strong></span> <span class='ocrx_word' id='word_1_376' title='bbox 3593 1963 3715 2034; x_wconf 71' lang='lat' dir='ltr'><strong>Ipse</strong></span> 
     </span>
    </p>
   </div>
   <div class='ocr_carea' id='block_1_50' title="bbox 2145 2047 3716 2123">
    <p class='ocr_par' dir='ltr' id='par_1_50' title="bbox 2145 2047 3716 2123">
     <span class='ocr_line' id='line_1_50' title="bbox 2145 2047 3716 2123; baseline 0.007 -22"><span class='ocrx_word' id='word_1_377' title='bbox 2145 2057 2221 2101; x_wconf 79' lang='lat' dir='ltr'><strong>cst</strong></span> <span class='ocrx_word' id='word_1_378' title='bbox 2248 2047 2396 2113; x_wconf 82' lang='lat' dir='ltr'><strong>Ana,</strong></span> <span class='ocrx_word' id='word_1_379' title='bbox 2434 2048 2523 2118; x_wconf 86' lang='lat' dir='ltr'><strong>qui</strong></span> <span class='ocrx_word' id='word_1_380' title='bbox 2552 2049 2742 2104; x_wconf 73' lang='lat' dir='ltr'><strong>invenit</strong></span> <span class='ocrx_word' id='word_1_381' title='bbox 2774 2053 2869 2106; x_wconf 73' lang='grc' dir='ltr'><strong>σὺν</strong></span> <span class='ocrx_word' id='word_1_382' title='bbox 2890 2057 2981 2106; x_wconf 81' lang='grc' dir='ltr'><strong>τοῦ</strong></span> <span class='ocrx_word' id='word_1_383' title='bbox 3006 2050 3208 2123; x_wconf 73' lang='grc' dir='ltr'><strong>σιμιῖμ.</strong></span> <span class='ocrx_word' id='word_1_384' title='bbox 3258 2051 3328 2107; x_wconf 86' lang='grc' dir='ltr'><strong>Ει</strong></span> <span class='ocrx_word' id='word_1_385' title='bbox 3360 2051 3716 2123; x_wconf 80' lang='lat' dir='ltr'><strong>Symmachus</strong></span> 
     </span>
    </p>
   </div>
   <div class='ocr_carea' id='block_1_51' title="bbox 2146 2140 3716 2217">
    <p class='ocr_par' dir='ltr' id='par_1_51' title="bbox 2146 2140 3716 2217">
     <span class='ocr_line' id='line_1_51' title="bbox 2146 2140 3716 2217; baseline 0.004 -22"><span class='ocrx_word' id='word_1_386' title='bbox 2146 2140 2395 2195; x_wconf 87' lang='lat' dir='ltr'><strong>similiter</strong></span> <span class='ocrx_word' id='word_1_387' title='bbox 2419 2158 2431 2195; x_wconf 91' lang='lat'><strong>:</strong></span> <span class='ocrx_word' id='word_1_388' title='bbox 2461 2141 2565 2208; x_wconf 84' lang='lat' dir='ltr'><strong>Qui</strong></span> <span class='ocrx_word' id='word_1_389' title='bbox 2590 2142 2779 2197; x_wconf 81' lang='lat' dir='ltr'><strong>invenit</strong></span> <span class='ocrx_word' id='word_1_390' title='bbox 2806 2146 2929 2205; x_wconf 67' lang='grc' dir='ltr'><strong>τοὺς</strong></span> <span class='ocrx_word' id='word_1_391' title='bbox 2953 2143 3151 2217; x_wconf 61' lang='grc' dir='ltr'><strong>σιμετμ.</strong></span> <span class='ocrx_word' id='word_1_392' title='bbox 3193 2144 3323 2212; x_wconf 72' lang='lat' dir='ltr'><strong>Qua:</strong></span> <span class='ocrx_word' id='word_1_393' title='bbox 3344 2146 3716 2215; x_wconf 78' lang='lat' dir='ltr'><strong>interpretatio</strong></span> 
     </span>
    </p>
   </div>
   <div class='ocr_carea' id='block_1_52' title="bbox 2143 2232 3717 2308">
    <p class='ocr_par' dir='ltr' id='par_1_52' title="bbox 2143 2232 3717 2308">
     <span class='ocr_line' id='line_1_52' title="bbox 2143 2232 3717 2308; baseline 0.007 -24"><span class='ocrx_word' id='word_1_394' title='bbox 2143 2232 2405 2301; x_wconf 86' lang='lat' dir='ltr'><strong>pluralem</strong></span> <span class='ocrx_word' id='word_1_395' title='bbox 2436 2249 2715 2291; x_wconf 83' lang='lat' dir='ltr'><strong>numerum</strong></span> <span class='ocrx_word' id='word_1_396' title='bbox 2755 2235 3044 2304; x_wconf 83' lang='lat' dir='ltr'><strong>signiﬁcat.</strong></span> <span class='ocrx_word' id='word_1_397' title='bbox 3099 2235 3449 2308; x_wconf 72' lang='lat' dir='ltr'><strong>Septuaginta</strong></span> <span class='ocrx_word' id='word_1_398' title='bbox 3490 2254 3622 2295; x_wconf 82' lang='lat' dir='ltr'><strong>vero</strong></span> <span class='ocrx_word' id='word_1_399' title='bbox 3664 2249 3717 2295; x_wconf 89' lang='lat' dir='ltr'><strong>et</strong></span> 
     </span>
    </p>
   </div>
   <div class='ocr_carea' id='block_1_53' title="bbox 2146 2321 3713 2394">
    <p class='ocr_par' dir='ltr' id='par_1_53' title="bbox 2146 2321 3713 2394">
     <span class='ocr_line' id='line_1_53' title="bbox 2146 2321 3713 2394; baseline 0.007 -19"><span class='ocrx_word' id='word_1_400' title='bbox 2146 2321 2481 2378; x_wconf 85' lang='lat' dir='ltr'><strong>Theodotion</strong></span> <span class='ocrx_word' id='word_1_401' title='bbox 2526 2325 2806 2394; x_wconf 70' lang='lat' dir='ltr'><strong>aequaliter</strong></span> <span class='ocrx_word' id='word_1_402' title='bbox 2852 2326 3247 2383; x_wconf 84' lang='lat' dir='ltr'><strong>transtulerunt</strong></span> <span class='ocrx_word' id='word_1_403' title='bbox 3293 2328 3583 2389; x_wconf 77' lang='lat' dir='ltr'><strong>dicentes:</strong></span> <span class='ocrx_word' id='word_1_404' title='bbox 3632 2332 3713 2386; x_wconf 69' lang='lat' dir='ltr'><strong>riu</strong></span> 
     </span>
    </p>
   </div>
   <div class='ocr_carea' id='block_1_54' title="bbox 2144 2413 3415 2489">
    <p class='ocr_par' dir='ltr' id='par_1_54' title="bbox 2144 2413 3415 2489">
     <span class='ocr_line' id='line_1_54' title="bbox 2144 2413 3415 2489; baseline 0.006 -22"><span class='ocrx_word' id='word_1_405' title='bbox 2144 2415 2325 2485; x_wconf 63' lang='lat' dir='ltr'><strong>lapsis,</strong></span> <span class='ocrx_word' id='word_1_406' title='bbox 2356 2413 2499 2483; x_wconf 87' lang='lat' dir='ltr'><strong>quod</strong></span> <span class='ocrx_word' id='word_1_407' title='bbox 2526 2415 2733 2471; x_wconf 88' lang='lat' dir='ltr'><strong>indicat</strong></span> <span class='ocrx_word' id='word_1_408' title='bbox 2754 2432 3038 2472; x_wconf 77' lang='lat' dir='ltr'><strong>numerum</strong></span> <span class='ocrx_word' id='word_1_409' title='bbox 3067 2418 3415 2489; x_wconf 69' lang='lat' dir='ltr'><strong>singularem.</strong></span> 
     </span>
    </p>
   </div>
   <div class='ocr_carea' id='block_1_55' title="bbox 2215 2500 3715 2579">
    <p class='ocr_par' dir='ltr' id='par_1_55' title="bbox 2215 2500 3715 2579">
     <span class='ocr_line' id='line_1_55' title="bbox 2215 2500 3715 2579; baseline 0.007 -24"><span class='ocrx_word' id='word_1_410' title='bbox 2215 2500 2380 2573; x_wconf 79' lang='lat' dir='ltr'><strong>Reges</strong></span> <span class='ocrx_word' id='word_1_411' title='bbox 2422 2513 2597 2565; x_wconf 84' lang='lat' dir='ltr'><strong>autem</strong></span> <span class='ocrx_word' id='word_1_412' title='bbox 2653 2507 2743 2575; x_wconf 79' lang='lat' dir='ltr'><strong>qui</strong></span> <span class='ocrx_word' id='word_1_413' title='bbox 2806 2518 3149 2579; x_wconf 82' lang='lat' dir='ltr'><strong>regnaverunt</strong></span> <span class='ocrx_word' id='word_1_414' title='bbox 3209 2510 3265 2562; x_wconf 86' lang='lat' dir='ltr'><strong>in</strong></span> <span class='ocrx_word' id='word_1_415' title='bbox 3324 2520 3465 2564; x_wconf 77' lang='lat' dir='ltr'><strong>terra</strong></span> <span class='ocrx_word' id='word_1_416' title='bbox 3508 2510 3715 2576; x_wconf 83' lang='lat' dir='ltr'><strong>Edam,</strong></span> 
     </span>
    </p>
   </div>
   <div class='ocr_carea' id='block_1_56' title="bbox 2144 2596 3717 2679">
    <p class='ocr_par' dir='ltr' id='par_1_56' title="bbox 2144 2596 3717 2679">
     <span class='ocr_line' id='line_1_56' title="bbox 2144 2596 3717 2679; baseline 0.008 -33"><span class='ocrx_word' id='word_1_417' title='bbox 2144 2604 2447 2679; x_wconf 25' lang='lat' dir='ltr'><strong>antequam&#39;</strong></span> <span class='ocrx_word' id='word_1_418' title='bbox 2475 2596 2721 2652; x_wconf 80' lang='lat' dir='ltr'><strong>haberent</strong></span> <span class='ocrx_word' id='word_1_419' title='bbox 2776 2615 2943 2669; x_wconf 81' lang='lat' dir='ltr'><strong>regem</strong></span> <span class='ocrx_word' id='word_1_420' title='bbox 2993 2599 3095 2669; x_wconf 78' lang='lat' dir='ltr'><strong>ﬁlii</strong></span> <span class='ocrx_word' id='word_1_421' title='bbox 3138 2600 3305 2655; x_wconf 74' lang='lat' dir='ltr'><strong>Israel</strong></span> <span class='ocrx_word' id='word_1_422' title='bbox 3362 2602 3579 2671; x_wconf 79' lang='lat' dir='ltr'><strong>fuerunt</strong></span> <span class='ocrx_word' id='word_1_423' title='bbox 3620 2605 3717 2659; x_wconf 80' lang='lat' dir='ltr'><strong>Iri:</strong></span> 
     </span>
    </p>
   </div>
   <div class='ocr_carea' id='block_1_57' title="bbox 2141 2689 3720 2765">
    <p class='ocr_par' dir='ltr' id='par_1_57' title="bbox 2141 2689 3720 2765">
     <span class='ocr_line' id='line_1_57' title="bbox 2141 2689 3720 2765; baseline 0.006 -22"><span class='ocrx_word' id='word_1_424' title='bbox 2141 2689 2272 2745; x_wconf 83' lang='lat' dir='ltr'><strong>Bela</strong></span> <span class='ocrx_word' id='word_1_425' title='bbox 2314 2691 2457 2759; x_wconf 83' lang='lat' dir='ltr'><strong>ﬁlius</strong></span> <span class='ocrx_word' id='word_1_426' title='bbox 2499 2690 2675 2758; x_wconf 80' lang='lat' dir='ltr'><strong>Beor;</strong></span> <span class='ocrx_word' id='word_1_427' title='bbox 2733 2709 3019 2765; x_wconf 77' lang='lat' dir='ltr'><strong>nomenque</strong></span> <span class='ocrx_word' id='word_1_428' title='bbox 3071 2694 3217 2748; x_wconf 82' lang='lat' dir='ltr'><strong>urbis</strong></span> <span class='ocrx_word' id='word_1_429' title='bbox 3266 2694 3504 2751; x_wconf 77' lang='lat' dir='ltr'><strong>Donabo.</strong></span> <span class='ocrx_word' id='word_1_430' title='bbox 3568 2697 3720 2765; x_wconf 75' lang='lat' dir='ltr'><strong>Quod</strong></span> 
     </span>
    </p>
   </div>
   <div class='ocr_carea' id='block_1_58' title="bbox 2143 2781 3720 2855">
    <p class='ocr_par' dir='ltr' id='par_1_58' title="bbox 2143 2781 3720 2855">
     <span class='ocr_line' id='line_1_58' title="bbox 2143 2781 3720 2855; baseline 0.006 -20"><span class='ocrx_word' id='word_1_431' title='bbox 2143 2781 2404 2851; x_wconf 85' lang='lat' dir='ltr'><strong>scriptum</strong></span> <span class='ocrx_word' id='word_1_432' title='bbox 2436 2791 2554 2837; x_wconf 87' lang='lat' dir='ltr'><strong>est:</strong></span> <span class='ocrx_word' id='word_1_433' title='bbox 2586 2783 2656 2837; x_wconf 87' lang='lat' dir='ltr'><strong>Et</strong></span> <span class='ocrx_word' id='word_1_434' title='bbox 2687 2783 2743 2838; x_wconf 90' lang='lat' dir='ltr'><strong>hi</strong></span> <span class='ocrx_word' id='word_1_435' title='bbox 2775 2797 2929 2855; x_wconf 87' lang='lat' dir='ltr'><strong>reges</strong></span> <span class='ocrx_word' id='word_1_436' title='bbox 2963 2785 3052 2855; x_wconf 84' lang='lat' dir='ltr'><strong>qui</strong></span> <span class='ocrx_word' id='word_1_437' title='bbox 3089 2797 3450 2855; x_wconf 77' lang='lat' dir='ltr'><strong>regnaverunt</strong></span> <span class='ocrx_word' id='word_1_438' title='bbox 3470 2789 3529 2842; x_wconf 89' lang='lat' dir='ltr'><strong>in</strong></span> <span class='ocrx_word' id='word_1_439' title='bbox 3552 2790 3720 2844; x_wconf 76' lang='lat' dir='ltr'><strong>Edam</strong></span> 
     </span>
    </p>
   </div>
   <div class='ocr_carea' id='block_1_59' title="bbox 2143 2875 3722 2948">
    <p class='ocr_par' dir='ltr' id='par_1_59' title="bbox 2143 2875 3722 2948">
     <span class='ocr_line' id='line_1_59' title="bbox 2143 2875 3722 2948; baseline 0.005 -24"><span class='ocrx_word' id='word_1_440' title='bbox 2143 2877 2433 2941; x_wconf 90' lang='lat' dir='ltr'><strong>antequam</strong></span> <span class='ocrx_word' id='word_1_441' title='bbox 2466 2880 2731 2942; x_wconf 75' lang='lat' dir='ltr'><strong>regnaret.</strong></span> <span class='ocrx_word' id='word_1_442' title='bbox 2756 2889 2850 2928; x_wconf 89' lang='lat' dir='ltr'><strong>rex</strong></span> <span class='ocrx_word' id='word_1_443' title='bbox 2891 2875 3158 2940; x_wconf 81' lang='lat' dir='ltr'><strong>inisrael,</strong></span> <span class='ocrx_word' id='word_1_444' title='bbox 3191 2891 3295 2931; x_wconf 80' lang='lat' dir='ltr'><strong>non</strong></span> <span class='ocrx_word' id='word_1_445' title='bbox 3332 2878 3411 2932; x_wconf 88' lang='lat' dir='ltr'><strong>sic</strong></span> <span class='ocrx_word' id='word_1_446' title='bbox 3451 2878 3722 2948; x_wconf 84' lang='lat' dir='ltr'><strong>accipien-</strong></span> 
     </span>
    </p>
   </div>
   <div class='ocr_carea' id='block_1_60' title="bbox 2144 2960 3719 3037">
    <p class='ocr_par' dir='ltr' id='par_1_60' title="bbox 2144 2960 3719 3037">
     <span class='ocr_line' id='line_1_60' title="bbox 2144 2960 3719 3037; baseline 0.004 -21"><span class='ocrx_word' id='word_1_447' title='bbox 2144 2960 2271 3016; x_wconf 85' lang='lat' dir='ltr'><strong>dum</strong></span> <span class='ocrx_word' id='word_1_448' title='bbox 2296 2969 2398 3026; x_wconf 87' lang='lat' dir='ltr'><strong>est,</strong></span> <span class='ocrx_word' id='word_1_449' title='bbox 2426 2969 2680 3030; x_wconf 86' lang='lat' dir='ltr'><strong>tanquam</strong></span> <span class='ocrx_word' id='word_1_450' title='bbox 2715 2977 2902 3018; x_wconf 89' lang='lat' dir='ltr'><strong>omnes</strong></span> <span class='ocrx_word' id='word_1_451' title='bbox 2943 2978 3096 3034; x_wconf 88' lang='lat' dir='ltr'><strong>reges</strong></span> <span class='ocrx_word' id='word_1_452' title='bbox 3122 2965 3387 3020; x_wconf 84' lang='lat' dir='ltr'><strong>nominati</strong></span> <span class='ocrx_word' id='word_1_453' title='bbox 3414 2966 3523 3021; x_wconf 84' lang='lat' dir='ltr'><strong>sint</strong></span> <span class='ocrx_word' id='word_1_454' title='bbox 3550 2982 3719 3037; x_wconf 78' lang='lat' dir='ltr'><strong>usque</strong></span> 
     </span>
    </p>
   </div>
   <div class='ocr_carea' id='block_1_61' title="bbox 2145 3052 3721 3129">
    <p class='ocr_par' dir='ltr' id='par_1_61' title="bbox 2145 3052 3721 3129">
     <span class='ocr_line' id='line_1_61' title="bbox 2145 3052 3721 3129; baseline 0.004 -23"><span class='ocrx_word' id='word_1_455' title='bbox 2145 3052 2212 3106; x_wconf 89' lang='lat' dir='ltr'><strong>ad</strong></span> <span class='ocrx_word' id='word_1_456' title='bbox 2254 3067 2316 3106; x_wconf 88' lang='lat' dir='ltr'><strong>ea</strong></span> <span class='ocrx_word' id='word_1_457' title='bbox 2359 3060 2603 3121; x_wconf 88' lang='lat' dir='ltr'><strong>tempora</strong></span> <span class='ocrx_word' id='word_1_458' title='bbox 2640 3053 2835 3122; x_wconf 81' lang='lat' dir='ltr'><strong>quibus</strong></span> <span class='ocrx_word' id='word_1_459' title='bbox 2868 3064 3151 3124; x_wconf 85' lang='lat' dir='ltr'><strong>coeperunt</strong></span> <span class='ocrx_word' id='word_1_460' title='bbox 3183 3070 3337 3128; x_wconf 83' lang='lat' dir='ltr'><strong>reges</strong></span> <span class='ocrx_word' id='word_1_461' title='bbox 3374 3057 3564 3123; x_wconf 82' lang='lat' dir='ltr'><strong>Israel,</strong></span> <span class='ocrx_word' id='word_1_462' title='bbox 3590 3074 3721 3129; x_wconf 87' lang='lat' dir='ltr'><strong>quo-</strong></span> 
     </span>
    </p>
   </div>
   <div class='ocr_carea' id='block_1_62' title="bbox 536 3133 3719 3215">
    <p class='ocr_par' dir='ltr' id='par_1_62' title="bbox 536 3133 3719 3215">
     <span class='ocr_line' id='line_1_62' title="bbox 536 3133 3719 3215; baseline 0.002 -14"><span class='ocrx_word' id='word_1_463' title='bbox 536 3145 641 3201; x_wconf 81' lang='lat' dir='ltr'><strong>Isti</strong></span> <span class='ocrx_word' id='word_1_464' title='bbox 678 3144 778 3215; x_wconf 76' lang='lat' dir='ltr'><strong>ﬁlii</strong></span> <span class='ocrx_word' id='word_1_465' title='bbox 811 3142 992 3208; x_wconf 79' lang='lat' dir='ltr'><strong>Esau,</strong></span> <span class='ocrx_word' id='word_1_466' title='bbox 1034 3152 1083 3197; x_wconf 81' lang='lat' dir='ltr'><strong>et</strong></span> <span class='ocrx_word' id='word_1_467' title='bbox 1123 3141 1282 3196; x_wconf 82' lang='lat' dir='ltr'><strong>duces</strong></span> <span class='ocrx_word' id='word_1_468' title='bbox 1318 3156 1519 3196; x_wconf 77' lang='lat' dir='ltr'><strong>eorum.</strong></span> <span class='ocrx_word' id='word_1_469' title='bbox 1569 3138 1695 3210; x_wconf 78' lang='lat' dir='ltr'><strong>Ipse</strong></span> <span class='ocrx_word' id='word_1_470' title='bbox 1731 3140 1807 3193; x_wconf 69' lang='lat' dir='ltr'><strong>est</strong></span> <span class='ocrx_word' id='word_1_471' title='bbox 1845 3136 2036 3191; x_wconf 78' lang='lat' dir='ltr'><strong>Edam.</strong></span> <span class='ocrx_word' id='word_1_472' title='bbox 2067 3133 2112 3195; x_wconf 89' lang='lat' dir='ltr'><strong>C</strong></span> <span class='ocrx_word' id='word_1_473' title='bbox 2145 3158 2264 3198; x_wconf 87' lang='lat' dir='ltr'><strong>rum</strong></span> <span class='ocrx_word' id='word_1_474' title='bbox 2310 3144 2520 3215; x_wconf 89' lang='lat' dir='ltr'><strong>primus</strong></span> <span class='ocrx_word' id='word_1_475' title='bbox 2558 3143 2661 3199; x_wconf 92' lang='lat' dir='ltr'><strong>fuit</strong></span> <span class='ocrx_word' id='word_1_476' title='bbox 2701 3144 2851 3200; x_wconf 85' lang='lat' dir='ltr'><strong>Saul.</strong></span> <span class='ocrx_word' id='word_1_477' title='bbox 2900 3145 3050 3209; x_wconf 73' lang='lat' dir='ltr'><strong>Multi</strong></span> <span class='ocrx_word' id='word_1_478' title='bbox 3094 3146 3313 3203; x_wconf 85' lang='lat' dir='ltr'><strong>fuerunt</strong></span> <span class='ocrx_word' id='word_1_479' title='bbox 3351 3150 3496 3205; x_wconf 86' lang='lat' dir='ltr'><strong>enim</strong></span> <span class='ocrx_word' id='word_1_480' title='bbox 3535 3151 3595 3206; x_wconf 87' lang='lat' dir='ltr'><strong>in</strong></span> <span class='ocrx_word' id='word_1_481' title='bbox 3627 3166 3719 3206; x_wconf 85' lang='lat' dir='ltr'><strong>eo-</strong></span> 
     </span>
    </p>
   </div>
   <div class='ocr_carea' id='block_1_63' title="bbox 467 3227 2040 3303">
    <p class='ocr_par' dir='ltr' id='par_1_63' title="bbox 467 3227 2040 3303">
     <span class='ocr_line' id='line_1_63' title="bbox 467 3227 2040 3303; baseline -0.006 -13"><span class='ocrx_word' id='word_1_482' title='bbox 467 3236 569 3291; x_wconf 76' lang='lat' dir='ltr'><strong>Isti</strong></span> <span class='ocrx_word' id='word_1_483' title='bbox 611 3233 712 3303; x_wconf 76' lang='lat' dir='ltr'><strong>lilii</strong></span> <span class='ocrx_word' id='word_1_484' title='bbox 760 3231 884 3288; x_wconf 75' lang='lat' dir='ltr'><strong>Soir</strong></span> <span class='ocrx_word' id='word_1_485' title='bbox 910 3231 1122 3286; x_wconf 75' lang='lat' dir='ltr'><strong>Hormi</strong></span> <span class='ocrx_word' id='word_1_486' title='bbox 1162 3231 1481 3285; x_wconf 80' lang='lat' dir='ltr'><strong>habitatores</strong></span> <span class='ocrx_word' id='word_1_487' title='bbox 1521 3240 1694 3285; x_wconf 73' lang='lat' dir='ltr'><strong>term.</strong></span> <span class='ocrx_word' id='word_1_488' title='bbox 1753 3227 1954 3293; x_wconf 83' lang='lat' dir='ltr'><strong>Lotan,</strong></span> <span class='ocrx_word' id='word_1_489' title='bbox 1994 3235 2040 3281; x_wconf 88' lang='lat' dir='ltr'><strong>et</strong></span> 
     </span>
    </p>
   </div>
   <div class='ocr_carea' id='block_1_64' title="bbox 469 3316 2040 3390">
    <p class='ocr_par' dir='ltr' id='par_1_64' title="bbox 469 3316 2040 3390">
     <span class='ocr_line' id='line_1_64' title="bbox 469 3316 2040 3390; baseline -0.007 -10"><span class='ocrx_word' id='word_1_490' title='bbox 469 3323 661 3390; x_wconf 78' lang='lat' dir='ltr'><strong>Sobal,</strong></span> <span class='ocrx_word' id='word_1_491' title='bbox 694 3332 743 3378; x_wconf 81' lang='lat' dir='ltr'><strong>et</strong></span> <span class='ocrx_word' id='word_1_492' title='bbox 782 3320 1003 3388; x_wconf 79' lang='lat' dir='ltr'><strong>Sebeon,</strong></span> <span class='ocrx_word' id='word_1_493' title='bbox 1044 3330 1091 3376; x_wconf 79' lang='lat' dir='ltr'><strong>et</strong></span> <span class='ocrx_word' id='word_1_494' title='bbox 1119 3320 1257 3386; x_wconf 76' lang='lat' dir='ltr'><strong>Ana,</strong></span> <span class='ocrx_word' id='word_1_495' title='bbox 1282 3319 1455 3375; x_wconf 82' lang='lat' dir='ltr'><strong>Dison</strong></span> <span class='ocrx_word' id='word_1_496' title='bbox 1491 3329 1540 3374; x_wconf 84' lang='lat' dir='ltr'><strong>et</strong></span> <span class='ocrx_word' id='word_1_497' title='bbox 1580 3318 1735 3384; x_wconf 78' lang='lat' dir='ltr'><strong>Eser,</strong></span> <span class='ocrx_word' id='word_1_498' title='bbox 1778 3326 1825 3371; x_wconf 84' lang='lat' dir='ltr'><strong>et</strong></span> <span class='ocrx_word' id='word_1_499' title='bbox 1854 3316 2040 3371; x_wconf 82' lang='lat' dir='ltr'><strong>Disan.</strong></span> 
     </span>
    </p>
   </div>
   <div class='ocr_carea' id='block_1_65' title="bbox 469 3411 2043 3486">
    <p class='ocr_par' dir='ltr' id='par_1_65' title="bbox 469 3411 2043 3486">
     <span class='ocr_line' id='line_1_65' title="bbox 469 3411 2043 3486; baseline -0.007 -11"><span class='ocrx_word' id='word_1_500' title='bbox 469 3420 645 3486; x_wconf 84' lang='lat' dir='ltr'><strong>Esau,</strong></span> <span class='ocrx_word' id='word_1_501' title='bbox 675 3427 732 3473; x_wconf 90' lang='lat' dir='ltr'><strong>et</strong></span> <span class='ocrx_word' id='word_1_502' title='bbox 757 3418 961 3482; x_wconf 87' lang='lat' dir='ltr'><strong>Edom,</strong></span> <span class='ocrx_word' id='word_1_503' title='bbox 997 3423 1052 3471; x_wconf 88' lang='lat' dir='ltr'><strong>et</strong></span> <span class='ocrx_word' id='word_1_504' title='bbox 1081 3414 1221 3479; x_wconf 86' lang='lat' dir='ltr'><strong>Seir,</strong></span> <span class='ocrx_word' id='word_1_505' title='bbox 1259 3414 1419 3469; x_wconf 87' lang='lat' dir='ltr'><strong>unius</strong></span> <span class='ocrx_word' id='word_1_506' title='bbox 1450 3428 1643 3469; x_wconf 90' lang='lat' dir='ltr'><strong>nomen</strong></span> <span class='ocrx_word' id='word_1_507' title='bbox 1671 3420 1755 3467; x_wconf 90' lang='lat' dir='ltr'><strong>est</strong></span> <span class='ocrx_word' id='word_1_508' title='bbox 1785 3411 2043 3474; x_wconf 85' lang='lat' dir='ltr'><strong>hominis,</strong></span> 
     </span>
    </p>
   </div>
   <div class='ocr_carea' id='block_1_66' title="bbox 466 3499 2045 3580">
    <p class='ocr_par' dir='ltr' id='par_1_66' title="bbox 466 3499 2045 3580">
     <span class='ocr_line' id='line_1_66' title="bbox 466 3499 2045 3580; baseline -0.006 -15"><span class='ocrx_word' id='word_1_509' title='bbox 466 3520 523 3566; x_wconf 83' lang='lat' dir='ltr'><strong>ct</strong></span> <span class='ocrx_word' id='word_1_510' title='bbox 555 3524 723 3580; x_wconf 79' lang='lat' dir='ltr'><strong>quare</strong></span> <span class='ocrx_word' id='word_1_511' title='bbox 747 3509 900 3563; x_wconf 84' lang='lat' dir='ltr'><strong>varie</strong></span> <span class='ocrx_word' id='word_1_512' title='bbox 936 3513 1311 3576; x_wconf 87' lang='lat' dir='ltr'><strong>nuncupentur</strong></span> <span class='ocrx_word' id='word_1_513' title='bbox 1338 3504 1703 3574; x_wconf 87' lang='lat' dir='ltr'><strong>supradictum</strong></span> <span class='ocrx_word' id='word_1_514' title='bbox 1734 3510 1842 3557; x_wconf 89' lang='lat' dir='ltr'><strong>est.</strong></span> <span class='ocrx_word' id='word_1_515' title='bbox 1889 3499 2045 3568; x_wconf 82' lang='lat' dir='ltr'><strong>Quod</strong></span> 
     </span>
    </p>
   </div>
   <div class='ocr_carea' id='block_1_67' title="bbox 465 3594 2044 3670">
    <p class='ocr_par' dir='ltr' id='par_1_67' title="bbox 465 3594 2044 3670">
     <span class='ocr_line' id='line_1_67' title="bbox 465 3594 2044 3670; baseline -0.006 -12"><span class='ocrx_word' id='word_1_516' title='bbox 465 3611 646 3658; x_wconf 87' lang='lat' dir='ltr'><strong>autem</strong></span> <span class='ocrx_word' id='word_1_517' title='bbox 689 3599 950 3670; x_wconf 86' lang='lat' dir='ltr'><strong>sequitur,</strong></span> <span class='ocrx_word' id='word_1_518' title='bbox 999 3605 1054 3652; x_wconf 87' lang='lat' dir='ltr'><strong>et</strong></span> <span class='ocrx_word' id='word_1_519' title='bbox 1100 3595 1305 3651; x_wconf 82' lang='lat' dir='ltr'><strong>Horraci</strong></span> <span class='ocrx_word' id='word_1_520' title='bbox 1353 3594 1660 3649; x_wconf 84' lang='lat' dir='ltr'><strong>habitantes</strong></span> <span class='ocrx_word' id='word_1_521' title='bbox 1703 3600 1940 3659; x_wconf 87' lang='lat' dir='ltr'><strong>terram,</strong></span> <span class='ocrx_word' id='word_1_522' title='bbox 1987 3600 2044 3648; x_wconf 85' lang='lat' dir='ltr'><strong>et</strong></span> 
     </span>
    </p>
   </div>
   <div class='ocr_carea' id='block_1_68' title="bbox 467 3683 2043 3763">
    <p class='ocr_par' dir='ltr' id='par_1_68' title="bbox 467 3683 2043 3763">
     <span class='ocr_line' id='line_1_68' title="bbox 467 3683 2043 3763; baseline -0.006 -14"><span class='ocrx_word' id='word_1_523' title='bbox 467 3692 697 3763; x_wconf 83' lang='lat' dir='ltr'><strong>reliqua.</strong></span> <span class='ocrx_word' id='word_1_524' title='bbox 751 3690 1040 3759; x_wconf 88' lang='lat' dir='ltr'><strong>Postquam</strong></span> <span class='ocrx_word' id='word_1_525' title='bbox 1088 3687 1425 3743; x_wconf 88' lang='lat' dir='ltr'><strong>enumeravit</strong></span> <span class='ocrx_word' id='word_1_526' title='bbox 1471 3685 1609 3741; x_wconf 86' lang='lat' dir='ltr'><strong>ﬁlios</strong></span> <span class='ocrx_word' id='word_1_527' title='bbox 1653 3684 1828 3749; x_wconf 87' lang='lat' dir='ltr'><strong>Esau,</strong></span> <span class='ocrx_word' id='word_1_528' title='bbox 1879 3683 2043 3739; x_wconf 84' lang='lat' dir='ltr'><strong>altius</strong></span> 
     </span>
    </p>
   </div>
   <div class='ocr_carea' id='block_1_69' title="bbox 467 3774 2044 3856">
    <p class='ocr_par' dir='ltr' id='par_1_69' title="bbox 467 3774 2044 3856">
     <span class='ocr_line' id='line_1_69' title="bbox 467 3774 2044 3856; baseline -0.007 -15"><span class='ocrx_word' id='word_1_529' title='bbox 467 3785 664 3856; x_wconf 85' lang='lat' dir='ltr'><strong>repetit</strong></span> <span class='ocrx_word' id='word_1_530' title='bbox 708 3790 763 3838; x_wconf 75' lang='lat' dir='ltr'><strong>et</strong></span> <span class='ocrx_word' id='word_1_531' title='bbox 807 3780 1065 3850; x_wconf 79' lang='lat' dir='ltr'><strong>exponit,</strong></span> <span class='ocrx_word' id='word_1_532' title='bbox 1105 3779 1199 3849; x_wconf 89' lang='lat' dir='ltr'><strong>qui</strong></span> <span class='ocrx_word' id='word_1_533' title='bbox 1238 3787 1365 3832; x_wconf 87' lang='lat' dir='ltr'><strong>ante</strong></span> <span class='ocrx_word' id='word_1_534' title='bbox 1402 3774 1545 3833; x_wconf 84' lang='lat' dir='ltr'><strong>Esau</strong></span> <span class='ocrx_word' id='word_1_535' title='bbox 1589 3776 1644 3832; x_wconf 91' lang='lat' dir='ltr'><strong>in</strong></span> <span class='ocrx_word' id='word_1_536' title='bbox 1689 3776 1857 3831; x_wconf 88' lang='lat' dir='ltr'><strong>Edom</strong></span> <span class='ocrx_word' id='word_1_537' title='bbox 1899 3784 2044 3831; x_wconf 86' lang='lat' dir='ltr'><strong>terra</strong></span> 
     </span>
    </p>
   </div>
   <div class='ocr_carea' id='block_1_70' title="bbox 468 3865 2046 3946">
    <p class='ocr_par' dir='ltr' id='par_1_70' title="bbox 468 3865 2046 3946">
     <span class='ocr_line' id='line_1_70' title="bbox 468 3865 2046 3946; baseline -0.006 -17"><span class='ocrx_word' id='word_1_538' title='bbox 468 3874 744 3946; x_wconf 85' lang='lat' dir='ltr'><strong>principes</strong></span> <span class='ocrx_word' id='word_1_539' title='bbox 769 3870 988 3926; x_wconf 81' lang='lat' dir='ltr'><strong>fuerunt</strong></span> <span class='ocrx_word' id='word_1_540' title='bbox 1014 3884 1081 3925; x_wconf 83' lang='lat' dir='ltr'><strong>ex</strong></span> <span class='ocrx_word' id='word_1_541' title='bbox 1107 3884 1302 3941; x_wconf 88' lang='lat' dir='ltr'><strong>genere</strong></span> <span class='ocrx_word' id='word_1_542' title='bbox 1333 3865 1675 3922; x_wconf 72' lang='lat' dir='ltr'><strong>llcrrz&#39;norum&#39;</strong></span> <span class='ocrx_word' id='word_1_543' title='bbox 1693 3905 1708 3930; x_wconf 93' lang='lat'><strong>,</strong></span> <span class='ocrx_word' id='word_1_544' title='bbox 1733 3866 1833 3936; x_wconf 86' lang='lat' dir='ltr'><strong>qui</strong></span> <span class='ocrx_word' id='word_1_545' title='bbox 1859 3866 1914 3920; x_wconf 92' lang='lat' dir='ltr'><strong>in</strong></span> <span class='ocrx_word' id='word_1_546' title='bbox 1942 3865 2046 3920; x_wconf 71' lang='lat' dir='ltr'><strong>lin—</strong></span> 
     </span>
    </p>
   </div>
   <div class='ocr_carea' id='block_1_71' title="bbox 470 3957 2047 4041">
    <p class='ocr_par' dir='ltr' id='par_1_71' title="bbox 470 3957 2047 4041">
     <span class='ocr_line' id='line_1_71' title="bbox 470 3957 2047 4041; baseline -0.005 -20"><span class='ocrx_word' id='word_1_547' title='bbox 470 3982 581 4041; x_wconf 86' lang='lat' dir='ltr'><strong>gua</strong></span> <span class='ocrx_word' id='word_1_548' title='bbox 602 3973 790 4021; x_wconf 88' lang='lat' dir='ltr'><strong>nostra</strong></span> <span class='ocrx_word' id='word_1_549' title='bbox 815 3964 1242 4034; x_wconf 83' lang='lat' dir='ltr'><strong>interpretantur</strong></span> <span class='ocrx_word' id='word_1_550' title='bbox 1269 3959 1436 4015; x_wconf 77' lang='lat' dir='ltr'><strong>liberi.</strong></span> <span class='ocrx_word' id='word_1_551' title='bbox 1469 3958 1737 4029; x_wconf 80' lang='lat' dir='ltr'><strong>Legamus</strong></span> <span class='ocrx_word' id='word_1_552' title='bbox 1764 3957 2047 4028; x_wconf 80' lang='lat' dir='ltr'><strong>diligenter</strong></span> 
     </span>
    </p>
   </div>
   <div class='ocr_carea' id='block_1_72' title="bbox 387 4050 2045 4127">
    <p class='ocr_par' dir='ltr' id='par_1_72' title="bbox 387 4050 2045 4127">
     <span class='ocr_line' id='line_1_72' title="bbox 387 4050 2045 4127; baseline -0.006 -13"><span class='ocrx_word' id='word_1_553' title='bbox 387 4087 395 4095; x_wconf 69' lang='grc' dir='ltr'>ι</span> <span class='ocrx_word' id='word_1_554' title='bbox 472 4055 946 4127; x_wconf 78' lang='lat' dir='ltr'><strong>Denteronomiam</strong></span> <span class='ocrx_word' id='word_1_555' title='bbox 972 4070 987 4106; x_wconf 91' lang='lat'><strong>:</strong></span> <span class='ocrx_word' id='word_1_556' title='bbox 1028 4053 1102 4110; x_wconf 89' lang='lat' dir='ltr'><strong>ibi</strong></span> <span class='ocrx_word' id='word_1_557' title='bbox 1131 4051 1468 4107; x_wconf 76' lang='lat' dir='ltr'><strong>manifestius</strong></span> <span class='ocrx_word' id='word_1_558' title='bbox 1497 4050 1753 4105; x_wconf 83' lang='lat' dir='ltr'><strong>scribitur</strong></span> <span class='ocrx_word' id='word_1_559' title='bbox 1777 4050 2045 4118; x_wconf 79' lang='lat' dir='ltr'><strong>quomodo</strong></span> 
     </span>
    </p>
   </div>
   <div class='ocr_carea' id='block_1_73' title="bbox 466 4138 2044 4209">
    <p class='ocr_par' dir='ltr' id='par_1_73' title="bbox 466 4138 2044 4209">
     <span class='ocr_line' id='line_1_73' title="bbox 466 4138 2044 4209; baseline -0.004 -8"><span class='ocrx_word' id='word_1_560' title='bbox 466 4146 721 4203; x_wconf 72' lang='lat' dir='ltr'><strong>venerint</strong></span> <span class='ocrx_word' id='word_1_561' title='bbox 748 4145 845 4200; x_wconf 80' lang='lat' dir='ltr'><strong>ﬁlii</strong></span> <span class='ocrx_word' id='word_1_562' title='bbox 868 4144 1035 4209; x_wconf 83' lang='lat' dir='ltr'><strong>Esau,</strong></span> <span class='ocrx_word' id='word_1_563' title='bbox 1062 4150 1118 4198; x_wconf 91' lang='lat' dir='ltr'><strong>et</strong></span> <span class='ocrx_word' id='word_1_564' title='bbox 1144 4140 1515 4197; x_wconf 84' lang='lat' dir='ltr'><strong>interfecerint</strong></span> <span class='ocrx_word' id='word_1_565' title='bbox 1543 4138 1818 4202; x_wconf 80' lang='lat' dir='ltr'><strong>Horraccs,</strong></span> <span class='ocrx_word' id='word_1_566' title='bbox 1846 4153 1913 4193; x_wconf 90' lang='lat' dir='ltr'><strong>ac</strong></span> <span class='ocrx_word' id='word_1_567' title='bbox 1941 4144 2044 4194; x_wconf 83' lang='lat' dir='ltr'><strong>ter-</strong></span> 
     </span>
    </p>
   </div>
   <div class='ocr_carea' id='block_1_74' title="bbox 471 4227 2047 4303">
    <p class='ocr_par' dir='ltr' id='par_1_74' title="bbox 471 4227 2047 4303">
     <span class='ocr_line' id='line_1_74' title="bbox 471 4227 2047 4303; baseline -0.005 -11"><span class='ocrx_word' id='word_1_568' title='bbox 471 4253 587 4292; x_wconf 86' lang='lat' dir='ltr'><strong>ram</strong></span> <span class='ocrx_word' id='word_1_569' title='bbox 614 4250 801 4291; x_wconf 91' lang='lat' dir='ltr'><strong>eorum</strong></span> <span class='ocrx_word' id='word_1_570' title='bbox 832 4234 1149 4290; x_wconf 65' lang='lat' dir='ltr'><strong>haereditate</strong></span> <span class='ocrx_word' id='word_1_571' title='bbox 1174 4231 1531 4303; x_wconf 87' lang='lat' dir='ltr'><strong>possederint.</strong></span> <span class='ocrx_word' id='word_1_572' title='bbox 1564 4229 1632 4284; x_wconf 83' lang='lat' dir='ltr'><strong>lli</strong></span> <span class='ocrx_word' id='word_1_573' title='bbox 1657 4229 1824 4285; x_wconf 83' lang='lat' dir='ltr'><strong>duces</strong></span> <span class='ocrx_word' id='word_1_574' title='bbox 1842 4227 2047 4284; x_wconf 73' lang='lat' dir='ltr'><strong>Hormi</strong></span> 
     </span>
    </p>
   </div>
   <div class='ocr_carea' id='block_1_75' title="bbox 470 4325 1196 4382">
    <p class='ocr_par' dir='ltr' id='par_1_75' title="bbox 470 4325 1196 4382">
     <span class='ocr_line' id='line_1_75' title="bbox 470 4325 1196 4382; baseline -0.007 0"><span class='ocrx_word' id='word_1_575' title='bbox 470 4328 569 4382; x_wconf 78' lang='lat' dir='ltr'><strong>ﬁlii</strong></span> <span class='ocrx_word' id='word_1_576' title='bbox 596 4325 720 4382; x_wconf 80' lang='lat' dir='ltr'><strong>Seir</strong></span> <span class='ocrx_word' id='word_1_577' title='bbox 748 4326 803 4381; x_wconf 82' lang='lat' dir='ltr'><strong>in</strong></span> <span class='ocrx_word' id='word_1_578' title='bbox 830 4334 977 4380; x_wconf 67' lang='lat' dir='ltr'><strong>terra</strong></span> <span class='ocrx_word' id='word_1_579' title='bbox 1007 4325 1196 4379; x_wconf 80' lang='lat' dir='ltr'><strong>Edam.</strong></span> 
     </span>
    </p>
   </div>
   <div class='ocr_carea' id='block_1_76' title="bbox 545 4400 2068 4484">
    <p class='ocr_par' dir='ltr' id='par_1_76' title="bbox 545 4400 2068 4484">
     <span class='ocr_line' id='line_1_76' title="bbox 545 4400 2068 4484; baseline -0.001 -13"><span class='ocrx_word' id='word_1_580' title='bbox 545 4416 707 4479; x_wconf 70' lang='lat' dir='ltr'><strong>Facti</strong></span> <span class='ocrx_word' id='word_1_581' title='bbox 726 4426 845 4473; x_wconf 76' lang='lat' dir='ltr'><strong>sunt</strong></span> <span class='ocrx_word' id='word_1_582' title='bbox 866 4426 1050 4470; x_wconf 68' lang='lat' dir='ltr'><strong>eadem</strong></span> <span class='ocrx_word' id='word_1_583' title='bbox 1076 4415 1175 4484; x_wconf 73' lang='lat' dir='ltr'><strong>ﬁlii</strong></span> <span class='ocrx_word' id='word_1_584' title='bbox 1200 4414 1387 4480; x_wconf 80' lang='lat' dir='ltr'><strong>Lotan,</strong></span> <span class='ocrx_word' id='word_1_585' title='bbox 1419 4412 1559 4469; x_wconf 66' lang='lat' dir='ltr'><strong>[lori</strong></span> <span class='ocrx_word' id='word_1_586' title='bbox 1579 4425 1627 4470; x_wconf 77' lang='lat' dir='ltr'><strong>et</strong></span> <span class='ocrx_word' id='word_1_587' title='bbox 1650 4413 1879 4470; x_wconf 82' lang='lat' dir='ltr'><strong>Heman.</strong></span> <span class='ocrx_word' id='word_1_588' title='bbox 1914 4400 2068 4469; x_wconf 46' lang='lat' dir='ltr'><strong>Erat‘</strong></span> 
     </span>
    </p>
   </div>
   <div class='ocr_carea' id='block_1_77' title="bbox 2148 3232 3723 3310">
    <p class='ocr_par' dir='ltr' id='par_1_77' title="bbox 2148 3232 3723 3310">
     <span class='ocr_line' id='line_1_77' title="bbox 2148 3232 3723 3310; baseline 0.006 -23"><span class='ocrx_word' id='word_1_589' title='bbox 2148 3232 2269 3287; x_wconf 88' lang='lat' dir='ltr'><strong>dem</strong></span> <span class='ocrx_word' id='word_1_590' title='bbox 2310 3248 2481 3303; x_wconf 89' lang='lat' dir='ltr'><strong>usque</strong></span> <span class='ocrx_word' id='word_1_591' title='bbox 2504 3234 2573 3288; x_wconf 90' lang='lat' dir='ltr'><strong>ad</strong></span> <span class='ocrx_word' id='word_1_592' title='bbox 2600 3242 2842 3306; x_wconf 87' lang='lat' dir='ltr'><strong>tempora</strong></span> <span class='ocrx_word' id='word_1_593' title='bbox 2866 3234 3014 3300; x_wconf 81' lang='lat' dir='ltr'><strong>Sani,</strong></span> <span class='ocrx_word' id='word_1_594' title='bbox 3044 3252 3166 3291; x_wconf 90' lang='lat' dir='ltr'><strong>cum</strong></span> <span class='ocrx_word' id='word_1_595' title='bbox 3198 3239 3532 3310; x_wconf 84' lang='lat' dir='ltr'><strong>temporibus</strong></span> <span class='ocrx_word' id='word_1_596' title='bbox 3552 3242 3723 3297; x_wconf 84' lang='lat' dir='ltr'><strong>etiam</strong></span> 
     </span>
    </p>
   </div>
   <div class='ocr_carea' id='block_1_78' title="bbox 2146 3321 3720 3402">
    <p class='ocr_par' dir='ltr' id='par_1_78' title="bbox 2146 3321 3720 3402">
     <span class='ocr_line' id='line_1_78' title="bbox 2146 3321 3720 3402; baseline 0.007 -25"><span class='ocrx_word' id='word_1_597' title='bbox 2146 3321 2436 3390; x_wconf 90' lang='lat' dir='ltr'><strong>Iudicum,</strong></span> <span class='ocrx_word' id='word_1_598' title='bbox 2499 3340 2730 3395; x_wconf 90' lang='lat' dir='ltr'><strong>quorum</strong></span> <span class='ocrx_word' id='word_1_599' title='bbox 2774 3334 3017 3397; x_wconf 88' lang='lat' dir='ltr'><strong>tempora</strong></span> <span class='ocrx_word' id='word_1_600' title='bbox 3061 3326 3283 3393; x_wconf 86' lang='lat' dir='ltr'><strong>fuerunt</strong></span> <span class='ocrx_word' id='word_1_601' title='bbox 3341 3338 3466 3387; x_wconf 87' lang='lat' dir='ltr'><strong>ante</strong></span> <span class='ocrx_word' id='word_1_602' title='bbox 3523 3346 3720 3402; x_wconf 83' lang='lat' dir='ltr'><strong>reges,</strong></span> 
     </span>
    </p>
   </div>
   <div class='ocr_carea' id='block_1_79' title="bbox 2145 3415 3722 3492">
    <p class='ocr_par' dir='ltr' id='par_1_79' title="bbox 2145 3415 3722 3492">
     <span class='ocr_line' id='line_1_79' title="bbox 2145 3415 3722 3492; baseline 0.007 -24"><span class='ocrx_word' id='word_1_603' title='bbox 2145 3415 2471 3473; x_wconf 81' lang='lat' dir='ltr'><strong>exstiterint.</strong></span> <span class='ocrx_word' id='word_1_604' title='bbox 2492 3415 2598 3473; x_wconf 87' lang='lat' dir='ltr'><strong>Sed</strong></span> <span class='ocrx_word' id='word_1_605' title='bbox 2620 3433 2687 3473; x_wconf 82' lang='lat' dir='ltr'><strong>ex</strong></span> <span class='ocrx_word' id='word_1_606' title='bbox 2710 3418 2794 3474; x_wconf 87' lang='lat' dir='ltr'><strong>bis</strong></span> <span class='ocrx_word' id='word_1_607' title='bbox 2817 3419 3002 3474; x_wconf 85' lang='lat' dir='ltr'><strong>multis</strong></span> <span class='ocrx_word' id='word_1_608' title='bbox 3022 3434 3117 3477; x_wconf 89' lang='lat' dir='ltr'><strong>eos</strong></span> <span class='ocrx_word' id='word_1_609' title='bbox 3133 3420 3277 3477; x_wconf 90' lang='lat' dir='ltr'><strong>solos</strong></span> <span class='ocrx_word' id='word_1_610' title='bbox 3294 3424 3471 3492; x_wconf 89' lang='lat' dir='ltr'><strong>potuit</strong></span> <span class='ocrx_word' id='word_1_611' title='bbox 3485 3438 3722 3479; x_wconf 86' lang='lat' dir='ltr'><strong>comme-</strong></span> 
     </span>
    </p>
   </div>
   <div class='ocr_carea' id='block_1_80' title="bbox 2148 3508 3718 3584">
    <p class='ocr_par' dir='ltr' id='par_1_80' title="bbox 2148 3508 3718 3584">
     <span class='ocr_line' id='line_1_80' title="bbox 2148 3508 3718 3584; baseline 0.004 -21"><span class='ocrx_word' id='word_1_612' title='bbox 2148 3523 2363 3564; x_wconf 85' lang='lat' dir='ltr'><strong>morare</strong></span> <span class='ocrx_word' id='word_1_613' title='bbox 2403 3508 2617 3581; x_wconf 74' lang='lat' dir='ltr'><strong>Mcyses</strong></span> <span class='ocrx_word' id='word_1_614' title='bbox 2638 3510 2731 3579; x_wconf 88' lang='lat' dir='ltr'><strong>qui</strong></span> <span class='ocrx_word' id='word_1_615' title='bbox 2754 3509 2969 3566; x_wconf 87' lang='lat' dir='ltr'><strong>fuerant</strong></span> <span class='ocrx_word' id='word_1_616' title='bbox 2994 3521 3284 3584; x_wconf 87' lang='lat' dir='ltr'><strong>antequam</strong></span> <span class='ocrx_word' id='word_1_617' title='bbox 3326 3514 3439 3583; x_wconf 89' lang='lat' dir='ltr'><strong>ipse</strong></span> <span class='ocrx_word' id='word_1_618' title='bbox 3479 3529 3718 3570; x_wconf 74' lang='lat' dir='ltr'><strong>morere-</strong></span> 
     </span>
    </p>
   </div>
   <div class='ocr_carea' id='block_1_81' title="bbox 2149 3596 3718 3671">
    <p class='ocr_par' dir='ltr' id='par_1_81' title="bbox 2149 3596 3718 3671">
     <span class='ocr_line' id='line_1_81' title="bbox 2149 3596 3718 3671; baseline 0.004 -20"><span class='ocrx_word' id='word_1_619' title='bbox 2149 3605 2248 3651; x_wconf 87' lang='lat' dir='ltr'><strong>tur.</strong></span> <span class='ocrx_word' id='word_1_620' title='bbox 2280 3596 2391 3653; x_wconf 83' lang='lat' dir='ltr'><strong>Nec</strong></span> <span class='ocrx_word' id='word_1_621' title='bbox 2417 3599 2613 3653; x_wconf 87' lang='lat' dir='ltr'><strong>mirum</strong></span> <span class='ocrx_word' id='word_1_622' title='bbox 2637 3608 2739 3666; x_wconf 86' lang='lat' dir='ltr'><strong>est,</strong></span> <span class='ocrx_word' id='word_1_623' title='bbox 2755 3601 2899 3671; x_wconf 84' lang='lat' dir='ltr'><strong>quod</strong></span> <span class='ocrx_word' id='word_1_624' title='bbox 2917 3603 3326 3661; x_wconf 87' lang='lat' dir='ltr'><strong>numerantibus</strong></span> <span class='ocrx_word' id='word_1_625' title='bbox 3341 3605 3408 3658; x_wconf 90' lang='lat' dir='ltr'><strong>ab</strong></span> <span class='ocrx_word' id='word_1_626' title='bbox 3419 3603 3718 3668; x_wconf 82' lang='lat' dir='ltr'><strong>Abraham,</strong></span> 
     </span>
    </p>
   </div>
   <div class='ocr_carea' id='block_1_82' title="bbox 2145 3691 3720 3769">
    <p class='ocr_par' dir='ltr' id='par_1_82' title="bbox 2145 3691 3720 3769">
     <span class='ocr_line' id='line_1_82' title="bbox 2145 3691 3720 3769; baseline 0.001 -22"><span class='ocrx_word' id='word_1_627' title='bbox 2145 3705 2244 3760; x_wconf 84' lang='lat' dir='ltr'><strong>per</strong></span> <span class='ocrx_word' id='word_1_628' title='bbox 2285 3691 2428 3747; x_wconf 83' lang='lat' dir='ltr'><strong>Esau</strong></span> <span class='ocrx_word' id='word_1_629' title='bbox 2475 3700 2687 3762; x_wconf 86' lang='lat' dir='ltr'><strong>patrem</strong></span> <span class='ocrx_word' id='word_1_630' title='bbox 2725 3694 2900 3763; x_wconf 87' lang='lat' dir='ltr'><strong>gentis</strong></span> <span class='ocrx_word' id='word_1_631' title='bbox 2940 3693 3130 3759; x_wconf 83' lang='lat' dir='ltr'><strong>Edom,</strong></span> <span class='ocrx_word' id='word_1_632' title='bbox 3173 3705 3334 3765; x_wconf 75' lang='lat' dir='ltr'><strong>atque</strong></span> <span class='ocrx_word' id='word_1_633' title='bbox 3374 3709 3483 3769; x_wconf 24' lang='lat' dir='ltr'><strong>per.</strong></span> <span class='ocrx_word' id='word_1_634' title='bbox 3513 3694 3720 3750; x_wconf 76' lang='lat' dir='ltr'><strong>Rahuel</strong></span> 
     </span>
    </p>
   </div>
   <div class='ocr_carea' id='block_1_83' title="bbox 2142 3780 3720 3850">
    <p class='ocr_par' dir='ltr' id='par_1_83' title="bbox 2142 3780 3720 3850">
     <span class='ocr_line' id='line_1_83' title="bbox 2142 3780 3720 3850; baseline 0.003 -16"><span class='ocrx_word' id='word_1_635' title='bbox 2142 3780 2319 3836; x_wconf 75' lang='lat' dir='ltr'><strong>filium</strong></span> <span class='ocrx_word' id='word_1_636' title='bbox 2357 3782 2522 3849; x_wconf 82' lang='lat' dir='ltr'><strong>Esau,</strong></span> <span class='ocrx_word' id='word_1_637' title='bbox 2548 3791 2602 3837; x_wconf 91' lang='lat' dir='ltr'><strong>et</strong></span> <span class='ocrx_word' id='word_1_638' title='bbox 2639 3784 2775 3838; x_wconf 78' lang='lat' dir='ltr'><strong>Zara</strong></span> <span class='ocrx_word' id='word_1_639' title='bbox 2815 3784 2981 3839; x_wconf 77' lang='lat' dir='ltr'><strong>illittm</strong></span> <span class='ocrx_word' id='word_1_640' title='bbox 3025 3784 3253 3850; x_wconf 80' lang='lat' dir='ltr'><strong>Rahuel,</strong></span> <span class='ocrx_word' id='word_1_641' title='bbox 3279 3794 3334 3839; x_wconf 85' lang='lat' dir='ltr'><strong>et</strong></span> <span class='ocrx_word' id='word_1_642' title='bbox 3353 3783 3526 3841; x_wconf 80' lang='lat' dir='ltr'><strong>Iobab</strong></span> <span class='ocrx_word' id='word_1_643' title='bbox 3556 3785 3720 3840; x_wconf 86' lang='lat' dir='ltr'><strong>lilium</strong></span> 
     </span>
    </p>
   </div>
   <div class='ocr_carea' id='block_1_84' title="bbox 2146 3872 3722 3948">
    <p class='ocr_par' dir='ltr' id='par_1_84' title="bbox 2146 3872 3722 3948">
     <span class='ocr_line' id='line_1_84' title="bbox 2146 3872 3722 3948; baseline 0.003 -21"><span class='ocrx_word' id='word_1_644' title='bbox 2146 3872 2313 3937; x_wconf 84' lang='lat' dir='ltr'><strong>Zara,</strong></span> <span class='ocrx_word' id='word_1_645' title='bbox 2354 3875 2440 3929; x_wconf 90' lang='lat' dir='ltr'><strong>cui</strong></span> <span class='ocrx_word' id='word_1_646' title='bbox 2476 3872 2646 3930; x_wconf 85' lang='lat' dir='ltr'><strong>Iobab</strong></span> <span class='ocrx_word' id='word_1_647' title='bbox 2678 3877 2940 3932; x_wconf 82' lang='lat' dir='ltr'><strong>successit</strong></span> <span class='ocrx_word' id='word_1_648' title='bbox 2978 3877 3031 3930; x_wconf 91' lang='lat' dir='ltr'><strong>in</strong></span> <span class='ocrx_word' id='word_1_649' title='bbox 3077 3892 3245 3948; x_wconf 80' lang='lat' dir='ltr'><strong>regno</strong></span> <span class='ocrx_word' id='word_1_650' title='bbox 3283 3877 3465 3942; x_wconf 83' lang='lat' dir='ltr'><strong>Baiae,</strong></span> <span class='ocrx_word' id='word_1_651' title='bbox 3489 3880 3586 3948; x_wconf 88' lang='lat' dir='ltr'><strong>qui</strong></span> <span class='ocrx_word' id='word_1_652' title='bbox 3616 3879 3722 3948; x_wconf 73' lang='lat' dir='ltr'><strong>pri-</strong></span> 
     </span>
    </p>
   </div>
   <div class='ocr_carea' id='block_1_85' title="bbox 2145 3965 3724 4033">
    <p class='ocr_par' dir='ltr' id='par_1_85' title="bbox 2145 3965 3724 4033">
     <span class='ocr_line' id='line_1_85' title="bbox 2145 3965 3724 4033; baseline 0.002 -13"><span class='ocrx_word' id='word_1_653' title='bbox 2145 3979 2270 4021; x_wconf 85' lang='lat' dir='ltr'><strong>mus</strong></span> <span class='ocrx_word' id='word_1_654' title='bbox 2314 3965 2371 4020; x_wconf 88' lang='lat' dir='ltr'><strong>in</strong></span> <span class='ocrx_word' id='word_1_655' title='bbox 2427 3975 2572 4022; x_wconf 87' lang='lat' dir='ltr'><strong>terra</strong></span> <span class='ocrx_word' id='word_1_656' title='bbox 2626 3967 2800 4023; x_wconf 84' lang='lat' dir='ltr'><strong>Edom</strong></span> <span class='ocrx_word' id='word_1_657' title='bbox 2861 3983 2956 4022; x_wconf 87' lang='lat' dir='ltr'><strong>rex</strong></span> <span class='ocrx_word' id='word_1_658' title='bbox 3016 3966 3185 4023; x_wconf 81' lang='lat' dir='ltr'><strong>fuisse</strong></span> <span class='ocrx_word' id='word_1_659' title='bbox 3243 3979 3724 4033; x_wconf 84' lang='lat' dir='ltr'><strong>commemoratur,</strong></span> 
     </span>
    </p>
   </div>
   <div class='ocr_carea' id='block_1_86' title="bbox 2145 4050 3722 4128">
    <p class='ocr_par' dir='ltr' id='par_1_86' title="bbox 2145 4050 3722 4128">
     <span class='ocr_line' id='line_1_86' title="bbox 2145 4050 3722 4128; baseline 0.001 -18"><span class='ocrx_word' id='word_1_660' title='bbox 2145 4071 2317 4127; x_wconf 86' lang='lat' dir='ltr'><strong>usque</strong></span> <span class='ocrx_word' id='word_1_661' title='bbox 2361 4056 2429 4111; x_wconf 89' lang='lat' dir='ltr'><strong>ad</strong></span> <span class='ocrx_word' id='word_1_662' title='bbox 2468 4056 2717 4111; x_wconf 87' lang='lat' dir='ltr'><strong>ultimum</strong></span> <span class='ocrx_word' id='word_1_663' title='bbox 2754 4072 2975 4127; x_wconf 81' lang='lat' dir='ltr'><strong>regem,</strong></span> <span class='ocrx_word' id='word_1_664' title='bbox 3020 4072 3185 4127; x_wconf 86' lang='lat' dir='ltr'><strong>quem</strong></span> <span class='ocrx_word' id='word_1_665' title='bbox 3218 4050 3394 4128; x_wconf 86' lang='lat' dir='ltr'><strong>potuit</strong></span> <span class='ocrx_word' id='word_1_666' title='bbox 3440 4059 3722 4112; x_wconf 82' lang='lat' dir='ltr'><strong>nominare</strong></span> 
     </span>
    </p>
   </div>
   <div class='ocr_carea' id='block_1_87' title="bbox 2146 4145 3724 4218">
    <p class='ocr_par' dir='ltr' id='par_1_87' title="bbox 2146 4145 3724 4218">
     <span class='ocr_line' id='line_1_87' title="bbox 2146 4145 3724 4218; baseline -0.001 -17"><span class='ocrx_word' id='word_1_667' title='bbox 2146 4145 2378 4218; x_wconf 70' lang='lat' dir='ltr'><strong>Moyses,</strong></span> <span class='ocrx_word' id='word_1_668' title='bbox 2422 4146 2605 4217; x_wconf 87' lang='lat' dir='ltr'><strong>plures</strong></span> <span class='ocrx_word' id='word_1_669' title='bbox 2643 4148 3021 4218; x_wconf 87' lang='lat' dir='ltr'><strong>generationes</strong></span> <span class='ocrx_word' id='word_1_670' title='bbox 3044 4147 3408 4212; x_wconf 84' lang='lat' dir='ltr'><strong>inveniuntur,</strong></span> <span class='ocrx_word' id='word_1_671' title='bbox 3434 4162 3603 4216; x_wconf 88' lang='lat' dir='ltr'><strong>quam</strong></span> <span class='ocrx_word' id='word_1_672' title='bbox 3631 4161 3724 4200; x_wconf 64' lang='lat' dir='ltr'><strong>nor</strong></span> 
     </span>
    </p>
   </div>
   <div class='ocr_carea' id='block_1_88' title="bbox 2148 4237 3724 4310">
    <p class='ocr_par' dir='ltr' id='par_1_88' title="bbox 2148 4237 3724 4310">
     <span class='ocr_line' id='line_1_88' title="bbox 2148 4237 3724 4310; baseline -0.001 -17"><span class='ocrx_word' id='word_1_673' title='bbox 2148 4247 2433 4293; x_wconf 85' lang='lat' dir='ltr'><strong>merantur</strong></span> <span class='ocrx_word' id='word_1_674' title='bbox 2467 4239 2536 4294; x_wconf 86' lang='lat' dir='ltr'><strong>ab</strong></span> <span class='ocrx_word' id='word_1_675' title='bbox 2566 4237 2841 4295; x_wconf 81' lang='lat' dir='ltr'><strong>Abraham</strong></span> <span class='ocrx_word' id='word_1_676' title='bbox 2868 4254 2965 4309; x_wconf 89' lang='lat' dir='ltr'><strong>per</strong></span> <span class='ocrx_word' id='word_1_677' title='bbox 2988 4239 3163 4296; x_wconf 84' lang='lat' dir='ltr'><strong>Iacob</strong></span> <span class='ocrx_word' id='word_1_678' title='bbox 3185 4256 3357 4310; x_wconf 89' lang='lat' dir='ltr'><strong>usque</strong></span> <span class='ocrx_word' id='word_1_679' title='bbox 3382 4240 3450 4294; x_wconf 85' lang='lat' dir='ltr'><strong>ad</strong></span> <span class='ocrx_word' id='word_1_680' title='bbox 3477 4239 3724 4310; x_wconf 75' lang='lat' dir='ltr'><strong>Moysen.</strong></span> 
     </span>
    </p>
   </div>
   <div class='ocr_carea' id='block_1_89' title="bbox 2152 4328 3725 4396">
    <p class='ocr_par' dir='ltr' id='par_1_89' title="bbox 2152 4328 3725 4396">
     <span class='ocr_line' id='line_1_89' title="bbox 2152 4328 3725 4396; baseline 0.001 -14"><span class='ocrx_word' id='word_1_681' title='bbox 2152 4328 2284 4383; x_wconf 79' lang='lat' dir='ltr'><strong>Nam</strong></span> <span class='ocrx_word' id='word_1_682' title='bbox 2324 4329 2433 4391; x_wconf 85' lang='lat' dir='ltr'><strong>illic</strong></span> <span class='ocrx_word' id='word_1_683' title='bbox 2477 4330 2841 4396; x_wconf 88' lang='lat' dir='ltr'><strong>inveniuntur,</strong></span> <span class='ocrx_word' id='word_1_684' title='bbox 2888 4330 3001 4387; x_wconf 84' lang='lat' dir='ltr'><strong>fere</strong></span> <span class='ocrx_word' id='word_1_685' title='bbox 3040 4330 3355 4395; x_wconf 87' lang='lat' dir='ltr'><strong>duodecim,</strong></span> <span class='ocrx_word' id='word_1_686' title='bbox 3406 4330 3494 4384; x_wconf 82' lang='lat' dir='ltr'><strong>hic</strong></span> <span class='ocrx_word' id='word_1_687' title='bbox 3542 4341 3725 4385; x_wconf 85' lang='lat' dir='ltr'><strong>autem</strong></span> 
     </span>
    </p>
   </div>
   <div class='ocr_carea' id='block_1_90' title="bbox 2153 4418 3731 4491">
    <p class='ocr_par' dir='ltr' id='par_1_90' title="bbox 2153 4418 3731 4491">
     <span class='ocr_line' id='line_1_90' title="bbox 2153 4418 3731 4491; baseline 0 -19"><span class='ocrx_word' id='word_1_688' title='bbox 2153 4433 2322 4488; x_wconf 87' lang='lat' dir='ltr'><strong>usque</strong></span> <span class='ocrx_word' id='word_1_689' title='bbox 2352 4419 2419 4474; x_wconf 90' lang='lat' dir='ltr'><strong>ad</strong></span> <span class='ocrx_word' id='word_1_690' title='bbox 2451 4418 2690 4490; x_wconf 81' lang='lat' dir='ltr'><strong>Moysen,</strong></span> <span class='ocrx_word' id='word_1_691' title='bbox 2717 4419 2887 4476; x_wconf 85' lang='lat' dir='ltr'><strong>ferme</strong></span> <span class='ocrx_word' id='word_1_692' title='bbox 2919 4431 3149 4491; x_wconf 86' lang='lat' dir='ltr'><strong>septem.</strong></span> <span class='ocrx_word' id='word_1_693' title='bbox 3197 4420 3342 4480; x_wconf 78' lang='lat' dir='ltr'><strong>Fieri</strong></span> <span class='ocrx_word' id='word_1_694' title='bbox 3375 4421 3519 4475; x_wconf 86' lang='lat' dir='ltr'><strong>enim</strong></span> <span class='ocrx_word' id='word_1_695' title='bbox 3554 4421 3731 4490; x_wconf 87' lang='lat' dir='ltr'><strong>potuit</strong></span> 
     </span>
    </p>
   </div>
   <div class='ocr_carea' id='block_1_91' title="bbox 472 4481 3727 4595">
    <p class='ocr_par' dir='ltr' id='par_1_91' title="bbox 472 4481 3727 4595">
     <span class='ocr_line' id='line_1_91' title="bbox 472 4481 3727 4595; baseline -0.001 -26"><span class='ocrx_word' id='word_1_696' title='bbox 472 4520 647 4566; x_wconf 74' lang='lat' dir='ltr'><strong>autem</strong></span> <span class='ocrx_word' id='word_1_697' title='bbox 675 4522 827 4564; x_wconf 73' lang='lat' dir='ltr'><strong>soror</strong></span> <span class='ocrx_word' id='word_1_698' title='bbox 855 4507 1018 4569; x_wconf 66' lang='lat' dir='ltr'><strong>Lemn</strong></span> <span class='ocrx_word' id='word_1_699' title='bbox 1046 4481 1306 4572; x_wconf 66' lang='grc' dir='ltr'><strong>Τιιαηιηα,</strong></span> <span class='ocrx_word' id='word_1_700' title='bbox 1351 4515 1399 4559; x_wconf 85' lang='lat' dir='ltr'><strong>et</strong></span> <span class='ocrx_word' id='word_1_701' title='bbox 1441 4506 1528 4559; x_wconf 83' lang='lat' dir='ltr'><strong>isti</strong></span> <span class='ocrx_word' id='word_1_702' title='bbox 1568 4515 1690 4595; x_wconf 77' lang='lat' dir='ltr'><strong>sunt</strong></span> <span class='ocrx_word' id='word_1_703' title='bbox 1722 4504 1825 4575; x_wconf 68' lang='lat' dir='ltr'><strong>ﬁlii</strong></span> <span class='ocrx_word' id='word_1_704' title='bbox 1853 4502 2046 4571; x_wconf 75' lang='lat' dir='ltr'><strong>Sobel,</strong></span> <span class='ocrx_word' id='word_1_705' title='bbox 2073 4481 2127 4541; x_wconf 69' lang='grc' dir='ltr'><strong>Β</strong></span> <span class='ocrx_word' id='word_1_706' title='bbox 2151 4518 2212 4564; x_wconf 93' lang='lat' dir='ltr'><strong>ut</strong></span> <span class='ocrx_word' id='word_1_707' title='bbox 2235 4481 2372 4565; x_wconf 65' lang='lat' dir='ltr'><strong>ideo</strong></span> <span class='ocrx_word' id='word_1_708' title='bbox 2418 4510 2499 4567; x_wconf 86' lang='lat' dir='ltr'><strong>ibi</strong></span> <span class='ocrx_word' id='word_1_709' title='bbox 2532 4481 2716 4583; x_wconf 76' lang='lat' dir='ltr'><strong>plures</strong></span> <span class='ocrx_word' id='word_1_710' title='bbox 2755 4481 3184 4580; x_wconf 73' lang='lat' dir='ltr'><strong>nominarentur,</strong></span> <span class='ocrx_word' id='word_1_711' title='bbox 3231 4515 3355 4583; x_wconf 88' lang='lat' dir='ltr'><strong>quia</strong></span> <span class='ocrx_word' id='word_1_712' title='bbox 3400 4481 3575 4595; x_wconf 71' lang='lat' dir='ltr'><strong>citius</strong></span> <span class='ocrx_word' id='word_1_713' title='bbox 3612 4528 3727 4567; x_wconf 87' lang='lat' dir='ltr'><strong>mo-</strong></span> 
     </span>
    </p>
   </div>
   <div class='ocr_carea' id='block_1_92' title="bbox 474 4594 3731 4669">
    <p class='ocr_par' dir='ltr' id='par_1_92' title="bbox 474 4594 3731 4669">
     <span class='ocr_line' id='line_1_92' title="bbox 474 4594 3731 4669; baseline 0.001 -15"><span class='ocrx_word' id='word_1_714' title='bbox 474 4602 673 4666; x_wconf 80' lang='lat' dir='ltr'><strong>Alvan,</strong></span> <span class='ocrx_word' id='word_1_715' title='bbox 722 4608 770 4654; x_wconf 81' lang='lat' dir='ltr'><strong>et</strong></span> <span class='ocrx_word' id='word_1_716' title='bbox 815 4598 1096 4662; x_wconf 73' lang='lat' dir='ltr'><strong>Manabat,</strong></span> <span class='ocrx_word' id='word_1_717' title='bbox 1125 4605 1231 4652; x_wconf 90' lang='lat' dir='ltr'><strong>etc.</strong></span> <span class='ocrx_word' id='word_1_718' title='bbox 1287 4595 1415 4651; x_wconf 75' lang='lat' dir='ltr'><strong>limo</strong></span> <span class='ocrx_word' id='word_1_719' title='bbox 1438 4604 1527 4650; x_wconf 87' lang='lat' dir='ltr'><strong>est</strong></span> <span class='ocrx_word' id='word_1_720' title='bbox 1555 4594 1799 4650; x_wconf 86' lang='lat' dir='ltr'><strong>Thamna</strong></span> <span class='ocrx_word' id='word_1_721' title='bbox 1837 4596 1905 4651; x_wconf 91' lang='lat' dir='ltr'><strong>de</strong></span> <span class='ocrx_word' id='word_1_722' title='bbox 1941 4611 2050 4667; x_wconf 88' lang='lat' dir='ltr'><strong>qua</strong></span> <span class='ocrx_word' id='word_1_723' title='bbox 2153 4598 2340 4656; x_wconf 89' lang='lat' dir='ltr'><strong>riendo</strong></span> <span class='ocrx_word' id='word_1_724' title='bbox 2379 4599 2583 4669; x_wconf 86' lang='lat' dir='ltr'><strong>plures,</strong></span> <span class='ocrx_word' id='word_1_725' title='bbox 2627 4601 2763 4657; x_wconf 90' lang='lat' dir='ltr'><strong>alter</strong></span> <span class='ocrx_word' id='word_1_726' title='bbox 2801 4601 2960 4658; x_wconf 88' lang='lat' dir='ltr'><strong>alteri</strong></span> <span class='ocrx_word' id='word_1_727' title='bbox 3000 4612 3396 4661; x_wconf 84' lang='lat' dir='ltr'><strong>successerunt.</strong></span> <span class='ocrx_word' id='word_1_728' title='bbox 3447 4602 3545 4659; x_wconf 82' lang='lat' dir='ltr'><strong>Sic</strong></span> <span class='ocrx_word' id='word_1_729' title='bbox 3584 4605 3731 4657; x_wconf 75' lang='lat' dir='ltr'><strong>crtim</strong></span> 
     </span>
    </p>
   </div>
   <div class='ocr_carea' id='block_1_93' title="bbox 473 4684 3726 4765">
    <p class='ocr_par' dir='ltr' id='par_1_93' title="bbox 473 4684 3726 4765">
     <span class='ocr_line' id='line_1_93' title="bbox 473 4684 3726 4765; baseline 0 -19"><span class='ocrx_word' id='word_1_730' title='bbox 473 4691 735 4762; x_wconf 87' lang='lat' dir='ltr'><strong>scriptum</strong></span> <span class='ocrx_word' id='word_1_731' title='bbox 772 4698 856 4744; x_wconf 88' lang='lat' dir='ltr'><strong>est</strong></span> <span class='ocrx_word' id='word_1_732' title='bbox 884 4706 897 4741; x_wconf 87' lang='lat'><strong>:</strong></span> <span class='ocrx_word' id='word_1_733' title='bbox 949 4688 1019 4741; x_wconf 86' lang='lat' dir='ltr'><strong>Et</strong></span> <span class='ocrx_word' id='word_1_734' title='bbox 1069 4685 1313 4741; x_wconf 82' lang='lat' dir='ltr'><strong>Thamna</strong></span> <span class='ocrx_word' id='word_1_735' title='bbox 1346 4695 1458 4741; x_wconf 83' lang='lat' dir='ltr'><strong>erat</strong></span> <span class='ocrx_word' id='word_1_736' title='bbox 1495 4686 1785 4741; x_wconf 86' lang='lat' dir='ltr'><strong>concubina</strong></span> <span class='ocrx_word' id='word_1_737' title='bbox 1824 4684 2052 4759; x_wconf 77' lang='lat' dir='ltr'><strong>Elipltaa</strong></span> <span class='ocrx_word' id='word_1_738' title='bbox 2153 4692 2379 4763; x_wconf 88' lang='lat' dir='ltr'><strong>contigit</strong></span> <span class='ocrx_word' id='word_1_739' title='bbox 2412 4702 2473 4747; x_wconf 91' lang='lat' dir='ltr'><strong>ut</strong></span> <span class='ocrx_word' id='word_1_740' title='bbox 2509 4692 2576 4748; x_wconf 90' lang='lat' dir='ltr'><strong>ad</strong></span> <span class='ocrx_word' id='word_1_741' title='bbox 2606 4692 2773 4748; x_wconf 88' lang='lat' dir='ltr'><strong>alium</strong></span> <span class='ocrx_word' id='word_1_742' title='bbox 2797 4694 3042 4749; x_wconf 83' lang='lat' dir='ltr'><strong>ordinem</strong></span> <span class='ocrx_word' id='word_1_743' title='bbox 3075 4709 3309 4765; x_wconf 83' lang='lat' dir='ltr'><strong>sequens</strong></span> <span class='ocrx_word' id='word_1_744' title='bbox 3342 4693 3635 4748; x_wconf 60' lang='lat' dir='ltr'><strong>Mattheus</strong></span> <span class='ocrx_word' id='word_1_745' title='bbox 3662 4693 3726 4746; x_wconf 86' lang='lat' dir='ltr'><strong>ab</strong></span> 
     </span>
    </p>
   </div>
   <div class='ocr_carea' id='block_1_94' title="bbox 472 4774 2046 4852">
    <p class='ocr_par' dir='ltr' id='par_1_94' title="bbox 472 4774 2046 4852">
     <span class='ocr_line' id='line_1_94' title="bbox 472 4774 2046 4852; baseline -0.001 -17"><span class='ocrx_word' id='word_1_746' title='bbox 472 4782 572 4852; x_wconf 75' lang='lat' dir='ltr'><strong>lilii</strong></span> <span class='ocrx_word' id='word_1_747' title='bbox 609 4779 939 4851; x_wconf 68' lang='lat' dir='ltr'><strong>primogeniti</strong></span> <span class='ocrx_word' id='word_1_748' title='bbox 992 4774 1170 4840; x_wconf 86' lang='lat' dir='ltr'><strong>Esau,</strong></span> <span class='ocrx_word' id='word_1_749' title='bbox 1219 4792 1284 4831; x_wconf 81' lang='lat' dir='ltr'><strong>ea:</strong></span> <span class='ocrx_word' id='word_1_750' title='bbox 1330 4777 1446 4847; x_wconf 86' lang='lat' dir='ltr'><strong>ipsa</strong></span> <span class='ocrx_word' id='word_1_751' title='bbox 1492 4785 1646 4836; x_wconf 84' lang='lat' dir='ltr'><strong>natus</strong></span> <span class='ocrx_word' id='word_1_752' title='bbox 1690 4786 1767 4831; x_wconf 82' lang='lat' dir='ltr'><strong>est</strong></span> <span class='ocrx_word' id='word_1_753' title='bbox 1812 4776 2046 4833; x_wconf 76' lang='lat' dir='ltr'><strong>Amalec.</strong></span> 
     </span>
    </p>
   </div>
   <div class='ocr_carea' id='block_1_95' title="bbox 2151 4780 3730 4855">
    <p class='ocr_par' dir='ltr' id='par_1_95' title="bbox 2151 4780 3730 4855">
     <span class='ocr_line' id='line_1_95' title="bbox 2151 4780 3730 4855; baseline 0.001 -19"><span class='ocrx_word' id='word_1_754' title='bbox 2151 4780 2427 4839; x_wconf 82' lang='lat' dir='ltr'><strong>Abraham</strong></span> <span class='ocrx_word' id='word_1_755' title='bbox 2466 4796 2636 4852; x_wconf 84' lang='lat' dir='ltr'><strong>usque</strong></span> <span class='ocrx_word' id='word_1_756' title='bbox 2674 4782 2744 4839; x_wconf 88' lang='lat' dir='ltr'><strong>ad</strong></span> <span class='ocrx_word' id='word_1_757' title='bbox 2780 4781 3010 4853; x_wconf 83' lang='lat' dir='ltr'><strong>Ioseph,</strong></span> <span class='ocrx_word' id='word_1_758' title='bbox 3054 4784 3410 4854; x_wconf 81' lang='lat' dir='ltr'><strong>quadraginta</strong></span> <span class='ocrx_word' id='word_1_759' title='bbox 3456 4783 3598 4838; x_wconf 87' lang='lat' dir='ltr'><strong>duas</strong></span> <span class='ocrx_word' id='word_1_760' title='bbox 3641 4799 3730 4855; x_wconf 85' lang='lat' dir='ltr'><strong>ge—</strong></span> 
     </span>
    </p>
   </div>
   <div class='ocr_carea' id='block_1_96' title="bbox 471 4864 3730 4939">
    <p class='ocr_par' dir='ltr' id='par_1_96' title="bbox 471 4864 3730 4939">
     <span class='ocr_line' id='line_1_96' title="bbox 471 4864 3730 4939; baseline -0.002 -9"><span class='ocrx_word' id='word_1_761' title='bbox 471 4873 680 4930; x_wconf 84' lang='lat' dir='ltr'><strong>ldcircc</strong></span> <span class='ocrx_word' id='word_1_762' title='bbox 705 4880 885 4926; x_wconf 90' lang='lat' dir='ltr'><strong>autem</strong></span> <span class='ocrx_word' id='word_1_763' title='bbox 913 4868 1257 4924; x_wconf 71' lang='lat' dir='ltr'><strong>Hormo-rum</strong></span> <span class='ocrx_word' id='word_1_764' title='bbox 1289 4867 1605 4923; x_wconf 85' lang='lat' dir='ltr'><strong>recordatus</strong></span> <span class='ocrx_word' id='word_1_765' title='bbox 1632 4875 1749 4934; x_wconf 88' lang='lat' dir='ltr'><strong>est,</strong></span> <span class='ocrx_word' id='word_1_766' title='bbox 1781 4868 1907 4939; x_wconf 90' lang='lat' dir='ltr'><strong>quia</strong></span> <span class='ocrx_word' id='word_1_767' title='bbox 1936 4864 2053 4938; x_wconf 85' lang='lat' dir='ltr'><strong>pri-</strong></span> <span class='ocrx_word' id='word_1_768' title='bbox 2151 4873 2459 4928; x_wconf 86' lang='lat' dir='ltr'><strong>nerationes</strong></span> <span class='ocrx_word' id='word_1_769' title='bbox 2508 4881 2776 4928; x_wconf 88' lang='lat' dir='ltr'><strong>numeret.</strong></span> <span class='ocrx_word' id='word_1_770' title='bbox 2838 4872 3031 4929; x_wconf 82' lang='lat' dir='ltr'><strong>Lucas</strong></span> <span class='ocrx_word' id='word_1_771' title='bbox 3062 4883 3242 4930; x_wconf 86' lang='lat' dir='ltr'><strong>autem</strong></span> <span class='ocrx_word' id='word_1_772' title='bbox 3284 4877 3339 4928; x_wconf 91' lang='lat' dir='ltr'><strong>iu</strong></span> <span class='ocrx_word' id='word_1_773' title='bbox 3381 4874 3578 4929; x_wconf 83' lang='lat' dir='ltr'><strong>ordine</strong></span> <span class='ocrx_word' id='word_1_774' title='bbox 3624 4873 3730 4926; x_wconf 88' lang='lat' dir='ltr'><strong>alio</strong></span> 
     </span>
    </p>
   </div>
   <div class='ocr_carea' id='block_1_97' title="bbox 473 4957 2050 5034">
    <p class='ocr_par' dir='ltr' id='par_1_97' title="bbox 473 4957 2050 5034">
     <span class='ocr_line' id='line_1_97' title="bbox 473 4957 2050 5034; baseline -0.004 -14"><span class='ocrx_word' id='word_1_775' title='bbox 473 4963 779 5034; x_wconf 79' lang='lat' dir='ltr'><strong>mogenitus</strong></span> <span class='ocrx_word' id='word_1_776' title='bbox 803 4959 1034 5015; x_wconf 80' lang='lat' dir='ltr'><strong>filiorum</strong></span> <span class='ocrx_word' id='word_1_777' title='bbox 1060 4958 1205 5013; x_wconf 84' lang='lat' dir='ltr'><strong>Esau</strong></span> <span class='ocrx_word' id='word_1_778' title='bbox 1229 4973 1294 5013; x_wconf 90' lang='lat' dir='ltr'><strong>ex</strong></span> <span class='ocrx_word' id='word_1_779' title='bbox 1322 4957 1532 5015; x_wconf 77' lang='lat' dir='ltr'><strong>ﬁliabus</strong></span> <span class='ocrx_word' id='word_1_780' title='bbox 1555 4970 1740 5013; x_wconf 89' lang='lat' dir='ltr'><strong>eorum</strong></span> <span class='ocrx_word' id='word_1_781' title='bbox 1765 4966 2050 5028; x_wconf 88' lang='lat' dir='ltr'><strong>acceperat</strong></span> 
     </span>
    </p>
   </div>
   <div class='ocr_carea' id='block_1_98' title="bbox 470 5046 2045 5117">
    <p class='ocr_par' dir='ltr' id='par_1_98' title="bbox 470 5046 2045 5117">
     <span class='ocr_line' id='line_1_98' title="bbox 470 5046 2045 5117; baseline -0.004 -7"><span class='ocrx_word' id='word_1_782' title='bbox 470 5053 848 5110; x_wconf 77' lang='lat' dir='ltr'><strong>concubinam.</strong></span> <span class='ocrx_word' id='word_1_783' title='bbox 888 5048 1043 5117; x_wconf 86' lang='lat' dir='ltr'><strong>Quod</strong></span> <span class='ocrx_word' id='word_1_784' title='bbox 1071 5057 1249 5103; x_wconf 85' lang='lat' dir='ltr'><strong>autem</strong></span> <span class='ocrx_word' id='word_1_785' title='bbox 1272 5048 1489 5113; x_wconf 87' lang='lat' dir='ltr'><strong>dicitur,</strong></span> <span class='ocrx_word' id='word_1_786' title='bbox 1519 5047 1762 5103; x_wconf 87' lang='lat' dir='ltr'><strong>Theman</strong></span> <span class='ocrx_word' id='word_1_787' title='bbox 1791 5056 1844 5102; x_wconf 90' lang='lat' dir='ltr'><strong>ct</strong></span> <span class='ocrx_word' id='word_1_788' title='bbox 1870 5046 2045 5103; x_wconf 81' lang='lat' dir='ltr'><strong>Ccucz</strong></span> 
     </span>
    </p>
   </div>
   <div class='ocr_carea' id='block_1_99' title="bbox 471 5138 2049 5212">
    <p class='ocr_par' dir='ltr' id='par_1_99' title="bbox 471 5138 2049 5212">
     <span class='ocr_line' id='line_1_99' title="bbox 471 5138 2049 5212; baseline -0.005 -11"><span class='ocrx_word' id='word_1_789' title='bbox 471 5156 529 5201; x_wconf 90' lang='lat' dir='ltr'><strong>et</strong></span> <span class='ocrx_word' id='word_1_790' title='bbox 550 5144 838 5210; x_wconf 82' lang='lat' dir='ltr'><strong>Amalech,</strong></span> <span class='ocrx_word' id='word_1_791' title='bbox 874 5152 930 5198; x_wconf 88' lang='lat' dir='ltr'><strong>et</strong></span> <span class='ocrx_word' id='word_1_792' title='bbox 966 5141 1202 5212; x_wconf 80' lang='lat' dir='ltr'><strong>reliqua,</strong></span> <span class='ocrx_word' id='word_1_793' title='bbox 1248 5141 1483 5195; x_wconf 86' lang='lat' dir='ltr'><strong>sciamus</strong></span> <span class='ocrx_word' id='word_1_794' title='bbox 1521 5146 1708 5209; x_wconf 88' lang='lat' dir='ltr'><strong>postea</strong></span> <span class='ocrx_word' id='word_1_795' title='bbox 1739 5138 2049 5209; x_wconf 80' lang='lat' dir='ltr'><strong>regionibus</strong></span> 
     </span>
    </p>
   </div>
   <div class='ocr_carea' id='block_1_100' title="bbox 471 5229 1608 5301">
    <p class='ocr_par' dir='ltr' id='par_1_100' title="bbox 471 5229 1608 5301">
     <span class='ocr_line' id='line_1_100' title="bbox 471 5229 1608 5301; baseline -0.008 -9"><span class='ocrx_word' id='word_1_796' title='bbox 471 5232 826 5299; x_wconf 64' lang='lat' dir='ltr'><strong>Nummorum</strong></span> <span class='ocrx_word' id='word_1_797' title='bbox 853 5248 925 5289; x_wconf 84' lang='lat' dir='ltr'><strong>ex</strong></span> <span class='ocrx_word' id='word_1_798' title='bbox 947 5231 1034 5288; x_wconf 88' lang='lat' dir='ltr'><strong>his</strong></span> <span class='ocrx_word' id='word_1_799' title='bbox 1058 5229 1315 5288; x_wconf 82' lang='lat' dir='ltr'><strong>vocabula</strong></span> <span class='ocrx_word' id='word_1_800' title='bbox 1341 5230 1608 5301; x_wconf 83' lang='lat' dir='ltr'><strong>imposita.</strong></span> 
     </span>
    </p>
   </div>
   <div class='ocr_carea' id='block_1_101' title="bbox 460 5318 2049 5395">
    <p class='ocr_par' dir='ltr' id='par_1_101' title="bbox 460 5318 2049 5395">
     <span class='ocr_line' id='line_1_101' title="bbox 460 5318 2049 5395; baseline -0.004 -14"><span class='ocrx_word' id='word_1_801' title='bbox 460 5358 464 5363; x_wconf 65' lang='grc' dir='ltr'><strong><em>ο</em></strong></span> <span class='ocrx_word' id='word_1_802' title='bbox 544 5325 615 5381; x_wconf 81' lang='lat' dir='ltr'><strong>Et</strong></span> <span class='ocrx_word' id='word_1_803' title='bbox 651 5325 709 5379; x_wconf 73' lang='lat' dir='ltr'><strong>lxi</strong></span> <span class='ocrx_word' id='word_1_804' title='bbox 741 5324 843 5395; x_wconf 74' lang='lat' dir='ltr'><strong>lilii</strong></span> <span class='ocrx_word' id='word_1_805' title='bbox 880 5323 1114 5388; x_wconf 73' lang='lat' dir='ltr'><strong>Sebeon,</strong></span> <span class='ocrx_word' id='word_1_806' title='bbox 1153 5322 1254 5375; x_wconf 81' lang='lat' dir='ltr'><strong>Aio</strong></span> <span class='ocrx_word' id='word_1_807' title='bbox 1283 5334 1331 5375; x_wconf 80' lang='lat' dir='ltr'><strong>et</strong></span> <span class='ocrx_word' id='word_1_808' title='bbox 1361 5321 1495 5375; x_wconf 82' lang='lat' dir='ltr'><strong>Ana.</strong></span> <span class='ocrx_word' id='word_1_809' title='bbox 1553 5318 1657 5375; x_wconf 81' lang='lat' dir='ltr'><strong>Iste</strong></span> <span class='ocrx_word' id='word_1_810' title='bbox 1692 5329 1767 5375; x_wconf 78' lang='lat' dir='ltr'><strong>est</strong></span> <span class='ocrx_word' id='word_1_811' title='bbox 1803 5321 1922 5376; x_wconf 80' lang='lat' dir='ltr'><strong>Ana</strong></span> <span class='ocrx_word' id='word_1_812' title='bbox 1955 5321 2049 5392; x_wconf 87' lang='lat' dir='ltr'><strong>qui</strong></span> 
     </span>
    </p>
   </div>
   <div class='ocr_carea' id='block_1_102' title="bbox 440 5410 2046 5487">
    <p class='ocr_par' dir='ltr' id='par_1_102' title="bbox 440 5410 2046 5487">
     <span class='ocr_line' id='line_1_102' title="bbox 440 5410 2046 5487; baseline -0.004 -15"><span class='ocrx_word' id='word_1_813' title='bbox 709 5412 1127 5487; x_wconf 75' lang='lat' dir='ltr'><strong>aquas-calidas</strong></span> <span class='ocrx_word' id='word_1_814' title='bbox 1171 5412 1228 5466; x_wconf 82' lang='lat' dir='ltr'><strong>in</strong></span> <span class='ocrx_word' id='word_1_815' title='bbox 1272 5410 1555 5466; x_wconf 77' lang='lat' dir='ltr'><strong>solitudine</strong></span> <span class='ocrx_word' id='word_1_816' title='bbox 1581 5451 1597 5476; x_wconf 94' lang='lat'><strong>,</strong></span> <span class='ocrx_word' id='word_1_817' title='bbox 1648 5427 1765 5465; x_wconf 78' lang='lat' dir='ltr'><strong>cum</strong></span> <span class='ocrx_word' id='word_1_818' title='bbox 1814 5420 2046 5482; x_wconf 73' lang='lat' dir='ltr'><strong>parceret</strong></span> 
     </span>
    </p>
   </div>
   <div class='ocr_carea' id='block_1_103' title="bbox 448 5499 2045 5574">
    <p class='ocr_par' dir='ltr' id='par_1_103' title="bbox 448 5499 2045 5574">
     <span class='ocr_line' id='line_1_103' title="bbox 448 5499 2045 5574; baseline -0.002 -15"><span class='ocrx_word' id='word_1_819' title='bbox 448 5508 655 5561; x_wconf 65' lang='lat' dir='ltr'><strong>asinos</strong></span> <span class='ocrx_word' id='word_1_820' title='bbox 684 5503 875 5560; x_wconf 74' lang='lat' dir='ltr'><strong>Seb&#39;eou</strong></span> <span class='ocrx_word' id='word_1_821' title='bbox 902 5506 1067 5574; x_wconf 80' lang='lat' dir='ltr'><strong>patris</strong></span> <span class='ocrx_word' id='word_1_822' title='bbox 1104 5502 1221 5567; x_wconf 83' lang='lat' dir='ltr'><strong>sui,</strong></span> <span class='ocrx_word' id='word_1_823' title='bbox 1265 5509 1320 5555; x_wconf 90' lang='lat' dir='ltr'><strong>et</strong></span> <span class='ocrx_word' id='word_1_824' title='bbox 1355 5499 1577 5568; x_wconf 83' lang='lat' dir='ltr'><strong>reliqua.</strong></span> <span class='ocrx_word' id='word_1_825' title='bbox 1625 5500 1683 5555; x_wconf 90' lang='lat' dir='ltr'><strong>In</strong></span> <span class='ocrx_word' id='word_1_826' title='bbox 1723 5500 1828 5555; x_wconf 89' lang='lat' dir='ltr'><strong>alia</strong></span> <span class='ocrx_word' id='word_1_827' title='bbox 1866 5511 2045 5557; x_wconf 90' lang='lat' dir='ltr'><strong>autem</strong></span> 
     </span>
    </p>
   </div>
   <div class='ocr_carea' id='block_1_104' title="bbox 471 5589 2047 5663">
    <p class='ocr_par' dir='ltr' id='par_1_104' title="bbox 471 5589 2047 5663">
     <span class='ocr_line' id='line_1_104' title="bbox 471 5589 2047 5663; baseline 0 -18"><span class='ocrx_word' id='word_1_828' title='bbox 471 5592 708 5647; x_wconf 60' lang='lat' dir='ltr'><strong>ealitimte</strong></span> <span class='ocrx_word' id='word_1_829' title='bbox 728 5592 803 5647; x_wconf 86' lang='lat' dir='ltr'><strong>ita</strong></span> <span class='ocrx_word' id='word_1_830' title='bbox 824 5592 1017 5663; x_wconf 78' lang='lat' dir='ltr'><strong>legitur</strong></span> <span class='ocrx_word' id='word_1_831' title='bbox 1039 5610 1053 5646; x_wconf 92' lang='lat'><strong>:</strong></span> <span class='ocrx_word' id='word_1_832' title='bbox 1083 5591 1207 5662; x_wconf 79' lang='lat' dir='ltr'><strong>Ipse</strong></span> <span class='ocrx_word' id='word_1_833' title='bbox 1226 5600 1300 5645; x_wconf 80' lang='lat' dir='ltr'><strong>est</strong></span> <span class='ocrx_word' id='word_1_834' title='bbox 1322 5589 1457 5653; x_wconf 72' lang='lat' dir='ltr'><strong>Ana,</strong></span> <span class='ocrx_word' id='word_1_835' title='bbox 1477 5591 1565 5659; x_wconf 83' lang='lat' dir='ltr'><strong>qui</strong></span> <span class='ocrx_word' id='word_1_836' title='bbox 1590 5590 1777 5645; x_wconf 84' lang='lat' dir='ltr'><strong>invenit</strong></span> <span class='ocrx_word' id='word_1_837' title='bbox 1802 5592 2047 5647; x_wconf 75' lang='lat' dir='ltr'><strong>Imirmim</strong></span> 
     </span>
    </p>
   </div>
   <div class='ocr_carea' id='block_1_105' title="bbox 474 5678 2043 5751">
    <p class='ocr_par' dir='ltr' id='par_1_105' title="bbox 474 5678 2043 5751">
     <span class='ocr_line' id='line_1_105' title="bbox 474 5678 2043 5751; baseline 0.004 -19"><span class='ocrx_word' id='word_1_838' title='bbox 474 5681 529 5732; x_wconf 87' lang='lat' dir='ltr'><strong>in</strong></span> <span class='ocrx_word' id='word_1_839' title='bbox 569 5681 797 5747; x_wconf 76' lang='lat' dir='ltr'><strong>deserto,</strong></span> <span class='ocrx_word' id='word_1_840' title='bbox 840 5698 959 5736; x_wconf 78' lang='lat' dir='ltr'><strong>cum</strong></span> <span class='ocrx_word' id='word_1_841' title='bbox 1001 5690 1233 5751; x_wconf 72' lang='lat' dir='ltr'><strong>pasceret</strong></span> <span class='ocrx_word' id='word_1_842' title='bbox 1278 5679 1453 5735; x_wconf 79' lang='lat' dir='ltr'><strong>asinos</strong></span> <span class='ocrx_word' id='word_1_843' title='bbox 1495 5678 1692 5735; x_wconf 75' lang='lat' dir='ltr'><strong>Sebcon</strong></span> <span class='ocrx_word' id='word_1_844' title='bbox 1733 5683 1898 5749; x_wconf 78' lang='lat' dir='ltr'><strong>patris</strong></span> <span class='ocrx_word' id='word_1_845' title='bbox 1940 5685 2043 5740; x_wconf 76' lang='lat' dir='ltr'><strong>sui.</strong></span> 
     </span>
    </p>
   </div>
   <div class='ocr_carea' id='block_1_106' title="bbox 2150 4961 3729 5033">
    <p class='ocr_par' dir='ltr' id='par_1_106' title="bbox 2150 4961 3729 5033">
     <span class='ocr_line' id='line_1_106' title="bbox 2150 4961 3729 5033; baseline -0.001 -15"><span class='ocrx_word' id='word_1_846' title='bbox 2150 4977 2445 5018; x_wconf 85' lang='lat' dir='ltr'><strong>numerans</strong></span> <span class='ocrx_word' id='word_1_847' title='bbox 2478 4962 2872 5033; x_wconf 85' lang='lat' dir='ltr'><strong>generationes,</strong></span> <span class='ocrx_word' id='word_1_848' title='bbox 2913 4978 3019 5018; x_wconf 89' lang='lat' dir='ltr'><strong>non</strong></span> <span class='ocrx_word' id='word_1_849' title='bbox 3053 4978 3154 5032; x_wconf 90' lang='lat' dir='ltr'><strong>per</strong></span> <span class='ocrx_word' id='word_1_850' title='bbox 3189 4961 3556 5026; x_wconf 83' lang='lat' dir='ltr'><strong>Salomonem,</strong></span> <span class='ocrx_word' id='word_1_851' title='bbox 3588 4964 3729 5017; x_wconf 87' lang='lat' dir='ltr'><strong>sicut</strong></span> 
     </span>
    </p>
   </div>
   <div class='ocr_carea' id='block_1_107' title="bbox 2150 5053 3725 5124">
    <p class='ocr_par' dir='ltr' id='par_1_107' title="bbox 2150 5053 3725 5124">
     <span class='ocr_line' id='line_1_107' title="bbox 2150 5053 3725 5124; baseline 0.001 -16"><span class='ocrx_word' id='word_1_852' title='bbox 2150 5053 2240 5110; x_wconf 74' lang='lat' dir='ltr'><strong>ille</strong></span> <span class='ocrx_word' id='word_1_853' title='bbox 2287 5068 2383 5124; x_wconf 90' lang='lat' dir='ltr'><strong>per</strong></span> <span class='ocrx_word' id='word_1_854' title='bbox 2445 5053 2697 5120; x_wconf 86' lang='lat' dir='ltr'><strong>Nathan,</strong></span> <span class='ocrx_word' id='word_1_855' title='bbox 2755 5056 2823 5110; x_wconf 90' lang='lat' dir='ltr'><strong>ab</strong></span> <span class='ocrx_word' id='word_1_856' title='bbox 2877 5054 3149 5110; x_wconf 82' lang='lat' dir='ltr'><strong>Abraham</strong></span> <span class='ocrx_word' id='word_1_857' title='bbox 3203 5070 3371 5124; x_wconf 89' lang='lat' dir='ltr'><strong>usque</strong></span> <span class='ocrx_word' id='word_1_858' title='bbox 3413 5056 3482 5110; x_wconf 88' lang='lat' dir='ltr'><strong>ad</strong></span> <span class='ocrx_word' id='word_1_859' title='bbox 3523 5054 3725 5123; x_wconf 81' lang='lat' dir='ltr'><strong>Ioseph</strong></span> 
     </span>
    </p>
   </div>
   <div class='ocr_carea' id='block_1_108' title="bbox 2150 5144 3729 5217">
    <p class='ocr_par' dir='ltr' id='par_1_108' title="bbox 2150 5144 3729 5217">
     <span class='ocr_line' id='line_1_108' title="bbox 2150 5144 3729 5217; baseline 0 -18"><span class='ocrx_word' id='word_1_860' title='bbox 2150 5145 2541 5217; x_wconf 86' lang='lat' dir='ltr'><strong>quinquaginta</strong></span> <span class='ocrx_word' id='word_1_861' title='bbox 2579 5147 2818 5216; x_wconf 87' lang='lat' dir='ltr'><strong>quinque</strong></span> <span class='ocrx_word' id='word_1_862' title='bbox 2854 5153 3260 5201; x_wconf 71' lang='lat' dir='ltr'><strong>commemoret.</strong></span> <span class='ocrx_word' id='word_1_863' title='bbox 3307 5145 3366 5199; x_wconf 88' lang='lat' dir='ltr'><strong>ln</strong></span> <span class='ocrx_word' id='word_1_864' title='bbox 3407 5144 3498 5200; x_wconf 86' lang='lat' dir='ltr'><strong>illo</strong></span> <span class='ocrx_word' id='word_1_865' title='bbox 3526 5146 3729 5214; x_wconf 82' lang='lat' dir='ltr'><strong>quippe</strong></span> 
     </span>
    </p>
   </div>
   <div class='ocr_carea' id='block_1_109' title="bbox 2151 5234 3729 5305">
    <p class='ocr_par' dir='ltr' id='par_1_109' title="bbox 2151 5234 3729 5305">
     <span class='ocr_line' id='line_1_109' title="bbox 2151 5234 3729 5305; baseline -0.002 -16"><span class='ocrx_word' id='word_1_866' title='bbox 2151 5234 2362 5301; x_wconf 90' lang='lat' dir='ltr'><strong>ordine,</strong></span> <span class='ocrx_word' id='word_1_867' title='bbox 2402 5235 2493 5290; x_wconf 84' lang='lat' dir='ltr'><strong>ubi</strong></span> <span class='ocrx_word' id='word_1_868' title='bbox 2528 5235 2709 5305; x_wconf 88' lang='lat' dir='ltr'><strong>plures</strong></span> <span class='ocrx_word' id='word_1_869' title='bbox 2745 5243 3120 5301; x_wconf 87' lang='lat' dir='ltr'><strong>numerantur,</strong></span> <span class='ocrx_word' id='word_1_870' title='bbox 3168 5235 3328 5290; x_wconf 88' lang='lat' dir='ltr'><strong>citius</strong></span> <span class='ocrx_word' id='word_1_871' title='bbox 3375 5235 3577 5291; x_wconf 81' lang='lat' dir='ltr'><strong>mortui</strong></span> <span class='ocrx_word' id='word_1_872' title='bbox 3605 5242 3729 5289; x_wconf 87' lang='lat' dir='ltr'><strong>sunt</strong></span> 
     </span>
    </p>
   </div>
   <div class='ocr_carea' id='block_1_110' title="bbox 2150 5324 3732 5396">
    <p class='ocr_par' dir='ltr' id='par_1_110' title="bbox 2150 5324 3732 5396">
     <span class='ocr_line' id='line_1_110' title="bbox 2150 5324 3732 5396; baseline 0.001 -19"><span class='ocrx_word' id='word_1_873' title='bbox 2150 5340 2313 5394; x_wconf 89' lang='lat' dir='ltr'><strong>quam</strong></span> <span class='ocrx_word' id='word_1_874' title='bbox 2356 5325 2445 5381; x_wconf 89' lang='lat' dir='ltr'><strong>hic</strong></span> <span class='ocrx_word' id='word_1_875' title='bbox 2486 5326 2579 5381; x_wconf 89' lang='lat' dir='ltr'><strong>ubi</strong></span> <span class='ocrx_word' id='word_1_876' title='bbox 2619 5326 2922 5396; x_wconf 81' lang='lat' dir='ltr'><strong>pauciores.</strong></span> <span class='ocrx_word' id='word_1_877' title='bbox 2982 5324 3061 5381; x_wconf 84' lang='lat' dir='ltr'><strong>Ne</strong></span> <span class='ocrx_word' id='word_1_878' title='bbox 3105 5324 3246 5382; x_wconf 86' lang='lat' dir='ltr'><strong>forte</strong></span> <span class='ocrx_word' id='word_1_879' title='bbox 3287 5336 3468 5381; x_wconf 88' lang='lat' dir='ltr'><strong>autem</strong></span> <span class='ocrx_word' id='word_1_880' title='bbox 3511 5334 3732 5381; x_wconf 81' lang='lat' dir='ltr'><strong>moveat</strong></span> 
     </span>
    </p>
   </div>
   <div class='ocr_carea' id='block_1_111' title="bbox 2150 5417 3732 5488">
    <p class='ocr_par' dir='ltr' id='par_1_111' title="bbox 2150 5417 3732 5488">
     <span class='ocr_line' id='line_1_111' title="bbox 2150 5417 3732 5488; baseline 0 -18"><span class='ocrx_word' id='word_1_881' title='bbox 2150 5417 2403 5486; x_wconf 84' lang='lat' dir='ltr'><strong>aliquem.</strong></span> <span class='ocrx_word' id='word_1_882' title='bbox 2446 5419 2590 5488; x_wconf 92' lang='lat' dir='ltr'><strong>quod</strong></span> <span class='ocrx_word' id='word_1_883' title='bbox 2652 5417 2795 5472; x_wconf 88' lang='lat' dir='ltr'><strong>inter</strong></span> <span class='ocrx_word' id='word_1_884' title='bbox 2843 5432 2996 5488; x_wconf 82' lang='lat' dir='ltr'><strong>reges</strong></span> <span class='ocrx_word' id='word_1_885' title='bbox 3042 5417 3211 5473; x_wconf 83' lang='lat' dir='ltr'><strong>Edam</strong></span> <span class='ocrx_word' id='word_1_886' title='bbox 3268 5427 3732 5474; x_wconf 72' lang='lat' dir='ltr'><strong>commemoratur</strong></span> 
     </span>
    </p>
   </div>
   <div class='ocr_carea' id='block_1_112' title="bbox 2141 5505 3731 5572">
    <p class='ocr_par' dir='ltr' id='par_1_112' title="bbox 2141 5505 3731 5572">
     <span class='ocr_line' id='line_1_112' title="bbox 2141 5505 3731 5572; baseline -0.003 -7"><span class='ocrx_word' id='word_1_887' title='bbox 2141 5505 2311 5565; x_wconf 80' lang='lat' dir='ltr'><strong>.Balac</strong></span> <span class='ocrx_word' id='word_1_888' title='bbox 2355 5507 2495 5563; x_wconf 79' lang='lat' dir='ltr'><strong>filius</strong></span> <span class='ocrx_word' id='word_1_889' title='bbox 2536 5507 2695 5572; x_wconf 87' lang='lat' dir='ltr'><strong>Beor,</strong></span> <span class='ocrx_word' id='word_1_890' title='bbox 2735 5515 2791 5563; x_wconf 93' lang='lat' dir='ltr'><strong>ct</strong></span> <span class='ocrx_word' id='word_1_891' title='bbox 2828 5507 2894 5563; x_wconf 91' lang='lat' dir='ltr'><strong>de</strong></span> <span class='ocrx_word' id='word_1_892' title='bbox 2938 5507 3287 5563; x_wconf 89' lang='lat' dir='ltr'><strong>similitudine</strong></span> <span class='ocrx_word' id='word_1_893' title='bbox 3330 5508 3569 5563; x_wconf 87' lang='lat' dir='ltr'><strong>nominis</strong></span> <span class='ocrx_word' id='word_1_894' title='bbox 3613 5508 3731 5562; x_wconf 85' lang='lat' dir='ltr'><strong>exi-</strong></span> 
     </span>
    </p>
   </div>
   <div class='ocr_carea' id='block_1_113' title="bbox 2151 5597 3735 5671">
    <p class='ocr_par' dir='ltr' id='par_1_113' title="bbox 2151 5597 3735 5671">
     <span class='ocr_line' id='line_1_113' title="bbox 2151 5597 3735 5671; baseline 0.001 -20"><span class='ocrx_word' id='word_1_895' title='bbox 2151 5598 2338 5651; x_wconf 88' lang='lat' dir='ltr'><strong>stimet</strong></span> <span class='ocrx_word' id='word_1_896' title='bbox 2378 5597 2524 5651; x_wconf 88' lang='lat' dir='ltr'><strong>illum</strong></span> <span class='ocrx_word' id='word_1_897' title='bbox 2565 5613 2687 5652; x_wconf 85' lang='lat' dir='ltr'><strong>esse</strong></span> <span class='ocrx_word' id='word_1_898' title='bbox 2725 5598 2902 5664; x_wconf 85' lang='lat' dir='ltr'><strong>Baiae,</strong></span> <span class='ocrx_word' id='word_1_899' title='bbox 2938 5599 3028 5668; x_wconf 88' lang='lat' dir='ltr'><strong>qui</strong></span> <span class='ocrx_word' id='word_1_900' title='bbox 3065 5600 3264 5654; x_wconf 88' lang='lat' dir='ltr'><strong>restitit</strong></span> <span class='ocrx_word' id='word_1_901' title='bbox 3298 5599 3463 5671; x_wconf 73' lang='lat' dir='ltr'><strong>Moysi</strong></span> <span class='ocrx_word' id='word_1_902' title='bbox 3504 5598 3735 5654; x_wconf 87' lang='lat' dir='ltr'><strong>ducenti</strong></span> 
     </span>
    </p>
   </div>
   <div class='ocr_carea' id='block_1_114' title="bbox 2152 5686 3738 5755">
    <p class='ocr_par' dir='ltr' id='par_1_114' title="bbox 2152 5686 3738 5755">
     <span class='ocr_line' id='line_1_114' title="bbox 2152 5686 3738 5755; baseline 0.005 -20"><span class='ocrx_word' id='word_1_903' title='bbox 2152 5686 2403 5755; x_wconf 72' lang='lat' dir='ltr'><strong>populant</strong></span> <span class='ocrx_word' id='word_1_904' title='bbox 2449 5686 2632 5753; x_wconf 84' lang='lat' dir='ltr'><strong>lsrael,</strong></span> <span class='ocrx_word' id='word_1_905' title='bbox 2669 5687 2804 5743; x_wconf 87' lang='lat' dir='ltr'><strong>sciat</strong></span> <span class='ocrx_word' id='word_1_906' title='bbox 2841 5687 2991 5742; x_wconf 88' lang='lat' dir='ltr'><strong>illum</strong></span> <span class='ocrx_word' id='word_1_907' title='bbox 3028 5687 3188 5743; x_wconf 85' lang='lat' dir='ltr'><strong>Balac</strong></span> <span class='ocrx_word' id='word_1_908' title='bbox 3214 5688 3500 5744; x_wconf 79' lang='lat' dir='ltr'><strong>Moabitcm</strong></span> <span class='ocrx_word' id='word_1_909' title='bbox 3529 5686 3738 5753; x_wconf 80' lang='lat' dir='ltr'><strong>fuisse,</strong></span> 
     </span>
    </p>
   </div>
  </div>
