3962 6198
212 338 317 400 (‘9!

1255 333 1603 394 COMMENT.
1644 333 1710 389 1N
1744 333 2065 391 GENESIM.
2105 364 2176 376 --
2214 335 2338 389 LIB.
2380 334 2462 390 Ill.

3366 334 3471 395 62!

214 472 324 511 non
372 455 698 518 Idumam.
747 466 978 524 eumque
1024 454 1189 509 fuisse
1232 452 1401 507 lilium
1440 452 1651 523 Sephor
1687 467 1792 507 non
1821 456 1869 516 Α
1897 453 1968 509 sit
1993 452 2189 519 factus,
2221 465 2277 510 et
2300 456 2569 512 venditus.
2601 453 2707 507 Aut
2734 462 2862 524 ergo
2903 456 3090 510 eodem
3150 436 3292 511 anno
3312 458 3474 527 sepii-

210 551 389 605 ﬁlittm
421 548 587 613 Beor,
631 548 726 603 sed
770 546 940 604 fuisse
973 550 1142 603 etiam
1182 548 1254 602 ihi
1293 557 1425 603 tunc
1460 546 1627 603 lilium
1658 547 1796 603 Deos

211 641 460 703 Balaam,
486 653 594 693 non
628 637 787 693 Baiae
811 655 824 690 :
858 651 1019 706 quem
1042 636 1259 691 Balaam
1284 639 1624 693 conduxerat
1654 630 1796 692 idem

212 733 384 788 Baiae
408 732 478 787 ad
502 730 933 787 maledicendum
958 730 1214 800 populum
1242 729 1427 786 lsrael.

288 824 537 880 Mortuus
562 833 638 878 est
666 831 842 878 autem
873 821 1020 887 Belo,
1060 831 1108 876 et
1138 822 1370 891 regnauit
1410 835 1505 892 pro
1541 834 1604 874 eo
1631 817 1797 875 Iacob

211 916 363 986 ﬁlias
391 911 529 970 lare
555 915 620 969 de
644 912 835 979 Bosra,
862 919 968 968 etc.
1019 912 1173 967 Hunc
1197 912 1416 982 quidam
1456 908 1801 979 suspicantur

212 1021 342 1063 esse
369 1005 502 1071 Iob,
547 1014 609 1060 ut
649 1004 847 1069 inﬁne
875 1003 1164 1059 voluminis
1202 1003 1373 1072 ipsius
1408 1000 1651 1055 additum
1691 1006 1795 1054 est.

1895 559 1985 599 mo
2015 545 2248 606 decimo,
2275 554 2368 600 aut
2391 546 2554 599 etiam
2578 545 2852 615 aliquanto
2874 546 3045 617 major
3064 548 3209 602 venit
3238 548 3288 602 in
3312 539 3477 622 A153;-

1893 645 2046 708 ptum
2075 651 2139 693 ac
2160 648 2257 708 per
2283 639 2385 695 hoc
2421 638 2676 694 utrolibet
2697 634 2856 695 modo
2901 642 3181 711 pennanet
3226 643 3471 711 (ιιιτιιειίυ.

1896 726 1957 781 Si
1978 726 2121 782 enim
2149 729 2332 783 decem
2357 735 2412 783 et
2441 737 2647 798 septem
2674 734 2938 784 annorum
2969 728 3071 785 fuit
3101 734 3225 802 post
3248 736 3476 788 mortem

1898 816 1985 871 avi
2006 817 2106 881 sui,
2135 818 2351 888 quando
2386 829 2541 889 pater
2562 819 2679 889 ejus
2701 824 2921 874 centum
2960 820 3147 891 viginti
3190 819 3309 879 fuit.
3349 836 3478 892 pro-

1898 908 2042 964 moto
2068 920 2209 965 anno
2234 911 2353 981 ejus
2375 912 2645 967 tricesimo
2669 919 2722 965 et
2737 916 2899 976 nono,
2929 912 3146 981 quando
3171 911 3337 969 Iacob
3379 926 3470 967 vc-

1898 991 1980 1053 nit
2008 999 2060 1053 in
2082 998 2395 1071 Egyptum,
2442 1008 2661 1055 centum
2719 1001 3077 1072 quadraginta
3128 1002 3263 1058 duos
3306 1016 3479 1057 annos

212 1099 420 1153 Costtra
453 1092 664 1151 ﬂebrai
691 1103 972 1155 asserunt,
1015 1094 1083 1148 de
1109 1091 1327 1148 Nachor
1351 1102 1476 1146 eum
1507 1090 1675 1158 stirpe
1705 1100 1799 1160 ge-
1854 1172 1863 1177 ἡ
1890 1087 2045 1143 idem
2076 1088 2244 1146 Iacob
2271 1104 2433 1161 agere
2469 1090 2670 1145 debuit.
2727 1082 2853 1144 Fuit
2907 1098 3084 1145 autem
3132 1100 3259 1146 tunc
3309 1090 3478 1148 Iacob

213 1188 492 1251 ueram,
520 1192 582 1239 ut
599 1182 716 1257 jam
742 1197 906 1252 supra
934 1179 1138 1236 dictum
1165 1188 1269 1236 est.

777 1272 1004 1330 CAPUT
1026 1272 1247 1349 ,xxvt.

535 1364 614 1421 De
640 1366 831 1437 Ioseph
855 1365 1058 1419 somnio
1090 1364 1228 1436 quod
1265 1362 1482 1420 viderat.

288 1458 445 1531 (Car.
476 1455 708 1529 sum.)
727 1455 923 1526 Ioseph
958 1468 1076 1508 cum
1097 1463 1228 1509 esset
1265 1454 1489 1509 sedecim
1519 1465 1800 1515 annorum,

217 1547 464 1620 pascebat
482 1563 686 1617 gregem
711 1558 828 1600 cum
851 1545 1104 1616 fratribus
1128 1546 1238 1601 suis
1267 1545 1440 1598 adhuc
1460 1558 1608 1614 puer.
1660 1541 1804 1610 ρυυι

218 1640 643 1710 modopotuerit
684 1652 831 1694 mors
858 1637 1246 1703 lsaac,decem
1288 1643 1345 1690 et
1400 1643 1603 1707 septem
1620 1642 1805 1689 ‘anuo-

219 1744 344 1788 rum
390 1731 635 1787 invenire
650 1728 849 1800 Ioseph
871 1729 988 1800 eius
1008 1728 1284 1800 nepotem,
1307 1728 1671 1785 sicutvidetu‘r
1690 1734 1806 1781 tarr-

1902 1188 2116 1236 centum
2146 1181 2385 1253 triginta,
2414 1194 2475 1236 ac
2498 1194 2596 1252 per
2619 1182 2719 1237 hoc
2744 1183 2789 1235 si
2811 1182 2994 1238 decem
3014 1190 3065 1238 et
3082 1192 3283 1253 septem
3311 1200 3481 1242 anno-

1906 1287 2023 1327 rum
2040 1270 2239 1343 Ioseph
2279 1273 2332 1327 in
2371 1272 2658 1345 [Egyptum
2683 1280 2766 1328 est
2784 1274 3053 1341 venditus,
3093 1286 3217 1330 ante
3274 1277 3477 1332 duode-

1903 1360 2009 1417 cim
2040 1366 2211 1417 annos
2232 1370 2395 1432 Quam
2425 1370 2725 1418 moreretur
2771 1380 2903 1419 avus
2936 1362 3069 1432 ejus,
3116 1366 3366 1422 venditus
3399 1367 3481 1421 in.

1903 1451 2137 1506 venitur.
2163 1451 2354 1508 Decem
2379 1458 2434 1508 et
2458 1461 2663 1523 septem
2706 1455 2849 1509 enim
2896 1470 3159 1510 annorum
3206 1472 3325 1513 esse
3371 1472 3480 1513 non

1904 1545 2099 1615 potuit,
2131 1545 2231 1600 nisi
2261 1554 2387 1600 ante
2409 1546 2689 1602 duodecim
2718 1560 2890 1603 annos
2921 1548 3111 1603 mortis
3148 1548 3315 1613 lsaac,
3346 1562 3480 1605 cen-

1905 1634 2101 1689 tesimo
2131 1640 2185 1689 et
2206 1642 2398 1690 octavo
2452 1650 2594 1690 anno
2631 1636 2803 1707 patris
2847 1637 2930 1691 sui
2983 1634 3168 1693 Iacob.
3215 1638 3309 1693 liis
3335 1638 3479 1695 enim

1906 1733 2029 1781 eum
2054 1725 2414 1796 adjecerimus
2433 1725 2619 1797 viginti
2642 1727 2777 1783 duos
2802 1742 2991 1794 annos,
3045 1729 3242 1797 quibus
3280 1726 3478 1800 Ioseph

219 1836 381 1892 quam
406 1834 476 1877 ex
523 1821 713 1876 ordine
746 1819 1028 1890 Scriptum
1086 1826 1312 1875 narrare
1338 1838 1352 1887 ;
1382 1828 1703 1889 Quocunque
1737 1831 1803 1895 se
1831 1810 1877 1872 Β
1904 1826 2074 1885 usque
2100 1815 2168 1869 ad
2194 1815 2482 1871 adventum
2503 1816 2675 1885 patris
2695 1816 2779 1871 sui
2811 1816 2915 1871 fuit
2943 1817 2997 1871 in
3043 1816 3295 1889 Egypto,
3352 1818 3483 1874 fient

220 1914 453 1983 quisque
475 1916 780 1977 convertat,
809 1911 1053 1966 invenire
1087 1908 1301 1966 ditiicile
1333 1916 1436 1966 est.
1472 1909 1611 1965 Nolo
1658 1908 1802 1964 enim

222 2002 403 2057 dicere
433 2016 540 2057 non
561 2016 719 2071 posse
752 2001 999 2066 inveniri,
1052 2015 1127 2056 ne
1175 1998 1315 2055 forte
1349 2015 1438 2056 me
1462 1999 1633 2072 fugiat
1660 2000 1805 2070 quod

221 2093 386 2148 alium
414 2107 523 2148 non
561 2090 717 2163 fugit.
749 2091 809 2147 Si
828 2092 974 2147 enim
1003 2098 1126 2160 post
1153 2099 1381 2147 mortem
1396 2092 1487 2146 avi
1514 2091 1597 2146 sui
1634 2091 1803 2155 Isaac,

222 2180 413 2237 decem
434 2189 486 2236 et
519 2184 725 2251 septem
762 2186 1025 2235 annorum
1048 2179 1393 2252 fuitIoseph,
1441 2182 1657 2253 quando
1681 2188 1806 2235 eum

1903 1906 2079 1962 tctatis
2104 1905 2227 1960 anui
2254 1904 2453 1975 Ioseph
2478 1905 2696 1977 triginta
2728 1916 2942 1972 novem,
2977 1915 3032 1962 et
3050 1904 3216 1964 Iacob
3265 1917 3480 1966 centum

1892 1995 2146 2067 triginta,
2176 2000 2233 2050 et
2261 1995 2404 2050 nulla
2434 1996 2539 2051 erit
2589 1996 2834 2066 quaastio.
2882 1996 2987 2052 Sed
3033 1998 3285 2069 quoniam
3338 2000 3485 2057 Scri-

1903 2094 2062 2156 ptura
2081 2094 2205 2157 post
2218 2090 2445 2141 mortem
2461 2086 2613 2143 lsaac
2636 2087 2738 2142 ista
2760 2088 3023 2154 narravit,
3047 2098 3267 2158 putatur
3285 2089 3481 2162 Ioseph

1902 2188 2027 2247 post
2054 2177 2294 2248 ejusuem
2322 2178 2408 2233 avi
2432 2178 2516 2233 sui
2544 2185 2793 2244 mortem,
2828 2174 3012 2235 decem
3051 2188 3107 2234 et
3154 2189 3358 2251 septem
3389 2197 3486 2234 an‘

224 2271 425 2328 fratres
442 2272 498 2328 in
525 2271 825 2343 Bgyptum
840 2271 1218 2336 vendiderunt,
1234 2271 1424 2342 procul
1450 2271 1613 2328 dubio
1633 2279 1689 2325 et
1714 2282 1809 2341 pa-
1905 2284 2101 2326 norum
2168 2268 2351 2325 fuisse.
2408 2268 2746 2340 Quapropter
2787 2268 3151 2343 intelligamus
3180 2313 3194 2339 ,
3252 2274 3319 2329 de
3375 2275 3482 2329 vita

227 2370 307 2416 ter
331 2360 518 2426 Iacob,
544 2361 774 2431 septimo
800 2360 1010 2416 decimo
1045 2359 1142 2415 lilii
1166 2361 1249 2416 sui
1278 2375 1419 2416 anno
1440 2358 1656 2431 Ioseph,
1682 2375 1809 2416 cen-
1906 2358 2074 2425 isaac,
2110 2367 2367 2430 tanquam
2394 2359 2621 2416 multum
2643 2359 2902 2431 decrepiti
2925 2362 3040 2417 seni
3076 2363 3307 2419 tacuisse
3337 2363 3485 2420 Serio

228 2461 339 2508 tum
361 2451 550 2522 viginti
577 2458 841 2507 annorum
872 2450 992 2505 fuit.
1020 2450 1231 2507 .Genuit
1274 2452 1458 2506 autem
1508 2452 1805 2518 eoslsaac,

1904 2459 2141 2523 pturam,
2158 2456 2280 2505 cum
2296 2451 2363 2507 de
2376 2449 2611 2509 Iaeobet
2624 2449 2742 2520 ejus
2767 2450 2891 2507 illiis
2905 2450 3233 2523 loqueretur,
3251 2455 3373 2509 vivo
3400 2463 3481 2508 ti-

228 2556 349 2598 cum
366 2550 514 2598 esset
535 2556 802 2596 annorum
828 2541 1130 2613 sexaginta,
1157 2541 1299 2596 sicut
1318 2541 1585 2611 scriptum
1605 2547 1708 2595 est.
1723 2539 1811 2594 i’i-
1909 2555 2031 2598 men
2053 2536 2223 2609 Isaac,
2239 2542 2423 2597 decem
2449 2548 2505 2598 et
2525 2551 2731 2611 septem
2758 2557 3020 2599 annorum
3054 2556 3176 2600 esse
3201 2545 3364 2617 ctrpit
3387 2545 3480 2602 ἔοι

228 2637 305 2689 sit
327 2651 451 2705 ergo
474 2633 631 2690 Isaac
644 2643 821 2704 postea
851 2642 1057 2687 centum
1095 2634 1281 2703 uiginti
1299 2648 1486 2697 annos,
1513 2632 1640 2703 quia
1683 2644 1806 2686 cem

232 2735 339 2778 tum
367 2725 629 2794 octoginta
650 2732 885 2777 mortuus
913 2731 1009 2777 est.
1030 2723 1239 2779 idcirco
1259 2723 1476 2794 reliquit
1501 2722 1641 2782 ﬁlios
1678 2735 1806 2777 cen-

232 2824 341 2872 tum
381 2816 575 2887 viginti
612 2831 784 2871 annos
821 2816 1047 2881 habens,
1086 2824 1141 2870 ct
1163 2814 1361 2886 Ioseph
1388 2815 1577 2870 decem
1599 2823 1656 2871 et
1681 2829 1805 2885 sep—

234 2916 358 2963 tem.
384 2906 581 2979 Ioseph
612 2914 793 2963 autem
828 2908 1082 2978 quoniam
1121 2906 1224 2962 fuit
1256 2906 1476 2977 triginta
1518 2920 1806 2972 annorum,

233 3000 443 3069 qndo
466 2999 717 3069 apparuit
738 2999 791 3052 in
811 3005 1103 3067 conspectu
1132 2997 1450 3061 Pharaonis,
1488 2996 1657 3052 secuti
1681 3004 1808 3050 sunt

232 3098 407 3145 autem
431 3098 653 3161 septem
672 3089 799 3143 anni
841 3088 1106 3144 ubertatis
1147 3095 1201 3143 et
1255 3088 1363 3143 duo
1404 3086 1587 3154 famis,
1636 3087 1808 3142 donec

1910 2633 2065 2703 seph.

1981 2724 2053 2778 Et
2079 2730 2191 2780 erat
2216 2739 2335 2779 cum
2363 2723 2487 2795 filiis
2515 2722 2665 2778 Bala:
2696 2733 2744 2779 et
2794 2719 3007 2795 Zelplue
3048 2739 3270 2781 umorum
3319 2725 3485 2796 patris

1902 2816 1990 2869 sui
2014 2832 2034 2881 ;
2057 2815 2420 2886 accusavitque
2456 2815 2648 2886 fratres
2685 2830 2806 2870 suos
2846 2814 2987 2887 apud
3022 2822 3222 2886 patrem
3269 2816 3486 2870 crimine

1905 2906 2149 2979 pessimo.
2176 2906 2347 2966 Israel
2386 2914 2559 2960 autem
2588 2905 2836 2977 diligebat
2892 2905 3086 2976 Ioseph
3123 2920 3280 2979 super
3305 2923 3483 2962 omnes

1906 2998 2045 3067 ﬁlios
2067 3015 2213 3065 suos,
2236 3014 2298 3053 eo
2320 2998 2460 3070 quod
2484 2999 2539 3053 in
2565 3004 2824 3053 senectute
2848 3001 3107 3070 genuisset
3142 3015 3280 3054 eum.
3310 2997 3486 3054 Fecit-

1907 3100 2007 3160 que
2056 3089 2105 3143 ei
2169 3088 2399 3143 tunicam
2456 3086 2777 3159 polymitam.
2803 3085 3002 3159 Ioseph
3032 3104 3168 3143 unus
3189 3103 3258 3144 ex
3286 3088 3486 3145 duode-

230 3184 297 3237 ad
310 3197 441 3237 eum
476 3191 631 3253 pater
671 3184 793 3237 cum
842 3180 1099 3237 fratribus
1147 3180 1297 3235 vertit
1323 3196 1339 3246 ;
1373 3180 1592 3252 triginta
1613 3190 1803 3235 novem
1830 3170 1877 3235 C
1907 3181 2013 3236 cim
2037 3180 2160 3235 ﬁliis
2176 3177 2363 3246 Iacob,
2386 3194 2547 3250 quem
2575 3186 2732 3249 pater
2750 3192 2860 3250 prae
2887 3180 3101 3236 cteteris
3124 3180 3310 3235 dilexit
3339 3180 3485 3246 liliis,

231 3275 472 3345 profecto
499 3289 671 3329 annos
691 3274 883 3342 agebat
911 3271 1129 3342 Ioseph,
1166 3270 1381 3341 quando
1416 3268 1583 3326 Iacob
1639 3270 1806 3324 intra-

232 3366 307 3418 vit
332 3364 646 3436 Algyptum.
680 3362 830 3417 Tunc
856 3371 1036 3417 autem
1056 3360 1243 3427 Iacob,
1266 3360 1413 3430 quod
1426 3374 1522 3414 ore
1549 3374 1647 3415 suo
1662 3356 1804 3414 Pha-

234 3457 378 3510 raoni
406 3456 559 3521 dicit,
584 3454 936 3510 centesimum
963 3462 1020 3509 et
1063 3453 1397 3523 trigesimum
1443 3456 1642 3507 annum
1679 3463 1807 3522 age-

234 3547 320 3602 bat
352 3548 552 3611 relatis,
581 3554 796 3603 centum
824 3555 1004 3601 autem
1041 3553 1097 3601 et
1117 3544 1304 3617 viginti
1351 3543 1536 3609 Iacob,
1591 3544 1806 3613 quando

233 3647 347 3692 erat
368 3637 558 3693 decem
587 3647 643 3693 et
667 3644 871 3707 septem
891 3635 1119 3707 Ioseph:
1150 3636 1293 3707 quod
1315 3648 1501 3690 verum
1515 3648 1636 3691 esse
1661 3634 1809 3691 ιιιιηῦ

236 3731 389 3786 modo
413 3738 611 3801 potest.
643 3730 700 3784 Si
737 3730 881 3784 enim
919 3729 1130 3786 decimo
1154 3737 1211 3785 et
1228 3729 1458 3799 septimo
1498 3740 1642 3783 anno
1684 3727 1809 3783 vitae

234 3822 640 3893 Ioseph,Iacob
674 3832 890 3878 centum
926 3830 982 3877 et
1002 3823 1191 3895 viginti
1215 3827 1419 3893 ageret,
1448 3820 1809 3893 proculdubio

240 3916 512 3989 trigesimo
535 3925 592 3974 et
612 3931 755 3973 nono
781 3930 922 3972 anno
946 3913 1169 3986 Iuseph,
1203 3930 1308 3971 non
1324 3922 1542 3972 centum
1567 3915 1805 3993 triginta,

238 4010 327 4063 sed
343 4017 560 4065 centum
588 4017 647 4063 et
666 4009 1037 4080 quadraginta,
1068 4016 1124 4064 et
1149 4009 1283 4064 duos
1304 4018 1493 4076 annos,
1542 4020 1702 4081 agere
1726 4009 1809 4064 in-

239 4100 508 4155 veniretur
532 4098 718 4157 Iacob.
747 4099 805 4155 Si
818 4091 997 4155 autem
1023 4100 1109 4155 die
1129 4101 1319 4155 murtis
1371 4096 1545 4166 lsaac,
1566 4100 1806 4155 nondum

242 4201 354 4247 erat
376 4204 638 4248 annorum
668 4190 850 4247 decem
872 4202 927 4246 et
948 4196 1151 4262 septem
1184 4189 1404 4263 Ioseph,
1429 4193 1522 4249 sed
1571 4192 1812 4263 aliguan-

247 4282 351 4337 tulo
372 4292 610 4354 tempore
649 4293 769 4352 post
796 4290 1025 4338 mortem
1054 4283 1137 4338 avi
1156 4282 1258 4349 sui,
1287 4283 1354 4338 ad
1391 4283 1675 4352 septimum
1717 4283 1811 4338 de-

247 4373 431 4426 cimum
452 4372 699 4441 pervenit
713 4386 937 4438 annum,
951 4386 1058 4442 quo
1079 4388 1241 4439 anno,
1258 4371 1534 4443 Scriptura
1555 4368 1807 4439 testante,

234 4464 299 4518 in
323 4463 609 4537 1£gyptum
633 4471 720 4520 est
745 4480 777 4519 a
804 4464 1063 4521 fratribus
1082 4464 1352 4531 venditus,
1389 4456 1620 4535 plurium
1645 4462 1808 4519 etiam

1902 3268 2182 3326 Christum
2210 3269 2494 3325 Dominum
2525 3269 2796 3341 ilguravit,
2840 3285 2999 3341 quem
3030 3271 3172 3326 Deus
3193 3268 3356 3327 Pater
3402 3287 3489 3328 sc~

1906 3359 2142 3417 cundum
2171 3372 2389 3416 carnem
2417 3364 2624 3425 natum,
2653 3360 2865 3416 caeteris
2888 3360 3144 3417 fratribus
3164 3378 3229 3418 ex
3256 3361 3486 3418 Abrahae

1905 3450 2074 3521 stirpe
2101 3451 2397 3523 progenitis
2424 3451 2680 3523 praetulit.
2708 3451 2888 3523 (Isid.)
2914 3449 3065 3507 Unde
3089 3456 3144 3507 et
3164 3453 3235 3508 ibi
3261 3454 3482 3510 dicitur:

1908 3542 2130 3598 Amabat
2152 3560 2268 3598 eum
2288 3542 2473 3609 Iacob,
2494 3559 2553 3599 eo
2574 3543 2712 3614 quod
2730 3544 2784 3598 in
2799 3553 3058 3599 senectute
3076 3547 3331 3616 genuisset
3344 3564 3482 3600 eum.

1909 3629 2236 3688 Senescente
2261 3631 2403 3686 enim
2435 3633 2656 3699 mundo,
2688 3630 3008 3690 illucescens
3029 3634 3123 3689 Dei
3166 3635 3333 3691 Filius
3389 3652 3488 3707 per

1909 3722 2091 3781 Maria:
2115 3725 2339 3796 virginis
2362 3733 2596 3795 partum,
2625 3738 2778 3780 serus
2801 3726 3017 3781 advenit
3049 3734 3303 3796 tanquam
3346 3727 3487 3782 filius

1909 3819 2202 3874 senectutis
2230 3819 2524 3874 secundum
2545 3830 2942 3875 sacramentum
2965 3820 3198 3890 suscepti
3225 3821 3485 3890 corporis,

1910 3910 2000 3983 qui
2029 3918 2297 3967 eratante
2324 3910 2463 3967 sicut
2492 3922 2704 3982 semper
2742 3910 2886 3982 apud
2907 3908 3143 3966 Patrem.
3177 3909 3349 3978 Fecit,
3404 3910 3488 3966 in-

1911 4002 2047 4073 quit,
2076 4003 2124 4057 ei
2153 4002 2388 4058 tunicam
2417 4003 2753 4076 polymiiam,
2784 4001 2837 4058 id
2859 4010 2962 4068 est,
2989 4002 3208 4057 variam.
3249 4002 3354 4059 Pro
3395 4018 3488 4056 va-

1912 4094 1991 4149 ria
2027 4092 2204 4148 tunica
2240 4093 2433 4164 Aquila
2456 4093 2841 4164 interpretatus
2867 4105 2950 4148 est
2977 4093 3213 4147 tunicam
3233 4096 3493 4172 ἀστραγά-

1909 4186 2061 4250 λειον,
2089 4185 2141 4240 id
2169 4192 2269 4249 est,
2301 4185 2543 4239 talarem.
2578 4184 2958 4257 Symmachus,
2991 4184 3230 4239 tunicam
3259 4186 3493 4239 manica-

1911 4284 2040 4342 tam,
2064 4276 2177 4331 sive
2214 4274 2356 4347 quod
2378 4276 2447 4330 ad
2482 4275 2620 4331 talos
2649 4291 2818 4346 usque
2850 4276 3223 4342 descenderet,
3274 4286 3330 4331 et
3373 4293 3489 4331 ma«

1910 4369 2072 4423 nibus
2118 4364 2342 4421 artiﬁcis
2393 4366 2529 4421 mira
2568 4372 2712 4421 esset
2754 4362 3016 4421 varietate
3045 4366 3334 4431 distincta;
3381 4366 3494 4421 sive

1912 4460 2055 4530 quod
2075 4458 2297 4515 haberet
2316 4458 2575 4513 manicas.
2598 4457 2820 4529 Antiqui
2854 4458 2998 4514 enim
3049 4459 3221 4531 magis
3248 4459 3493 4515 collobiis

249 4531 640 4622 quam'centum
670 4553 1028 4625 quadraginta
1053 4554 1278 4609 duorum
1304 4531 1567 4608 annorum
1590 4566 1708 4610 esse
1723 4554 1808 4610 de-
1835 4531 1886 4591 D
1910 4548 2223 4605 utebantur.
2255 4546 2461 4605 Tunica
2488 4555 2669 4604 autem
2693 4548 2977 4619 polymita,
2997 4563 3159 4620 quam
3187 4549 3318 4605 fecit
3338 4551 3494 4620 eipa-

250 4641 356 4697 huit
378 4654 534 4713 pater
556 4643 694 4713 ejus,
721 4643 935 4713 quando
956 4649 1040 4697 est
1064 4641 1232 4696 ﬁlium
1264 4642 1317 4696 in
1344 4640 1632 4714 Egyptum
1675 4658 1807 4698 cou-

250 4743 471 4787 secutns.
499 4731 779 4802 Scriptura
812 4731 1010 4801 quippe
1037 4738 1384 4801 posteaquam
1421 4729 1667 4785 narravit
1717 4740 1811 4784 an-

250 4837 367 4877 num
404 4824 526 4877 vitae
552 4822 798 4877 uitimum
824 4821 989 4885 lsaac,
1033 4822 1385 4877 centesimum
1437 4827 1491 4877 et
1541 4819 1811 4894 octogesi-

242 4927 408 4977 mum,
441 4921 498 4968 et
520 4911 637 4981 ejus
663 4922 890 4968 mortem
911 4912 1336 4983 ac-sepulturam,
1364 4911 1556 4967 deinde
1579 4924 1815 4966 comme-

252 5003 471 5056 moravit
506 5001 960 5072 quernadmodum
982 5016 1233 5074 egressus
1258 5010 1405 5057 esset
1450 5002 1589 5056 Esau
1640 5017 1671 5056 a
1703 5002 1812 5056 fra-

254 5097 328 5145 tre
347 5106 444 5146 suo
464 5093 693 5147 deterra
723 5091 980 5147 Chanaan
1026 5093 1078 5146 in
1120 5100 1304 5147 monte
1358 5092 1497 5157 Seir,
1530 5099 1584 5147 et
1628 5098 1813 5147 conte-

251 5182 356 5236 suit
380 5172 946 5238 commemorationem
977 5196 1161 5252 regum
1209 5189 1264 5235 et
1307 5183 1606 5252 principum
1635 5179 1813 5252 gentis

253 5271 427 5340 ipsius,
476 5275 532 5330 in
579 5288 686 5346 qua
734 5288 794 5331 se
833 5275 1133 5338 constituit,
1188 5274 1273 5327 vel
1315 5289 1475 5343 quam
1499 5272 1816 5344 propagavit

250 5361 404 5420 Esau.
436 5366 561 5423 Post
582 5369 698 5422 haec
716 5367 1079 5421 narrationem
1109 5365 1176 5418 de
1200 5364 1398 5435 Ioseph
1421 5366 1499 5419 sic
1519 5365 1697 5418 intulit
1727 5363 1812 5418 di-

254 5466 397 5510 cens:
426 5456 709 5512 ﬂuitabat
730 5456 897 5511 Iacob
929 5457 982 5511 in
1011 5466 1150 5510 terra
1174 5454 1447 5512 Chanaan.
1511 5455 1603 5510 Hae
1629 5463 1809 5510 autem

252 5552 599 5610 procreauit-aa
620 5545 804 5611 Iacob,
820 5544 1018 5617 Ioseph
1034 5547 1217 5601 decem
1238 5552 1293 5600 et
1318 5554 1523 5615 septem
1546 5560 1809 5601 annorum

258 5642 361 5687 erat
387 5649 758 5705 pascenscum
802 5637 1058 5693 fratribus
1102 5651 1250 5691 oves.
1295 5637 1498 5693 Deinde
1556 5648 1811 5693 narratur

262 5740 404 5784 causa
427 5732 781 5797 somniorum,
808 5731 1255 5800 quemadmodum
1283 5730 1503 5785 odiosus
1555 5727 1809 5785 fratribus

1914 4648 2017 4705 ter,
2047 4640 2341 4695 secundum
2362 4638 2694 4711 allegoriam,
2730 4638 3051 4694 varietatem
3077 4640 3397 4711 populorum
3425 4656 3493 4696 ex

1912 4731 2165 4787 omnibus
2196 4733 2443 4805 gentibus
2493 4732 2550 4789 in
2585 4732 2812 4805 corpore
2858 4728 3060 4790 Christi
3095 4744 3493 4806 congregatum,

1914 4823 2253 4894 Signiﬁcavit.
2276 4822 2408 4878 Item
2439 4821 2545 4878 alio
2571 4820 2753 4880 modo.
2772 4820 2972 4895 Ioseph
2997 4824 3087 4894 qui
3129 4823 3272 4879 inter
3299 4824 3496 4880 fratres

1914 4915 2162 4971 undecim
2187 4926 2355 4984 usque
2379 4914 2448 4968 ad
2486 4912 2647 4970 linem
2690 4911 2869 4982 justus
2895 4922 3272 4985 perseverasse
3294 4913 3494 4969 descri-

1911 5005 2076 5070 bitur,
2103 5003 2248 5060 soltts
2292 5002 2513 5059 talarem
2561 5004 2800 5059 tunicam
2852 5003 3111 5059 habuisse
3161 5003 3492 5073 perhibetur.

1913 5098 2052 5165 Quid
2105 5104 2187 5152 est
2208 5111 2338 5168 ergo
2367 5095 2553 5152 talaria
2577 5097 2774 5160 tunica,
2799 5088 2903 5151 nisi
2934 5096 3076 5151 actio
3102 5103 3490 5151 wnsummata.

1915 5185 2119 5257 (Greg.)
2146 5186 2308 5253 Quasi
2361 5185 2507 5241 enim
2557 5198 2821 5256 propensa
2848 5186 3027 5241 tunica
3056 5186 3221 5240 talum
3252 5182 3495 5255 corporis

1915 5278 2177 5347 cooperit,
2201 5291 2325 5333 cum
2369 5275 2509 5330 bona
2538 5277 2679 5332 actio
2704 5284 2830 5331 ante
2851 5276 2945 5331 Dei
2986 5275 3191 5341 oculos,
3236 5290 3407 5347 usque
3426 5277 3495 5331 ad

1916 5369 2042 5423 vitae
2062 5369 2352 5423 terminum
2382 5382 2483 5423 nos
2505 5368 2658 5438 tegit.
2691 5367 2844 5423 Unde
2872 5374 2927 5422 et
2951 5382 3048 5437 per
3070 5365 3310 5437 Moysen,
3325 5366 3494 5422 cauda

1918 5458 2108 5513 hostia:
2136 5458 2187 5513 in
2212 5456 2370 5512 altari
2393 5453 2578 5513 oii‘erri
2601 5448 2929 5527 praecipitur,
2975 5464 3037 5509 ut
3058 5454 3307 5511 videlicet
3335 5468 3496 5511 omne

1915 5548 2113 5605 bonum
2139 5548 2281 5621 quod
2301 5548 2607 5620 incipimus,
2632 5547 2798 5603 etiam
2822 5545 3193 5617 perseveranti
3223 5544 3329 5601 line
3346 5558 3495 5602 come

1915 5641 2174 5713 pleamus.

1998 5731 2238 5787 Videntes
2286 5744 2460 5788 autem
2517 5731 2701 5788 fratres
2753 5731 2888 5802 ejus,
2944 5730 3083 5804 quod
3125 5748 3156 5785 a
3190 5738 3339 5804 patre
3367 5726 3487 5802 plus
