3970 6198
367 310 475 367 023

1002 300 1062 354 Β.
1104 298 1353 355 RABANI
1393 296 1609 351 MAUBI
1644 289 1962 347 ARClllEP.
2006 285 2312 344 MOGUNT.
2354 282 2637 341 OPERUM
2675 278 2855 335 PARS
2892 276 2933 332 ἰ.

3512 271 3624 328 σει

371 421 569 476 cunctis
597 415 719 488 ﬁliis
748 421 1032 477 amaretur,
1059 411 1274 465 oderant
1302 424 1440 473 eunt,
1474 423 1564 461 nec
1611 414 1846 475 poterant
1902 418 1947 455 et
1977 405 2024 465 Α
2053 409 2239 454 cuncta
2268 412 2516 467 prospera
2541 399 2643 449 sint
2665 409 2787 463 erga
2820 394 3006 488 fratres
3035 395 3454 488 tumet-pecora,
3475 401 3521 439 et
3541 401 3628 441 ro-

371 513 655 585 quidquam
687 505 903 578 paciﬁca
938 503 1101 573 loqui.
1146 500 1365 555 Fratres
1394 498 1595 555 Christi
1652 494 1944 552 secundum

2046 492 2231 547 nuntia
2266 488 2392 543 mihi
2413 487 2540 559 quid
2571 496 2782 556 agatur,
2796 491 2903 538 etc.
2918 481 3084 538 Jaeoh
3101 476 3447 533 utittitﬁlium
3467 489 3631 533 suum

328 566 554 658 lamis
604 566 939 655 nalivitatem
990 566 1158 650 δυόωί
1187 599 1364 656 erant,
1392 589 1457 644 de
1492 601 1720 657 quorum
1745 598 1947 653 cogna-
2044 578 2268 647 Ioseph,
2313 585 2374 631 ut
2422 578 2487 632 de
2540 566 3244 628 fratribussollicitudinem
3289 573 3539 638 gereret;
3566 570 3633 620 et

375 693 521 747 tione
545 691 660 760 ipsa
677 684 984 743 humanitas
1005 679 1381 749 Redemptoris
1408 683 1666 744 suscepta
1677 681 1811 729 erat.
1842 670 1949 760 Sed

379 784 506 847 quia
537 759 803 841 viderant,
826 772 968 845 quod
990 772 1159 842 major
1187 770 1359 840 gratia
1385 769 1644 822 virtutum
1679 764 1734 817 in
1761 776 1827 817 eo
1860 759 1951 817 ﬁe-

377 876 491 939 bat,
538 886 658 943 qua:
700 867 998 924 testabatur
1032 865 1127 921 Dei
1168 863 1345 919 Patris
1366 860 1688 943 praecipuam
1710 855 1950 912 dilectio«

383 982 526 1029 nem,
556 939 866 1018 invidebant
887 958 961 1023 ei,
989 972 1087 1011 nec
1118 954 1406 1024 quidquam
1430 939 1655 1020 paciﬁca
1675 953 1855 1002 mente
1876 943 1954 999 lo—

384 1057 474 1125 qui
496 1060 764 1126 poterant,
792 1065 950 1119 quem
972 1048 1164 1115 etcpius
1194 1044 1401 1099 insidiis
1423 1041 1697 1111 petebant,
1746 1045 1802 1093 ct
1857 1051 1957 1126 pa-

391 1125 761 1198 tremfamilias
788 1139 840 1193 in
862 1135 1162 1192 Beelzebub
1182 1134 1425 1203 principe
1450 1130 1841 1186 daemoniorum
1858 1125 1956 1196 eji—

388 1247 511 1287 cere
540 1229 799 1286 daemonia
829 1224 1293 1295 blaSphemabant.

455 1318 656 1373 Accidit
687 1332 889 1387 quoque
909 1324 961 1367 ut
988 1313 1153 1366 visum
1167 1310 1425 1365 somnium
1450 1309 1659 1380 referret
1681 1308 1957 1379 fratribus,

386 1427 503 1485 qua:
527 1426 686 1464 causa
710 1407 928 1478 majoris
970 1403 1076 1459 odii
1111 1402 1445 1457 seminarium
1474 1400 1591 1469 fuit.
1624 1398 1864 1470 Dixitque
1891 1397 1961 1452 ad

391 1521 475 1559 eos
500 1516 519 1556 :
549 1500 739 1557 Audite
763 1498 1025 1553 somnium
1048 1511 1221 1550 meum
1262 1492 1401 1564 quod
1433 1490 1557 1545 vidi.
1597 1488 1858 1543 Putabam
1898 1487 1967 1541 li-

390 1606 515 1664 gare
541 1607 634 1646 nos
660 1572 955 1658 manipulos
978 1586 1032 1640 in
1052 1600 1203 1655 agro,
1228 1592 1275 1637 et
1301 1582 1451 1653 quasi
1469 1595 1776 1649 consurgere
1797 1579 1965 1634 mani-

391 1683 572 1754 pulum
617 1694 788 1733 meum
837 1687 884 1731 et
928 1684 1087 1739 stare,
1113 1682 1408 1742 vestrosque
1428 1669 1723 1739 manipulos
1743 1670 1968 1723 circum-

2050 670 2194 725 Deus
2214 668 2376 723 Pater
2394 666 2545 721 misit
2570 664 2763 719 Filium
2793 676 2950 717 suum
2993 658 3346 728 unigenitum.
3375 664 3433 708 ut
3458 670 3634 726 genus

2051 761 2346 816 humanum
2369 757 2605 828 peccatis
2642 752 2953 824 languidum
2999 749 3262 804 visitaret.
3291 746 3521 801 Mittitur
3563 745 3635 800 ab

2049 851 2142 907 illo
2177 850 2363 920 utique
2404 848 2561 903 Patre
2588 848 2655 902 de
2693 858 2802 914 quo
2847 842 3110 911 scriptum
3137 847 3253 894 est:
3305 836 3449 891 Misit
3490 837 3636 889 Deus

2051 939 2253 994 Filium
2298 955 2452 994 suum
2479 939 2536 991 in
2574 933 2971 991 similitudinem
3010 931 3185 985 carnis
3206 928 3404 998 peccati
3450 926 3634 999 (Rom.

2054 1030 2193 1103 vnn).
2219 1029 2284 1086 Ut
2315 1029 2525 1085 videret
2564 1027 2609 1081 si
2638 1034 2785 1080 recte
2806 1032 2992 1078 essent
3016 1035 3166 1086 oves,
3201 1027 3265 1073 et
3294 1018 3551 1074 Dominus
3582 1017 3639 1071 in

2054 1120 2350 1191 Evangelia
2379 1118 2584 1188 inquit:
2614 1114 2737 1170 Non
2766 1113 2878 1168 veni
2901 1111 3005 1166 nisi
3020 1109 3090 1165 ad
3103 1124 3217 1163 oves
3237 1123 3354 1176 qua:
3372 1110 3643 1178 perierunt

2057 1213 2242 1266 domus
2264 1208 2435 1265 Israel
2460 1207 2675 1280 (Matth.
2698 1204 2815 1277 xv).

2129 1301 2333 1358 Invenit
2363 1318 2487 1373 ergo
2509 1299 2703 1369 Joseplt
2744 1297 2936 1366 fratres
2990 1299 3045 1348 in
3093 1292 3362 1348 Dothaint.
3391 1290 3647 1345 Dothaim

2060 1397 2443 1467 interpretatur
2489 1392 2740 1448 defectio.
2789 1387 2931 1443 Vere
2975 1386 3030 1440 in
3081 1384 3273 1456 grandi
3343 1381 3650 1438 defectione

2062 1493 2241 1550 erant,
2266 1484 2359 1553 qui
2382 1483 2450 1538 de
2484 1478 2781 1535 fratricidio
2800 1474 3130 1547 cogitabant.

2136 1573 2241 1642 Qui
2264 1588 2383 1627 cum
2415 1571 2660 1627 vidissent
2688 1565 2880 1636 Ioseph
2911 1564 3127 1634 fratrem
3156 1576 3309 1615 suum
3331 1557 3534 1630 procul,
3554 1573 3653 1613 oo-

2067 1664 2240 1719 cidere
2266 1678 2385 1717 eum
2411 1658 2729 1730 cogitabant.
2757 1656 2825 1710 Et
2843 1653 3015 1709 Judaei
3050 1651 3297 1709 videntes
3335 1664 3519 1704 verum
3556 1646 3656 1703 Jo-

313 1830 319 1837 ,
391 1740 612 1834 statues,
635 1770 857 1823 adorare
878 1763 1202 1837 manipulum
1224 1740 1414 1816 meum.
1452 1758 1839 1830 Responderunt
1856 1757 1968 1827 fra—
1994 1749 2043 1811 B
2072 1755 2203 1825 seph
2231 1746 2518 1810 Dominum
2546 1750 2729 1806 Jesum
2753 1747 3055 1811 Christum,
3095 1752 3157 1799 ut
3196 1758 3321 1801 eum
3362 1740 3657 1808 cruciﬁge-

396 1876 497 1917 tres
528 1862 640 1932 ejus
664 1876 683 1914 :
721 1856 974 1926 Nunquid
1021 1872 1111 1910 rea:
1154 1862 1327 1908 noster
1368 1852 1493 1917 eris,
1517 1860 1607 1904 aut
1635 1847 1973 1918 subjiciemur

398 1955 583 2009 di:ioni
606 1950 748 2005 tum?
784 1948 913 2003 Ha’c
936 1964 1057 2017 ergo
1084 1963 1242 2000 causa
1265 1946 1584 1999 somniorum
1607 1950 1761 2011 atque
1779 1956 1974 1994 sermo-

400 2059 543 2107 num,
573 2040 781 2095 invidia:
804 2047 851 2091 et
881 2037 987 2090 odii
1009 2035 1241 2105 fomitem
1290 2030 1621 2090 ministravit.
1662 2029 1820 2090 Aliud
1850 2045 1979 2100 quo-

399 2147 496 2202 que
514 2130 773 2184 somnium
798 2127 950 2190 vidit,
974 2123 1109 2195 quod
1139 2137 1364 2176 narrans
1387 2119 1639 2192 fratribus
1690 2120 1763 2172 ait
1799 2135 1817 2172 :
1859 2115 1976 2172 Vidi

401 2239 490 2292 per
517 2220 771 2275 somnium
801 2217 951 2289 quasi
995 2214 1155 2269 solem
1181 2222 1227 2267 et
1258 2210 1437 2265 lunam
1462 2219 1512 2265 et
1537 2207 1713 2265 stellas
1736 2207 1977 2262 undecim

402 2288 624 2367 adorare
649 2327 747 2366 me.
773 2288 922 2376 Quod
940 2323 1053 2363 cum
1081 2306 1218 2378 patri
1239 2322 1332 2359 suo
1352 2313 1399 2358 et
1425 2301 1676 2373 fratribus
1699 2288 1976 2365 retulisset,

404 2405 687 2475 increpavit
713 2419 828 2458 eum
853 2410 1001 2472 pater
1021 2408 1068 2453 et
1104 2398 1271 2452 dixit:
1301 2396 1442 2462 Quid
1464 2395 1562 2451 sibi
1589 2392 1696 2449 vult
1721 2393 1817 2446 hoc
1840 2408 1981 2446 sonv-

409 2500 548 2550 m'unt
571 2494 707 2563 quod
730 2493 903 2547 vidisti
926 2493 950 2546 ?
974 2491 1116 2545 Num
1139 2507 1252 2562 ego,
1299 2498 1345 2544 et
1372 2500 1539 2544 mater
1565 2496 1679 2553 tua,
1716 2496 1763 2541 et
1793 2486 1981 2556 fratres

407 2589 505 2645 tri.
536 2585 868 2638 (sacrabimus
894 2593 1109 2652 tesuper
1128 2580 1359 2635 terram?
1403 2578 1515 2634 Nisi
1559 2579 1615 2634 in
1662 2578 1841 2647 aliquo
1867 2590 1984 2647 my-

410 2676 575 2729 s:crio
602 2676 803 2728 dictum
826 2672 1138 2741 accipiatur,
1169 2669 1769 2741 quomodointelligitur
1781 2668 1847 2724 de
1872 2682 1984 2722 ma-

410 2777 490 2819 tre
521 2763 737 2832 Joseph,
768 2778 885 2832 quae
905 2761 1017 2830 jam
1044 2769 1161 2816 erat
1175 2761 1420 2817 mortua?
1450 2760 1604 2816 Unde
1623 2774 1723 2815 nec
1745 2759 1798 2813 in
1821 2757 1986 2828 Egy-

410 2866 502 2923 pto
535 2869 654 2908 cum
686 2853 1087 2916 sublimaretur,
1134 2851 1430 2920 putandum
1476 2856 1559 2906 est
1605 2862 1725 2904 esse
1753 2846 1986 2916 comple-

413 2960 546 3010 tum,
576 2946 700 3015 quia
750 2960 848 3000 nec
893 2954 1050 3015 pater
1093 2959 1217 2999 eum
1245 2944 1510 3008 adoravit,
1537 2943 1750 3013 quando
1773 2942 1841 2997 ad
1864 2956 1986 2996 eum

412 3036 558 3088 venit
591 3034 641 3086 in
672 3032 980 3104 Aigyptutn,
1015 3048 1114 3088 nec
1135 3042 1310 3088 mater
1332 3034 1459 3087 olim
1487 3032 1736 3088 defuncta
1790 3030 1982 3101 potuit.

2073 1856 2214 1912 rent,
2237 1858 2404 1900 unum
2442 1841 2727 1900 consilium
2772 1852 2964 1894 omnes
3017 1841 3326 1891 statuerunt
3375 1832 3654 1888 dicentes:

2072 1941 2329 2012 Cruci/ige
2350 1956 2467 1995 eum
2489 1937 2704 2010 (Matth.
2722 1932 2918 2005 nm).

2150 2032 2285 2089 Fera
2332 2032 2557 2103 pessima
2601 2028 2863 2084 devoravit
2906 2041 3044 2089 eum,
3078 2023 3135 2079 id
3156 2031 3261 2088 est,
3301 2019 3523 2076 Iudaica
3561 2018 3665 2073 bo-

2075 2123 2179 2180 stia
2201 2120 2473 2178 interfecit
2495 2134 2640 2184 eum,
2668 2118 2735 2173 de
2766 2132 2871 2187 qua
2897 2114 3155 2173 Dominus
3184 2114 3238 2167 in
3262 2109 3551 2180 Evangelia
3568 2108 3661 2163 di-

2075 2217 2184 2271 cit:
2213 2214 2348 2269 Ecce
2371 2228 2466 2283 ego
2489 2212 2634 2266 mitto
2656 2226 2743 2265 ves
2763 2210 2898 2264 sicut
2939 2222 3059 2262 oves
3080 2206 3137 2260 in
3173 2204 3343 2260 medio
3390 2202 3666 2274 luporum.

2062 2302 2295 2376 .(Matth.
2321 2301 2398 2375 χ).

2150 2393 2432 2463 Confestim
2455 2392 2617 2463 igitur
2639 2399 2696 2445 ut
2714 2390 2939 2462 pervenit
2975 2391 3045 2444 ad
3083 2391 3298 2459 fratres,
3338 2387 3671 2442 tractaverunt

2078 2499 2197 2539 eum
2224 2483 2400 2536 tunica
2424 2480 2583 2536 talari
2603 2490 2652 2534 et
2678 2478 2955 2550 polymita,
2977 2478 3330 2548 miseruntque
3381 2476 3439 2530 in
3483 2476 3675 2530 cistern-

2083 2588 2203 2627 nam
2222 2587 2337 2642 qua:
2360 2586 2462 2625 non
2483 2568 2701 2624 habebat
2737 2580 2947 2640 aquam,
2976 2577 3023 2622 et
3052 2567 3295 2623 sederunt
3324 2576 3380 2620 ut
3426 2564 3678 2620 comede—

2083 2674 2195 2729 rent
2229 2679 2436 2734 panem.
2464 2660 2816 2716 Nudaverunt
2861 2659 3057 2730 Ioseph
3108 2658 3306 2715 fratres
3355 2659 3437 2714 sui
3484 2657 3679 2712 tunica

2084 2755 2345 2827 polymita
2374 2761 2428 2810 et
2453 2753 2643 2819 talari;
2662 2752 2935 2809 Christum
2960 2752 3125 2807 Judaei
3166 2764 3266 2821 per
3288 2759 3516 2807 mortem
3540 2764 3681 2805 cru-

2086 2846 2164 2901 cis
2193 2843 2635 2915 exspoliaverunt
2655 2843 2836 2898 tunica
2856 2842 3142 2913 corporali.
3173 2841 3438 2913 Polymita
3463 2849 3679 2905 autem,

2090 2936 2143 2991 id
2180 2945 2282 3000 est,
2314 2937 2568 2992 decorata
2590 2934 2830 2990 omnium
2863 2932 3121 2989 virtutum
3174 2934 3504 2989 diversitate.
3565 2932 3685 2986 Be-

2088 3034 2401 3094 sparserunt
2420 3033 2601 3081 autem
2624 3024 2856 3080 tunicam
2884 3024 3022 3079 haedi
3049 3018 3326 3093 Sanguine,
3357 3024 3482 3094 quia
3521 3022 3686 3076 falsis

413 3124 470 3177 lu
500 3122 699 3177 Christi
731 3095 859 3190 ergo
886 3095 1113 3190 persona
1138 3120 1292 3178 facile
1334 3123 1559 3194 intelligi
1606 3095 1987 3192 potest-etiam
2014 3095 2059 3158 (ἶ
2088 3132 2215 3179 cum
2244 3116 2571 3172 testimoniis
2596 3124 2936 3180 accusantes,
2994 3116 3046 3169 in
3093 3115 3361 3169 invidiam
3402 3114 3691 3170 deduxere

416 3216 481 3267 de
524 3212 774 3276 mortuis,
823 3212 1116 3266 secundum
1157 3211 1287 3265 illud
1332 3213 1473 3281 quod
1515 3212 1644 3267 dicit
1703 3210 1990 3282 Apostolus

419 3300 585 3371 (Phil.
616 3298 698 3370 ιι).
732 3297 868 3363 Quia
896 3298 1107 3353 donarit
1139 3301 1185 3353 ei
1207 3316 1390 3355 nomen
1429 3300 1567 3371 quod
1589 3311 1662 3355 est
1693 3318 1850 3371 super
1876 3317 1991 3356 om-

419 3408 481 3444 ne
507 3405 712 3453 nomen,
736 3398 791 3441 ut
819 3390 872 3441 in
906 3389 1109 3443 nomine
1133 3388 1259 3443 Jesu
1286 3406 1436 3444 omne
1460 3406 1591 3460 genu
1614 3392 1873 3459 flectatur,
1890 3406 1995 3443 rae-

420 3479 649 3541 lestiunt,
672 3477 991 3530 terrestrium
1022 3487 1067 3530 et
1100 3478 1444 3548 infernarum.
1501 3478 1691 3552 (Isid.)'
1716 3478 1994 3535 Somnium

421 3582 550 3621 vero
600 3566 726 3620 illud
774 3579 871 3634 per
925 3567 1064 3634 quod
1106 3565 1332 3621 fratrum
1358 3568 1611 3639 manipuli
1639 3568 1999 3624 adoraverunt

424 3657 750 3728 manipulum
765 3655 901 3724 ejus,
928 3656 1051 3710 illud
1080 3665 1162 3711 est
1187 3657 1328 3726 quod
1351 3658 1703 3728 spiritualiter
1716 3658 1768 3713 in
1781 3657 1998 3714 Christo

425 3748 700 3819 impletum
723 3757 807 3804 cst
829 3767 841 3802 :
866 3747 932 3802 Et
954 3748 1248 3802 adorabunt
1269 3767 1409 3825 eum,
1435 3751 1627 3820 inquit,
1654 3768 1829 3806 omnes
1858 3768 2000 3823 reges

425 3848 595 3902 teme,
626 3855 802 3892 omnes
827 3846 999 3909 gentes
1027 3839 1245 3892 servient
1270 3841 1316 3893 ei
1348 3837 1520 3912 (Psal.
1571 3841 1745 3915 mm),
1796 3842 2003 3898 scilicet

424 3944 523 3998 per
550 3928 708 3983 ﬁdem
743 3927 977 3984 fructum
1012 3930 1275 3984 bonorum
1299 3946 1521 4001 operum
1544 3932 1849 3989 offerentes.
1874 3933 1994 4005 Ipse

428 4027 512 4074 est
537 4034 695 4089 quem
723 4018 841 4085 sol,
878 4028 932 4074 et
958 4019 1104 4084 luna,
1133 4027 1189 4076 et
1216 4021 1382 4087 stella:
1403 4023 1648 4087 adorant,
1680 4025 1746 4080 de
1766 4039 1871 4094 quo
1893 4024 2005 4081 sole

429 4111 630 4166 dictum
654 4125 771 4166 est:
798 4108 1036 4165 Laudate
1056 4128 1194 4177 eum,
1218 4112 1363 4175 solet
1383 4112 1533 4180 luna,
1558 4123 1605 4169 et
1639 4132 1814 4171 omnes
1838 4116 2005 4171 stellae

431 4199 602 4271 (Psal.
656 4199 862 4272 cum).
907 4199 1084 4270 Ipsum
1132 4201 1278 4256 enim
1319 4202 1635 4259 excellentia
1679 4214 1997 4262 sanctorum

432 4291 485 4346 in
513 4290 643 4347 solis
664 4292 899 4357 nomine,
923 4299 976 4345 et
1005 4290 1256 4347 Ecclesiae
1280 4292 1495 4349 claritas
1517 4294 1615 4349 sub
1649 4295 1884 4366 imagine
1926 4296 2008 4350 lu-

433 4398 535 4445 nzc,
561 4389 616 4437 et
639 4381 878 4435 omnium
902 4380 1218 4450 populorum
1233 4384 1590 4439 numerositas
1616 4384 1669 4438 in
1690 4384 1860 4457 ﬁgura
1883 4385 2007 4441 stel-

2092 3208 2323 3279 peceati,
2354 3206 2595 3262 omnium
2624 3215 2845 3277 peccata
2870 3208 3177 3263 donantem.
3208 3205 3438 3259 Mittitur
3480 3206 3693 3261 dehinc

2096 3303 2149 3357 in
2171 3301 2485 3366 cisternam,
2500 3301 2553 3355 id
2572 3309 2678 3365 est,
2701 3301 2756 3355 in
2782 3300 2975 3366 lacum,
3002 3309 3057 3355 et
3076 3299 3324 3355 Christus
3350 3297 3691 3369 “spoliatus

2094 3407 2258 3447 carne
2284 3393 2535 3456 humana,
2563 3391 2840 3446 descendit
2863 3391 2915 3444 in
2933 3389 3221 3444 infernum.

2176 3480 2530 3552 Videruntque
2578 3481 2800 3536 viatores
2826 3479 3125 3534 Ismaelitas
3149 3480 3321 3534 venire
3343 3478 3408 3532 de
3446 3476 3691 3540 Galaad,

2098 3580 2146 3626 et
2171 3572 2395 3626 camelos
2417 3587 2596 3625 eorum
2623 3580 2890 3641 portantes
2942 3580 3201 3633 aromata,
3237 3578 3291 3623 et.
3331 3570 3577 3629 resinam,
3635 3579 3692 3622 et

2099 3670 2338 3725 stactem,
2359 3661 2414 3714 in
2434 3660 2744 3731 £gyptum.
2784 3659 2968 3731 (Aug.)
2997 3659 3271 3727 Quaeritur
3291 3673 3458 3729 quare
3475 3658 3695 3713 lsmae—

2100 3748 2224 3806 litas
2248 3749 2530 3819 Scriptura
2556 3750 2753 3820 quibus
2800 3765 2829 3804 a
2881 3749 3142 3805 fratribus
3193 3750 3442 3804 venditus
3492 3758 3575 3804 est
3594 3748 3698 3803 Jo-

2103 3841 2258 3910 seph,
2308 3840 2472 3894 etiam
2515 3839 2835 3894 Madianitas
2884 3849 3077 3905 vocet,
3113 3855 3235 3894 cum
3292 3839 3483 3894 lstnael
3509 3840 3579 3894 sit
3618 3841 3697 3895 de

2104 3933 2248 4003 Agar
2289 3930 2431 3986 ﬁlius
2466 3930 2720 3996 Abrabat,
2752 3930 3058 3986 Madianitte
3082 3946 3209 3986 vero
3248 3930 3311 3985 de
3336 3930 3551 3985 (Ietura.
3600 3933 3697 3985 An

2106 4021 2233 4092 quia
2256 4018 2537 4091 Scriptura
2552 4022 2846 4077 dixeratde
2857 4022 3155 4086 Abraham,
3192 4022 3335 4091 quod
3357 4038 3574 4077 munera
3589 4022 3701 4077 de-

2106 4112 2258 4166 derat
2284 4110 2409 4166 ﬁliis
2446 4112 2869 4167 concubinarum
2891 4127 3134 4177 suarum,
3187 4112 3337 4188 Agar
3381 4112 3583 4167 scilicet
3634 4121 3701 4165 et

2107 4200 2338 4266 Cetturae,
2370 4201 2691 4257 etidiviserit
2723 4216 2816 4257 eos
2849 4203 2918 4258 ab
2939 4203 3088 4257 Isaac
3118 4200 3228 4255 ﬁlio
3257 4216 3357 4255 suo
3384 4201 3439 4255 in
3485 4210 3697 4256 terram

2108 4293 2360 4357 Orientis,
2386 4308 2550 4349 unam
2573 4302 2787 4365 gentem
2811 4294 3003 4349 fecisse
3032 4293 3359 4364 intelligendi
3384 4293 3544 4349 sunt?

2181 4382 2329 4438 Dixit
2353 4400 2473 4455 ergo
2506 4382 2678 4438 Iudas
2704 4384 2958 4454 fratribus
2991 4386 3133 4439 suis:
3176 4383 3316 4450 Quid
3357 4383 3503 4438 nobis
3560 4400 3700 4453 pro-

436 4471 611 4525 larum
668 4471 912 4524 adorant.
959 4468 1108 4525 Unde
1152 4479 1206 4526 et
1232 4478 1385 4540 pater
1411 4487 1542 4530 suus
1566 4436 1864 4545 incregavit
1884 4489 2008 4532 cum
2032 4436 2087 4499 Β
2119 4472 2247 4536 dest,
2277 4474 2322 4526 si
2348 4436 2929 4543 ocZiderimus'fratrem
2958 4436 3213 4540 nostrum:
3265 4483 3313 4528 et
3354 4436 3704 4528 celaretimus

435 4561 653 4614 dicens:

513 4646 769 4717 Nunquid
799 4662 891 4716 ego
941 4657 987 4700 et
1018 4659 1182 4702 mater
1212 4658 1324 4716 tua,
1347 4659 1397 4703 et
1424 4650 1616 4720 fratres
1639 4653 1734 4718 tui,
1765 4654 2011 4709 adorabi-

438 4756 556 4795 mus
594 4739 686 4792 te?
711 4737 1025 4811 Objurgatio
1067 4740 1168 4794 ista
1201 4740 1373 4810 patris
1408 4741 1659 4797 duritiam
1713 4744 1892 4815 populi
1938 4744 2015 4800 Is-

440 4831 555 4887 rael
607 4830 893 4902 signiﬁcat,
935 4831 1024 4899 qui
1077 4846 1175 4901 pro
1203 4846 1267 4888 eo
1289 4834 1431 4903 quod
1457 4849 1519 4889 ex
1550 4850 1608 4901 se
1640 4846 1825 4892 natum
1860 4836 2014 4894 Chri-

442 4931 584 4977 stum
609 4929 940 4993 cognoscunt
954 4936 1094 4986 esse,
1114 4923 1342 4980 adorare
1357 4933 1730 4982 contemnunt.

997 5051 1221 5111 CAPUT
1250 5055 1459 5111 XXVII.

443 5141 614 5216 De‘eo
646 5141 784 5213 quod
803 5140 994 5216 Διιαθοεν
1046 5143 1185 5198 misit
1217 5143 1408 5216 Ioseph
1438 5147 1508 5201 ad
1530 5146 1722 5216 fratres
1748 5161 1891 5210 suos,
1931 5150 2018 5203 ubi

514 5212 615 5335 iptth
638 5212 915 5282 pascebant
938 5229 1086 5277 oves;
1113 5231 1145 5267 a
1191 5212 1378 5285 quibus
1424 5212 1660 5272 venditus
1703 5227 1778 5273 est
1810 5218 2017 5273 Mattia-

516 5298 570 5335 nt
597 5297 662 5335 ts.

516 5297 662 5337 ntus.

2120 4569 2425 4639 sanguinem
2461 4568 2622 4640 ipsius
2642 4568 2668 4622 7
2693 4567 2884 4623 Melius
2906 4579 3000 4633 est,
3026 4579 3081 4622 ut
3107 4566 3429 4623 mundetnr
3449 4565 3706 4621 lssnaeli-

2122 4657 2210 4720 tis,
2237 4666 2285 4711 et
2310 4672 2497 4711 manus
2526 4666 2718 4711 nostra
2762 4674 2864 4712 non
2889 4657 3216 4728 polluantur,
3263 4655 3431 4725 frater
3465 4655 3597 4709 enim
3646 4666 3705 4708 es

2106 4766 2246 4807 .caro
2268 4761 2446 4806 nostra
2461 4761 2556 4806 est.
2586 4755 2960 4823 Arquieveruut
2988 4753 3177 4823 fratres
3191 4753 3518 4808 sermonibus
3552 4753 3702 4823 ejus,

2122 4850 2169 4894 et
2195 4842 2625 4907 prwtereuntibus
2663 4841 2992 4908 Madianitis,
3042 4842 3473 4914 negotiatoribus,
3518 4852 3710 4897 extra-

2123 4932 2299 4984 hentes
2320 4932 2513 4985 eumde
2533 4933 2777 4996 cisterna,
2814 4932 3152 4988 vendiderunt
3197 4932 3481 4987 Ismaelitis
3515 4933 3710 5001 viginti

2124 5018 2402 5089 argenteis.
2424 5020 2526 5086 Qui
2552 5021 2816 5074 duxerunt
2839 5037 2957 5075 eum
3005 5023 3061 5075 in
3113 5020 3430 5092 ﬁggptum,
3458 5029 3562 5076 etc.
3591 5020 3709 5074 Pro

2123 5108 2302 5179 viginti
2335 5111 2530 5175 aureis,
2559 5110 2701 5180 quod
2722 5109 2862 5164 LXX
2886 5120 3203 5181 posuerunt,
3249 5111 3514 5167 ﬂebraica
3554 5111 3707 5164 veri-

2125 5207 2210 5254 tas
2246 5201 2505 5270 argenteis
2546 5200 2728 5255 habet.
2763 5200 2949 5272 Neque
2974 5202 3119 5257 enim
3140 5201 3318 5257 viliori
3354 5200 3706 5256 metalloDo-

2126 5289 2306 5344 minus
2323 5288 2619 5345 venui-dari
2665 5291 2849 5347 debuit
2885 5307 3047 5363 quam
3071 5291 3290 5362 Ioseph.
3342 5293 3419 5347 De
3464 5293 3705 5347 cisterna

516 5371 749 5443 Cumque
791 5372 982 5443 fratres
1022 5372 1165 5428 illius
1204 5375 1257 5428 in
1278 5376 1550 5444 pascendis
1595 5378 1834 5449 gregibus
1861 5380 2026 5449 patris
2128 5393 2342 5448 quoque
2391 5379 2602 5435 levatus
2624 5380 2713 5436 ille
2736 5381 3038 5446 lsmaelitis,
3065 5383 3120 5438 id
3141 5391 3246 5448 est,
3272 5384 3546 5452 gentibus,
3570 5396 3708 5437 ven-

446 5472 778 5518 morarentur
801 5466 853 5517 in
876 5463 1105 5530 Sic/tem,
1132 5467 1265 5520 dixit
1288 5467 1358 5520 ad
1410 5484 1529 5521 eum
1559 5468 1731 5523 Israel
1756 5485 1774 5521 :
1804 5468 2025 5525 Fratres
2128 5470 2302 5536 ditur;
2364 5482 2419 5528 et
2474 5472 2724 5529 Christus
2748 5484 2932 5543 postea
2973 5489 3133 5543 quam
3161 5475 3229 5529 de
3256 5473 3470 5530 inferno
3494 5474 3717 5546 egredi—

451 5555 527 5606 tui
563 5565 781 5624 pascunt
806 5571 922 5610 oves
945 5558 998 5609 in
1026 5554 1310 5612 Sic/nmis:
1343 5559 1476 5623 veni,
1508 5561 1707 5613 mittant
1743 5569 1789 5614 te
1817 5561 1884 5614 ad
1919 5578 2025 5615 eos.

455 5640 569 5704 Quo
620 5651 972 5712 respondente,
1025 5656 1214 5714 pra’sto
1268 5663 1403 5714 sum,
1441 5648 1547 5702 ait:
1583 5646 1724 5703 Vade
1745 5660 1790 5704 et
1822 5651 1956 5719 ride,
1987 5654 2031 5706 si

2132 5574 2236 5623 tur,
2269 5564 2337 5617 ah
2362 5564 2614 5619 omnibus
2634 5566 2885 5633 gentibus
2916 5565 3038 5620 ﬁdei
3067 5568 3393 5623 commercio
3422 5576 3719 5636 compara-

2135 5665 2239 5709 tur.
2308 5655 2397 5709 ille
2441 5674 2535 5727 per
2605 5656 2757 5715 .luaite
2818 5657 3102 5713 consilium
3170 5658 3356 5728 viginti
3408 5659 3718 5730 argenteis,
