3970 6198
257 306 423 376 ves

1293 315 1644 374 COMMENT.
1685 312 1754 369 IN
1789 307 2109 367 GENESIM.
2146 340 2217 351 —
2250 308 2380 365 LIB.
2423 308 2510 366 III.

3415 308 3518 365 626

258 433 616 491 distrahitur:
642 440 696 488 et
723 431 813 487 hic
831 445 929 502 per
956 430 1244 487 consilium
1271 430 1423 486 Iuda:
1451 428 1722 494 Scarioth,
1741 425 1841 483 tri-
1868 427 1921 483 Α
1945 432 2215 479 cresceret
2244 425 2465 492 tertius;
2490 431 2545 478 et
2565 438 2687 479 cum
2715 423 2996 490 crevisset,
3027 439 3125 480 nec
3162 423 3237 479 illi
3279 441 3400 481 eam
3443 427 3535 482 do-

261 525 399 594 ginti
432 524 710 593 argenteis
738 523 1099 577 venundatur.

337 611 594 665 Tulerunt
625 621 797 665 autem
830 612 1059 665 tunicam
1084 611 1219 681 ejus,
1246 621 1293 665 et
1319 614 1379 665 in
1425 613 1678 681 sanguine
1711 610 1848 665 haedi

263 716 418 772 quem
448 701 748 755 occiderant
787 703 1075 764 tinxerunt,
1126 703 1384 755 mittentes
1410 702 1499 771 qui
1547 700 1740 770 ferrent
1781 700 1849 753 ad

264 801 471 860 patrem
496 800 548 844 et
567 791 836 844 dicerent:
867 789 1020 844 Hanc
1040 792 1330 845 invenimus
1347 792 1494 846 :vide
1510 800 1685 845 utrum
1712 792 1854 845 tuni-

269 896 330 934 ca
354 879 454 948 ﬁlii
481 879 561 938 tui
583 880 653 933 sit
676 896 745 933 an
769 896 891 933 non.
909 880 1212 945 Quamcum
1226 881 1542 950 cognovisset
1552 891 1700 950 pater
1714 880 1851 949 ejus,

270 971 379 1024 ait:
405 968 607 1023 Tunica
628 969 726 1039 ﬁlii
766 970 870 1023 mei
917 981 1024 1023 est:
1065 969 1177 1039 fera
1201 972 1425 1039 pessima
1463 969 1682 1023 comedit
1705 985 1855 1022 eum:

271 1062 438 1116 bestia
460 1062 727 1115 devoravit
760 1060 976 1130 Ioseph.
1020 1059 1313 1132 Scissisque
1350 1062 1594 1125 vestibus,
1638 1062 1855 1115 indutus

271 1160 351 1205 est
380 1151 575 1215 cilicio,
598 1149 779 1221 lugens
807 1150 977 1220 ﬁlium
1004 1150 1168 1205 multo
1196 1160 1440 1223 tempore.
1469 1151 1651 1224 (Isr'd.)
1689 1151 1858 1206 Iacob

272 1243 612 1313 posteritatis
641 1257 751 1296 sua:
779 1241 1067 1311 deplorans
1091 1241 1394 1311 dispendia,
1425 1242 1577 1312 quasi
1608 1250 1762 1311 pater
1790 1241 1855 1294 ﬁ-

274 1331 412 1385 lium
457 1330 677 1401 lugebat
721 1332 1002 1396 amissum,
1051 1331 1203 1400 quasi
1239 1332 1503 1402 propheta
1532 1330 1694 1386 ﬂebat
1723 1332 1859 1386 inte

276 1423 446 1476 ritum
459 1421 785 1476 Iudaeorum.
800 1422 929 1476 Inde
949 1422 1109 1477 scidit
1124 1423 1501 1477 vestimentum
1519 1436 1694 1486 suum,
1716 1421 1862 1491 quod

278 1515 335 1568 in
369 1514 619 1583 passione
644 1514 853 1569 Domini
873 1513 1103 1586 legimus
1128 1514 1328 1569 factum
1358 1529 1388 1568 a
1411 1514 1654 1584 principe
1681 1528 1862 1569 sacer-

278 1604 491 1658 dolum.
527 1603 633 1659 Sed
670 1613 726 1659 et
749 1604 919 1659 velum
940 1604 1115 1675 templi
1136 1606 1356 1659 scissum
1382 1614 1476 1670 est,
1522 1613 1583 1659 ut
1630 1606 1863 1674 prophe-

280 1696 379 1758 tia,
408 1704 465 1750 et
493 1696 754 1751 nudatum
804 1712 963 1752 suum
1014 1696 1293 1767 populum,
1323 1705 1379 1752 et
1406 1697 1637 1752 divisum
1671 1705 1859 1752 osten-

279 1785 439 1841 deret
461 1802 708 1856 regnum.

353 1876 696 1949 Congregatis
719 1888 890 1934 autem
922 1882 1120 1935 cunctis
1158 1880 1335 1935 liberis
1378 1881 1515 1952 ejus,
1545 1889 1603 1934 ut
1641 1879 1863 1935 lenirent

280 1962 515 2019 dolorem
536 1966 725 2036 patris,
752 1965 918 2020 noluit
952 1967 1358 2023 consolationem
1380 1969 1628 2039 recipere,
1643 1968 1733 2021 sed
1749 1969 1820 2022 ait
1843 1981 1862 2020 :

281 2059 612 2114 Descendunt
632 2060 702 2113 ad
715 2060 884 2129 ﬁlium
907 2077 1076 2114 meum
1100 2061 1281 2131 lugens
1302 2062 1356 2114 in
1379 2060 1659 2132 infernum.
1679 2058 1861 2133 (Aug)

284 2152 441 2211 Solet
468 2167 592 2208 esse
614 2168 809 2224 magna
844 2153 1076 2224 quaestio
1125 2154 1394 2224 quomodo
1426 2152 1756 2222 intelligatur
1784 2153 1866 2206 in-

282 2242 512 2297 fernus:
543 2250 724 2298 utrum
754 2244 881 2299 illuc
901 2244 1028 2298 mali
1054 2252 1281 2311 tantum,
1311 2260 1378 2298 an
1402 2246 1564 2299 etiam
1580 2243 1868 2299 bonimor-

284 2332 364 2386 tui
397 2333 726 2388 descendere
765 2333 992 2388 soleant.
1025 2332 1080 2389 Si
1133 2350 1264 2405 ergo
1292 2341 1501 2388 tantum
1531 2333 1679 2401 mali,
1729 2349 1866 2403 quo-

282 2422 449 2477 modo
478 2423 586 2478 iste
613 2424 681 2479 ad
717 2422 890 2478 ﬁlium
945 2439 1102 2479 suum
1138 2439 1197 2479 se
1239 2425 1371 2480 dicit
1403 2424 1672 2496 lugentem
1730 2425 1868 2479 velle

282 2514 653 2571 descendere?
701 2515 820 2572 Non
873 2518 1016 2572 enim
1079 2518 1132 2572 in
1178 2520 1356 2588 pomis
1375 2517 1571 2573 inferni
1601 2533 1724 2573 eum
1750 2532 1868 2573 esse

284 2602 481 2657 credit.
521 2602 607 2657 An
644 2604 942 2674 perturbati
977 2614 1033 2662 et
1084 2606 1318 2662 dolentis
1355 2608 1544 2675 verba,
1577 2622 1674 2663 sua
1724 2606 1867 2662 mala

281 2694 453 2749 etiam
477 2695 605 2751 hinc
639 2698 1059 2767 exaggeratius?

366 2784 437 2838 Et
466 2784 561 2839 illo
593 2797 953 2856 perseverante
984 2789 1040 2843 in
1070 2790 1198 2858 ﬂetu
1217 2829 1233 2852 ,
1276 2787 1589 2844 Madianitte
1633 2789 1871 2844 vendide-

287 2884 413 2929 runt
431 2874 629 2942 Ioseph
648 2877 704 2931 in
726 2877 1013 2949 zEggptum
1041 2877 1322 2950 Putipltari
1362 2882 1599 2935 eunucho
1626 2878 1868 2935 Pharao-

288 2969 666 3040 nis,magistro
686 2970 889 3026 militis.
919 2972 977 3026 In
1005 2973 1275 3044 plerisque
1290 2974 1441 3040 locis,
1459 2975 1867 3047 archimagiros,

287 3060 346 3113 id
389 3068 494 3124 est,
537 3075 797 3116 cocorum
832 3063 1105 3134 principes
1152 3079 1250 3134 pro
1298 3066 1572 3136 magistris
1597 3067 1871 3123 exercitus

289 3148 581 3218 Scriptura
601 3163 1009 3208 commemorat.
1038 3155 1299 3211 Venditus
1347 3164 1429 3212 est
1462 3157 1627 3228 igitur
1672 3154 1868 3229 Ioseph

288 3239 524 3310 principi
553 3241 825 3298 exercitus
870 3243 1212 3311 bellatorum,
1263 3263 1368 3302 non
1411 3244 1698 3319 Petephre,
1731 3250 1871 3304 utin

288 3330 492 3385 Latino
515 3333 776 3402 scriptum
808 3343 911 3400 est,
929 3337 1023 3391 sed
1046 3336 1306 3407 Putiphar
1326 3339 1592 3395 eunucho.
1617 3340 1719 3395 Ubi
1735 3355 1876 3410 qure-

290 3423 438 3477 ritur
464 3425 734 3493 quomodo
754 3436 940 3496 postea
971 3443 1194 3484 uxorem
1227 3429 1426 3486 habere
1465 3430 1697 3486 dicatur.
1742 3431 1876 3486 Tra-

289 3514 431 3568 dunt
450 3516 595 3570 enim
617 3515 826 3573 Hebraei
850 3528 1089 3590 emptum
1116 3522 1184 3577 ab
1206 3522 1309 3577 hoc
1326 3521 1548 3593 Ioseph,
1563 3524 1632 3579 ob
1652 3525 1873 3579 nimiam

289 3604 750 3676 pulchritudinem
780 3608 835 3663 in
867 3618 1023 3682 turpe
1046 3612 1432 3680 ministerium,
1470 3622 1527 3669 et
1573 3630 1604 3669 a
1648 3615 1876 3670 Domino

288 3699 547 3754 virilibus
559 3701 676 3771 ejus
688 3701 967 3771 arefactis,
980 3713 1164 3774 postea
1180 3706 1411 3763 electum
1425 3723 1562 3772 esse,
1581 3707 1738 3777 juxta
1764 3724 1878 3764 mo-

291 3807 417 3846 rem
437 3792 936 3863 hiemphantarum,
961 3796 1013 3850 in
1036 3796 1412 3866 pontiﬁcatum
1440 3797 1797 3870 Heliopoleos,
1821 3807 1878 3855 et

290 3881 461 3950 hujus
484 3882 647 3939 ﬁliam
678 3900 798 3941 esse
815 3886 1052 3943 Aseneth
1077 3929 1091 3955 ,
1119 3904 1278 3959 quam
1309 3896 1496 3961 postea
1522 3888 1722 3962 Ioseph
1742 3906 1878 3947 uxo-

290 3988 417 4028 rem
445 3976 734 4045 acceperit.

842 4067 1067 4125 CAPUT
1096 4070 1327 4127 XXVIII.

288 4155 377 4211 De
397 4156 541 4211 Iuda
556 4168 604 4232 et
628 4176 792 4232 umore
845 4162 959 4231 ejus
1013 4180 1075 4217 ac
1116 4163 1274 4232 ﬁliis:
1305 4181 1397 4219 nec
1436 4181 1539 4219 non
1572 4174 1621 4220 et
1654 4165 1720 4222 de
1750 4182 1876 4221 con-

518 4230 693 4283 cubitu
730 4230 895 4301 ipsius
929 4249 1048 4286 cum
1090 4230 1321 4289 Thamar
1364 4251 1501 4289 nuru
1546 4253 1664 4291 sua.

369 4340 525 4412 (Car.
552 4344 804 4416 xxxvnt.)
828 4344 907 4401 Eo
927 4356 1154 4417 tempore
1176 4349 1489 4405 descendens
1521 4349 1692 4405 Iudas
1715 4368 1747 4404 a
1763 4349 1879 4421 fra-

287 4431 468 4486 tribus
488 4434 615 4497 suis,
648 4434 852 4489 divertit
873 4436 942 4490 ad
962 4438 1131 4491 virum
1157 4436 1528 4493 Odollamitem
1553 4440 1761 4495 nomine
1774 4439 1877 4494 Hi-

289 4539 435 4576 ram.
472 4521 714 4593 Viditque
744 4523 913 4594 filiam
940 4526 1012 4579 ibi
1055 4527 1298 4591 hominis,
1317 4524 1606 4584 Chanantei
1630 4528 1877 4584 vocabulo

290 4616 453 4679 Sne;
477 4624 525 4669 et
575 4632 736 4670 uxore
769 4628 1003 4688 accepta,
1047 4619 1311 4690 ingressus
1339 4628 1416 4674 est
1474 4621 1544 4675 ad
1577 4634 1711 4676 eam.
1747 4619 1879 4687 Qua:

290 4707 532 4776 concepit
564 4715 613 4760 et
637 4706 831 4777 peperit
869 4708 1060 4777 ﬁlium,
1089 4711 1383 4777 vocavitque
1402 4728 1589 4766 nomen
1608 4710 1723 4782 ejus
1745 4707 1875 4765 Her.

283 4796 531 4850 Rursum
554 4806 798 4867 concepto
827 4798 959 4867 fetu,
994 4808 1173 4853 natum
1189 4799 1357 4864 ﬁlium
1371 4802 1653 4856 nominavit
1684 4799 1875 4857 Onam.

292 4886 536 4941 Tertium
560 4903 763 4960 quoque
799 4891 1018 4959 peperit,
1056 4907 1209 4961 quem
1245 4891 1523 4963 appellavit
1572 4890 1718 4947 Sela.
1763 4889 1879 4957 Quo

286 4985 446 5039 nato,
488 4992 669 5044 parere
706 4978 848 5031 ultra
904 4980 1141 5042 cessavit,
1197 4987 1302 5034 etc.
1353 4979 1536 5052 (Aug)
1584 4979 1877 5048 Quaeritur,

284 5064 517 5135 quando
540 5065 641 5119 ista
669 5065 786 5120 ﬁeri
816 5069 1112 5137 potuerint.
1146 5067 1204 5123 Si
1232 5069 1378 5124 enim
1405 5078 1757 5140 posteaquam
1784 5067 1878 5123 Io-

282 5154 433 5225 seph
481 5155 695 5210 devenit
744 5156 799 5211 in
852 5157 1164 5230 Egyptum,
1196 5163 1470 5231 quomodo
1518 5160 1660 5214 intra
1689 5158 1881 5230 viginti

278 5245 476 5301 ferme
497 5252 553 5300 et
580 5248 714 5303 duos
739 5265 910 5305 annos
940 5250 1087 5323 (nam
1102 5262 1222 5322 post
1238 5259 1446 5308 tantum
1466 5256 1746 5324 temporis,
1771 5258 1882 5312 col-

280 5336 482 5407 ligitur
507 5351 601 5393 eos
622 5339 835 5395 venisse
860 5341 927 5396 ad
956 5342 1205 5397 eumdem
1232 5342 1430 5414 Ioseph
1467 5343 1688 5399 fratrem
1720 5362 1876 5403 suum

278 5429 343 5484 in
371 5426 666 5500 Egyptum
692 5446 813 5485 cum
845 5441 1001 5503 patre
1029 5433 1146 5506 suo)
1176 5434 1291 5489 ﬁeri
1337 5436 1575 5505 potuerit
1627 5444 1682 5491 et
1727 5436 1879 5494 Iudae

280 5519 389 5574 ﬁlii
423 5517 538 5584 ejus
560 5522 736 5575 aetatis
764 5538 954 5580 omnes
980 5534 1201 5594 possent
1231 5525 1429 5580 ducere
1457 5527 1690 5581 uxores?
1740 5526 1875 5583 Nam

279 5611 538 5666 Thamar
563 5627 759 5668 nurum
790 5631 965 5683 suam,
994 5626 1213 5672 mortuo
1234 5618 1595 5687 primogenito
1632 5632 1754 5683 suo,
1798 5618 1877 5672 al-

281 5701 397 5761 teri
455 5701 603 5759 dedit
653 5703 798 5773 ﬁlio;
847 5723 954 5778 quo
996 5707 1160 5763 etiam
1191 5717 1424 5777 mortuo,
1461 5710 1793 5781 exspectavit
1821 5717 1879 5765 ut

1948 517 2047 583 dit,
2071 518 2266 571 timens
2291 531 2358 571 ne
2380 526 2435 572 et
2466 517 2580 587 ipse
2611 525 2932 573 moreretur.
2980 516 3133 573 Unde
3175 516 3378 573 factum
3405 526 3517 580 est,

1950 618 2011 664 ut
2040 610 2213 664 eidem
2238 624 2425 665 socero
2453 624 2552 664 suo
2596 623 2656 664 se
2704 609 2793 663 illa
2850 618 3196 679 supponeret.
3247 607 3528 674 Quomodo

1953 718 2081 773 ergo
2109 701 2289 757 omnia
2320 701 2432 756 haec
2471 700 2610 754 intra
2649 708 2756 754 tam
2780 715 2980 770 paucos
3009 716 3182 756 annos
3198 700 3314 754 ﬁeri
3341 709 3529 770 potuc-

1952 794 2081 859 rint,
2111 797 2301 848 merito
2324 800 2524 856 movet,
2559 792 2663 846 nisi
2694 791 2851 856 forte,
2880 799 2940 845 ut
2967 791 3102 846 solet
3124 790 3403 861 Scriptura
3436 806 3533 859 per

1956 884 2476 954 recapitulationem,
2505 883 2709 953 aliquot
2733 898 2903 939 annos
2948 889 3074 937 ante
3126 883 3402 937 veniitum
3445 880 3536 936 Io-

1956 980 2088 1049 seph
2141 979 2247 1033 hoc
2297 976 2414 1031 ﬁeri
2456 976 2685 1045 erupisse
2743 973 2964 1045 intelligi
2986 973 3133 1039 velit,
3164 973 3420 1042 quoniam
3452 973 3531 1026 sie

1955 1068 2190 1139 positum
2224 1074 2326 1129 est,
2348 1074 2409 1120 ut
2434 1066 2733 1120 diceretur:
2776 1064 2972 1133 factum
3024 1073 3099 1117 est
3153 1073 3327 1117 autent
3357 1064 3411 1117 in
3443 1062 3533 1116 illo

1957 1168 2203 1229 tempore.
2233 1157 2333 1212 Ubi
2359 1167 2537 1211 tamen
2576 1156 2838 1226 quzeritur
2863 1156 2906 1211 si
2931 1156 3117 1210 decem
3142 1163 3415 1224 etseptem
3442 1170 3540 1209 an-

1960 1263 2155 1306 norum
2185 1256 2302 1302 erat
2326 1246 2544 1317 Ioseph,
2574 1249 2789 1316 quando
2816 1248 3064 1301 venditus
3092 1254 3343 1317 est,quot
3370 1261 3539 1301 anno‘

1958 1355 2078 1396 rum
2108 1353 2227 1395 esse
2259 1337 2423 1394 Iudas
2458 1340 2694 1409 potuerit
2718 1347 2942 1407 quartus
2969 1338 3108 1393 ﬁlius
3121 1338 3304 1404 Iacob,
3324 1339 3539 1408 quando

1962 1429 2099 1484 idem
2131 1429 2243 1497 ipse
2260 1428 2653 1499 primogenitus
2680 1428 2892 1494 Ruben,
2954 1436 3016 1483 ut
3061 1429 3379 1500 plurimum,
3427 1427 3541 1482 ira-

1963 1526 2101 1573 trem
2135 1534 2292 1573 suum
2321 1516 2518 1589 Ioseph
2545 1520 2811 1589 quinque;
2856 1527 2950 1574 aut
2977 1535 3073 1575 sex
3102 1534 3272 1575 annos
3300 1520 3540 1590 potuerit

1961 1617 2123 1666 aetate
2153 1610 2477 1681 praecedere.
2510 1611 2799 1666 Evidenter
2829 1619 3008 1666 autem
3040 1610 3322 1680 Scriptura
3386 1611 3540 1671 dicit,

1964 1700 2189 1770 triginta
2253 1715 2516 1755 annorum
2575 1699 2742 1756 fuisse
2796 1699 3019 1770 Ioseph,
3064 1700 3279 1769 quando
3309 1699 3545 1755 innotuit

1890 1771 1937 1831 Β
1966 1786 2253 1847 Pharaoni.
2279 1788 2412 1844 Cum
2428 1804 2559 1861 ergo
2583 1790 2696 1859 ipse
2725 1804 2869 1865 anno
2896 1790 3107 1844 decimo
3132 1789 3362 1859 septimo
3416 1796 3545 1843 teta-

1964 1883 2035 1939 tis
2060 1897 2172 1937 sua:
2194 1882 2440 1936 venditus
2464 1880 2632 1937 fuisse
2655 1882 2925 1946 credatur,
2949 1881 3207 1936 tredecim
3232 1895 3402 1936 annos
3421 1895 3543 1950 per-

1964 1983 2149 2048 egerat
2200 1977 2255 2031 in
2292 1974 2523 2046 IEgypto
2563 1974 2775 2045 ignotus
2796 1973 3085 2030 Pharaoni.
3111 1973 3195 2028 Ad
3215 1973 3318 2028 hos
3360 1980 3541 2027 autem
3570 2027 3575 2035 ,

1966 2066 2372 2137 quatuordecim
2416 2080 2588 2120 annos
2617 2075 2963 2120 accesserunt
2986 2071 3191 2134 septem
3213 2061 3340 2118 anni
3381 2061 3544 2131 uber-

1970 2159 2113 2224 tatis,
2159 2165 2216 2213 et
2252 2155 2381 2211 facti
2425 2162 2549 2211 sunt
2599 2154 2727 2209 anni
2771 2153 2978 2224 viginti.
3003 2153 3098 2208 His
3123 2154 3392 2209 adduntur
3416 2152 3543 2216 duo,

1965 2249 2089 2320 quia
2115 2248 2351 2305 secundo
2379 2261 2519 2301 anno
2538 2244 2696 2300 famis
2721 2245 2940 2299 intravit
2960 2243 3126 2299 Iacob
3152 2244 3208 2298 in
3248 2243 3544 2314 Egyptum

1967 2353 2089 2395 cum
2118 2336 2243 2392 ﬁliis
2263 2336 2397 2401 suis,
2424 2342 2481 2389 et
2504 2334 2852 2389 inveniuntur
2879 2333 3067 2404 viginti
3089 2333 3197 2388 duo
3229 2332 3375 2396 anni,
3419 2330 3543 2401 qui-

1966 2428 2068 2483 bus
2099 2425 2271 2482 abfuit
2296 2422 2507 2494 Ioseph
2532 2440 2563 2479 a
2586 2432 2741 2494 patre
2760 2432 2817 2480 et
2842 2423 3100 2479 fratribus
3128 2424 3259 2480 suis.
3285 2422 3402 2490 Quo
3432 2438 3545 2476 me-

1966 2521 2057 2578 dio
2086 2529 2348 2592 tempore,
2373 2517 2642 2588 quomodo
2679 2517 2798 2573 ﬁeri
2824 2517 3101 2588 potuerint
3133 2517 3200 2572 de
3225 2531 3396 2571 uxore
3419 2522 3474 2570 et
3489 2515 3546 2568 ﬁ-
3632 2528 3635 2533 ‘

1967 2610 2055 2668 liis
2088 2619 2144 2667 et
2190 2626 2330 2666 nuru
2385 2607 2536 2664 Iuda:
2584 2609 2767 2663 omnia
2806 2623 2926 2679 quae
2962 2616 3272 2673 narrantur,
3305 2606 3546 2676 indagari

1968 2703 2182 2760 dillicile
2214 2710 2318 2767 est,
2357 2701 2461 2756 nisi
2483 2699 2622 2756 forte
2644 2708 2706 2754 ut
2729 2700 3035 2764 credamus,
3050 2706 3106 2754 et
3129 2698 3230 2753 hoc
3251 2699 3396 2753 enim
3422 2697 3545 2752 ﬁeri

1967 2794 2143 2867 potuit
2164 2808 2308 2859 mox,
2340 2799 2399 2847 ut
2425 2791 2733 2848 adolescere
2755 2789 2920 2846 Iudas
2947 2790 3133 2860 coepit,
3160 2789 3551 2845 eumincidisse

1970 2886 2027 2941 in
2087 2898 2327 2939 amorem
2355 2881 2472 2952 ejus
2516 2897 2680 2953 quam
2712 2882 2865 2939 duxit
2888 2896 3129 2948 uxorem,
3164 2882 3400 2938 nondum
3423 2896 3550 2937 ven-

1971 2974 2085 3030 dito
2111 2971 2311 3043 Ioseph
2335 2972 2391 3028 in
2417 2971 2734 3044 Egyptum.

2047 3063 2288 3119 Evolutis
2301 3071 2474 3119 autem
2504 3063 2682 3119 multis
2704 3064 2904 3129 diebus,
2945 3071 3154 3118 mortua
3196 3074 3270 3119 est
3293 3080 3433 3119 uxor
3452 3064 3553 3119 Iu-

1979 3155 2082 3210 daz.
2122 3155 2226 3220 Qui
2255 3162 2370 3226 post
2398 3153 2596 3208 luctum
2624 3153 2977 3209 consolatione
3013 3161 3276 3224 suscepta,
3306 3154 3553 3209 ascende»

1978 3246 2064 3301 bat
2115 3245 2184 3300 ad
2236 3255 2473 3300 tonsores
2521 3245 2694 3300 ovium
2727 3259 2966 3311 suarum,
3017 3246 3126 3315 ipse
3144 3254 3191 3299 et
3216 3244 3377 3301 [liras
3397 3245 3554 3316 opilio

1976 3336 2144 3408 gregis
2167 3335 2530 3401 Odollamites,
2558 3336 2615 3389 in
2646 3334 2931 3389 Thamnas.
2974 3333 3079 3390 Pro
3106 3342 3344 3405 pastore,
3369 3335 3423 3389 in
3452 3334 3557 3390 He-

1975 3429 2129 3485 braeo
2155 3428 2362 3483 amicus
2407 3427 2629 3498 legitur;
2684 3427 2780 3482 sed
2825 3424 3049 3481 verbum
3105 3427 3414 3498 ambiguum
3451 3435 3554 3491 est,

1977 3520 2103 3590 quia
2127 3520 2317 3576 iisdem
2341 3518 2539 3574 litteris
2557 3523 2847 3587 utrumque
2876 3530 3072 3573 nomen
3123 3516 3398 3572 scribitur.
3458 3516 3557 3571 νου

1978 3626 2097 3665 rum
2117 3611 2324 3666 amicus
2350 3626 2454 3675 ree,
2482 3619 2619 3674 mh,
2648 3616 2851 3679 pastor,
2884 3623 3012 3673 robe,
3034 3617 3174 3672 τιν-π,
3198 3606 3411 3677 legitur.

2052 3696 2470 3770 Nuntiatumque
2488 3707 2563 3753 est
2593 3697 2826 3752 Thamar
2850 3697 2989 3768 q'uod
3020 3713 3168 3751 socer
3190 3696 3333 3750 illius
3372 3713 3554 3750 ascen-

1979 3792 2121 3849 deret
2141 3796 2196 3848 in
2227 3793 2490 3847 Thamnas
2505 3791 2574 3846 ad
2597 3788 2886 3845 tondendas
2906 3805 3042 3844 oves.
3072 3787 3203 3854 Qua:
3227 3787 3472 3858 depositis
3488 3788 3558 3840 vi-

1980 3887 2197 3941 duitatis
2250 3866 2493 3949 vestibus,
2539 3874 2817 3952 assumpsit
2861 3879 3186 3945 theristrum,
3238 3888 3307 3945 et,
3353 3886 3557 3932 mutato

1981 3976 2182 4041 habitu,
2204 3974 2336 4029 sedit
2360 3974 2415 4028 in
2442 3974 2577 4028 bivio
2614 3973 2818 4028 itineris
2843 3987 2959 4043 quae
2990 3972 3133 4025 ducit
3159 3969 3473 4033 Thamnam,
3496 3984 3555 4023 eo

1981 4067 2121 4140 quod
2148 4066 2384 4120 crevisset
2416 4062 2561 4131 Sela,
2592 4072 2642 4119 et
2672 4080 2777 4117 non
2805 4067 2923 4116 eum
2960 4062 3239 4132 accepisset
3282 4060 3551 4113 maritum.

1982 4157 2082 4215 Hic
2113 4158 2437 4223 insinuatur,
2466 4165 2522 4211 et
2545 4152 2877 4226 temporibus
2906 4154 3356 4223 patriarcharum,
3406 4157 3557 4205 certa

1983 4260 2037 4307 et
2059 4266 2157 4307 sua
2185 4249 2351 4305 fuisse
2374 4249 2695 4304 vestimenta
2718 4247 3021 4312 viduarum,
3059 4261 3169 4302 non
3195 4244 3382 4314 utique
3428 4241 3556 4297 talia

1983 4344 2162 4418 qualia
2193 4342 2621 4414 conjugatarum.

2056 4435 2229 4500 Quam
2251 4452 2368 4490 cum
2398 4431 2608 4489 vidisset
2626 4429 2818 4496 Iudas,
2849 4430 3143 4500 suspicatus
3164 4435 3239 4482 est
3257 4443 3368 4482 esse
3393 4443 3560 4483 mese-

1982 4528 2184 4582 tricem.
2218 4524 2509 4596 Operuerat
2563 4523 2701 4577 enim
2744 4519 2941 4575 vultum
2972 4536 3126 4574 suum
3164 4534 3228 4573 ne
3255 4534 3562 4589 agnoscere-

1983 4628 2089 4673 tur.
2113 4617 2519 4688 Ingrediensque
2545 4615 2616 4668 ad
2642 4630 2779 4679 eam,
2804 4611 2880 4666 ait
2901 4610 3151 4666 :Dimitte
3171 4627 3271 4676 me,
3299 4619 3356 4664 ut
3383 4625 3559 4664 eaeam

1982 4718 2172 4764 tecum.
2201 4705 2473 4761 Nesciebat
2494 4705 2630 4759 enim
2650 4704 2791 4774 quod
2820 4720 2981 4758 nurus
3012 4719 3109 4757 sua
3131 4692 3279 4756 esset:
3308 4699 3427 4767 Qua
3486 4718 3563 4755 re-

1980 4798 2268 4870 pondente:
2291 4795 2432 4861 Quid
2459 4795 2588 4849 mihi
2606 4794 2777 4859 dabis,
2801 4803 2858 4847 ut
2884 4793 3082 4863 fruaris
3102 4792 3380 4847 concubitu
3404 4807 3517 4845 meo
3536 4791 3562 4845 .’

1982 4889 2142 4944 dixit:
2175 4885 2382 4940 Mittam
2404 4884 2495 4938 tibi
2522 4882 2807 4939 hwdumde
2846 4883 3105 4953 gregibus.
3125 4881 3456 4953 Rursumque
3468 4879 3562 4935 illa

1982 4980 2217 5033 dicente:
2245 4974 2433 5029 Patiar
2458 4973 2597 5045 quod
2620 4974 2714 5038 vis,
2738 4973 2784 5027 si
2809 4971 3012 5027 dederis
3038 4974 3165 5027 mihi
3190 4970 3557 5033 arrhabonem,

1982 5074 2146 5127 donec
2168 5071 2344 5124 mittas
2366 5067 2502 5139 quod
2530 5064 2825 5137 polliceris;
2850 5066 2923 5118 ait
2951 5064 3156 5119 Iudas:
3183 5062 3323 5130 Quid
3368 5062 3440 5116 vis
3463 5060 3560 5114 tibi

1981 5178 2076 5233 pro
2096 5158 2388 5214 arrhabone
2410 5155 2568 5210 dari?
2588 5153 2906 5225 Respondit:
2931 5152 3196 5207 Annulum
3217 5159 3381 5215 tuum,
3409 5158 3456 5204 et
3481 5166 3563 5203 ar-

1984 5253 2206 5317 millam,
2236 5259 2284 5306 et
2308 5248 2548 5304 baculum
2571 5264 2721 5320 quem
2746 5263 2905 5301 manu
2932 5256 3087 5300 tenes.
3104 5243 3189 5297 Ad
3209 5258 3371 5297 unum
3400 5242 3563 5312 igitur

1984 5346 2177 5399 coitum
2199 5342 2431 5412 concepit
2452 5339 2660 5405 mulier,
2683 5349 2730 5393 et
2750 5353 2963 5407 surgens
2984 5335 3131 5389 abiit.
3156 5335 3211 5388 In
3231 5335 3374 5387 facto
3388 5331 3559 5399 Iudae,

1984 5451 2090 5491 non
2110 5434 2392 5490 sinceritas
2407 5430 2653 5500 justitiae,
2675 5429 2768 5484 sed
2801 5426 3031 5482 ﬁdelitas
3076 5424 3328 5495 promissi
3380 5426 3562 5481 cerni-

1986 5537 2095 5584 tur.
2121 5527 2178 5581 Si
2204 5526 2347 5580 enim
2371 5530 2613 5578 servaret
2630 5519 2896 5589 justitiam
2922 5516 3186 5574 servando
3232 5515 3561 5577 castitatem,

1986 5633 2092 5672 non
2114 5616 2411 5679 introisset,
2434 5620 2494 5667 ut
2516 5612 2606 5666 ille
2633 5610 2883 5679 Opinatus
2905 5613 3011 5672 est,
3057 5605 3126 5661 ad
3172 5605 3515 5660 meretricem
3545 5646 3559 5668 ,

1988 5709 2082 5765 sed
2106 5716 2285 5762 tamen
2324 5705 2379 5760 id
2403 5702 2546 5775 quod
2579 5700 2826 5773 promisit
2854 5714 2949 5769 per
2989 5705 3260 5769 pastorem
3285 5712 3442 5755 suum
3477 5712 3563 5752 se.
