3962 6198
506 336 615 393 ω

1145 331 1205 386 Β.
1248 328 1499 385 RABANI
1536 328 1752 387 MAURI
1790 326 2107 388 ARClllEP.
2149 326 2455 387 MQGUNT.
2498 326 2781 387 OPERUM
2821 325 2999 381 PARS
3039 325 3056 379 Ι

3648 330 3757 387 σεε

512 457 746 515 eundum
791 454 1102 513 fidelitatem
1148 453 1399 523 promissi
1451 452 1815 507 transmittere
1864 449 2075 505 mulieri
2106 451 2152 508 A
2182 463 2386 515 mceror
2410 465 2615 509 eorum.
2662 451 2805 507 Deus
2846 457 3023 503 tamen
3060 449 3247 505 ambos
3279 449 3541 507 accitisse
3581 449 3760 507 dictus

510 560 620 604 non
652 544 884 604 negavit.

581 564 620 601 ιη
652 560 718 601 ne
786 559 884 600 vn.

581 559 855 705 [ἔσσεται
892 642 996 688 tres
1020 647 1217 686 menses
1247 630 1610 685 nuntiaverunt
1632 626 2039 687 Judtc-dicentes
2064 639 2082 678 :

2183 545 2285 603 est,
2316 540 2405 593 ubi
2444 539 2703 610 figuratur
2740 553 2962 608 regnum
2992 535 3188 597 talibus
3227 537 3533 593 horninibus
3573 540 3761 595 abstu-

2182 628 2327 684 lisse.
2354 628 2574 684 Tertius
2606 642 2733 685 vero
2758 627 2909 689 illius
2936 626 3103 691 ludas,
3133 628 3277 698 quod
3306 627 3380 685 illi
3406 628 3617 685 mulieri
3647 648 3757 688 non

512 728 796 783 Fornicata
837 734 914 781 est
961 724 1191 779 Thamar
1231 739 1396 777 nurus
1427 730 1538 786 tua,
1569 728 1618 775 et
1656 721 1860 775 videtur
1906 728 2085 772 uterus
2174 717 2438 787 jungitur,
2467 718 2733 788 significat
2777 726 3008 787 tempus,
3036 732 3105 771 ex
3150 731 3257 786 quo
3298 732 3454 789 reges
3490 719 3631 789 plebi
3657 720 3758 775 Ju-

506 818 650 874 illius
687 819 1043 872 intumescere.
1091 814 1239 868 Dixit
1285 812 1456 866 Iudas
1489 824 1507 863 :
1546 809 1979 864 Producite—eam
2025 817 2083 862 ut

509 908 862 963 comburatur.
917 904 1048 971 Qua:
1089 920 1206 958 cum
1252 903 1557 957 educeretur
1580 899 1649 955 ad
1690 915 1912 970 plenam,
1942 898 2081 953 misit

508 1000 577 1053 ad
606 1014 840 1053 socerum
867 1012 1018 1051 suum
1045 995 1260 1049 dicens:
1286 992 1361 1049 De
1378 993 1485 1047 viro
1505 990 1657 1061 cujus
1676 991 1786 1043 hac
1813 996 1933 1042 sunt
1952 1003 2078 1041 con-

507 1092 616 1159 cepi
638 1104 656 1141 :
679 1088 938 1159 Cognosce
984 1087 1137 1156 cujus
1177 1084 1243 1139 sit
1276 1080 1502 1137 annulus
1528 1120 1543 1146 ,
1567 1088 1615 1133 et
1642 1076 1874 1143 armilla,
1902 1086 1951 1130 et
1990 1075 2082 1129 ba-

506 1183 675 1236 culus.
703 1179 805 1248 Qui
828 1179 1017 1250 agnitis
1046 1175 1343 1231 muneribus
1370 1173 1480 1226 ait:
1501 1170 1707 1226 Iustior
1732 1184 1813 1233 me
1842 1177 1937 1232 est,
1956 1168 2081 1238 quia

507 1289 613 1325 non
652 1272 848 1327 tradidi
891 1286 1007 1326 eam
1044 1265 1167 1323 Sela
1197 1264 1307 1336 filio
1345 1280 1477 1319 meo.
1527 1262 1766 1317 Attamen
1792 1257 1934 1312 ultra
1977 1275 2081 1313 non

507 1362 742 1431 cognovit
760 1377 895 1416 eam.
926 1357 1188 1431 Cognovit
1209 1364 1387 1411 autem
1408 1351 1574 1408 Iudas
1597 1359 1653 1406 et
1680 1350 1814 1406 dixit
1840 1368 1853 1404 :
1878 1347 2081 1405 Justior

505 1450 595 1505 illa
624 1465 786 1519 quam
812 1464 933 1519 ego,
976 1448 1121 1518 quod
1156 1461 1267 1503 non
1308 1442 1433 1505 dedi
1465 1456 1585 1497 eam
1630 1439 1740 1495 lilio
1781 1454 1902 1494 meo
1931 1438 2075 1495 Sela.

504 1539 561 1595 lu
611 1540 837 1597 Hebraeo
881 1539 1065 1603 habet,
1108 1535 1409 1606 Justiﬁcata
1451 1542 1526 1589 est
1570 1548 1636 1587 ea:
1673 1548 1772 1595 me,
1816 1544 1922 1587 non
1951 1528 2078 1599 quia

499 1630 645 1701 justa
692 1628 875 1701 fuerit,
905 1628 1002 1687 sed
1029 1626 1173 1698 quod
1198 1666 1215 1692 ,
1239 1623 1643 1696 comparatione
1688 1621 1831 1676 illius
1852 1661 1868 1685 ,
1897 1619 2080 1684 minus

507 1721 647 1777 male
672 1718 882 1784 fecerit,
918 1733 1259 1791 nequaquam
1286 1732 1421 1788 vaga
1450 1716 1518 1772 ad
1547 1712 1949 1785 turpitudinum,
1981 1712 2076 1767 sed

505 1809 703 1866 liberos
729 1807 1070 1881 requirendo.

576 1898 814 1967 Instante
838 1907 1012 1957 autem
1041 1907 1221 1968 partu,
1249 1900 1602 1966 apparuerunt
1631 1892 1821 1963 gemini
1849 1890 1904 1945 iu
1927 1900 2073 1957 utero

503 1990 649 2059 ejus.
690 1998 840 2059 atque
868 1989 924 2048 in
949 1989 1064 2057 ipsa
1102 1986 1352 2055 eiusione
1389 1983 1652 2054 infantum
1687 1998 1823 2036 unus
1859 1978 2075 2051 protulit

504 2097 738 2146 manum,
763 2080 819 2135 in
835 2095 940 2150 qua
970 2078 1215 2139 obstetrix
1233 2076 1407 2147 ligavit
1435 2076 1701 2139 coccinum
1725 2073 1902 2139 dicens
1922 2086 1941 2125 :
1966 2071 2074 2128 Iste

504 2170 791 2241 egredietur
810 2170 970 2240 prior.
996 2168 1099 2229 Illa
1122 2183 1239 2228 vero
1268 2167 1559 2227 retrahente
1579 2181 1817 2229 manum,
1838 2179 2073 2236 egressus

505 2273 574 2319 est
596 2262 747 2335 alter.
778 2261 1025 2334 Dixitque
1047 2260 1235 2319 mulier
1256 2278 1275 2316 :
1297 2258 1473 2325 Quare
1499 2258 1667 2319 diuisa
1694 2266 1768 2329 est
1794 2264 2002 2327 propter
2025 2264 2074 2311 te

504 2353 768 2421 siccaria?
790 2362 839 2408 et
861 2353 924 2409 ob
949 2353 1084 2408 hanc
1113 2368 1327 2411 causam
1354 2350 1548 2411 vocavit
1578 2364 1764 2407 nomen
1793 2347 1907 2418 ejus
1929 2344 2074 2405 Pha-

501 2461 604 2499 res.
647 2443 755 2500 Pro
800 2444 1031 2501 maceria
1059 2444 1364 2520 divisionem
1391 2442 1585 2513 Aquila
1622 2448 1677 2496 et
1716 2438 2074 2512 Symmachus

501 2531 929 2598 transtulerunt,
959 2534 1104 2604 quod
1132 2532 1394 2593 Hebraioe
1421 2532 1621 2589 dicitur
1646 2531 1867 2599 Phares.
1894 2531 1978 2588 Ab
2006 2546 2073 2588 eo

505 2621 672 2692 igitur
721 2622 866 2692 quod
920 2621 1181 2687 diviserit,
1215 2621 1643 2685 membranulam
1693 2621 2072 2689 secundarum,

502 2712 768 2775 divisionis
807 2728 1005 2775 nomen
1055 2714 1279 2784 accepit.
1336 2713 1490 2779 Unde
1526 2711 1820 2783 Pharisaei,
1861 2714 1952 2783 qui
2012 2728 2074 2771 se

500 2803 656 2873 quasi
689 2803 866 2874 iustos
896 2818 928 2865 a
958 2803 1155 2875 populo
1196 2810 1600 2875 separaverant,
1643 2802 1800 2873 divisi
1833 2802 2073 2875 appella-

501 2891 716 2959 bantur.

571 2980 761 3036 Postea
794 2998 1028 3053 egressus
1058 2993 1132 3038 est
1165 2982 1327 3053 frater
1348 2986 1484 3054 ejus,
1507 2987 1571 3043 in
1590 2983 1744 3054 cujus
1771 3000 1932 3047 manu
1956 2991 2071 3045 erat

501 3070 787 3137 coccinum,
813 3088 964 3142 quem
991 3071 1267 3142 appellauit
1305 3070 1467 3139 Zara.
1516 3071 1631 3139 Hoc
1669 3087 1865 3131 nomen
1903 3074 2070 3139 inter-

2184 811 2416 865 dmorum
2442 817 2721 878 coeperunt
2764 808 2830 864 de
2862 808 3005 863 tribu
3031 806 3182 865 Judae
3211 823 3318 865 non
3361 807 3512 875 ﬁeri;
3542 819 3597 865 et
3626 813 3759 867 ideo

2180 908 2297 956 erat
2326 899 2541 969 quidem
2562 910 2565 915 '
2586 899 2727 956 filius
2754 898 2935 964 Judze,
2964 900 3059 956 sed
3086 914 3207 954 eum
3237 900 3476 955 Thamar
3498 904 3757 958 maritum

2180 1004 2285 1043 non
2310 998 2610 1058 acceperat,
2640 974 2762 1058 quia
2793 989 2978 1044 eadem
3003 998 3122 1044 erat
3144 990 3317 1045 tribus
3342 988 3498 1056 Iuda,
3520 994 3619 1047 sed
3640 991 3758 1061 jam

2181 1079 2234 1133 in
2264 1079 2459 1149 populo
2478 1078 2628 1134 Judte
2657 1094 2814 1135 nemo
2834 1080 3111 1148 regnabat.
3147 1080 3299 1136 Unde
3319 1089 3376 1137 et
3396 1095 3589 1139 nomen
3613 1084 3756 1155 ejus,

2180 1166 2233 1222 id
2262 1177 2344 1223 est
2373 1167 2519 1233 Sela,
2547 1168 2935 1238 interpretatur
2960 1168 3144 1224 divisio
3169 1169 3306 1239 ejus.
3336 1170 3454 1226 Non
3482 1174 3757 1242 pertinent

2178 1272 2309 1312 sane
2339 1258 2406 1312 ad
2434 1258 2575 1315 hanc
2603 1258 3055 1329 significationem
3078 1260 3179 1315 viri
3206 1261 3378 1317 sancti
3401 1252 3457 1316 et
3474 1261 3632 1331 justi,
3663 1265 3758 1334 qui

2178 1347 2305 1403 licet
2333 1346 2423 1405 illo
2443 1356 2683 1419 tempore
2707 1350 2923 1415 fuerint,
2949 1351 3017 1405 ad
3040 1349 3247 1407 Novum
3274 1359 3456 1408 tamen
3482 1355 3759 1424 pertinent

2178 1438 2599 1505 Testamentum,
2634 1441 2725 1510 qui
2769 1442 3138 1512 prophetando
3174 1444 3408 1499 scienter
3445 1446 3606 1501 utiles
3636 1447 3752 1503 fue—

2177 1537 2320 1594 runt,
2346 1530 2521 1599 qualis
2565 1530 2734 1603 David
2780 1531 2899 1591 fuit.
2931 1533 3010 1589 Eo
3051 1548 3181 1591 sane
3211 1544 3451 1607 tempore
3496 1553 3605 1609 quo
3642 1540 3754 1611 jam

2174 1616 2355 1674 Judma
2385 1628 2624 1688 coeperat
2651 1635 2805 1691 reges
2828 1636 2893 1679 ex
2922 1623 3065 1681 tribu
3089 1622 3226 1682 Juda
3261 1640 3370 1681 non
3398 1627 3621 1695 habere,
3648 1645 3752 1685 non

2175 1717 2259 1765 est
2300 1711 2691 1780 computandus
2743 1710 2984 1773 Herodes
3029 1715 3202 1785 major
3255 1714 3308 1773 in
3353 1717 3570 1787 regibus
3615 1721 3749 1790 ejus,

2105 1799 2153 1859 B
2183 1808 2434 1870 tanquam
2464 1802 2689 1857 maritus
2712 1802 2967 1870 Thamar,
2992 1813 3111 1859 erat
3129 1806 3274 1860 enim
3300 1806 3623 1879 alienigena.
3647 1810 3755 1866 Nec

2174 1890 2223 1945 ei
2248 1899 2586 1951 sacramento
2611 1892 2701 1947 illo
2727 1894 2965 1964 mystica:
2984 1896 3254 1955 unctionis
3274 1904 3532 1968 tanquam
3564 1899 3751 1969 conju-

2174 1981 2277 2051 gali
2308 1981 2511 2041 fmdere
2547 1984 2875 2048 cohaerebat,
2904 1986 2997 2043 sed
3034 1996 3289 2057 tanquam
3324 1997 3619 2051 extraneas
3654 1992 3749 2047 clo-

2174 2073 2494 2141 minabantr,
2525 2090 2684 2144 quam
2711 2085 3031 2147 potestatem
3058 2094 3089 2135 a
3118 2078 3375 2149 Romanis
3396 2090 3454 2137 et
3472 2098 3512 2138 a
3536 2082 3752 2143 Caesare

2174 2173 2475 2234 acceperat.
2525 2165 2617 2229 Sic
2643 2167 2848 2237 et-ejus
2878 2167 2975 2235 lilii
3017 2170 3325 2236 tetrarchae,
3354 2182 3590 2241 quorum
3637 2181 3750 2229 erat

2172 2271 2312 2313 unus
2359 2257 2598 2319 Herodes
2648 2259 2817 2328 patris
2864 2260 3080 2321 nomine
3127 2261 3443 2331 appellatus.
3489 2263 3585 2333 qui
3627 2279 3749 2319 cum

2171 2346 2342 2411 Pilato
2370 2348 2423 2407 in
2452 2348 2701 2418 passione
2729 2350 2940 2409 Domini
2963 2353 3328 2409 concordavit.
3352 2352 3444 2409 Isti
3465 2369 3600 2425 ergo
3624 2354 3751 2411 alie-

2170 2441 2381 2511 nigenas
2407 2456 2578 2512 usque
2623 2441 2759 2501 adeo
2796 2457 2905 2499 non
2942 2443 3336 2512 deputabuntur
3364 2444 3420 2500 in
3450 2458 3625 2516 regno
3662 2444 3750 2500 illo

2171 2531 2399 2603 mystico
2419 2530 2724 2594 Iudaeorum
2754 2574 2770 2599 ,
2796 2541 2858 2588 ut
2891 2532 2991 2604 ipsi
3014 2530 3184 2593 indui
3212 2533 3424 2604 publice
3449 2533 3750 2591 clamarent

2171 2620 2480 2685 ﬂorulentos
2519 2624 2779 2684 adversus
2811 2622 3086 2682 Christum
3110 2638 3126 2677 :
3153 2621 3278 2679 Non
3300 2623 3551 2680 habemus
3576 2639 3748 2694 regem

2171 2714 2271 2768 nisi
2297 2712 2558 2771 Ca'sarem
2602 2712 2813 2786 (Matth.
2844 2713 3015 2786 xxvn)
3035 2752 3049 2778 ,
3078 2726 3251 2782 neque
3279 2713 3383 2771 hoc
3419 2728 3612 2771 verum
3648 2713 3749 2771 nisi

2171 2802 2261 2863 illa
2314 2802 2608 2865 universali
2663 2802 3055 2863 dominatione.
3123 2801 3493 2863 Romanorum
3551 2803 3747 2871 quippe

2169 2895 2336 2955 etiam
2370 2894 2551 2957 (ἕξεων
2591 2909 2689 2955 rex
2725 2902 2866 2961 erat,
2906 2908 3014 2953 non
3038 2894 3256 2963 pmprie
3282 2891 3624 2959 Judmorum;
3654 2893 3747 2949 sed

2168 2992 2231 3038 ut
2275 2982 2551 3039 Christum
2593 2991 2875 3055 negarent,
2919 2993 2976 3038 et
3026 2984 3171 3047 hunc
3216 2983 3401 3049 adhuc
3434 2984 3743 3048 adorarent,

2169 3071 2292 3131 ideo
2318 3087 2378 3128 se
2406 3072 2501 3129 tali
2542 3087 2678 3128 voce
2717 3073 3127 3133 damnaverunt.
3173 3072 3269 3129 lllo
3314 3074 3458 3129 enim
3506 3082 3745 3144 tempore

498 3169 741 3235 pretatur
774 3164 966 3217 oriens.
1014 3162 1142 3224 Sive
1188 3164 1352 3234 igitur
1389 3163 1517 3234 quia
1551 3163 1759 3234 prunus
1797 3164 2066 3234 apparuit,
2095 3151 2140 3213 C
2171 3177 2278 3234 quo
2297 3163 2410 3234 jam
2434 3163 2501 3218 de
2524 3165 2667 3229 tribu
2687 3162 2824 3225 Juda
2852 3179 3075 3235 regnum
3103 3163 3397 3229 defecerat,
3422 3166 3744 3223 veniendum

496 3255 612 3312 sive
638 3253 779 3325 quod
803 3254 1022 3326 plurimi
1048 3270 1117 3311 ex
1148 3270 1214 3312 eo
1232 3254 1365 3324 justi
1409 3266 1552 3322 sunt,
1579 3263 1639 3312 ut
1664 3258 1719 3312 in
1745 3256 1882 3319 libro
1907 3256 2070 3319 Para-

495 3346 804 3417 lipomenon
832 3347 1157 3413 continetur.
1185 3345 1344 3413 Zara,
1370 3348 1423 3409 id
1441 3354 1526 3409 est,
1555 3348 1745 3414 oriens,
1774 3345 2069 3419 appellatus

496 3447 598 3493 est.
633 3435 959 3508 (Isidorus.)
1007 3436 1129 3499 Jam
1167 3452 1312 3499 nunc
1350 3436 1551 3503 factum
1586 3437 1738 3502 Iudae
1773 3440 2067 3503 secundum

497 3526 806 3598 allegoriam
832 3526 961 3597 quid
996 3526 1383 3600 signiﬁcaverit
1408 3525 1730 3592 futurorum,
1757 3528 2067 3585 considere-

497 3630 636 3671 mus.
677 3614 737 3679 ln
766 3615 1003 3683 Thamar
1035 3631 1164 3687 ergo
1192 3632 1330 3671 nuru
1365 3615 1533 3689 ludas,
1565 3617 1883 3689 intelligitur
1916 3618 2069 3687 plebs

495 3701 698 3771 ludam,
727 3704 813 3761 cui
834 3704 901 3761 de
927 3705 1071 3771 tribu
1085 3704 1225 3761 Juda
1256 3720 1430 3776 reges,
1460 3714 1718 3775 tanquam
1748 3707 1948 3775 mariti,
1975 3707 2070 3761 de-

496 3793 744 3861 beantur.
763 3793 956 3853 Merito
980 3811 1176 3853 nomen
1201 3795 1318 3866 ejus
1342 3797 1638 3863 amaritudo
1662 3797 2065 3870 interpretatur.

494 3885 615 3956 ipsa
638 3886 783 3957 enim
824 3886 1051 3945 Domino
1080 3888 1221 3944 fellis
1252 3888 1503 3959 poculum
1529 3889 1698 3945 dedit.
1732 3889 1849 3961 Duo
1887 3897 2067 3951 autem

495 3991 693 4047 genera
710 3976 1012 4049 principum
1032 3978 1126 4048 qui
1146 3993 1252 4041 non
1273 3986 1418 4034 recte
1438 3979 1800 4051 operahantur
1821 3978 1874 4033 in
1891 3978 2064 4049 plebe,

496 4081 663 4123 unum
706 4081 893 4137 eorum
934 4067 1025 4137 qui
1064 4068 1308 4132 oberunt,
1342 4054 1570 4127 alterum
1595 4083 1784 4135 eorum
1812 4068 1901 4138 qui
1934 4066 2068 4125 nihl

496 4157 819 4228 proderant,
867 4156 1310 4231 signiﬁcabantur
1352 4157 1408 4216 in
1466 4157 1673 4213 duobus
1725 4155 1848 4212 filiis
1894 4154 2062 4215 ludat.

496 4249 735 4315 Quorum
780 4264 918 4303 unus
943 4262 1131 4304 eorum
1171 4257 1290 4304 erat
1332 4248 1597 4323 malignus
1640 4248 1726 4315 vel
1771 4262 1896 4303 nens
1944 4255 2068 4303 ante

497 4336 686 4401 Deum,
717 4337 855 4394 alter
882 4339 936 4394 in
966 4347 1162 4394 terram
1194 4338 1470 4406 fundebat,
1497 4356 1563 4395 ne
1595 4355 1778 4399 semen
1821 4342 1973 4403 daret
2000 4340 2063 4399 ad

2168 3262 2284 3311 erat
2312 3252 2526 3309 Christo
2553 3266 2684 3308 vero
2715 3252 2984 3313 Salvatori
3012 3254 3238 3317 Domino
3282 3264 3487 3319 nostra,
3519 3256 3613 3325 qui
3642 3271 3744 3309 non

2165 3345 2412 3412 obesset,
2461 3344 2796 3415 multumque
2842 3346 3138 3416 prodesset.
3189 3345 3325 3409 Hine
3374 3347 3521 3403 enim
3572 3345 3745 3403 fuerat

2164 3435 2541 3508 prophetatum
2568 3452 2581 3490 :
2604 3434 2730 3490 Non
2773 3435 2976 3504 deﬁciet
3004 3437 3242 3507 princeps
3282 3452 3348 3490 ea:
3389 3434 3559 3500 Iuda,
3588 3453 3743 3506 neque

2164 3526 2276 3597 dua:
2298 3526 2364 3581 de
2389 3526 2672 3595 femoribus
2700 3527 3013 3597 ejus,donec
3041 3528 3204 3583 ueniet
3225 3529 3314 3600 qui
3335 3528 3620 3589 mittendus
3647 3537 3741 3592 est,

2164 3625 2211 3679 et
2238 3617 2345 3687 ipse
2375 3618 2473 3679 erit
2500 3620 2813 3687 exspectatio
2839 3618 3070 3688 gentium
3096 3614 3248 3688 (Cen.
3278 3616 3445 3687 aut).
3474 3615 3598 3681 ,ιω
3641 3618 3741 3673 isto

2165 3715 2412 3777 tempore
2451 3721 2615 3773 omne
2658 3722 2871 3778 quoque
2916 3707 3283 3779 magisterium
3323 3707 3664 3773 ludatur-um,
3690 3716 3741 3765 et

2164 3796 2393 3867 mystica
2421 3796 2564 3851 unde
2588 3796 2791 3855 Christi
2820 3796 3151 3855 vocabantur
3181 3795 3362 3851 unctio
3393 3796 3508 3867 ipsa
3533 3794 3739 3852 defece-

2165 3888 2575 3955 rat,secundum
2601 3887 2936 3956 prophetiam
2958 3887 3212 3948 Danielis.
3238 3888 3387 3945 Tunc
3407 3888 3553 3951 enim
3577 3889 3738 3953 venit,

2166 3979 2253 4033 cui
2292 3979 2583 4048 repositum
2625 3987 2760 4043 erat,
2787 3980 3120 4050 exspectatio
3164 3982 3425 4051 gentium,
3466 3991 3516 4035 et
3558 3992 3737 4047 unctus

2164 4078 2239 4123 est
2264 4077 2473 4123 sanctus
2503 4077 2803 4123 sanctorum
2831 4068 2943 4123 oleo
2963 4068 3313 4124 exsultatione
3334 4087 3442 4139 prie
3466 4072 3735 4141 participi-

2166 4155 2260 4225 bus
2282 4155 2402 4209 suis
2422 4153 2595 4225 (l’sal.
2628 4153 2795 4224 κων).
2842 4143 3013 4213 Natus
3043 4165 3125 4213 est
3150 4158 3293 4213 enim
3319 4156 3547 4213 Herodis
3573 4158 3735 4228 majo-

2166 4246 2242 4300 ris
2286 4254 2545 4314 tempore,
2573 4260 2766 4315 passus
2788 4255 2874 4302 est
2907 4255 3089 4302 autem
3129 4246 3356 4305 Herodis
3401 4248 3632 4304 minoris
3661 4258 3735 4303 te-

2166 4340 2416 4395 trarchae.
2446 4337 2614 4408 Hujus
2651 4340 2834 4408 itaque
2869 4340 3135 4399 venientis
3175 4341 3241 4395 ad
3269 4356 3397 4397 oves
3420 4357 3540 4410 qua:
3567 4343 3735 4411 perie-

499 4426 888 4493 fecundandam
915 4430 1169 4487 Thamar.
1218 4430 1329 4489 Nec
1354 4438 1481 4489 sunt
1512 4433 1741 4507 amplius
1770 4448 1931 4503 quam
1959 4432 2065 4489 duo
2097 4502 2130 4507 _
2167 4442 2289 4489 rant
2334 4432 2529 4497 domus
2564 4430 2748 4499 Israel,
2783 4433 3011 4506 ﬁguram
3052 4432 3213 4503 gessit
3258 4432 3375 4503 ipse
3401 4430 3592 4497 ludas,
3619 4446 3739 4489 cum

497 4530 697 4591 genera
724 4518 1001 4574 hominum
1034 4519 1241 4577 inutilia
1267 4522 1450 4594 generi
1478 4502 1712 4587 humano
1731 4540 1745 4577 z
1765 4502 1928 4591 unum
1971 4539 2063 4581 no-
2092 4502 2142 4565 θ
2169 4523 2273 4598 iret
2300 4524 2367 4581 ad
2397 4524 2695 4585 tondendas
2721 4502 2850 4585 oves
2874 4539 3001 4579 suas
3025 4502 3078 4579 in
3103 4502 3367 4588 Thamna,
3400 4522 3541 4593 quod
3573 4523 3735 4579 inter-

496 4603 752 4669 centium,
773 4605 1002 4667 alterum
1020 4615 1276 4678 praestare
1304 4609 1617 4673 nolentium,
1646 4611 1767 4672 etsi
1790 4612 1919 4685 quid
1943 4613 2065 4670 boni

497 4691 701 4761 habent
722 4692 777 4749 in
818 4694 919 4755 hac
948 4702 1161 4755 terrena
1188 4696 1299 4751 vita
1342 4696 1700 4768 perdentiutn,
1734 4706 1986 4769 tanquam
2012 4701 2067 4758 in

499 4789 648 4847 terra
687 4780 1054 4850 fundentium;
1083 4792 1140 4843 et
1168 4786 1291 4856 quia
1323 4786 1379 4842 in
1408 4787 1547 4844 malo
1572 4789 1720 4860 prior
1746 4798 1831 4847 est
1858 4791 1945 4848 ille
1972 4794 2066 4862 qui

501 4879 657 4931 nocet
681 4888 844 4947 quam
873 4873 964 4929 ille
989 4875 1082 4946 qui
1109 4890 1214 4931 non
1257 4877 1497 4948 prodest,
1528 4878 1649 4941 ideo
1675 4880 1848 4953 major
1872 4880 2068 4945 dicitur

501 4960 765 5032 malignus
807 4962 916 5031 ille,
946 4972 1003 5021 et
1050 4976 1281 5036 sequens
1312 4968 1405 5039 qui
1439 4966 1695 5027 fundebat
1740 4971 1797 5027 in
1842 4980 2062 5036 terram.

501 5055 811 5139 Nomenque
851 5058 1091 5129 majoris,
1116 5060 1208 5131 qui
1250 5070 1474 5123 vocatur
1513 5062 1655 5129 Her,
1686 5062 2070 5143 interpretatur

498 5146 760 5219 pellicem.
788 5150 1033 5221 Qualibus
1057 5151 1252 5207 tunicis
1273 5152 1447 5209 induti
1476 5162 1601 5219 sunt
1620 5154 1782 5232 primi
1805 5154 2067 5222 homines,

499 5237 556 5297 in
590 5252 749 5312 pmna
787 5241 1144 5303 damnationis
1180 5257 1307 5309 suae,
1338 5242 1521 5301 emissi
1560 5258 1627 5303 ex
1671 5243 1939 5315 paradiso.
1973 5243 2072 5301 Se-

498 5331 716 5407 quentis
739 5340 917 5388 autem
941 5349 1156 5401 nomen,
1177 5335 1269 5408 qui
1290 5341 1513 5393 vocatur
1541 5334 1713 5400 Onan,
1746 5335 2068 5406 interpreta-

499 5428 591 5480 tur
614 5437 803 5479 maeror
819 5439 1020 5485 eorum.
1050 5424 1162 5495 Qu
1175 5441 1312 5491 rum,
1330 5425 1432 5483 nisi
1453 5425 1647 5496 quibus
1668 5426 1801 5483 nihil
1829 5425 2067 5497 prodest,

496 5523 624 5568 otttn
663 5509 861 5571 habeat
898 5515 1038 5577 unde
1078 5515 1331 5585 prodesse
1358 5521 1575 5586 posset.
1598 5523 1763 5586 atque
1789 5515 1844 5572 id
1882 5516 2072 5586 perdat

501 5601 558 5660 in
584 5601 763 5671 terra?
785 5602 954 5675 Maius
992 5620 1152 5674 porro
1190 5605 1389 5665 malum
1423 5613 1507 5669 est
1533 5605 1723 5664 ablata:
1761 5608 1905 5671 vitae.
1927 5605 2070 5677 quot!

502 5688 766 5763 signiﬁcat
805 5692 979 5763 pellis,
1006 5707 1164 5765 quam
1211 5709 1313 5749 non
1359 5693 1584 5766 adiutae,
1613 5696 1753 5766 quod
1801 5684 2069 5767 significat

2170 4622 2411 4684 pretatur
2431 4614 2676 4683 deﬁciens
2698 4612 2846 4684 :jam
2878 4614 3022 4677 enim
3052 4613 3358 4669 defecerant
3385 4612 3655 4684 principes
3673 4626 3733 4666 ex

2169 4705 2329 4775 Iuda,
2355 4716 2591 4769 et-omne
2613 4708 2981 4786 magisterium
3011 4715 3173 4778 atque
3201 4706 3384 4761 unctio
3411 4703 3735 4765 Iudaeorum.

2170 4799 2341 4869 donec
2368 4798 2578 4857 veniret
2600 4798 2686 4855 cui
2714 4797 3009 4875 repositum
3038 4803 3175 4850 erat.
3217 4794 3374 4850 Venit
3411 4802 3595 4848 autem
3621 4806 3736 4848 cum

2169 4897 2383 4961 pastore
2424 4903 2522 4945 suo
2569 4888 2908 4957 Odollamite,
2935 4887 3021 4947 cui
3071 4901 3266 4941 nomen
3311 4894 3429 4940 erat
3481 4884 3659 4947 Hiras,
3687 4892 3738 4939 et

2169 4980 2558 5051 interpretatur
2586 4977 2935 5039 Odollamites
2954 4975 3302 5032 testimonium
3326 4975 3383 5029 in
3417 4991 3577 5044 aqua.
3608 4973 3735 5028 Cum

2170 5069 2273 5139 hoc
2296 5068 2453 5140 plane
2482 5067 2791 5133 testimonio.
2817 5067 3070 5125 Dominus
3083 5065 3240 5121 .venit
3254 5104 3271 5130 ,
3296 5065 3501 5130 habens
3522 5064 3735 5135 quidem

2170 5158 2538 5238 testimonium
2565 5155 2736 5228 majus
2775 5155 3008 5233 Joanne,
3040 5155 3138 5210 sed
3164 5162 3342 5211 tamen
3368 5162 3591 5223 propter
3615 5163 3737 5205 oves

2173 5246 2435 5313 inﬁrmas.
2467 5246 2568 5303 hoc
2615 5244 2923 5302 testimonio
2950 5251 3035 5302 est
3063 5259 3194 5300 usus
3231 5243 3284 5300 in
3324 5257 3486 5313 aqua.
3532 5239 3664 5295 Nam
3685 5243 3735 5297 et

2173 5335 2285 5406 ipse
2318 5334 2496 5400 Hiras,
2519 5334 2662 5405 quod
2686 5349 2881 5390 nomen
2909 5333 3051 5388 illius
3074 5332 3308 5403 pastoris
3333 5330 3456 5398 fuit,
3479 5331 3735 5399 interpre-

2174 5434 2320 5481 tatur
2348 5424 2529 5495 fratris
2554 5424 2654 5477 mei
2692 5423 2838 5479 uisio.
2882 5420 3027 5479 Vidit
3062 5421 3285 5478 omnino
3322 5419 3547 5479 fratrem
3586 5428 3734 5475 suam

2173 5516 2429 5583 Joannes,
2459 5515 2680 5575 fratrem
2727 5513 3021 5579 secundum
3063 5525 3245 5567 semen
3274 5509 3518 5572 Abrahae,
3550 5517 3736 5561 secun-

2174 5605 2300 5661 dum
2342 5603 2713 5675 cognationem
2750 5601 2938 5655 matris
2970 5599 3149 5655 Maria:
3193 5597 3332 5666 ejus,
3374 5604 3430 5652 et
3473 5588 3737 5659 Elisabelh

2175 5696 2360 5752 matris
2402 5710 2531 5759 sum,
2560 5693 2913 5762 eamdemque
2959 5690 3239 5746 Dominum
3267 5696 3319 5743 et
3349 5685 3514 5747 Deum
3558 5695 3735 5744 suum,
