  <div class='ocr_page' id='page_1' title='image "/cluster/home/n/w/nwhite01/storage/ocr_20150623/107/hvd.32044054759725/320.png"; bbox 0 0 1985 3099; ppageno 0'>
   <div class='ocr_carea' id='block_1_1' title="bbox 155 164 203 191">
    <p class='ocr_par' dir='ltr' id='par_1_1' title="bbox 155 164 203 191">
     <span class='ocr_line' id='line_1_1' title="bbox 155 164 203 191; baseline 0.021 -1"><span class='ocrx_word' id='word_1_1' title='bbox 155 164 203 191; x_wconf 54' lang='grc'><strong>6⁸39</strong></span> 
     </span>
    </p>
   </div>
   <div class='ocr_carea' id='block_1_2' title="bbox 666 155 1281 185">
    <p class='ocr_par' dir='ltr' id='par_1_2' title="bbox 666 155 1281 185">
     <span class='ocr_line' id='line_1_2' title="bbox 666 155 1281 185; baseline 0 0"><span class='ocrx_word' id='word_1_2' title='bbox 666 156 844 185; x_wconf 71' lang='grc' dir='ltr'><strong>(ΖΟΜΜΕΝΤ.</strong></span> <span class='ocrx_word' id='word_1_3' title='bbox 866 156 898 183; x_wconf 80' lang='lat' dir='ltr'><strong>IN</strong></span> <span class='ocrx_word' id='word_1_4' title='bbox 919 155 1079 184; x_wconf 71' lang='lat' dir='ltr'><strong>GENESIM.</strong></span> <span class='ocrx_word' id='word_1_5' title='bbox 1100 172 1133 176; x_wconf 98' lang='lat'>—</span> <span class='ocrx_word' id='word_1_6' title='bbox 1153 156 1216 184; x_wconf 88' lang='lat' dir='ltr'><strong>LIB.</strong></span> <span class='ocrx_word' id='word_1_7' title='bbox 1237 157 1281 185; x_wconf 85' lang='lat' dir='ltr'><strong>IV.</strong></span> 
     </span>
    </p>
   </div>
   <div class='ocr_carea' id='block_1_3' title="bbox 1728 158 1784 183">
    <p class='ocr_par' dir='ltr' id='par_1_3' title="bbox 1728 158 1784 183">
     <span class='ocr_line' id='line_1_3' title="bbox 1728 158 1784 183; baseline -0.018 0"><span class='ocrx_word' id='word_1_8' title='bbox 1728 158 1784 183; x_wconf 73' lang='lat' dir='ltr'><strong>L50“</strong></span> 
     </span>
    </p>
   </div>
   <div class='ocr_carea' id='block_1_4' title="bbox 153 216 1778 257">
    <p class='ocr_par' dir='ltr' id='par_1_4' title="bbox 153 216 1778 257">
     <span class='ocr_line' id='line_1_4' title="bbox 153 216 1778 257; baseline -0.004 -8"><span class='ocrx_word' id='word_1_9' title='bbox 153 224 214 257; x_wconf 78' lang='lat' dir='ltr'><strong>quia</strong></span> <span class='ocrx_word' id='word_1_10' title='bbox 229 222 298 248; x_wconf 89' lang='lat' dir='ltr'><strong>sicut</strong></span> <span class='ocrx_word' id='word_1_11' title='bbox 314 220 369 254; x_wconf 85' lang='lat' dir='ltr'><strong>ipse</strong></span> <span class='ocrx_word' id='word_1_12' title='bbox 383 219 434 250; x_wconf 83' lang='lat' dir='ltr'><strong>ait,</strong></span> <span class='ocrx_word' id='word_1_13' title='bbox 450 226 481 245; x_wconf 72' lang='lat' dir='ltr'><strong>ea:</strong></span> <span class='ocrx_word' id='word_1_14' title='bbox 498 217 657 252; x_wconf 77' lang='lat' dir='ltr'><strong>plenitudine</strong></span> <span class='ocrx_word' id='word_1_15' title='bbox 668 217 723 252; x_wconf 80' lang='lat' dir='ltr'><strong>ejus</strong></span> <span class='ocrx_word' id='word_1_16' title='bbox 738 217 834 251; x_wconf 78' lang='lat' dir='ltr'><strong>accepit</strong></span> <span class='ocrx_word' id='word_1_17' title='bbox 847 216 938 252; x_wconf 80' lang='lat' dir='ltr'><strong>(loun.</strong></span> <span class='ocrx_word' id='word_1_18' title='bbox 954 218 979 248; x_wconf 75' lang='grc' dir='ltr'>Α</span> <span class='ocrx_word' id='word_1_19' title='bbox 992 218 1098 245; x_wconf 86' lang='lat' dir='ltr'><strong>catione</strong></span> <span class='ocrx_word' id='word_1_20' title='bbox 1117 218 1258 246; x_wconf 78' lang='lat' dir='ltr'><strong>cxaltatur.</strong></span> <span class='ocrx_word' id='word_1_21' title='bbox 1285 217 1356 251; x_wconf 78' lang='lat' dir='ltr'><strong>Quos</strong></span> <span class='ocrx_word' id='word_1_22' title='bbox 1375 218 1442 244; x_wconf 74' lang='lat' dir='ltr'><strong>enim</strong></span> <span class='ocrx_word' id='word_1_23' title='bbox 1468 216 1669 252; x_wconf 66' lang='lat' dir='ltr'><strong>pra&#39;dustinnrit,</strong></span> <span class='ocrx_word' id='word_1_24' title='bbox 1685 216 1741 243; x_wconf 72' lang='lat' dir='ltr'><strong>illos</strong></span> <span class='ocrx_word' id='word_1_25' title='bbox 1755 223 1778 243; x_wconf 82' lang='lat' dir='ltr'><strong>et</strong></span> 
     </span>
    </p>
   </div>
   <div class='ocr_carea' id='block_1_5' title="bbox 154 263 944 299">
    <p class='ocr_par' dir='ltr' id='par_1_5' title="bbox 154 263 944 299">
     <span class='ocr_line' id='line_1_5' title="bbox 154 263 944 299; baseline -0.009 -4"><span class='ocrx_word' id='word_1_26' title='bbox 154 271 183 299; x_wconf 84' lang='lat' dir='ltr'><strong>I).</strong></span> <span class='ocrx_word' id='word_1_27' title='bbox 212 267 285 294; x_wconf 81' lang='lat' dir='ltr'><strong>Vidit</strong></span> <span class='ocrx_word' id='word_1_28' title='bbox 298 265 417 296; x_wconf 86' lang='lat' dir='ltr'><strong>omnino,</strong></span> <span class='ocrx_word' id='word_1_29' title='bbox 432 269 459 291; x_wconf 83' lang='lat' dir='ltr'><strong>et</strong></span> <span class='ocrx_word' id='word_1_30' title='bbox 482 263 542 290; x_wconf 86' lang='lat' dir='ltr'><strong>ideo</strong></span> <span class='ocrx_word' id='word_1_31' title='bbox 560 264 586 290; x_wconf 74' lang='lat' dir='ltr'><strong>in</strong></span> <span class='ocrx_word' id='word_1_32' title='bbox 608 264 676 290; x_wconf 84' lang='lat' dir='ltr'><strong>natis</strong></span> <span class='ocrx_word' id='word_1_33' title='bbox 695 263 834 290; x_wconf 81' lang='lat' dir='ltr'><strong>mulierum</strong></span> <span class='ocrx_word' id='word_1_34' title='bbox 859 263 944 297; x_wconf 75' lang='lat' dir='ltr'><strong>major</strong></span> 
     </span>
    </p>
   </div>
   <div class='ocr_carea' id='block_1_6' title="bbox 153 307 943 343">
    <p class='ocr_par' dir='ltr' id='par_1_6' title="bbox 153 307 943 343">
     <span class='ocr_line' id='line_1_6' title="bbox 153 307 943 343; baseline -0.008 -3"><span class='ocrx_word' id='word_1_35' title='bbox 153 314 197 340; x_wconf 79' lang='lat' dir='ltr'><strong>illo</strong></span> <span class='ocrx_word' id='word_1_36' title='bbox 211 320 262 339; x_wconf 90' lang='lat' dir='ltr'><strong>non</strong></span> <span class='ocrx_word' id='word_1_37' title='bbox 276 310 406 341; x_wconf 67' lang='lat' dir='ltr'><strong>surrexit,</strong></span> <span class='ocrx_word' id='word_1_38' title='bbox 422 309 483 343; x_wconf 92' lang='lat' dir='ltr'><strong>quia</strong></span> <span class='ocrx_word' id='word_1_39' title='bbox 499 316 532 336; x_wconf 72' lang='lat' dir='ltr'><strong>ex</strong></span> <span class='ocrx_word' id='word_1_40' title='bbox 548 309 672 335; x_wconf 88' lang='lat' dir='ltr'><strong>omnibus</strong></span> <span class='ocrx_word' id='word_1_41' title='bbox 692 307 943 343; x_wconf 71' lang='lat' dir='ltr'><strong>przenuntiantibus,</strong></span> 
     </span>
    </p>
   </div>
   <div class='ocr_carea' id='block_1_7' title="bbox 153 354 944 390">
    <p class='ocr_par' dir='ltr' id='par_1_7' title="bbox 153 354 944 390">
     <span class='ocr_line' id='line_1_7' title="bbox 153 354 944 390; baseline -0.008 -5"><span class='ocrx_word' id='word_1_42' title='bbox 153 358 290 385; x_wconf 74' lang='lat' dir='ltr'><strong>Christum</strong></span> <span class='ocrx_word' id='word_1_43' title='bbox 305 356 360 390; x_wconf 84' lang='lat' dir='ltr'><strong>ipse</strong></span> <span class='ocrx_word' id='word_1_44' title='bbox 373 355 456 386; x_wconf 89' lang='lat' dir='ltr'><strong>vidit,</strong></span> <span class='ocrx_word' id='word_1_45' title='bbox 470 355 541 389; x_wconf 88' lang='lat' dir='ltr'><strong>quod</strong></span> <span class='ocrx_word' id='word_1_46' title='bbox 555 354 631 381; x_wconf 81' lang='lat' dir='ltr'><strong>multi</strong></span> <span class='ocrx_word' id='word_1_47' title='bbox 641 354 707 388; x_wconf 88' lang='lat' dir='ltr'><strong>justi</strong></span> <span class='ocrx_word' id='word_1_48' title='bbox 720 359 743 380; x_wconf 85' lang='lat' dir='ltr'><strong>et</strong></span> <span class='ocrx_word' id='word_1_49' title='bbox 754 354 884 389; x_wconf 60' lang='lat' dir='ltr'><strong>prophetae</strong></span> <span class='ocrx_word' id='word_1_50' title='bbox 898 362 944 379; x_wconf 86' lang='lat' dir='ltr'><strong>cu-</strong></span> 
     </span>
    </p>
   </div>
   <div class='ocr_carea' id='block_1_8' title="bbox 151 398 946 439">
    <p class='ocr_par' dir='ltr' id='par_1_8' title="bbox 151 398 946 439">
     <span class='ocr_line' id='line_1_8' title="bbox 151 398 946 439; baseline -0.006 -9"><span class='ocrx_word' id='word_1_51' title='bbox 151 405 255 439; x_wconf 84' lang='lat' dir='ltr'><strong>pierunt</strong></span> <span class='ocrx_word' id='word_1_52' title='bbox 268 402 352 429; x_wconf 75' lang='lat' dir='ltr'><strong>videre</strong></span> <span class='ocrx_word' id='word_1_53' title='bbox 365 406 388 427; x_wconf 89' lang='lat' dir='ltr'><strong>et</strong></span> <span class='ocrx_word' id='word_1_54' title='bbox 406 408 457 427; x_wconf 87' lang='lat' dir='ltr'><strong>non</strong></span> <span class='ocrx_word' id='word_1_55' title='bbox 472 400 588 426; x_wconf 70' lang='lat' dir='ltr'><strong>viderunt</strong></span> <span class='ocrx_word' id='word_1_56' title='bbox 605 399 711 432; x_wconf 83' lang='lat' dir='ltr'><strong>(Matth.</strong></span> <span class='ocrx_word' id='word_1_57' title='bbox 729 398 805 435; x_wconf 84' lang='lat' dir='ltr'><strong>xnI);</strong></span> <span class='ocrx_word' id='word_1_58' title='bbox 821 398 946 426; x_wconf 82' lang='lat' dir='ltr'><strong>salutarit</strong></span> 
     </span>
    </p>
   </div>
   <div class='ocr_carea' id='block_1_9' title="bbox 152 443 944 480">
    <p class='ocr_par' dir='ltr' id='par_1_9' title="bbox 152 443 944 480">
     <span class='ocr_line' id='line_1_9' title="bbox 152 443 944 480; baseline -0.006 -5"><span class='ocrx_word' id='word_1_59' title='bbox 152 457 188 476; x_wconf 74' lang='lat' dir='ltr'><strong>ex</strong></span> <span class='ocrx_word' id='word_1_60' title='bbox 212 452 288 474; x_wconf 86' lang='lat' dir='ltr'><strong>utero</strong></span> <span class='ocrx_word' id='word_1_61' title='bbox 301 467 308 479; x_wconf 93' lang='lat'><strong>,</strong></span> <span class='ocrx_word' id='word_1_62' title='bbox 325 445 433 480; x_wconf 79' lang='lat' dir='ltr'><strong>agnovit</strong></span> <span class='ocrx_word' id='word_1_63' title='bbox 458 444 603 479; x_wconf 76' lang='lat' dir='ltr'><strong>perfectius</strong></span> <span class='ocrx_word' id='word_1_64' title='bbox 625 451 658 471; x_wconf 83' lang='lat' dir='ltr'><strong>ex</strong></span> <span class='ocrx_word' id='word_1_65' title='bbox 679 444 817 476; x_wconf 87' lang='lat' dir='ltr'><strong>columba;</strong></span> <span class='ocrx_word' id='word_1_66' title='bbox 833 448 861 470; x_wconf 86' lang='lat' dir='ltr'><strong>et</strong></span> <span class='ocrx_word' id='word_1_67' title='bbox 884 443 944 470; x_wconf 89' lang='lat' dir='ltr'><strong>ideo</strong></span> 
     </span>
    </p>
   </div>
   <div class='ocr_carea' id='block_1_10' title="bbox 154 488 945 527">
    <p class='ocr_par' dir='ltr' id='par_1_10' title="bbox 154 488 945 527">
     <span class='ocr_line' id='line_1_10' title="bbox 154 488 945 527; baseline -0.008 -7"><span class='ocrx_word' id='word_1_68' title='bbox 154 498 285 527; x_wconf 84' lang='lat' dir='ltr'><strong>tanquam</strong></span> <span class='ocrx_word' id='word_1_69' title='bbox 300 489 474 518; x_wconf 86' lang='lat' dir='ltr'><strong>Odollamites</strong></span> <span class='ocrx_word' id='word_1_70' title='bbox 492 495 554 515; x_wconf 74' lang='lat' dir='ltr'><strong>rere</strong></span> <span class='ocrx_word' id='word_1_71' title='bbox 575 488 757 515; x_wconf 88' lang='lat' dir='ltr'><strong>testimonium</strong></span> <span class='ocrx_word' id='word_1_72' title='bbox 771 488 905 523; x_wconf 89' lang='lat' dir='ltr'><strong>perhibuit</strong></span> <span class='ocrx_word' id='word_1_73' title='bbox 918 488 945 515; x_wconf 94' lang='lat' dir='ltr'><strong>in</strong></span> 
     </span>
    </p>
   </div>
   <div class='ocr_carea' id='block_1_11' title="bbox 151 533 946 573">
    <p class='ocr_par' dir='ltr' id='par_1_11' title="bbox 151 533 946 573">
     <span class='ocr_line' id='line_1_11' title="bbox 151 533 946 573; baseline -0.004 -9"><span class='ocrx_word' id='word_1_74' title='bbox 151 546 234 573; x_wconf 82' lang='lat' dir='ltr'><strong>aqua.</strong></span> <span class='ocrx_word' id='word_1_75' title='bbox 250 536 330 563; x_wconf 77' lang='lat' dir='ltr'><strong>Venit</strong></span> <span class='ocrx_word' id='word_1_76' title='bbox 344 539 433 562; x_wconf 87' lang='lat' dir='ltr'><strong>autem</strong></span> <span class='ocrx_word' id='word_1_77' title='bbox 450 534 578 561; x_wconf 87' lang='lat' dir='ltr'><strong>Dominus</strong></span> <span class='ocrx_word' id='word_1_78' title='bbox 594 534 627 560; x_wconf 91' lang='lat' dir='ltr'><strong>ad</strong></span> <span class='ocrx_word' id='word_1_79' title='bbox 642 541 707 561; x_wconf 89' lang='lat' dir='ltr'><strong>oves</strong></span> <span class='ocrx_word' id='word_1_80' title='bbox 724 533 881 565; x_wconf 79' lang='lat' dir='ltr'><strong>tondentlas,</strong></span> <span class='ocrx_word' id='word_1_81' title='bbox 895 534 946 561; x_wconf 86' lang='lat' dir='ltr'><strong>hoc</strong></span> 
     </span>
    </p>
   </div>
   <div class='ocr_carea' id='block_1_12' title="bbox 152 578 945 614">
    <p class='ocr_par' dir='ltr' id='par_1_12' title="bbox 152 578 945 614">
     <span class='ocr_line' id='line_1_12' title="bbox 152 578 945 614; baseline -0.008 -3"><span class='ocrx_word' id='word_1_82' title='bbox 152 588 197 611; x_wconf 86' lang='lat' dir='ltr'><strong>est</strong></span> <span class='ocrx_word' id='word_1_83' title='bbox 220 581 407 610; x_wconf 79' lang='lat' dir='ltr'><strong>exonerandas</strong></span> <span class='ocrx_word' id='word_1_84' title='bbox 431 579 546 607; x_wconf 78' lang='lat' dir='ltr'><strong>Sarcinis</strong></span> <span class='ocrx_word' id='word_1_85' title='bbox 561 583 742 614; x_wconf 91' lang='lat' dir='ltr'><strong>peccatorum,</strong></span> <span class='ocrx_word' id='word_1_86' title='bbox 755 586 790 605; x_wconf 80' lang='lat' dir='ltr'><strong>ex</strong></span> <span class='ocrx_word' id='word_1_87' title='bbox 807 578 905 612; x_wconf 82' lang='lat' dir='ltr'><strong>quibus</strong></span> <span class='ocrx_word' id='word_1_88' title='bbox 918 579 945 605; x_wconf 93' lang='lat' dir='ltr'><strong>in</strong></span> 
     </span>
    </p>
   </div>
   <div class='ocr_carea' id='block_1_13' title="bbox 153 624 946 656">
    <p class='ocr_par' dir='ltr' id='par_1_13' title="bbox 153 624 946 656">
     <span class='ocr_line' id='line_1_13' title="bbox 153 624 946 656; baseline -0.005 -1"><span class='ocrx_word' id='word_1_89' title='bbox 153 628 285 656; x_wconf 74' lang='lat' dir='ltr'><strong>Ecclesia:</strong></span> <span class='ocrx_word' id='word_1_90' title='bbox 299 626 375 654; x_wconf 84' lang='lat' dir='ltr'><strong>laude</strong></span> <span class='ocrx_word' id='word_1_91' title='bbox 389 626 415 653; x_wconf 87' lang='lat' dir='ltr'><strong>in</strong></span> <span class='ocrx_word' id='word_1_92' title='bbox 429 625 548 653; x_wconf 88' lang='lat' dir='ltr'><strong>Canticis</strong></span> <span class='ocrx_word' id='word_1_93' title='bbox 566 624 732 652; x_wconf 81' lang='lat' dir='ltr'><strong>canticorum</strong></span> <span class='ocrx_word' id='word_1_94' title='bbox 747 624 842 651; x_wconf 82' lang='lat' dir='ltr'><strong>dentes</strong></span> <span class='ocrx_word' id='word_1_95' title='bbox 856 628 946 652; x_wconf 82' lang='lat' dir='ltr'><strong>essent</strong></span> 
     </span>
    </p>
   </div>
   <div class='ocr_carea' id='block_1_14' title="bbox 153 668 946 708">
    <p class='ocr_par' dir='ltr' id='par_1_14' title="bbox 153 668 946 708">
     <span class='ocr_line' id='line_1_14' title="bbox 153 668 946 708; baseline -0.008 -7"><span class='ocrx_word' id='word_1_96' title='bbox 153 675 229 701; x_wconf 81' lang='lat' dir='ltr'><strong>velut</strong></span> <span class='ocrx_word' id='word_1_97' title='bbox 243 681 308 708; x_wconf 79' lang='lat' dir='ltr'><strong>grex</strong></span> <span class='ocrx_word' id='word_1_98' title='bbox 323 677 460 699; x_wconf 90' lang='lat' dir='ltr'><strong>tonsarum</strong></span> <span class='ocrx_word' id='word_1_99' title='bbox 474 670 560 706; x_wconf 87' lang='lat' dir='ltr'><strong>(Cant.</strong></span> <span class='ocrx_word' id='word_1_100' title='bbox 576 669 623 705; x_wconf 80' lang='lat' dir='ltr'><strong>Iv).</strong></span> <span class='ocrx_word' id='word_1_101' title='bbox 646 668 705 696; x_wconf 82' lang='lat' dir='ltr'><strong>Jam</strong></span> <span class='ocrx_word' id='word_1_102' title='bbox 719 669 812 696; x_wconf 88' lang='lat' dir='ltr'><strong>deinde</strong></span> <span class='ocrx_word' id='word_1_103' title='bbox 829 669 946 698; x_wconf 93' lang='lat' dir='ltr'><strong>Thamar</strong></span> 
     </span>
    </p>
   </div>
   <div class='ocr_carea' id='block_1_15' title="bbox 153 714 944 749">
    <p class='ocr_par' dir='ltr' id='par_1_15' title="bbox 153 714 944 749">
     <span class='ocr_line' id='line_1_15' title="bbox 153 714 944 749; baseline -0.009 -2"><span class='ocrx_word' id='word_1_104' title='bbox 153 719 278 747; x_wconf 83' lang='lat' dir='ltr'><strong>habitum</strong></span> <span class='ocrx_word' id='word_1_105' title='bbox 302 721 402 749; x_wconf 82' lang='lat' dir='ltr'><strong>mutat;</strong></span> <span class='ocrx_word' id='word_1_106' title='bbox 426 724 489 743; x_wconf 90' lang='lat' dir='ltr'><strong>nam</strong></span> <span class='ocrx_word' id='word_1_107' title='bbox 511 719 539 743; x_wconf 87' lang='lat' dir='ltr'><strong>et</strong></span> <span class='ocrx_word' id='word_1_108' title='bbox 557 719 719 742; x_wconf 84' lang='lat' dir='ltr'><strong>commutans</strong></span> <span class='ocrx_word' id='word_1_109' title='bbox 741 714 944 749; x_wconf 86' lang='lat' dir='ltr'><strong>interpretatur.</strong></span> 
     </span>
    </p>
   </div>
   <div class='ocr_carea' id='block_1_16' title="bbox 154 760 945 793">
    <p class='ocr_par' dir='ltr' id='par_1_16' title="bbox 154 760 945 793">
     <span class='ocr_line' id='line_1_16' title="bbox 154 760 945 793; baseline -0.006 -3"><span class='ocrx_word' id='word_1_110' title='bbox 154 764 275 791; x_wconf 80' lang='lat' dir='ltr'><strong>Thamar</strong></span> <span class='ocrx_word' id='word_1_111' title='bbox 299 766 383 789; x_wconf 80' lang='lat' dir='ltr'><strong>mutat</strong></span> <span class='ocrx_word' id='word_1_112' title='bbox 404 761 539 793; x_wconf 87' lang='lat' dir='ltr'><strong>habitum,</strong></span> <span class='ocrx_word' id='word_1_113' title='bbox 551 764 635 787; x_wconf 91' lang='lat' dir='ltr'><strong>Inutat</strong></span> <span class='ocrx_word' id='word_1_114' title='bbox 649 763 677 787; x_wconf 91' lang='lat' dir='ltr'><strong>et</strong></span> <span class='ocrx_word' id='word_1_115' title='bbox 700 767 809 792; x_wconf 90' lang='lat' dir='ltr'><strong>nomen,</strong></span> <span class='ocrx_word' id='word_1_116' title='bbox 824 764 851 786; x_wconf 83' lang='lat' dir='ltr'><strong>et</strong></span> <span class='ocrx_word' id='word_1_117' title='bbox 869 760 898 786; x_wconf 89' lang='lat' dir='ltr'><strong>lit</strong></span> <span class='ocrx_word' id='word_1_118' title='bbox 912 760 945 786; x_wconf 75' lang='lat' dir='ltr'><strong>de</strong></span> 
     </span>
    </p>
   </div>
   <div class='ocr_carea' id='block_1_17' title="bbox 153 805 946 844">
    <p class='ocr_par' dir='ltr' id='par_1_17' title="bbox 153 805 946 844">
     <span class='ocr_line' id='line_1_17' title="bbox 153 805 946 844; baseline -0.005 -9"><span class='ocrx_word' id='word_1_119' title='bbox 153 809 298 844; x_wconf 75' lang='lat' dir='ltr'><strong>Synagoga</strong></span> <span class='ocrx_word' id='word_1_120' title='bbox 308 807 441 839; x_wconf 74' lang='lat' dir='ltr'><strong>Ecclesia;</strong></span> <span class='ocrx_word' id='word_1_121' title='bbox 457 807 502 833; x_wconf 86' lang='lat' dir='ltr'><strong>sed</strong></span> <span class='ocrx_word' id='word_1_122' title='bbox 517 806 544 833; x_wconf 93' lang='lat' dir='ltr'><strong>in</strong></span> <span class='ocrx_word' id='word_1_123' title='bbox 553 814 584 833; x_wconf 90' lang='lat' dir='ltr'><strong>ea</strong></span> <span class='ocrx_word' id='word_1_124' title='bbox 592 813 702 841; x_wconf 88' lang='lat' dir='ltr'><strong>prorsus</strong></span> <span class='ocrx_word' id='word_1_125' title='bbox 709 812 806 832; x_wconf 80' lang='lat' dir='ltr'><strong>nomen</strong></span> <span class='ocrx_word' id='word_1_126' title='bbox 817 805 946 831; x_wconf 82' lang='lat' dir='ltr'><strong>amaritu-</strong></span> 
     </span>
    </p>
   </div>
   <div class='ocr_carea' id='block_1_18' title="bbox 153 851 945 886">
    <p class='ocr_par' dir='ltr' id='par_1_18' title="bbox 153 851 945 886">
     <span class='ocr_line' id='line_1_18' title="bbox 153 851 945 886; baseline -0.008 -3"><span class='ocrx_word' id='word_1_127' title='bbox 153 856 227 883; x_wconf 79' lang='lat' dir='ltr'><strong>dinis</strong></span> <span class='ocrx_word' id='word_1_128' title='bbox 245 859 423 886; x_wconf 84' lang='lat' dir='ltr'><strong>maneat,non</strong></span> <span class='ocrx_word' id='word_1_129' title='bbox 438 853 508 879; x_wconf 89' lang='lat' dir='ltr'><strong>illius</strong></span> <span class='ocrx_word' id='word_1_130' title='bbox 523 852 710 879; x_wconf 86' lang='lat' dir='ltr'><strong>amaritudinis</strong></span> <span class='ocrx_word' id='word_1_131' title='bbox 724 852 752 877; x_wconf 91' lang='lat' dir='ltr'><strong>in</strong></span> <span class='ocrx_word' id='word_1_132' title='bbox 766 858 819 886; x_wconf 86' lang='lat' dir='ltr'><strong>qua</strong></span> <span class='ocrx_word' id='word_1_133' title='bbox 832 851 945 878; x_wconf 89' lang='lat' dir='ltr'><strong>Domino</strong></span> 
     </span>
    </p>
   </div>
   <div class='ocr_carea' id='block_1_19' title="bbox 995 262 1778 298">
    <p class='ocr_par' dir='ltr' id='par_1_19' title="bbox 995 262 1778 298">
     <span class='ocr_line' id='line_1_19' title="bbox 995 262 1778 298; baseline -0.001 -8"><span class='ocrx_word' id='word_1_134' title='bbox 995 263 1111 296; x_wconf 78' lang='lat' dir='ltr'><strong>vocavit;</strong></span> <span class='ocrx_word' id='word_1_135' title='bbox 1131 273 1193 298; x_wconf 87' lang='lat' dir='ltr'><strong>quos</strong></span> <span class='ocrx_word' id='word_1_136' title='bbox 1218 270 1304 290; x_wconf 77' lang='lat' dir='ltr'><strong>autem</strong></span> <span class='ocrx_word' id='word_1_137' title='bbox 1328 264 1436 296; x_wconf 72' lang='lat' dir='ltr'><strong>vocarit,</strong></span> <span class='ocrx_word' id='word_1_138' title='bbox 1449 262 1508 290; x_wconf 84' lang='lat' dir='ltr'><strong>illos</strong></span> <span class='ocrx_word' id='word_1_139' title='bbox 1530 267 1554 289; x_wconf 86' lang='lat' dir='ltr'><strong>et</strong></span> <span class='ocrx_word' id='word_1_140' title='bbox 1570 262 1741 297; x_wconf 66' lang='lat' dir='ltr'><strong>justi/ienuit;</strong></span> <span class='ocrx_word' id='word_1_141' title='bbox 1755 268 1778 289; x_wconf 83' lang='lat' dir='ltr'><strong>ct</strong></span> 
     </span>
    </p>
   </div>
   <div class='ocr_carea' id='block_1_20' title="bbox 994 307 1779 343">
    <p class='ocr_par' dir='ltr' id='par_1_20' title="bbox 994 307 1779 343">
     <span class='ocr_line' id='line_1_20' title="bbox 994 307 1779 343; baseline -0.001 -8"><span class='ocrx_word' id='word_1_142' title='bbox 994 317 1058 343; x_wconf 81' lang='lat' dir='ltr'><strong>quos</strong></span> <span class='ocrx_word' id='word_1_143' title='bbox 1071 308 1236 343; x_wconf 73' lang='lat' dir='ltr'><strong>justiﬁcarit,</strong></span> <span class='ocrx_word' id='word_1_144' title='bbox 1255 308 1312 335; x_wconf 82' lang='lat' dir='ltr'><strong>illos</strong></span> <span class='ocrx_word' id='word_1_145' title='bbox 1326 314 1348 335; x_wconf 83' lang='lat' dir='ltr'><strong>et</strong></span> <span class='ocrx_word' id='word_1_146' title='bbox 1368 308 1522 343; x_wconf 79' lang='lat' dir='ltr'><strong>gloriﬁcavit</strong></span> <span class='ocrx_word' id='word_1_147' title='bbox 1536 307 1621 342; x_wconf 78' lang='lat' dir='ltr'><strong>(Rom.</strong></span> <span class='ocrx_word' id='word_1_148' title='bbox 1638 307 1707 342; x_wconf 78' lang='lat' dir='ltr'><strong>VIII).</strong></span> <span class='ocrx_word' id='word_1_149' title='bbox 1726 307 1779 334; x_wconf 81' lang='lat' dir='ltr'><strong>Sed</strong></span> 
     </span>
    </p>
   </div>
   <div class='ocr_carea' id='block_1_21' title="bbox 995 353 1780 387">
    <p class='ocr_par' dir='ltr' id='par_1_21' title="bbox 995 353 1780 387">
     <span class='ocr_line' id='line_1_21' title="bbox 995 353 1780 387; baseline -0.005 -4"><span class='ocrx_word' id='word_1_150' title='bbox 995 356 1062 386; x_wconf 68' lang='lat' dir='ltr'><strong>hwc,</strong></span> <span class='ocrx_word' id='word_1_151' title='bbox 1079 359 1109 380; x_wconf 89' lang='lat' dir='ltr'><strong>ut</strong></span> <span class='ocrx_word' id='word_1_152' title='bbox 1122 354 1186 385; x_wconf 82' lang='lat' dir='ltr'><strong>dixi,</strong></span> <span class='ocrx_word' id='word_1_153' title='bbox 1202 354 1227 379; x_wconf 91' lang='lat' dir='ltr'><strong>in</strong></span> <span class='ocrx_word' id='word_1_154' title='bbox 1242 354 1364 386; x_wconf 84' lang='lat' dir='ltr'><strong>occulto,</strong></span> <span class='ocrx_word' id='word_1_155' title='bbox 1380 354 1424 380; x_wconf 89' lang='lat' dir='ltr'><strong>ubi</strong></span> <span class='ocrx_word' id='word_1_156' title='bbox 1440 353 1470 380; x_wconf 90' lang='lat' dir='ltr'><strong>lit</strong></span> <span class='ocrx_word' id='word_1_157' title='bbox 1485 361 1511 380; x_wconf 76' lang='lat' dir='ltr'><strong>et</strong></span> <span class='ocrx_word' id='word_1_158' title='bbox 1527 353 1665 387; x_wconf 78' lang='lat' dir='ltr'><strong>coriceptio</strong></span> <span class='ocrx_word' id='word_1_159' title='bbox 1680 358 1780 379; x_wconf 65' lang='lat' dir='ltr'><strong>sancte</strong></span> 
     </span>
    </p>
   </div>
   <div class='ocr_carea' id='block_1_22' title="bbox 995 398 1780 434">
    <p class='ocr_par' dir='ltr' id='par_1_22' title="bbox 995 398 1780 434">
     <span class='ocr_line' id='line_1_22' title="bbox 995 398 1780 434; baseline -0.003 -8"><span class='ocrx_word' id='word_1_160' title='bbox 995 399 1135 427; x_wconf 85' lang='lat' dir='ltr'><strong>ubertatis.</strong></span> <span class='ocrx_word' id='word_1_161' title='bbox 1151 398 1264 425; x_wconf 78' lang='lat' dir='ltr'><strong>Mittitur</strong></span> <span class='ocrx_word' id='word_1_162' title='bbox 1278 403 1366 425; x_wconf 88' lang='lat' dir='ltr'><strong>autem</strong></span> <span class='ocrx_word' id='word_1_163' title='bbox 1384 398 1532 434; x_wconf 85' lang='lat' dir='ltr'><strong>promissus</strong></span> <span class='ocrx_word' id='word_1_164' title='bbox 1546 398 1638 425; x_wconf 63' lang='lat' dir='ltr'><strong>lim-dus</strong></span> <span class='ocrx_word' id='word_1_165' title='bbox 1653 403 1780 433; x_wconf 81' lang='lat' dir='ltr'><strong>tanquam</strong></span> 
     </span>
    </p>
   </div>
   <div class='ocr_carea' id='block_1_23' title="bbox 995 443 1779 479">
    <p class='ocr_par' dir='ltr' id='par_1_23' title="bbox 995 443 1779 479">
     <span class='ocr_line' id='line_1_23' title="bbox 995 443 1779 479; baseline -0.001 -8"><span class='ocrx_word' id='word_1_166' title='bbox 995 444 1143 477; x_wconf 86' lang='lat' dir='ltr'><strong>meretrici,</strong></span> <span class='ocrx_word' id='word_1_167' title='bbox 1158 444 1250 471; x_wconf 63' lang='lat' dir='ltr'><strong>hmdus</strong></span> <span class='ocrx_word' id='word_1_168' title='bbox 1264 444 1436 479; x_wconf 84' lang='lat' dir='ltr'><strong>exprobratio</strong></span> <span class='ocrx_word' id='word_1_169' title='bbox 1458 443 1572 478; x_wconf 86' lang='lat' dir='ltr'><strong>peccati,</strong></span> <span class='ocrx_word' id='word_1_170' title='bbox 1588 451 1636 478; x_wconf 91' lang='lat' dir='ltr'><strong>per</strong></span> <span class='ocrx_word' id='word_1_171' title='bbox 1656 443 1779 470; x_wconf 90' lang='lat' dir='ltr'><strong>eumdem</strong></span> 
     </span>
    </p>
   </div>
   <div class='ocr_carea' id='block_1_24' title="bbox 995 489 1778 524">
    <p class='ocr_par' dir='ltr' id='par_1_24' title="bbox 995 489 1778 524">
     <span class='ocr_line' id='line_1_24' title="bbox 995 489 1778 524; baseline -0.004 -6"><span class='ocrx_word' id='word_1_172' title='bbox 995 490 1182 518; x_wconf 88' lang='lat' dir='ltr'><strong>Odollamitem</strong></span> <span class='ocrx_word' id='word_1_173' title='bbox 1209 493 1336 524; x_wconf 84' lang='lat' dir='ltr'><strong>tanquam</strong></span> <span class='ocrx_word' id='word_1_174' title='bbox 1367 489 1550 524; x_wconf 85' lang='lat' dir='ltr'><strong>increpantem</strong></span> <span class='ocrx_word' id='word_1_175' title='bbox 1572 493 1599 516; x_wconf 88' lang='lat' dir='ltr'><strong>et</strong></span> <span class='ocrx_word' id='word_1_176' title='bbox 1626 489 1778 516; x_wconf 86' lang='lat' dir='ltr'><strong>dicentem:</strong></span> 
     </span>
    </p>
   </div>
   <div class='ocr_carea' id='block_1_25' title="bbox 995 534 1780 571">
    <p class='ocr_par' dir='ltr' id='par_1_25' title="bbox 995 534 1780 571">
     <span class='ocr_line' id='line_1_25' title="bbox 995 534 1780 571; baseline -0.001 -8"><span class='ocrx_word' id='word_1_177' title='bbox 995 536 1133 564; x_wconf 81' lang='lat' dir='ltr'><strong>Generatio</strong></span> <span class='ocrx_word' id='word_1_178' title='bbox 1148 536 1293 571; x_wconf 85' lang='lat' dir='ltr'><strong>viperarum</strong></span> <span class='ocrx_word' id='word_1_179' title='bbox 1307 534 1412 570; x_wconf 76' lang='lat' dir='ltr'><strong>(Matth.</strong></span> <span class='ocrx_word' id='word_1_180' title='bbox 1428 534 1485 571; x_wconf 86' lang='lat' dir='ltr'><strong>III);</strong></span> <span class='ocrx_word' id='word_1_181' title='bbox 1503 535 1549 562; x_wconf 88' lang='lat' dir='ltr'><strong>sed</strong></span> <span class='ocrx_word' id='word_1_182' title='bbox 1563 543 1616 562; x_wconf 92' lang='lat' dir='ltr'><strong>non</strong></span> <span class='ocrx_word' id='word_1_183' title='bbox 1630 542 1689 562; x_wconf 87' lang='lat' dir='ltr'><strong>eam</strong></span> <span class='ocrx_word' id='word_1_184' title='bbox 1704 535 1780 562; x_wconf 82' lang='lat' dir='ltr'><strong>inve—</strong></span> 
     </span>
    </p>
   </div>
   <div class='ocr_carea' id='block_1_26' title="bbox 995 580 1782 617">
    <p class='ocr_par' dir='ltr' id='par_1_26' title="bbox 995 580 1782 617">
     <span class='ocr_line' id='line_1_26' title="bbox 995 580 1782 617; baseline -0.001 -8"><span class='ocrx_word' id='word_1_185' title='bbox 995 582 1035 609; x_wconf 88' lang='lat' dir='ltr'><strong>nit</strong></span> <span class='ocrx_word' id='word_1_186' title='bbox 1056 581 1159 617; x_wconf 89' lang='lat' dir='ltr'><strong>peccati</strong></span> <span class='ocrx_word' id='word_1_187' title='bbox 1175 581 1357 615; x_wconf 76' lang='lat' dir='ltr'><strong>exprobratio,</strong></span> <span class='ocrx_word' id='word_1_188' title='bbox 1372 588 1453 616; x_wconf 89' lang='lat' dir='ltr'><strong>quam</strong></span> <span class='ocrx_word' id='word_1_189' title='bbox 1477 580 1589 607; x_wconf 78' lang='lat' dir='ltr'><strong>mutarit</strong></span> <span class='ocrx_word' id='word_1_190' title='bbox 1606 580 1782 608; x_wconf 72' lang='lat' dir='ltr'><strong>confessionis</strong></span> 
     </span>
    </p>
   </div>
   <div class='ocr_carea' id='block_1_27' title="bbox 996 622 1781 664">
    <p class='ocr_par' dir='ltr' id='par_1_27' title="bbox 996 622 1781 664">
     <span class='ocr_line' id='line_1_27' title="bbox 996 622 1781 664; baseline -0.003 -10"><span class='ocrx_word' id='word_1_191' title='bbox 996 622 1156 654; x_wconf 81' lang='lat' dir='ltr'><strong>amaritudo.</strong></span> <span class='ocrx_word' id='word_1_192' title='bbox 1181 626 1243 653; x_wconf 81' lang='lat' dir='ltr'><strong>l‘ost</strong></span> <span class='ocrx_word' id='word_1_193' title='bbox 1261 634 1325 653; x_wconf 79' lang='lat' dir='ltr'><strong>vero</strong></span> <span class='ocrx_word' id='word_1_194' title='bbox 1336 625 1391 660; x_wconf 87' lang='lat' dir='ltr'><strong>jam</strong></span> <span class='ocrx_word' id='word_1_195' title='bbox 1410 625 1523 664; x_wconf 86' lang='lat' dir='ltr'><strong>publicis</strong></span> <span class='ocrx_word' id='word_1_196' title='bbox 1539 626 1622 661; x_wconf 82' lang='lat' dir='ltr'><strong>signis</strong></span> <span class='ocrx_word' id='word_1_197' title='bbox 1638 626 1739 658; x_wconf 89' lang='lat' dir='ltr'><strong>annuli,</strong></span> <span class='ocrx_word' id='word_1_198' title='bbox 1754 631 1781 654; x_wconf 86' lang='lat' dir='ltr'><strong>et</strong></span> 
     </span>
    </p>
   </div>
   <div class='ocr_carea' id='block_1_28' title="bbox 996 665 1780 707">
    <p class='ocr_par' dir='ltr' id='par_1_28' title="bbox 996 665 1780 707">
     <span class='ocr_line' id='line_1_28' title="bbox 996 665 1780 707; baseline 0 -8"><span class='ocrx_word' id='word_1_199' title='bbox 996 672 1112 704; x_wconf 87' lang='lat' dir='ltr'><strong>monilis,</strong></span> <span class='ocrx_word' id='word_1_200' title='bbox 1128 671 1257 707; x_wconf 73' lang='lat' dir='ltr'><strong>ctvirgte,</strong></span> <span class='ocrx_word' id='word_1_201' title='bbox 1273 672 1337 698; x_wconf 67' lang='lat' dir='ltr'><strong>\‘icit</strong></span> <span class='ocrx_word' id='word_1_202' title='bbox 1357 665 1455 698; x_wconf 79' lang='lat' dir='ltr'><strong>temere</strong></span> <span class='ocrx_word' id='word_1_203' title='bbox 1473 671 1641 706; x_wconf 85' lang='lat' dir='ltr'><strong>judaizantcs</strong></span> <span class='ocrx_word' id='word_1_204' title='bbox 1664 670 1780 704; x_wconf 67' lang='lat' dir='ltr'><strong>Judrcos,</strong></span> 
     </span>
    </p>
   </div>
   <div class='ocr_carea' id='block_1_29' title="bbox 995 716 1783 754">
    <p class='ocr_par' dir='ltr' id='par_1_29' title="bbox 995 716 1783 754">
     <span class='ocr_line' id='line_1_29' title="bbox 995 716 1783 754; baseline -0.004 -8"><span class='ocrx_word' id='word_1_205' title='bbox 995 726 1109 754; x_wconf 89' lang='lat' dir='ltr'><strong>quorum</strong></span> <span class='ocrx_word' id='word_1_206' title='bbox 1127 717 1184 752; x_wconf 85' lang='lat' dir='ltr'><strong>jam</strong></span> <span class='ocrx_word' id='word_1_207' title='bbox 1200 725 1343 753; x_wconf 87' lang='lat' dir='ltr'><strong>personam</strong></span> <span class='ocrx_word' id='word_1_208' title='bbox 1359 716 1442 745; x_wconf 80' lang='lat' dir='ltr'><strong>Judas</strong></span> <span class='ocrx_word' id='word_1_209' title='bbox 1461 717 1517 752; x_wconf 88' lang='lat' dir='ltr'><strong>ipse</strong></span> <span class='ocrx_word' id='word_1_210' title='bbox 1536 717 1669 752; x_wconf 79' lang='lat' dir='ltr'><strong>gestabat,</strong></span> <span class='ocrx_word' id='word_1_211' title='bbox 1683 717 1783 752; x_wconf 88' lang='lat' dir='ltr'><strong>quique</strong></span> 
     </span>
    </p>
   </div>
   <div class='ocr_carea' id='block_1_30' title="bbox 996 761 1782 799">
    <p class='ocr_par' dir='ltr' id='par_1_30' title="bbox 996 761 1782 799">
     <span class='ocr_line' id='line_1_30' title="bbox 996 761 1782 799; baseline -0.004 -7"><span class='ocrx_word' id='word_1_212' title='bbox 996 765 1075 793; x_wconf 81' lang='lat' dir='ltr'><strong>hodie</strong></span> <span class='ocrx_word' id='word_1_213' title='bbox 1096 765 1189 792; x_wconf 91' lang='lat' dir='ltr'><strong>dicunt</strong></span> <span class='ocrx_word' id='word_1_214' title='bbox 1211 771 1263 791; x_wconf 89' lang='lat' dir='ltr'><strong>non</strong></span> <span class='ocrx_word' id='word_1_215' title='bbox 1283 764 1354 791; x_wconf 86' lang='lat' dir='ltr'><strong>hunc</strong></span> <span class='ocrx_word' id='word_1_216' title='bbox 1378 763 1504 799; x_wconf 90' lang='lat' dir='ltr'><strong>populum</strong></span> <span class='ocrx_word' id='word_1_217' title='bbox 1525 771 1586 790; x_wconf 87' lang='lat' dir='ltr'><strong>esse</strong></span> <span class='ocrx_word' id='word_1_218' title='bbox 1606 761 1716 795; x_wconf 87' lang='lat' dir='ltr'><strong>Christi,</strong></span> <span class='ocrx_word' id='word_1_219' title='bbox 1733 770 1782 790; x_wconf 87' lang='lat' dir='ltr'><strong>nec</strong></span> 
     </span>
    </p>
   </div>
   <div class='ocr_carea' id='block_1_31' title="bbox 995 807 1783 843">
    <p class='ocr_par' dir='ltr' id='par_1_31' title="bbox 995 807 1783 843">
     <span class='ocr_line' id='line_1_31' title="bbox 995 807 1783 843; baseline -0.009 -4"><span class='ocrx_word' id='word_1_220' title='bbox 995 811 1096 839; x_wconf 85' lang='lat' dir='ltr'><strong>habere</strong></span> <span class='ocrx_word' id='word_1_221' title='bbox 1116 818 1165 837; x_wconf 89' lang='lat' dir='ltr'><strong>nos</strong></span> <span class='ocrx_word' id='word_1_222' title='bbox 1187 817 1279 837; x_wconf 86' lang='lat' dir='ltr'><strong>semen</strong></span> <span class='ocrx_word' id='word_1_223' title='bbox 1296 809 1424 841; x_wconf 71' lang='lat' dir='ltr'><strong>Abrahze;</strong></span> <span class='ocrx_word' id='word_1_224' title='bbox 1439 808 1487 835; x_wconf 88' lang='lat' dir='ltr'><strong>sed</strong></span> <span class='ocrx_word' id='word_1_225' title='bbox 1499 807 1610 843; x_wconf 77' lang='lat' dir='ltr'><strong>prolatis</strong></span> <span class='ocrx_word' id='word_1_226' title='bbox 1625 807 1783 834; x_wconf 78' lang='lat' dir='ltr'><strong>certissimis</strong></span> 
     </span>
    </p>
   </div>
   <div class='ocr_carea' id='block_1_32' title="bbox 997 853 1783 888">
    <p class='ocr_par' dir='ltr' id='par_1_32' title="bbox 997 853 1783 888">
     <span class='ocr_line' id='line_1_32' title="bbox 997 853 1783 888; baseline -0.005 -4"><span class='ocrx_word' id='word_1_227' title='bbox 997 856 1165 884; x_wconf 89' lang='lat' dir='ltr'><strong>documentis</strong></span> <span class='ocrx_word' id='word_1_228' title='bbox 1191 859 1291 883; x_wconf 79' lang='lat' dir='ltr'><strong>nostrae</strong></span> <span class='ocrx_word' id='word_1_229' title='bbox 1316 854 1464 881; x_wconf 88' lang='lat' dir='ltr'><strong>vocationis</strong></span> <span class='ocrx_word' id='word_1_230' title='bbox 1480 853 1736 888; x_wconf 85' lang='lat' dir='ltr'><strong>jnstiticationisquc</strong></span> <span class='ocrx_word' id='word_1_231' title='bbox 1755 858 1783 880; x_wconf 90' lang='lat' dir='ltr'><strong>et</strong></span> 
     </span>
    </p>
   </div>
   <div class='ocr_carea' id='block_1_33' title="bbox 151 896 948 939">
    <p class='ocr_par' dir='ltr' id='par_1_33' title="bbox 151 896 943 932">
     <span class='ocr_line' id='line_1_33' title="bbox 151 896 943 932; baseline -0.008 -4"><span class='ocrx_word' id='word_1_232' title='bbox 151 902 191 929; x_wconf 82' lang='lat' dir='ltr'><strong>fel</strong></span> <span class='ocrx_word' id='word_1_233' title='bbox 207 900 379 932; x_wconf 81' lang='lat' dir='ltr'><strong>ministravit,</strong></span> <span class='ocrx_word' id='word_1_234' title='bbox 396 899 442 926; x_wconf 88' lang='lat' dir='ltr'><strong>sed</strong></span> <span class='ocrx_word' id='word_1_235' title='bbox 456 898 527 925; x_wconf 82' lang='lat' dir='ltr'><strong>illius</strong></span> <span class='ocrx_word' id='word_1_236' title='bbox 542 898 569 925; x_wconf 91' lang='lat' dir='ltr'><strong>in</strong></span> <span class='ocrx_word' id='word_1_237' title='bbox 585 905 636 932; x_wconf 91' lang='lat' dir='ltr'><strong>qua</strong></span> <span class='ocrx_word' id='word_1_238' title='bbox 650 897 745 924; x_wconf 83' lang='lat' dir='ltr'><strong>Petrus</strong></span> <span class='ocrx_word' id='word_1_239' title='bbox 758 904 850 923; x_wconf 89' lang='lat' dir='ltr'><strong>amare</strong></span> <span class='ocrx_word' id='word_1_240' title='bbox 862 896 943 923; x_wconf 79' lang='lat' dir='ltr'><strong>flevit.</strong></span> 
     </span>
    </p>
   </div>
   <div class='ocr_carea' id='block_1_34' title="bbox 1000 896 1781 939">
    <p class='ocr_par' dir='ltr' id='par_1_34' title="bbox 1000 900 1781 939">
     <span class='ocr_line' id='line_1_34' title="bbox 1000 900 1781 939; baseline -0.004 -9"><span class='ocrx_word' id='word_1_241' title='bbox 1000 902 1210 939; x_wconf 79' lang='lat' dir='ltr'><strong>glorificationis,</strong></span> <span class='ocrx_word' id='word_1_242' title='bbox 1223 902 1386 930; x_wconf 84' lang='lat' dir='ltr'><strong>erubescunt</strong></span> <span class='ocrx_word' id='word_1_243' title='bbox 1403 901 1461 928; x_wconf 89' lang='lat' dir='ltr'><strong>sine</strong></span> <span class='ocrx_word' id='word_1_244' title='bbox 1477 901 1557 928; x_wconf 87' lang='lat' dir='ltr'><strong>dubio</strong></span> <span class='ocrx_word' id='word_1_245' title='bbox 1571 905 1598 928; x_wconf 88' lang='lat' dir='ltr'><strong>et</strong></span> <span class='ocrx_word' id='word_1_246' title='bbox 1613 900 1781 929; x_wconf 84' lang='lat' dir='ltr'><strong>confundun-</strong></span> 
     </span>
    </p>
   </div>
   <div class='ocr_carea' id='block_1_35' title="bbox 150 941 948 978">
    <p class='ocr_par' dir='ltr' id='par_1_35' title="bbox 150 941 948 978">
     <span class='ocr_line' id='line_1_35' title="bbox 150 941 948 978; baseline -0.006 -5"><span class='ocrx_word' id='word_1_247' title='bbox 150 946 223 973; x_wconf 74' lang='lat' dir='ltr'><strong>Nam</strong></span> <span class='ocrx_word' id='word_1_248' title='bbox 230 951 257 973; x_wconf 88' lang='lat' dir='ltr'><strong>et</strong></span> <span class='ocrx_word' id='word_1_249' title='bbox 263 945 331 972; x_wconf 79' lang='lat' dir='ltr'><strong>Juda</strong></span> <span class='ocrx_word' id='word_1_250' title='bbox 338 944 432 971; x_wconf 90' lang='lat' dir='ltr'><strong>Latine</strong></span> <span class='ocrx_word' id='word_1_251' title='bbox 440 943 567 978; x_wconf 73' lang='lat' dir='ltr'><strong>confessio</strong></span> <span class='ocrx_word' id='word_1_252' title='bbox 576 948 622 970; x_wconf 83' lang='lat' dir='ltr'><strong>est.</strong></span> <span class='ocrx_word' id='word_1_253' title='bbox 630 941 799 970; x_wconf 86' lang='lat' dir='ltr'><strong>Confessioni</strong></span> <span class='ocrx_word' id='word_1_254' title='bbox 805 949 869 977; x_wconf 77' lang='lat' dir='ltr'><strong>ergo</strong></span> <span class='ocrx_word' id='word_1_255' title='bbox 875 949 948 968; x_wconf 88' lang='lat' dir='ltr'><strong>ama-</strong></span> 
     </span>
    </p>
   </div>
   <div class='ocr_carea' id='block_1_36' title="bbox 151 986 947 1024">
    <p class='ocr_par' dir='ltr' id='par_1_36' title="bbox 151 986 947 1024">
     <span class='ocr_line' id='line_1_36' title="bbox 151 986 947 1024; baseline -0.006 -5"><span class='ocrx_word' id='word_1_256' title='bbox 151 992 244 1020; x_wconf 86' lang='lat' dir='ltr'><strong>ritudo</strong></span> <span class='ocrx_word' id='word_1_257' title='bbox 258 992 411 1021; x_wconf 88' lang='lat' dir='ltr'><strong>misceatur,</strong></span> <span class='ocrx_word' id='word_1_258' title='bbox 422 994 450 1017; x_wconf 91' lang='lat' dir='ltr'><strong>ut</strong></span> <span class='ocrx_word' id='word_1_259' title='bbox 458 997 520 1017; x_wconf 74' lang='lat' dir='ltr'><strong>vera</strong></span> <span class='ocrx_word' id='word_1_260' title='bbox 529 988 685 1024; x_wconf 75' lang='lat' dir='ltr'><strong>pceniteutia</strong></span> <span class='ocrx_word' id='word_1_261' title='bbox 693 988 880 1023; x_wconf 70' lang='lat' dir='ltr'><strong>prwsignetur.</strong></span> <span class='ocrx_word' id='word_1_262' title='bbox 891 986 947 1014; x_wconf 83' lang='lat' dir='ltr'><strong>Hac</strong></span> 
     </span>
    </p>
   </div>
   <div class='ocr_carea' id='block_1_37' title="bbox 151 1034 947 1075">
    <p class='ocr_par' dir='ltr' id='par_1_37' title="bbox 151 1034 947 1075">
     <span class='ocr_line' id='line_1_37' title="bbox 151 1034 947 1075; baseline -0.008 -9"><span class='ocrx_word' id='word_1_263' title='bbox 151 1038 313 1075; x_wconf 75' lang='lat' dir='ltr'><strong>pmnitentia</strong></span> <span class='ocrx_word' id='word_1_264' title='bbox 327 1037 486 1065; x_wconf 72' lang='lat' dir='ltr'><strong>fecundatur</strong></span> <span class='ocrx_word' id='word_1_265' title='bbox 500 1035 618 1063; x_wconf 82' lang='lat' dir='ltr'><strong>Ecclesia</strong></span> <span class='ocrx_word' id='word_1_266' title='bbox 634 1035 661 1062; x_wconf 94' lang='lat' dir='ltr'><strong>in</strong></span> <span class='ocrx_word' id='word_1_267' title='bbox 681 1034 805 1062; x_wconf 89' lang='lat' dir='ltr'><strong>omnibus</strong></span> <span class='ocrx_word' id='word_1_268' title='bbox 824 1034 947 1069; x_wconf 76' lang='lat' dir='ltr'><strong>gentibus</strong></span> 
     </span>
    </p>
   </div>
   <div class='ocr_carea' id='block_1_38' title="bbox 149 1081 948 1118">
    <p class='ocr_par' dir='ltr' id='par_1_38' title="bbox 149 1081 948 1118">
     <span class='ocr_line' id='line_1_38' title="bbox 149 1081 948 1118; baseline -0.008 -6"><span class='ocrx_word' id='word_1_269' title='bbox 149 1085 311 1112; x_wconf 81' lang='lat' dir='ltr'><strong>constituta.</strong></span> <span class='ocrx_word' id='word_1_270' title='bbox 326 1082 465 1118; x_wconf 83' lang='lat' dir='ltr'><strong>Oportebat</strong></span> <span class='ocrx_word' id='word_1_271' title='bbox 478 1082 550 1109; x_wconf 86' lang='lat' dir='ltr'><strong>enim</strong></span> <span class='ocrx_word' id='word_1_272' title='bbox 562 1081 692 1108; x_wconf 73' lang='lat' dir='ltr'><strong>Christum</strong></span> <span class='ocrx_word' id='word_1_273' title='bbox 705 1081 803 1116; x_wconf 86' lang='lat' dir='ltr'><strong>pati,et</strong></span> <span class='ocrx_word' id='word_1_274' title='bbox 815 1088 948 1115; x_wconf 80' lang='lat' dir='ltr'><strong>resurgere</strong></span> 
     </span>
    </p>
   </div>
   <div class='ocr_carea' id='block_1_39' title="bbox 151 1125 947 1162">
    <p class='ocr_par' dir='ltr' id='par_1_39' title="bbox 151 1125 947 1162">
     <span class='ocr_line' id='line_1_39' title="bbox 151 1125 947 1162; baseline -0.006 -6"><span class='ocrx_word' id='word_1_275' title='bbox 151 1139 169 1157; x_wconf 82' lang='grc' dir='ltr'><strong>ιι</strong></span> <span class='ocrx_word' id='word_1_276' title='bbox 179 1129 289 1156; x_wconf 84' lang='lat' dir='ltr'><strong>mortuis</strong></span> <span class='ocrx_word' id='word_1_277' title='bbox 297 1129 339 1155; x_wconf 88' lang='lat' dir='ltr'><strong>die</strong></span> <span class='ocrx_word' id='word_1_278' title='bbox 346 1128 432 1160; x_wconf 79' lang='lat' dir='ltr'><strong>tertia,</strong></span> <span class='ocrx_word' id='word_1_279' title='bbox 439 1132 463 1155; x_wconf 79' lang='lat' dir='ltr'><strong>et</strong></span> <span class='ocrx_word' id='word_1_280' title='bbox 473 1127 645 1162; x_wconf 81' lang='lat' dir='ltr'><strong>prwdicariin</strong></span> <span class='ocrx_word' id='word_1_281' title='bbox 652 1127 753 1153; x_wconf 80' lang='lat' dir='ltr'><strong>nomine</strong></span> <span class='ocrx_word' id='word_1_282' title='bbox 763 1125 819 1161; x_wconf 87' lang='lat' dir='ltr'><strong>ejus</strong></span> <span class='ocrx_word' id='word_1_283' title='bbox 825 1125 947 1161; x_wconf 65' lang='lat' dir='ltr'><strong>paeniten-</strong></span> 
     </span>
    </p>
   </div>
   <div class='ocr_carea' id='block_1_40' title="bbox 152 1172 947 1209">
    <p class='ocr_par' dir='ltr' id='par_1_40' title="bbox 152 1172 947 1209">
     <span class='ocr_line' id='line_1_40' title="bbox 152 1172 947 1209; baseline -0.005 -7"><span class='ocrx_word' id='word_1_284' title='bbox 152 1176 222 1202; x_wconf 79' lang='lat' dir='ltr'><strong>tiam</strong></span> <span class='ocrx_word' id='word_1_285' title='bbox 233 1180 256 1202; x_wconf 88' lang='lat' dir='ltr'><strong>et</strong></span> <span class='ocrx_word' id='word_1_286' title='bbox 266 1175 442 1202; x_wconf 81' lang='lat' dir='ltr'><strong>remissionem</strong></span> <span class='ocrx_word' id='word_1_287' title='bbox 451 1178 616 1209; x_wconf 80' lang='lat' dir='ltr'><strong>peccatorum</strong></span> <span class='ocrx_word' id='word_1_288' title='bbox 622 1181 667 1208; x_wconf 87' lang='lat' dir='ltr'><strong>per</strong></span> <span class='ocrx_word' id='word_1_289' title='bbox 679 1180 766 1199; x_wconf 83' lang='lat' dir='ltr'><strong>omnes</strong></span> <span class='ocrx_word' id='word_1_290' title='bbox 776 1177 872 1207; x_wconf 80' lang='lat' dir='ltr'><strong>gentes,</strong></span> <span class='ocrx_word' id='word_1_291' title='bbox 881 1172 947 1198; x_wconf 81' lang='lat' dir='ltr'><strong>inci-</strong></span> 
     </span>
    </p>
   </div>
   <div class='ocr_carea' id='block_1_41' title="bbox 151 1219 948 1259">
    <p class='ocr_par' dir='ltr' id='par_1_41' title="bbox 151 1219 948 1259">
     <span class='ocr_line' id='line_1_41' title="bbox 151 1219 948 1259; baseline -0.001 -11"><span class='ocrx_word' id='word_1_292' title='bbox 151 1223 285 1259; x_wconf 71' lang='lat' dir='ltr'><strong>pientibus</strong></span> <span class='ocrx_word' id='word_1_293' title='bbox 295 1223 326 1248; x_wconf 85' lang='lat' dir='ltr'><strong>ab</strong></span> <span class='ocrx_word' id='word_1_294' title='bbox 333 1222 490 1249; x_wconf 79' lang='lat' dir='ltr'><strong>Jerusalem.</strong></span> <span class='ocrx_word' id='word_1_295' title='bbox 500 1221 566 1248; x_wconf 87' lang='lat' dir='ltr'><strong>Nam</strong></span> <span class='ocrx_word' id='word_1_296' title='bbox 574 1225 601 1248; x_wconf 88' lang='lat' dir='ltr'><strong>et</strong></span> <span class='ocrx_word' id='word_1_297' title='bbox 608 1221 665 1256; x_wconf 88' lang='lat' dir='ltr'><strong>ipse</strong></span> <span class='ocrx_word' id='word_1_298' title='bbox 673 1220 780 1248; x_wconf 88' lang='lat' dir='ltr'><strong>habitus</strong></span> <span class='ocrx_word' id='word_1_299' title='bbox 786 1219 948 1252; x_wconf 87' lang='lat' dir='ltr'><strong>meretricis,</strong></span> 
     </span>
    </p>
   </div>
   <div class='ocr_carea' id='block_1_42' title="bbox 151 1266 949 1304">
    <p class='ocr_par' dir='ltr' id='par_1_42' title="bbox 151 1266 949 1304">
     <span class='ocr_line' id='line_1_42' title="bbox 151 1266 949 1304; baseline -0.005 -8"><span class='ocrx_word' id='word_1_300' title='bbox 151 1268 292 1296; x_wconf 78' lang='lat' dir='ltr'><strong>confessio</strong></span> <span class='ocrx_word' id='word_1_301' title='bbox 315 1273 495 1303; x_wconf 80' lang='lat' dir='ltr'><strong>peccatorum.</strong></span> <span class='ocrx_word' id='word_1_302' title='bbox 510 1268 613 1304; x_wconf 85' lang='lat' dir='ltr'><strong>Typum</strong></span> <span class='ocrx_word' id='word_1_303' title='bbox 629 1268 726 1302; x_wconf 86' lang='lat' dir='ltr'><strong>quippe</strong></span> <span class='ocrx_word' id='word_1_304' title='bbox 741 1267 868 1295; x_wconf 69' lang='lat' dir='ltr'><strong>Ecclesim</strong></span> <span class='ocrx_word' id='word_1_305' title='bbox 880 1266 949 1302; x_wconf 84' lang='lat' dir='ltr'><strong>gerit</strong></span> 
     </span>
    </p>
   </div>
   <div class='ocr_carea' id='block_1_43' title="bbox 153 1312 949 1350">
    <p class='ocr_par' dir='ltr' id='par_1_43' title="bbox 153 1312 949 1350">
     <span class='ocr_line' id='line_1_43' title="bbox 153 1312 949 1350; baseline -0.003 -9"><span class='ocrx_word' id='word_1_306' title='bbox 153 1315 278 1341; x_wconf 84' lang='lat' dir='ltr'><strong>Thamar</strong></span> <span class='ocrx_word' id='word_1_307' title='bbox 288 1322 320 1341; x_wconf 82' lang='lat' dir='ltr'><strong>ex</strong></span> <span class='ocrx_word' id='word_1_308' title='bbox 335 1314 460 1350; x_wconf 79' lang='lat' dir='ltr'><strong>gentibus</strong></span> <span class='ocrx_word' id='word_1_309' title='bbox 471 1317 598 1345; x_wconf 70' lang='lat' dir='ltr'><strong>evocatre,</strong></span> <span class='ocrx_word' id='word_1_310' title='bbox 608 1313 704 1340; x_wconf 84' lang='lat' dir='ltr'><strong>sedens</strong></span> <span class='ocrx_word' id='word_1_311' title='bbox 717 1320 778 1340; x_wconf 91' lang='lat' dir='ltr'><strong>cum</strong></span> <span class='ocrx_word' id='word_1_312' title='bbox 792 1312 844 1340; x_wconf 89' lang='lat' dir='ltr'><strong>hoc</strong></span> <span class='ocrx_word' id='word_1_313' title='bbox 856 1312 949 1339; x_wconf 89' lang='lat' dir='ltr'><strong>habitu</strong></span> 
     </span>
    </p>
   </div>
   <div class='ocr_carea' id='block_1_44' title="bbox 153 1357 947 1397">
    <p class='ocr_par' dir='ltr' id='par_1_44' title="bbox 153 1357 947 1397">
     <span class='ocr_line' id='line_1_44' title="bbox 153 1357 947 1397; baseline -0.004 -10"><span class='ocrx_word' id='word_1_314' title='bbox 153 1360 193 1387; x_wconf 86' lang='lat' dir='ltr'><strong>ad</strong></span> <span class='ocrx_word' id='word_1_315' title='bbox 208 1363 312 1395; x_wconf 88' lang='lat' dir='ltr'><strong>portam</strong></span> <span class='ocrx_word' id='word_1_316' title='bbox 324 1359 380 1387; x_wconf 85' lang='lat' dir='ltr'><strong>Eua</strong></span> <span class='ocrx_word' id='word_1_317' title='bbox 390 1359 433 1386; x_wconf 86' lang='lat' dir='ltr'><strong>vel</strong></span> <span class='ocrx_word' id='word_1_318' title='bbox 447 1359 573 1391; x_wconf 84' lang='lat' dir='ltr'><strong>Enahim,</strong></span> <span class='ocrx_word' id='word_1_319' title='bbox 585 1358 657 1393; x_wconf 87' lang='lat' dir='ltr'><strong>quod</strong></span> <span class='ocrx_word' id='word_1_320' title='bbox 671 1358 866 1397; x_wconf 78' lang='lat' dir='ltr'><strong>interpretatur</strong></span> <span class='ocrx_word' id='word_1_321' title='bbox 878 1357 947 1392; x_wconf 79' lang='lat' dir='ltr'><strong>fons.</strong></span> 
     </span>
    </p>
   </div>
   <div class='ocr_carea' id='block_1_45' title="bbox 153 1404 947 1441">
    <p class='ocr_par' dir='ltr' id='par_1_45' title="bbox 153 1404 947 1441">
     <span class='ocr_line' id='line_1_45' title="bbox 153 1404 947 1441; baseline 0 -10"><span class='ocrx_word' id='word_1_322' title='bbox 153 1405 284 1432; x_wconf 83' lang='lat' dir='ltr'><strong>Cucurrit</strong></span> <span class='ocrx_word' id='word_1_323' title='bbox 299 1406 371 1433; x_wconf 91' lang='lat' dir='ltr'><strong>enim</strong></span> <span class='ocrx_word' id='word_1_324' title='bbox 385 1406 451 1433; x_wconf 83' lang='lat' dir='ltr'><strong>velut</strong></span> <span class='ocrx_word' id='word_1_325' title='bbox 465 1414 556 1433; x_wconf 81' lang='lat' dir='ltr'><strong>cervus</strong></span> <span class='ocrx_word' id='word_1_326' title='bbox 570 1406 604 1433; x_wconf 87' lang='lat' dir='ltr'><strong>ad</strong></span> <span class='ocrx_word' id='word_1_327' title='bbox 619 1406 702 1440; x_wconf 79' lang='lat' dir='ltr'><strong>fontes</strong></span> <span class='ocrx_word' id='word_1_328' title='bbox 717 1413 846 1441; x_wconf 81' lang='lat' dir='ltr'><strong>aquarum</strong></span> <span class='ocrx_word' id='word_1_329' title='bbox 861 1404 947 1440; x_wconf 85' lang='lat' dir='ltr'><strong>(Psal.</strong></span> 
     </span>
    </p>
   </div>
   <div class='ocr_carea' id='block_1_46' title="bbox 154 1450 948 1485">
    <p class='ocr_par' dir='ltr' id='par_1_46' title="bbox 154 1450 948 1485">
     <span class='ocr_line' id='line_1_46' title="bbox 154 1450 948 1485; baseline 0.003 -9"><span class='ocrx_word' id='word_1_330' title='bbox 154 1450 221 1484; x_wconf 81' lang='lat' dir='ltr'><strong>xu)</strong></span> <span class='ocrx_word' id='word_1_331' title='bbox 246 1451 386 1485; x_wconf 87' lang='lat' dir='ltr'><strong>pervenire</strong></span> <span class='ocrx_word' id='word_1_332' title='bbox 411 1451 444 1478; x_wconf 90' lang='lat' dir='ltr'><strong>ad</strong></span> <span class='ocrx_word' id='word_1_333' title='bbox 463 1459 555 1479; x_wconf 85' lang='lat' dir='ltr'><strong>semen</strong></span> <span class='ocrx_word' id='word_1_334' title='bbox 579 1451 712 1484; x_wconf 68' lang='lat' dir='ltr'><strong>Ahrahm;</strong></span> <span class='ocrx_word' id='word_1_335' title='bbox 735 1451 779 1479; x_wconf 90' lang='lat' dir='ltr'><strong>illo</strong></span> <span class='ocrx_word' id='word_1_336' title='bbox 802 1452 874 1479; x_wconf 77' lang='lat' dir='ltr'><strong>enim</strong></span> <span class='ocrx_word' id='word_1_337' title='bbox 896 1459 948 1479; x_wconf 88' lang='lat' dir='ltr'><strong>non</strong></span> 
     </span>
    </p>
   </div>
   <div class='ocr_carea' id='block_1_47' title="bbox 153 1495 947 1530">
    <p class='ocr_par' dir='ltr' id='par_1_47' title="bbox 153 1495 947 1530">
     <span class='ocr_line' id='line_1_47' title="bbox 153 1495 947 1530; baseline 0 -9"><span class='ocrx_word' id='word_1_338' title='bbox 153 1499 337 1528; x_wconf 76' lang='lat' dir='ltr'><strong>cognoscente</strong></span> <span class='ocrx_word' id='word_1_339' title='bbox 359 1495 459 1523; x_wconf 88' lang='lat' dir='ltr'><strong>fetatnr</strong></span> <span class='ocrx_word' id='word_1_340' title='bbox 472 1516 479 1528; x_wconf 95' lang='lat'><strong>,</strong></span> <span class='ocrx_word' id='word_1_341' title='bbox 502 1496 564 1530; x_wconf 87' lang='lat' dir='ltr'><strong>quia</strong></span> <span class='ocrx_word' id='word_1_342' title='bbox 589 1496 622 1523; x_wconf 88' lang='lat' dir='ltr'><strong>de</strong></span> <span class='ocrx_word' id='word_1_343' title='bbox 645 1496 691 1523; x_wconf 93' lang='lat' dir='ltr'><strong>illo</strong></span> <span class='ocrx_word' id='word_1_344' title='bbox 713 1495 869 1530; x_wconf 60' lang='lat' dir='ltr'><strong>praedictum</strong></span> <span class='ocrx_word' id='word_1_345' title='bbox 888 1499 947 1523; x_wconf 88' lang='lat' dir='ltr'><strong>est:</strong></span> 
     </span>
    </p>
   </div>
   <div class='ocr_carea' id='block_1_48' title="bbox 154 1540 946 1577">
    <p class='ocr_par' dir='ltr' id='par_1_48' title="bbox 154 1540 946 1577">
     <span class='ocr_line' id='line_1_48' title="bbox 154 1540 946 1577; baseline 0.001 -11"><span class='ocrx_word' id='word_1_346' title='bbox 154 1540 278 1575; x_wconf 83' lang='lat' dir='ltr'><strong>Populus</strong></span> <span class='ocrx_word' id='word_1_347' title='bbox 292 1550 368 1576; x_wconf 85' lang='lat' dir='ltr'><strong>quem</strong></span> <span class='ocrx_word' id='word_1_348' title='bbox 383 1550 433 1568; x_wconf 88' lang='lat' dir='ltr'><strong>non</strong></span> <span class='ocrx_word' id='word_1_349' title='bbox 449 1543 554 1577; x_wconf 71' lang='lat' dir='ltr'><strong>cognovi</strong></span> <span class='ocrx_word' id='word_1_350' title='bbox 572 1542 674 1569; x_wconf 77' lang='lat' dir='ltr'><strong>servivit</strong></span> <span class='ocrx_word' id='word_1_351' title='bbox 690 1542 754 1568; x_wconf 86' lang='lat' dir='ltr'><strong>mihi</strong></span> <span class='ocrx_word' id='word_1_352' title='bbox 767 1540 853 1576; x_wconf 85' lang='lat' dir='ltr'><strong>(Psal.</strong></span> <span class='ocrx_word' id='word_1_353' title='bbox 870 1540 946 1577; x_wconf 89' lang='lat' dir='ltr'><strong>xvn).</strong></span> 
     </span>
    </p>
   </div>
   <div class='ocr_carea' id='block_1_49' title="bbox 152 1586 949 1623">
    <p class='ocr_par' dir='ltr' id='par_1_49' title="bbox 152 1586 949 1623">
     <span class='ocr_line' id='line_1_49' title="bbox 152 1586 949 1623; baseline 0.001 -11"><span class='ocrx_word' id='word_1_354' title='bbox 152 1586 270 1620; x_wconf 77' lang='lat' dir='ltr'><strong>Acoepit</strong></span> <span class='ocrx_word' id='word_1_355' title='bbox 290 1587 316 1613; x_wconf 88' lang='lat' dir='ltr'><strong>in</strong></span> <span class='ocrx_word' id='word_1_356' title='bbox 337 1587 442 1614; x_wconf 87' lang='lat' dir='ltr'><strong>occulto</strong></span> <span class='ocrx_word' id='word_1_357' title='bbox 466 1588 603 1619; x_wconf 88' lang='lat' dir='ltr'><strong>annulum,</strong></span> <span class='ocrx_word' id='word_1_358' title='bbox 622 1592 649 1614; x_wconf 92' lang='lat' dir='ltr'><strong>et</strong></span> <span class='ocrx_word' id='word_1_359' title='bbox 663 1587 773 1619; x_wconf 89' lang='lat' dir='ltr'><strong>monile,</strong></span> <span class='ocrx_word' id='word_1_360' title='bbox 786 1591 814 1614; x_wconf 87' lang='lat' dir='ltr'><strong>et.</strong></span> <span class='ocrx_word' id='word_1_361' title='bbox 835 1587 949 1623; x_wconf 82' lang='lat' dir='ltr'><strong>virgam,</strong></span> 
     </span>
    </p>
   </div>
   <div class='ocr_carea' id='block_1_50' title="bbox 152 1631 950 1666">
    <p class='ocr_par' dir='ltr' id='par_1_50' title="bbox 152 1631 950 1666">
     <span class='ocr_line' id='line_1_50' title="bbox 152 1631 950 1666; baseline 0.001 -9"><span class='ocrx_word' id='word_1_362' title='bbox 152 1631 300 1658; x_wconf 70' lang='lat' dir='ltr'><strong>vocatione</strong></span> <span class='ocrx_word' id='word_1_363' title='bbox 316 1632 449 1666; x_wconf 82' lang='lat' dir='ltr'><strong>signatur,</strong></span> <span class='ocrx_word' id='word_1_364' title='bbox 468 1631 660 1665; x_wconf 84' lang='lat' dir='ltr'><strong>jnstilicationc</strong></span> <span class='ocrx_word' id='word_1_365' title='bbox 680 1631 834 1663; x_wconf 84' lang='lat' dir='ltr'><strong>decoratur,</strong></span> <span class='ocrx_word' id='word_1_366' title='bbox 849 1631 950 1666; x_wconf 79' lang='lat' dir='ltr'><strong>glorifi-</strong></span> 
     </span>
    </p>
   </div>
   <div class='ocr_carea' id='block_1_51' title="bbox 160 1699 1658 1712">
    <p class='ocr_par' dir='ltr' id='par_1_51' title="bbox 160 1699 1658 1712">
     <span class='ocr_line' id='line_1_51' title="bbox 160 1699 1658 1712; baseline 0 -1"><span class='ocrx_word' id='word_1_367' title='bbox 160 1699 1658 1712; x_wconf 60' lang='lat' dir='ltr'><strong>—-—————————————-——_——-——————————v—_—~</strong></span> 
     </span>
    </p>
   </div>
   <div class='ocr_carea' id='block_1_52' title="bbox 997 947 1783 983">
    <p class='ocr_par' dir='ltr' id='par_1_52' title="bbox 997 947 1783 983">
     <span class='ocr_line' id='line_1_52' title="bbox 997 947 1783 983; baseline -0.001 -7"><span class='ocrx_word' id='word_1_368' title='bbox 997 953 1049 982; x_wconf 85' lang='lat' dir='ltr'><strong>tur,</strong></span> <span class='ocrx_word' id='word_1_369' title='bbox 1063 952 1090 976; x_wconf 90' lang='lat' dir='ltr'><strong>et</strong></span> <span class='ocrx_word' id='word_1_370' title='bbox 1103 956 1152 976; x_wconf 91' lang='lat' dir='ltr'><strong>nos</strong></span> <span class='ocrx_word' id='word_1_371' title='bbox 1170 948 1255 983; x_wconf 83' lang='lat' dir='ltr'><strong>magis</strong></span> <span class='ocrx_word' id='word_1_372' title='bbox 1268 955 1349 983; x_wconf 89' lang='lat' dir='ltr'><strong>quam</strong></span> <span class='ocrx_word' id='word_1_373' title='bbox 1363 955 1392 975; x_wconf 87' lang='lat' dir='ltr'><strong>se</strong></span> <span class='ocrx_word' id='word_1_374' title='bbox 1401 947 1563 982; x_wconf 83' lang='lat' dir='ltr'><strong>justilicatos</strong></span> <span class='ocrx_word' id='word_1_375' title='bbox 1578 955 1638 976; x_wconf 88' lang='lat' dir='ltr'><strong>esse</strong></span> <span class='ocrx_word' id='word_1_376' title='bbox 1661 947 1783 975; x_wconf 83' lang='lat' dir='ltr'><strong>fatebun-</strong></span> 
     </span>
    </p>
   </div>
   <div class='ocr_carea' id='block_1_53' title="bbox 997 992 1781 1029">
    <p class='ocr_par' dir='ltr' id='par_1_53' title="bbox 997 992 1781 1029">
     <span class='ocr_line' id='line_1_53' title="bbox 997 992 1781 1029; baseline -0.004 -7"><span class='ocrx_word' id='word_1_377' title='bbox 997 998 1050 1023; x_wconf 89' lang='lat' dir='ltr'><strong>tur.</strong></span> <span class='ocrx_word' id='word_1_378' title='bbox 1075 993 1190 1029; x_wconf 79' lang='lat' dir='ltr'><strong>Pignora</strong></span> <span class='ocrx_word' id='word_1_379' title='bbox 1212 994 1284 1021; x_wconf 88' lang='lat' dir='ltr'><strong>enim</strong></span> <span class='ocrx_word' id='word_1_380' title='bbox 1305 992 1387 1020; x_wconf 77' lang='lat' dir='ltr'><strong>refert</strong></span> <span class='ocrx_word' id='word_1_381' title='bbox 1410 993 1509 1021; x_wconf 85' lang='lat' dir='ltr'><strong>habere</strong></span> <span class='ocrx_word' id='word_1_382' title='bbox 1535 1001 1628 1021; x_wconf 89' lang='lat' dir='ltr'><strong>secum</strong></span> <span class='ocrx_word' id='word_1_383' title='bbox 1650 992 1781 1021; x_wconf 77' lang='lat' dir='ltr'><strong>Ecclesia.</strong></span> 
     </span>
    </p>
   </div>
   <div class='ocr_carea' id='block_1_54' title="bbox 995 1038 1782 1077">
    <p class='ocr_par' dir='ltr' id='par_1_54' title="bbox 995 1038 1782 1077">
     <span class='ocr_line' id='line_1_54' title="bbox 995 1038 1782 1077; baseline -0.001 -8"><span class='ocrx_word' id='word_1_384' title='bbox 995 1041 1146 1069; x_wconf 85' lang='lat' dir='ltr'><strong>Accusatur</strong></span> <span class='ocrx_word' id='word_1_385' title='bbox 1164 1038 1242 1068; x_wconf 86' lang='lat' dir='ltr'><strong>&#39;enim</strong></span> <span class='ocrx_word' id='word_1_386' title='bbox 1258 1049 1272 1068; x_wconf 89' lang='lat' dir='ltr'><strong>a</strong></span> <span class='ocrx_word' id='word_1_387' title='bbox 1294 1039 1393 1068; x_wconf 65' lang='lat' dir='ltr'><strong>Iudaeis</strong></span> <span class='ocrx_word' id='word_1_388' title='bbox 1413 1040 1490 1076; x_wconf 89' lang='lat' dir='ltr'><strong>quasi</strong></span> <span class='ocrx_word' id='word_1_389' title='bbox 1511 1040 1686 1068; x_wconf 83' lang='lat' dir='ltr'><strong>adulteratnix</strong></span> <span class='ocrx_word' id='word_1_390' title='bbox 1700 1041 1782 1077; x_wconf 83' lang='lat' dir='ltr'><strong>legis;</strong></span> 
     </span>
    </p>
   </div>
   <div class='ocr_carea' id='block_1_55' title="bbox 997 1085 1783 1121">
    <p class='ocr_par' dir='ltr' id='par_1_55' title="bbox 997 1085 1783 1121">
     <span class='ocr_line' id='line_1_55' title="bbox 997 1085 1783 1121; baseline -0.001 -8"><span class='ocrx_word' id='word_1_391' title='bbox 997 1086 1044 1113; x_wconf 90' lang='lat' dir='ltr'><strong>sed</strong></span> <span class='ocrx_word' id='word_1_392' title='bbox 1055 1086 1172 1113; x_wconf 90' lang='lat' dir='ltr'><strong>ostendit</strong></span> <span class='ocrx_word' id='word_1_393' title='bbox 1191 1086 1293 1120; x_wconf 77' lang='lat' dir='ltr'><strong>virgam</strong></span> <span class='ocrx_word' id='word_1_394' title='bbox 1311 1086 1416 1121; x_wconf 83' lang='lat' dir='ltr'><strong>signum</strong></span> <span class='ocrx_word' id='word_1_395' title='bbox 1434 1085 1576 1120; x_wconf 87' lang='lat' dir='ltr'><strong>passionis,</strong></span> <span class='ocrx_word' id='word_1_396' title='bbox 1589 1090 1616 1113; x_wconf 92' lang='lat' dir='ltr'><strong>et</strong></span> <span class='ocrx_word' id='word_1_397' title='bbox 1634 1086 1731 1113; x_wconf 89' lang='lat' dir='ltr'><strong>monile</strong></span> <span class='ocrx_word' id='word_1_398' title='bbox 1746 1085 1783 1112; x_wconf 91' lang='lat' dir='ltr'><strong>Ie-</strong></span> 
     </span>
    </p>
   </div>
   <div class='ocr_carea' id='block_1_56' title="bbox 998 1130 1784 1170">
    <p class='ocr_par' dir='ltr' id='par_1_56' title="bbox 998 1130 1784 1170">
     <span class='ocr_line' id='line_1_56' title="bbox 998 1130 1784 1170; baseline -0.001 -12"><span class='ocrx_word' id='word_1_399' title='bbox 998 1131 1038 1166; x_wconf 81' lang='lat' dir='ltr'><strong>gis</strong></span> <span class='ocrx_word' id='word_1_400' title='bbox 1050 1130 1178 1166; x_wconf 86' lang='lat' dir='ltr'><strong>legitima,</strong></span> <span class='ocrx_word' id='word_1_401' title='bbox 1192 1134 1219 1158; x_wconf 89' lang='lat' dir='ltr'><strong>et</strong></span> <span class='ocrx_word' id='word_1_402' title='bbox 1231 1130 1359 1157; x_wconf 90' lang='lat' dir='ltr'><strong>annulum</strong></span> <span class='ocrx_word' id='word_1_403' title='bbox 1370 1130 1466 1166; x_wconf 80' lang='lat' dir='ltr'><strong>pignus</strong></span> <span class='ocrx_word' id='word_1_404' title='bbox 1477 1130 1696 1170; x_wconf 80' lang='lat' dir='ltr'><strong>immortalitatis.</strong></span> <span class='ocrx_word' id='word_1_405' title='bbox 1708 1130 1784 1164; x_wconf 86' lang='lat' dir='ltr'><strong>Quod</strong></span> 
     </span>
    </p>
   </div>
   <div class='ocr_carea' id='block_1_57' title="bbox 999 1175 1785 1212">
    <p class='ocr_par' dir='ltr' id='par_1_57' title="bbox 999 1175 1785 1212">
     <span class='ocr_line' id='line_1_57' title="bbox 999 1175 1785 1212; baseline 0 -8"><span class='ocrx_word' id='word_1_406' title='bbox 999 1182 1088 1204; x_wconf 90' lang='lat' dir='ltr'><strong>autem</strong></span> <span class='ocrx_word' id='word_1_407' title='bbox 1102 1176 1241 1212; x_wconf 85' lang='lat' dir='ltr'><strong>Scriptura</strong></span> <span class='ocrx_word' id='word_1_408' title='bbox 1259 1176 1360 1203; x_wconf 92' lang='lat' dir='ltr'><strong>inducit</strong></span> <span class='ocrx_word' id='word_1_409' title='bbox 1373 1176 1518 1210; x_wconf 86' lang='lat' dir='ltr'><strong>patientem</strong></span> <span class='ocrx_word' id='word_1_410' title='bbox 1539 1175 1667 1209; x_wconf 85' lang='lat' dir='ltr'><strong>Thamar,</strong></span> <span class='ocrx_word' id='word_1_411' title='bbox 1680 1180 1707 1203; x_wconf 91' lang='lat' dir='ltr'><strong>et</strong></span> <span class='ocrx_word' id='word_1_412' title='bbox 1719 1177 1785 1204; x_wconf 83' lang='lat' dir='ltr'><strong>duos</strong></span> 
     </span>
    </p>
   </div>
   <div class='ocr_carea' id='block_1_58' title="bbox 999 1222 1783 1258">
    <p class='ocr_par' dir='ltr' id='par_1_58' title="bbox 999 1222 1783 1258">
     <span class='ocr_line' id='line_1_58' title="bbox 999 1222 1783 1258; baseline 0.001 -9"><span class='ocrx_word' id='word_1_413' title='bbox 999 1223 1026 1250; x_wconf 94' lang='lat' dir='ltr'><strong>in</strong></span> <span class='ocrx_word' id='word_1_414' title='bbox 1039 1226 1116 1250; x_wconf 84' lang='lat' dir='ltr'><strong>utero</strong></span> <span class='ocrx_word' id='word_1_415' title='bbox 1126 1222 1248 1258; x_wconf 81' lang='lat' dir='ltr'><strong>geminos</strong></span> <span class='ocrx_word' id='word_1_416' title='bbox 1260 1222 1414 1255; x_wconf 86' lang='lat' dir='ltr'><strong>habentem,</strong></span> <span class='ocrx_word' id='word_1_417' title='bbox 1429 1230 1541 1257; x_wconf 90' lang='lat' dir='ltr'><strong>quorum</strong></span> <span class='ocrx_word' id='word_1_418' title='bbox 1553 1223 1657 1258; x_wconf 90' lang='lat' dir='ltr'><strong>primus</strong></span> <span class='ocrx_word' id='word_1_419' title='bbox 1671 1223 1783 1251; x_wconf 88' lang='lat' dir='ltr'><strong>scilicet.</strong></span> 
     </span>
    </p>
   </div>
   <div class='ocr_carea' id='block_1_59' title="bbox 999 1268 1786 1303">
    <p class='ocr_par' dir='ltr' id='par_1_59' title="bbox 999 1268 1786 1303">
     <span class='ocr_line' id='line_1_59' title="bbox 999 1268 1786 1303; baseline 0 -8"><span class='ocrx_word' id='word_1_420' title='bbox 999 1269 1045 1303; x_wconf 87' lang='lat' dir='ltr'><strong>qui</strong></span> <span class='ocrx_word' id='word_1_421' title='bbox 1065 1268 1164 1296; x_wconf 90' lang='lat' dir='ltr'><strong>dicitur</strong></span> <span class='ocrx_word' id='word_1_422' title='bbox 1184 1268 1262 1301; x_wconf 89' lang='lat' dir='ltr'><strong>Zara,</strong></span> <span class='ocrx_word' id='word_1_423' title='bbox 1277 1268 1351 1296; x_wconf 88' lang='lat' dir='ltr'><strong>misit</strong></span> <span class='ocrx_word' id='word_1_424' title='bbox 1371 1276 1488 1296; x_wconf 85' lang='lat' dir='ltr'><strong>manum</strong></span> <span class='ocrx_word' id='word_1_425' title='bbox 1504 1276 1592 1301; x_wconf 89' lang='lat' dir='ltr'><strong>suam,</strong></span> <span class='ocrx_word' id='word_1_426' title='bbox 1605 1272 1633 1296; x_wconf 90' lang='lat' dir='ltr'><strong>et</strong></span> <span class='ocrx_word' id='word_1_427' title='bbox 1654 1268 1786 1296; x_wconf 78' lang='lat' dir='ltr'><strong>obstetrix</strong></span> 
     </span>
    </p>
   </div>
   <div class='ocr_carea' id='block_1_60' title="bbox 999 1313 1785 1351">
    <p class='ocr_par' dir='ltr' id='par_1_60' title="bbox 999 1313 1785 1351">
     <span class='ocr_line' id='line_1_60' title="bbox 999 1313 1785 1351; baseline -0.001 -10"><span class='ocrx_word' id='word_1_428' title='bbox 999 1314 1091 1349; x_wconf 84' lang='lat' dir='ltr'><strong>ligavit</strong></span> <span class='ocrx_word' id='word_1_429' title='bbox 1114 1314 1264 1347; x_wconf 84' lang='lat' dir='ltr'><strong>coccinum,</strong></span> <span class='ocrx_word' id='word_1_430' title='bbox 1278 1318 1305 1341; x_wconf 90' lang='lat' dir='ltr'><strong>et</strong></span> <span class='ocrx_word' id='word_1_431' title='bbox 1318 1314 1415 1341; x_wconf 87' lang='lat' dir='ltr'><strong>dehinc</strong></span> <span class='ocrx_word' id='word_1_432' title='bbox 1431 1313 1476 1340; x_wconf 93' lang='lat' dir='ltr'><strong>illo</strong></span> <span class='ocrx_word' id='word_1_433' title='bbox 1498 1321 1606 1351; x_wconf 88' lang='lat' dir='ltr'><strong>manum</strong></span> <span class='ocrx_word' id='word_1_434' title='bbox 1630 1314 1785 1341; x_wconf 88' lang='lat' dir='ltr'><strong>retrahente</strong></span> 
     </span>
    </p>
   </div>
   <div class='ocr_carea' id='block_1_61' title="bbox 999 1359 1786 1394">
    <p class='ocr_par' dir='ltr' id='par_1_61' title="bbox 999 1359 1786 1394">
     <span class='ocr_line' id='line_1_61' title="bbox 999 1359 1786 1394; baseline 0 -8"><span class='ocrx_word' id='word_1_435' title='bbox 999 1359 1172 1392; x_wconf 89' lang='lat' dir='ltr'><strong>intrinsecus,</strong></span> <span class='ocrx_word' id='word_1_436' title='bbox 1185 1359 1329 1394; x_wconf 88' lang='lat' dir='ltr'><strong>posterior,</strong></span> <span class='ocrx_word' id='word_1_437' title='bbox 1344 1359 1390 1394; x_wconf 92' lang='lat' dir='ltr'><strong>qui</strong></span> <span class='ocrx_word' id='word_1_438' title='bbox 1405 1359 1507 1386; x_wconf 89' lang='lat' dir='ltr'><strong>Phares</strong></span> <span class='ocrx_word' id='word_1_439' title='bbox 1524 1363 1646 1392; x_wconf 83' lang='lat' dir='ltr'><strong>vocatur,</strong></span> <span class='ocrx_word' id='word_1_440' title='bbox 1663 1359 1786 1394; x_wconf 77' lang='lat' dir='ltr'><strong>porrexit</strong></span> 
     </span>
    </p>
   </div>
   <div class='ocr_carea' id='block_1_62' title="bbox 1000 1404 1785 1439">
    <p class='ocr_par' dir='ltr' id='par_1_62' title="bbox 1000 1404 1785 1439">
     <span class='ocr_line' id='line_1_62' title="bbox 1000 1404 1785 1439; baseline 0 -8"><span class='ocrx_word' id='word_1_441' title='bbox 1000 1412 1121 1437; x_wconf 88' lang='lat' dir='ltr'><strong>manum,</strong></span> <span class='ocrx_word' id='word_1_442' title='bbox 1133 1409 1160 1432; x_wconf 83' lang='lat' dir='ltr'><strong>et</strong></span> <span class='ocrx_word' id='word_1_443' title='bbox 1174 1404 1309 1431; x_wconf 87' lang='lat' dir='ltr'><strong>nascendo</strong></span> <span class='ocrx_word' id='word_1_444' title='bbox 1326 1404 1473 1439; x_wconf 66' lang='lat' dir='ltr'><strong>praecessit,</strong></span> <span class='ocrx_word' id='word_1_445' title='bbox 1491 1404 1637 1439; x_wconf 81' lang='lat' dir='ltr'><strong>figulariter</strong></span> <span class='ocrx_word' id='word_1_446' title='bbox 1653 1405 1785 1439; x_wconf 75' lang='lat' dir='ltr'><strong>congruit,</strong></span> 
     </span>
    </p>
   </div>
   <div class='ocr_carea' id='block_1_63' title="bbox 1000 1448 1785 1484">
    <p class='ocr_par' dir='ltr' id='par_1_63' title="bbox 1000 1448 1785 1484">
     <span class='ocr_line' id='line_1_63' title="bbox 1000 1448 1785 1484; baseline -0.001 -7"><span class='ocrx_word' id='word_1_447' title='bbox 1000 1450 1071 1484; x_wconf 87' lang='lat' dir='ltr'><strong>quod</strong></span> <span class='ocrx_word' id='word_1_448' title='bbox 1093 1450 1251 1476; x_wconf 81' lang='lat' dir='ltr'><strong>extenderet</strong></span> <span class='ocrx_word' id='word_1_449' title='bbox 1263 1449 1345 1476; x_wconf 89' lang='lat' dir='ltr'><strong>Israel</strong></span> <span class='ocrx_word' id='word_1_450' title='bbox 1358 1448 1385 1475; x_wconf 95' lang='lat' dir='ltr'><strong>in</strong></span> <span class='ocrx_word' id='word_1_451' title='bbox 1401 1449 1466 1484; x_wconf 83' lang='lat' dir='ltr'><strong>legis</strong></span> <span class='ocrx_word' id='word_1_452' title='bbox 1484 1456 1565 1484; x_wconf 83' lang='lat' dir='ltr'><strong>opera</strong></span> <span class='ocrx_word' id='word_1_453' title='bbox 1579 1457 1687 1476; x_wconf 90' lang='lat' dir='ltr'><strong>manum</strong></span> <span class='ocrx_word' id='word_1_454' title='bbox 1699 1457 1785 1480; x_wconf 88' lang='lat' dir='ltr'><strong>suam,</strong></span> 
     </span>
    </p>
   </div>
   <div class='ocr_carea' id='block_1_64' title="bbox 1000 1494 1786 1530">
    <p class='ocr_par' dir='ltr' id='par_1_64' title="bbox 1000 1494 1786 1530">
     <span class='ocr_line' id='line_1_64' title="bbox 1000 1494 1786 1530; baseline 0.001 -9"><span class='ocrx_word' id='word_1_455' title='bbox 1000 1499 1027 1521; x_wconf 89' lang='lat' dir='ltr'><strong>et</strong></span> <span class='ocrx_word' id='word_1_456' title='bbox 1041 1502 1100 1522; x_wconf 84' lang='lat' dir='ltr'><strong>eam</strong></span> <span class='ocrx_word' id='word_1_457' title='bbox 1125 1494 1317 1529; x_wconf 88' lang='lat' dir='ltr'><strong>prophetarum</strong></span> <span class='ocrx_word' id='word_1_458' title='bbox 1337 1498 1364 1521; x_wconf 88' lang='lat' dir='ltr'><strong>et</strong></span> <span class='ocrx_word' id='word_1_459' title='bbox 1383 1495 1466 1529; x_wconf 85' lang='lat' dir='ltr'><strong>ipsius</strong></span> <span class='ocrx_word' id='word_1_460' title='bbox 1487 1494 1635 1522; x_wconf 85' lang='lat' dir='ltr'><strong>Salvatoris</strong></span> <span class='ocrx_word' id='word_1_461' title='bbox 1659 1495 1786 1530; x_wconf 83' lang='lat' dir='ltr'><strong>pollutam</strong></span> 
     </span>
    </p>
   </div>
   <div class='ocr_carea' id='block_1_65' title="bbox 1000 1538 1789 1574">
    <p class='ocr_par' dir='ltr' id='par_1_65' title="bbox 1000 1538 1789 1574">
     <span class='ocr_line' id='line_1_65' title="bbox 1000 1538 1789 1574; baseline 0 -8"><span class='ocrx_word' id='word_1_462' title='bbox 1000 1547 1097 1566; x_wconf 89' lang='lat' dir='ltr'><strong>cruore</strong></span> <span class='ocrx_word' id='word_1_463' title='bbox 1117 1539 1297 1572; x_wconf 83' lang='lat' dir='ltr'><strong>contraxerit;</strong></span> <span class='ocrx_word' id='word_1_464' title='bbox 1316 1542 1409 1574; x_wconf 87' lang='lat' dir='ltr'><strong>postea</strong></span> <span class='ocrx_word' id='word_1_465' title='bbox 1424 1546 1489 1565; x_wconf 88' lang='lat' dir='ltr'><strong>vero</strong></span> <span class='ocrx_word' id='word_1_466' title='bbox 1503 1539 1655 1574; x_wconf 88' lang='lat' dir='ltr'><strong>proruperit</strong></span> <span class='ocrx_word' id='word_1_467' title='bbox 1675 1538 1789 1574; x_wconf 89' lang='lat' dir='ltr'><strong>populus</strong></span> 
     </span>
    </p>
   </div>
   <div class='ocr_carea' id='block_1_66' title="bbox 1002 1583 1790 1620">
    <p class='ocr_par' dir='ltr' id='par_1_66' title="bbox 1002 1583 1790 1620">
     <span class='ocr_line' id='line_1_66' title="bbox 1002 1583 1790 1620; baseline -0.001 -9"><span class='ocrx_word' id='word_1_468' title='bbox 1002 1585 1120 1620; x_wconf 82' lang='lat' dir='ltr'><strong>gentium</strong></span> <span class='ocrx_word' id='word_1_469' title='bbox 1137 1584 1249 1617; x_wconf 86' lang='lat' dir='ltr'><strong>scilicet,</strong></span> <span class='ocrx_word' id='word_1_470' title='bbox 1260 1588 1289 1611; x_wconf 90' lang='lat' dir='ltr'><strong>ut</strong></span> <span class='ocrx_word' id='word_1_471' title='bbox 1301 1584 1383 1611; x_wconf 85' lang='lat' dir='ltr'><strong>futuri</strong></span> <span class='ocrx_word' id='word_1_472' title='bbox 1396 1588 1487 1611; x_wconf 85' lang='lat' dir='ltr'><strong>essent</strong></span> <span class='ocrx_word' id='word_1_473' title='bbox 1500 1583 1640 1611; x_wconf 91' lang='lat' dir='ltr'><strong>novissimi</strong></span> <span class='ocrx_word' id='word_1_474' title='bbox 1654 1583 1699 1619; x_wconf 91' lang='lat' dir='ltr'><strong>qui</strong></span> <span class='ocrx_word' id='word_1_475' title='bbox 1712 1588 1790 1611; x_wconf 85' lang='lat' dir='ltr'><strong>erant</strong></span> 
     </span>
    </p>
   </div>
   <div class='ocr_carea' id='block_1_67' title="bbox 1001 1629 1740 1666">
    <p class='ocr_par' dir='ltr' id='par_1_67' title="bbox 1001 1629 1740 1666">
     <span class='ocr_line' id='line_1_67' title="bbox 1001 1629 1740 1666; baseline -0.001 -9"><span class='ocrx_word' id='word_1_476' title='bbox 1001 1631 1092 1666; x_wconf 90' lang='lat' dir='ltr'><strong>primi,</strong></span> <span class='ocrx_word' id='word_1_477' title='bbox 1108 1635 1135 1658; x_wconf 89' lang='lat' dir='ltr'><strong>et</strong></span> <span class='ocrx_word' id='word_1_478' title='bbox 1148 1630 1226 1666; x_wconf 87' lang='lat' dir='ltr'><strong>primi</strong></span> <span class='ocrx_word' id='word_1_479' title='bbox 1243 1629 1324 1657; x_wconf 90' lang='lat' dir='ltr'><strong>futuri</strong></span> <span class='ocrx_word' id='word_1_480' title='bbox 1339 1634 1430 1658; x_wconf 89' lang='lat' dir='ltr'><strong>essent</strong></span> <span class='ocrx_word' id='word_1_481' title='bbox 1444 1630 1489 1665; x_wconf 92' lang='lat' dir='ltr'><strong>qui</strong></span> <span class='ocrx_word' id='word_1_482' title='bbox 1503 1634 1581 1658; x_wconf 87' lang='lat' dir='ltr'><strong>erant</strong></span> <span class='ocrx_word' id='word_1_483' title='bbox 1593 1630 1740 1658; x_wconf 89' lang='lat' dir='ltr'><strong>novissimi.</strong></span> 
     </span>
    </p>
   </div>
   <div class='ocr_carea' id='block_1_68' title="bbox 750 1754 1184 1801">
    <p class='ocr_par' dir='ltr' id='par_1_68' title="bbox 750 1754 1184 1801">
     <span class='ocr_line' id='line_1_68' title="bbox 750 1754 1184 1801; baseline -0.002 -8"><span class='ocrx_word' id='word_1_484' title='bbox 750 1754 897 1795; x_wconf 70' lang='lat' dir='ltr'><strong>LIBER</strong></span> <span class='ocrx_word' id='word_1_485' title='bbox 935 1755 1184 1801; x_wconf 77' lang='lat' dir='ltr'><strong>QUARTUS.</strong></span> 
     </span>
    </p>
   </div>
   <div class='ocr_carea' id='block_1_69' title="bbox 415 1897 688 1935">
    <p class='ocr_par' dir='ltr' id='par_1_69' title="bbox 415 1897 688 1935">
     <span class='ocr_line' id='line_1_69' title="bbox 415 1897 688 1935; baseline -0.004 -11"><span class='ocrx_word' id='word_1_486' title='bbox 415 1897 527 1935; x_wconf 60' lang='lat' dir='ltr'><strong>CAPU&#39;I:</strong></span> <span class='ocrx_word' id='word_1_487' title='bbox 546 1897 688 1925; x_wconf 71' lang='lat' dir='ltr'><strong>PRIMUM.</strong></span> 
     </span>
    </p>
   </div>
   <div class='ocr_carea' id='block_1_70' title="bbox 153 1942 950 1977">
    <p class='ocr_par' dir='ltr' id='par_1_70' title="bbox 153 1942 950 1977">
     <span class='ocr_line' id='line_1_70' title="bbox 153 1942 950 1977; baseline -0.001 -6"><span class='ocrx_word' id='word_1_488' title='bbox 153 1943 199 1971; x_wconf 84' lang='lat' dir='ltr'><strong>De</strong></span> <span class='ocrx_word' id='word_1_489' title='bbox 216 1943 382 1969; x_wconf 69' lang='lat' dir='ltr'><strong>descensione</strong></span> <span class='ocrx_word' id='word_1_490' title='bbox 405 1942 498 1977; x_wconf 76' lang='lat' dir='ltr'><strong>Ioseph</strong></span> <span class='ocrx_word' id='word_1_491' title='bbox 520 1944 546 1969; x_wconf 84' lang='lat' dir='ltr'><strong>in</strong></span> <span class='ocrx_word' id='word_1_492' title='bbox 567 1943 722 1977; x_wconf 68' lang='grc' dir='ltr'><strong>Ᾱῖςιῃριιιηι⁷</strong></span> <span class='ocrx_word' id='word_1_493' title='bbox 744 1948 767 1969; x_wconf 82' lang='lat' dir='ltr'><strong>et</strong></span> <span class='ocrx_word' id='word_1_494' title='bbox 789 1944 820 1970; x_wconf 84' lang='lat' dir='ltr'><strong>de</strong></span> <span class='ocrx_word' id='word_1_495' title='bbox 844 1943 950 1970; x_wconf 83' lang='lat' dir='ltr'><strong>libidine</strong></span> 
     </span>
    </p>
   </div>
   <div class='ocr_carea' id='block_1_71' title="bbox 208 1978 901 2013">
    <p class='ocr_par' dir='ltr' id='par_1_71' title="bbox 208 1978 901 2013">
     <span class='ocr_line' id='line_1_71' title="bbox 208 1978 901 2013; baseline 0.001 -9"><span class='ocrx_word' id='word_1_496' title='bbox 208 1979 320 2004; x_wconf 67' lang='lat' dir='ltr'><strong>dominre</strong></span> <span class='ocrx_word' id='word_1_497' title='bbox 334 1978 425 2013; x_wconf 85' lang='lat' dir='ltr'><strong>ipsius,</strong></span> <span class='ocrx_word' id='word_1_498' title='bbox 438 1986 490 2013; x_wconf 85' lang='lat' dir='ltr'><strong>qua</strong></span> <span class='ocrx_word' id='word_1_499' title='bbox 504 1986 562 2004; x_wconf 88' lang='lat' dir='ltr'><strong>cum</strong></span> <span class='ocrx_word' id='word_1_500' title='bbox 582 1986 611 2004; x_wconf 84' lang='lat' dir='ltr'><strong>eo</strong></span> <span class='ocrx_word' id='word_1_501' title='bbox 630 1978 797 2005; x_wconf 80' lang='lat' dir='ltr'><strong>concumbere</strong></span> <span class='ocrx_word' id='word_1_502' title='bbox 811 1978 901 2006; x_wconf 70' lang='lat' dir='ltr'><strong>voluit.</strong></span> 
     </span>
    </p>
   </div>
   <div class='ocr_carea' id='block_1_72' title="bbox 198 2035 949 2072">
    <p class='ocr_par' dir='ltr' id='par_1_72' title="bbox 198 2035 949 2072">
     <span class='ocr_line' id='line_1_72' title="bbox 198 2035 949 2072; baseline 0.001 -9"><span class='ocrx_word' id='word_1_503' title='bbox 198 2036 271 2071; x_wconf 72' lang='lat' dir='ltr'><strong>(CAP.</strong></span> <span class='ocrx_word' id='word_1_504' title='bbox 284 2035 390 2071; x_wconf 79' lang='lat' dir='ltr'><strong>xxxix.)</strong></span> <span class='ocrx_word' id='word_1_505' title='bbox 403 2036 489 2071; x_wconf 83' lang='lat' dir='ltr'><strong>Igitur</strong></span> <span class='ocrx_word' id='word_1_506' title='bbox 498 2036 594 2071; x_wconf 78' lang='lat' dir='ltr'><strong>Joseph</strong></span> <span class='ocrx_word' id='word_1_507' title='bbox 607 2037 699 2064; x_wconf 83' lang='lat' dir='ltr'><strong>ductus</strong></span> <span class='ocrx_word' id='word_1_508' title='bbox 711 2042 746 2064; x_wconf 88' lang='lat' dir='ltr'><strong>est</strong></span> <span class='ocrx_word' id='word_1_509' title='bbox 758 2037 783 2064; x_wconf 86' lang='lat' dir='ltr'><strong>in</strong></span> <span class='ocrx_word' id='word_1_510' title='bbox 795 2037 949 2072; x_wconf 43' lang='lat' dir='ltr'><strong>[Egyptunn</strong></span> 
     </span>
    </p>
   </div>
   <div class='ocr_carea' id='block_1_73' title="bbox 154 2080 950 2117">
    <p class='ocr_par' dir='ltr' id='par_1_73' title="bbox 154 2080 950 2117">
     <span class='ocr_line' id='line_1_73' title="bbox 154 2080 950 2117; baseline 0 -8"><span class='ocrx_word' id='word_1_511' title='bbox 154 2081 282 2116; x_wconf 82' lang='lat' dir='ltr'><strong>Emitqne</strong></span> <span class='ocrx_word' id='word_1_512' title='bbox 292 2089 350 2108; x_wconf 85' lang='lat' dir='ltr'><strong>eum</strong></span> <span class='ocrx_word' id='word_1_513' title='bbox 364 2080 503 2116; x_wconf 83' lang='lat' dir='ltr'><strong>Putiphar,</strong></span> <span class='ocrx_word' id='word_1_514' title='bbox 515 2083 646 2109; x_wconf 81' lang='lat' dir='ltr'><strong>eunuchus</strong></span> <span class='ocrx_word' id='word_1_515' title='bbox 663 2081 821 2115; x_wconf 82' lang='lat' dir='ltr'><strong>Pharaonis,</strong></span> <span class='ocrx_word' id='word_1_516' title='bbox 832 2082 950 2117; x_wconf 78' lang='lat' dir='ltr'><strong>princeps</strong></span> 
     </span>
    </p>
   </div>
   <div class='ocr_carea' id='block_1_74' title="bbox 153 2128 950 2163">
    <p class='ocr_par' dir='ltr' id='par_1_74' title="bbox 153 2128 950 2163">
     <span class='ocr_line' id='line_1_74' title="bbox 153 2128 950 2163; baseline -0.001 -7"><span class='ocrx_word' id='word_1_517' title='bbox 153 2129 301 2161; x_wconf 76' lang='lat' dir='ltr'><strong>exercitus,</strong></span> <span class='ocrx_word' id='word_1_518' title='bbox 324 2129 363 2156; x_wconf 77' lang='lat' dir='ltr'><strong>vir</strong></span> <span class='ocrx_word' id='word_1_519' title='bbox 385 2128 535 2163; x_wconf 56' lang='lat' dir='ltr'><strong>Egyplius,</strong></span> <span class='ocrx_word' id='word_1_520' title='bbox 554 2128 594 2157; x_wconf 25' lang='lat' dir='ltr'><strong>de.</strong></span> <span class='ocrx_word' id='word_1_521' title='bbox 608 2137 687 2155; x_wconf 86' lang='lat' dir='ltr'><strong>manu</strong></span> <span class='ocrx_word' id='word_1_522' title='bbox 712 2128 918 2161; x_wconf 82' lang='lat' dir='ltr'><strong>Ismuelitarnm,</strong></span> <span class='ocrx_word' id='word_1_523' title='bbox 934 2137 950 2155; x_wconf 89' lang='lat' dir='ltr'><strong>a</strong></span> 
     </span>
    </p>
   </div>
   <div class='ocr_carea' id='block_1_75' title="bbox 153 2172 950 2210">
    <p class='ocr_par' dir='ltr' id='par_1_75' title="bbox 153 2172 950 2210">
     <span class='ocr_line' id='line_1_75' title="bbox 153 2172 950 2210; baseline -0.001 -9"><span class='ocrx_word' id='word_1_524' title='bbox 153 2174 255 2210; x_wconf 81' lang='lat' dir='ltr'><strong>quibus</strong></span> <span class='ocrx_word' id='word_1_525' title='bbox 281 2175 420 2208; x_wconf 83' lang='lat' dir='ltr'><strong>perductus</strong></span> <span class='ocrx_word' id='word_1_526' title='bbox 444 2179 510 2201; x_wconf 79' lang='lat' dir='ltr'><strong>erat.</strong></span> <span class='ocrx_word' id='word_1_527' title='bbox 538 2173 573 2200; x_wconf 84' lang='lat' dir='ltr'><strong>Et</strong></span> <span class='ocrx_word' id='word_1_528' title='bbox 598 2173 712 2208; x_wconf 82' lang='lat' dir='ltr'><strong>possedit</strong></span> <span class='ocrx_word' id='word_1_529' title='bbox 737 2182 796 2200; x_wconf 83' lang='lat' dir='ltr'><strong>eum</strong></span> <span class='ocrx_word' id='word_1_530' title='bbox 821 2172 950 2208; x_wconf 84' lang='lat' dir='ltr'><strong>Putiphor</strong></span> 
     </span>
    </p>
   </div>
   <div class='ocr_carea' id='block_1_76' title="bbox 152 2218 950 2255">
    <p class='ocr_par' dir='ltr' id='par_1_76' title="bbox 152 2218 950 2255">
     <span class='ocr_line' id='line_1_76' title="bbox 152 2218 950 2255; baseline 0 -9"><span class='ocrx_word' id='word_1_531' title='bbox 152 2219 245 2255; x_wconf 79' lang='lat' dir='ltr'><strong>spado</strong></span> <span class='ocrx_word' id='word_1_532' title='bbox 260 2219 415 2246; x_wconf 83' lang='lat' dir='ltr'><strong>Pharaonis.</strong></span> <span class='ocrx_word' id='word_1_533' title='bbox 439 2219 571 2254; x_wconf 82' lang='lat' dir='ltr'><strong>(August.)</strong></span> <span class='ocrx_word' id='word_1_534' title='bbox 592 2218 632 2246; x_wconf 80' lang='lat' dir='ltr'><strong>Ad</strong></span> <span class='ocrx_word' id='word_1_535' title='bbox 647 2219 768 2247; x_wconf 85' lang='lat' dir='ltr'><strong>ordinem</strong></span> <span class='ocrx_word' id='word_1_536' title='bbox 784 2219 852 2246; x_wconf 86' lang='lat' dir='ltr'><strong>redit</strong></span> <span class='ocrx_word' id='word_1_537' title='bbox 875 2219 950 2246; x_wconf 89' lang='lat' dir='ltr'><strong>Scri-</strong></span> 
     </span>
    </p>
   </div>
   <div class='ocr_carea' id='block_1_77' title="bbox 152 2264 953 2300">
    <p class='ocr_par' dir='ltr' id='par_1_77' title="bbox 152 2264 953 2300">
     <span class='ocr_line' id='line_1_77' title="bbox 152 2264 953 2300; baseline 0.001 -9"><span class='ocrx_word' id='word_1_538' title='bbox 152 2269 243 2300; x_wconf 80' lang='lat' dir='ltr'><strong>ptura</strong></span> <span class='ocrx_word' id='word_1_539' title='bbox 267 2265 337 2291; x_wconf 82' lang='lat' dir='ltr'><strong>unde</strong></span> <span class='ocrx_word' id='word_1_540' title='bbox 362 2269 519 2296; x_wconf 70' lang='lat' dir='ltr'><strong>recesserat,</strong></span> <span class='ocrx_word' id='word_1_541' title='bbox 536 2268 566 2291; x_wconf 91' lang='lat' dir='ltr'><strong>ut</strong></span> <span class='ocrx_word' id='word_1_542' title='bbox 588 2264 633 2291; x_wconf 81' lang='lat' dir='ltr'><strong>illa</strong></span> <span class='ocrx_word' id='word_1_543' title='bbox 657 2269 781 2292; x_wconf 89' lang='lat' dir='ltr'><strong>narraret</strong></span> <span class='ocrx_word' id='word_1_544' title='bbox 799 2273 858 2299; x_wconf 65' lang='lat' dir='ltr'><strong>qua:</strong></span> <span class='ocrx_word' id='word_1_545' title='bbox 871 2273 953 2300; x_wconf 81' lang='lat' dir='ltr'><strong>supra</strong></span> 
     </span>
    </p>
   </div>
   <div class='ocr_carea' id='block_1_78' title="bbox 154 2311 951 2346">
    <p class='ocr_par' dir='ltr' id='par_1_78' title="bbox 154 2311 951 2346">
     <span class='ocr_line' id='line_1_78' title="bbox 154 2311 951 2346; baseline -0.001 -7"><span class='ocrx_word' id='word_1_546' title='bbox 154 2311 267 2345; x_wconf 82' lang='lat' dir='ltr'><strong>digesta</strong></span> <span class='ocrx_word' id='word_1_547' title='bbox 291 2315 362 2338; x_wconf 90' lang='lat' dir='ltr'><strong>sunt.</strong></span> <span class='ocrx_word' id='word_1_548' title='bbox 387 2311 468 2346; x_wconf 76' lang='lat' dir='ltr'><strong>Igitur</strong></span> <span class='ocrx_word' id='word_1_549' title='bbox 479 2311 577 2346; x_wconf 73' lang='lat' dir='ltr'><strong>Ioseph</strong></span> <span class='ocrx_word' id='word_1_550' title='bbox 602 2312 741 2339; x_wconf 83' lang='lat' dir='ltr'><strong>descendit</strong></span> <span class='ocrx_word' id='word_1_551' title='bbox 755 2312 780 2339; x_wconf 93' lang='lat' dir='ltr'><strong>in</strong></span> <span class='ocrx_word' id='word_1_552' title='bbox 794 2311 951 2346; x_wconf 61' lang='lat' dir='ltr'><strong>(Egyptum,</strong></span> 
     </span>
    </p>
   </div>
   <div class='ocr_carea' id='block_1_79' title="bbox 152 2356 952 2391">
    <p class='ocr_par' dir='ltr' id='par_1_79' title="bbox 152 2356 952 2391">
     <span class='ocr_line' id='line_1_79' title="bbox 152 2356 952 2391; baseline 0 -6"><span class='ocrx_word' id='word_1_553' title='bbox 152 2361 191 2385; x_wconf 77' lang='lat' dir='ltr'><strong>et</strong></span> <span class='ocrx_word' id='word_1_554' title='bbox 204 2356 325 2383; x_wconf 85' lang='lat' dir='ltr'><strong>Christus</strong></span> <span class='ocrx_word' id='word_1_555' title='bbox 341 2357 366 2383; x_wconf 94' lang='lat' dir='ltr'><strong>in</strong></span> <span class='ocrx_word' id='word_1_556' title='bbox 382 2357 520 2384; x_wconf 86' lang='lat' dir='ltr'><strong>mundum.</strong></span> <span class='ocrx_word' id='word_1_557' title='bbox 544 2357 669 2391; x_wconf 88' lang='lat' dir='ltr'><strong>Emitqne</strong></span> <span class='ocrx_word' id='word_1_558' title='bbox 685 2366 745 2385; x_wconf 85' lang='lat' dir='ltr'><strong>eum</strong></span> <span class='ocrx_word' id='word_1_559' title='bbox 759 2359 909 2390; x_wconf 88' lang='lat' dir='ltr'><strong>eunuchus,</strong></span> <span class='ocrx_word' id='word_1_560' title='bbox 926 2358 952 2385; x_wconf 92' lang='lat' dir='ltr'><strong>id</strong></span> 
     </span>
    </p>
   </div>
   <div class='ocr_carea' id='block_1_80' title="bbox 152 2402 829 2438">
    <p class='ocr_par' dir='ltr' id='par_1_80' title="bbox 152 2402 829 2438">
     <span class='ocr_line' id='line_1_80' title="bbox 152 2402 829 2438; baseline -0.001 -8"><span class='ocrx_word' id='word_1_561' title='bbox 152 2406 207 2430; x_wconf 81' lang='lat' dir='ltr'><strong>cst</strong></span> <span class='ocrx_word' id='word_1_562' title='bbox 217 2405 305 2429; x_wconf 88' lang='lat' dir='ltr'><strong>castus</strong></span> <span class='ocrx_word' id='word_1_563' title='bbox 322 2402 347 2428; x_wconf 95' lang='lat' dir='ltr'><strong>in</strong></span> <span class='ocrx_word' id='word_1_564' title='bbox 363 2402 510 2437; x_wconf 86' lang='lat' dir='ltr'><strong>disciplinis</strong></span> <span class='ocrx_word' id='word_1_565' title='bbox 532 2402 693 2437; x_wconf 81' lang='lat' dir='ltr'><strong>evangelicis</strong></span> <span class='ocrx_word' id='word_1_566' title='bbox 707 2403 829 2438; x_wconf 83' lang='lat' dir='ltr'><strong>populus.</strong></span> 
     </span>
    </p>
   </div>
   <div class='ocr_carea' id='block_1_81' title="bbox 202 2446 953 2482">
    <p class='ocr_par' dir='ltr' id='par_1_81' title="bbox 202 2446 953 2482">
     <span class='ocr_line' id='line_1_81' title="bbox 202 2446 953 2482; baseline 0.001 -9"><span class='ocrx_word' id='word_1_567' title='bbox 202 2446 314 2482; x_wconf 78' lang='lat' dir='ltr'><strong>Fuitque</strong></span> <span class='ocrx_word' id='word_1_568' title='bbox 335 2447 460 2474; x_wconf 84' lang='lat' dir='ltr'><strong>Dominus</strong></span> <span class='ocrx_word' id='word_1_569' title='bbox 482 2456 541 2474; x_wconf 83' lang='lat' dir='ltr'><strong>cum</strong></span> <span class='ocrx_word' id='word_1_570' title='bbox 565 2456 606 2480; x_wconf 87' lang='lat' dir='ltr'><strong>eo,</strong></span> <span class='ocrx_word' id='word_1_571' title='bbox 619 2453 642 2474; x_wconf 83' lang='lat' dir='ltr'><strong>et</strong></span> <span class='ocrx_word' id='word_1_572' title='bbox 667 2452 722 2474; x_wconf 85' lang='lat' dir='ltr'><strong>erat</strong></span> <span class='ocrx_word' id='word_1_573' title='bbox 747 2449 786 2474; x_wconf 85' lang='lat' dir='ltr'><strong>vir</strong></span> <span class='ocrx_word' id='word_1_574' title='bbox 805 2448 832 2474; x_wconf 83' lang='lat' dir='ltr'><strong>in</strong></span> <span class='ocrx_word' id='word_1_575' title='bbox 854 2448 953 2475; x_wconf 77' lang='lat' dir='ltr'><strong>cunctis</strong></span> 
     </span>
    </p>
   </div>
   <div class='ocr_carea' id='block_1_82' title="bbox 153 2492 953 2528">
    <p class='ocr_par' dir='ltr' id='par_1_82' title="bbox 153 2492 953 2528">
     <span class='ocr_line' id='line_1_82' title="bbox 153 2492 953 2528; baseline 0.001 -10"><span class='ocrx_word' id='word_1_576' title='bbox 153 2500 285 2528; x_wconf 82' lang='lat' dir='ltr'><strong>prospere</strong></span> <span class='ocrx_word' id='word_1_577' title='bbox 297 2501 389 2527; x_wconf 82' lang='lat' dir='ltr'><strong>agens,</strong></span> <span class='ocrx_word' id='word_1_578' title='bbox 403 2492 586 2527; x_wconf 83' lang='lat' dir='ltr'><strong>habitabutque</strong></span> <span class='ocrx_word' id='word_1_579' title='bbox 602 2493 628 2519; x_wconf 87' lang='lat' dir='ltr'><strong>in</strong></span> <span class='ocrx_word' id='word_1_580' title='bbox 643 2492 720 2519; x_wconf 88' lang='lat' dir='ltr'><strong>domo</strong></span> <span class='ocrx_word' id='word_1_581' title='bbox 733 2493 832 2519; x_wconf 81' lang='lat' dir='ltr'><strong>domini</strong></span> <span class='ocrx_word' id='word_1_582' title='bbox 846 2493 897 2525; x_wconf 87' lang='lat' dir='ltr'><strong>sui,</strong></span> <span class='ocrx_word' id='word_1_583' title='bbox 909 2493 953 2527; x_wconf 82' lang='lat' dir='ltr'><strong>qui</strong></span> 
     </span>
    </p>
   </div>
   <div class='ocr_carea' id='block_1_83' title="bbox 154 2537 954 2573">
    <p class='ocr_par' dir='ltr' id='par_1_83' title="bbox 154 2537 954 2573">
     <span class='ocr_line' id='line_1_83' title="bbox 154 2537 954 2573; baseline 0.001 -10"><span class='ocrx_word' id='word_1_584' title='bbox 154 2537 261 2572; x_wconf 72' lang='lat' dir='ltr'><strong>optime</strong></span> <span class='ocrx_word' id='word_1_585' title='bbox 273 2543 376 2570; x_wconf 79' lang='lat' dir='ltr'><strong>noverat</strong></span> <span class='ocrx_word' id='word_1_586' title='bbox 394 2546 448 2564; x_wconf 85' lang='lat' dir='ltr'><strong>esse</strong></span> <span class='ocrx_word' id='word_1_587' title='bbox 463 2537 603 2564; x_wconf 80' lang='lat' dir='ltr'><strong>Dominum</strong></span> <span class='ocrx_word' id='word_1_588' title='bbox 617 2546 674 2564; x_wconf 83' lang='lat' dir='ltr'><strong>cum</strong></span> <span class='ocrx_word' id='word_1_589' title='bbox 688 2547 729 2570; x_wconf 79' lang='lat' dir='ltr'><strong>eo,</strong></span> <span class='ocrx_word' id='word_1_590' title='bbox 742 2543 765 2564; x_wconf 86' lang='lat' dir='ltr'><strong>et</strong></span> <span class='ocrx_word' id='word_1_591' title='bbox 787 2539 874 2564; x_wconf 82' lang='lat' dir='ltr'><strong>omnia</strong></span> <span class='ocrx_word' id='word_1_592' title='bbox 896 2546 954 2573; x_wconf 73' lang='lat' dir='ltr'><strong>qua:</strong></span> 
     </span>
    </p>
   </div>
   <div class='ocr_carea' id='block_1_84' title="bbox 152 2582 954 2619">
    <p class='ocr_par' dir='ltr' id='par_1_84' title="bbox 152 2582 954 2619">
     <span class='ocr_line' id='line_1_84' title="bbox 152 2582 954 2619; baseline 0 -10"><span class='ocrx_word' id='word_1_593' title='bbox 152 2587 263 2619; x_wconf 79' lang='lat' dir='ltr'><strong>gereret</strong></span> <span class='ocrx_word' id='word_1_594' title='bbox 277 2583 308 2608; x_wconf 81' lang='lat' dir='ltr'><strong>ab</strong></span> <span class='ocrx_word' id='word_1_595' title='bbox 323 2591 352 2609; x_wconf 86' lang='lat' dir='ltr'><strong>eo</strong></span> <span class='ocrx_word' id='word_1_596' title='bbox 366 2583 445 2617; x_wconf 79' lang='lat' dir='ltr'><strong>dirigi</strong></span> <span class='ocrx_word' id='word_1_597' title='bbox 464 2583 490 2609; x_wconf 86' lang='lat' dir='ltr'><strong>in</strong></span> <span class='ocrx_word' id='word_1_598' title='bbox 506 2591 585 2609; x_wconf 88' lang='lat' dir='ltr'><strong>manu</strong></span> <span class='ocrx_word' id='word_1_599' title='bbox 598 2582 679 2610; x_wconf 85' lang='lat' dir='ltr'><strong>illius.</strong></span> <span class='ocrx_word' id='word_1_600' title='bbox 692 2583 843 2617; x_wconf 83' lang='lat' dir='ltr'><strong>Invenitque</strong></span> <span class='ocrx_word' id='word_1_601' title='bbox 857 2582 954 2617; x_wconf 76' lang='lat' dir='ltr'><strong>Ioseph</strong></span> 
     </span>
    </p>
   </div>
   <div class='ocr_carea' id='block_1_85' title="bbox 153 2627 955 2664">
    <p class='ocr_par' dir='ltr' id='par_1_85' title="bbox 153 2627 955 2664">
     <span class='ocr_line' id='line_1_85' title="bbox 153 2627 955 2664; baseline 0 -10"><span class='ocrx_word' id='word_1_602' title='bbox 153 2627 277 2664; x_wconf 81' lang='lat' dir='ltr'><strong>gratiam</strong></span> <span class='ocrx_word' id='word_1_603' title='bbox 291 2636 378 2655; x_wconf 80' lang='lat' dir='ltr'><strong>coram</strong></span> <span class='ocrx_word' id='word_1_604' title='bbox 401 2628 507 2655; x_wconf 86' lang='lat' dir='ltr'><strong>domino</strong></span> <span class='ocrx_word' id='word_1_605' title='bbox 527 2637 576 2655; x_wconf 83' lang='lat' dir='ltr'><strong>suo</strong></span> <span class='ocrx_word' id='word_1_606' title='bbox 586 2649 592 2660; x_wconf 89' lang='lat'><strong>,</strong></span> <span class='ocrx_word' id='word_1_607' title='bbox 607 2633 631 2655; x_wconf 88' lang='lat' dir='ltr'><strong>et</strong></span> <span class='ocrx_word' id='word_1_608' title='bbox 644 2628 807 2655; x_wconf 84' lang='lat' dir='ltr'><strong>ministrabat</strong></span> <span class='ocrx_word' id='word_1_609' title='bbox 820 2629 853 2655; x_wconf 86' lang='lat' dir='ltr'><strong>ei.</strong></span> <span class='ocrx_word' id='word_1_610' title='bbox 868 2628 889 2654; x_wconf 83' lang='grc' dir='ltr'><em>Α</em></span> <span class='ocrx_word' id='word_1_611' title='bbox 903 2637 955 2663; x_wconf 86' lang='lat' dir='ltr'><strong>quo</strong></span> 
     </span>
    </p>
   </div>
   <div class='ocr_carea' id='block_1_86' title="bbox 152 2672 953 2708">
    <p class='ocr_par' dir='ltr' id='par_1_86' title="bbox 152 2672 953 2708">
     <span class='ocr_line' id='line_1_86' title="bbox 152 2672 953 2708; baseline 0.002 -10"><span class='ocrx_word' id='word_1_612' title='bbox 152 2673 319 2708; x_wconf 76' lang='lat' dir='ltr'><strong>prrrpotitus</strong></span> <span class='ocrx_word' id='word_1_613' title='bbox 334 2674 462 2705; x_wconf 87' lang='lat' dir='ltr'><strong>omnibus,</strong></span> <span class='ocrx_word' id='word_1_614' title='bbox 470 2672 630 2708; x_wconf 78' lang='lat' dir='ltr'><strong>gubernabat</strong></span> <span class='ocrx_word' id='word_1_615' title='bbox 641 2673 767 2700; x_wconf 85' lang='lat' dir='ltr'><strong>creditam</strong></span> <span class='ocrx_word' id='word_1_616' title='bbox 778 2673 826 2700; x_wconf 84' lang='lat' dir='ltr'><strong>sibi</strong></span> <span class='ocrx_word' id='word_1_617' title='bbox 837 2674 953 2705; x_wconf 83' lang='lat' dir='ltr'><strong>domum,</strong></span> 
     </span>
    </p>
   </div>
   <div class='ocr_carea' id='block_1_87' title="bbox 152 2716 954 2753">
    <p class='ocr_par' dir='ltr' id='par_1_87' title="bbox 152 2716 954 2753">
     <span class='ocr_line' id='line_1_87' title="bbox 152 2716 954 2753; baseline 0.005 -11"><span class='ocrx_word' id='word_1_618' title='bbox 152 2721 186 2746; x_wconf 75' lang='grc' dir='ltr'><strong>ει</strong></span> <span class='ocrx_word' id='word_1_619' title='bbox 206 2716 324 2743; x_wconf 82' lang='lat' dir='ltr'><strong>universo</strong></span> <span class='ocrx_word' id='word_1_620' title='bbox 338 2725 397 2751; x_wconf 61' lang='grc' dir='ltr'><strong>(μιαί</strong></span> <span class='ocrx_word' id='word_1_621' title='bbox 411 2718 508 2744; x_wconf 83' lang='lat' dir='ltr'><strong>tradita</strong></span> <span class='ocrx_word' id='word_1_622' title='bbox 524 2718 639 2752; x_wconf 80' lang='lat' dir='ltr'><strong>fuerant.</strong></span> <span class='ocrx_word' id='word_1_623' title='bbox 662 2718 847 2753; x_wconf 69' lang='lat' dir='ltr'><strong>Renedixitque</strong></span> <span class='ocrx_word' id='word_1_624' title='bbox 862 2718 954 2746; x_wconf 84' lang='lat' dir='ltr'><strong>Domi-</strong></span> 
     </span>
    </p>
   </div>
   <div class='ocr_carea' id='block_1_88' title="bbox 154 2760 955 2798">
    <p class='ocr_par' dir='ltr' id='par_1_88' title="bbox 154 2760 955 2798">
     <span class='ocr_line' id='line_1_88' title="bbox 154 2760 955 2798; baseline 0.004 -12"><span class='ocrx_word' id='word_1_625' title='bbox 154 2769 215 2789; x_wconf 67' lang='lat' dir='ltr'><strong>nus</strong></span> <span class='ocrx_word' id='word_1_626' title='bbox 236 2760 326 2787; x_wconf 81' lang='lat' dir='ltr'><strong>domui</strong></span> <span class='ocrx_word' id='word_1_627' title='bbox 347 2761 465 2796; x_wconf 49' lang='lat' dir='ltr'><strong>JEgyptt&#39;i</strong></span> <span class='ocrx_word' id='word_1_628' title='bbox 483 2768 587 2797; x_wconf 78' lang='lat' dir='ltr'><strong>propter</strong></span> <span class='ocrx_word' id='word_1_629' title='bbox 606 2762 713 2797; x_wconf 83' lang='lat' dir='ltr'><strong>Josep/I,</strong></span> <span class='ocrx_word' id='word_1_630' title='bbox 729 2767 752 2789; x_wconf 78' lang='lat' dir='ltr'><strong>et</strong></span> <span class='ocrx_word' id='word_1_631' title='bbox 775 2763 955 2798; x_wconf 76' lang='lat' dir='ltr'><strong>multiplicauit</strong></span> 
     </span>
    </p>
   </div>
   <div class='ocr_carea' id='block_1_89' title="bbox 152 2808 957 2844">
    <p class='ocr_par' dir='ltr' id='par_1_89' title="bbox 152 2808 957 2844">
     <span class='ocr_line' id='line_1_89' title="bbox 152 2808 957 2844; baseline 0.001 -9"><span class='ocrx_word' id='word_1_632' title='bbox 152 2814 218 2835; x_wconf 79' lang='lat' dir='ltr'><strong>tam</strong></span> <span class='ocrx_word' id='word_1_633' title='bbox 239 2808 266 2834; x_wconf 80' lang='lat' dir='ltr'><strong>in</strong></span> <span class='ocrx_word' id='word_1_634' title='bbox 288 2808 387 2835; x_wconf 61' lang='lat' dir='ltr'><strong>adibus</strong></span> <span class='ocrx_word' id='word_1_635' title='bbox 401 2817 479 2842; x_wconf 85' lang='lat' dir='ltr'><strong>quam</strong></span> <span class='ocrx_word' id='word_1_636' title='bbox 494 2809 521 2835; x_wconf 83' lang='lat' dir='ltr'><strong>in</strong></span> <span class='ocrx_word' id='word_1_637' title='bbox 541 2809 611 2842; x_wconf 79' lang='lat' dir='ltr'><strong>agris</strong></span> <span class='ocrx_word' id='word_1_638' title='bbox 624 2813 742 2835; x_wconf 79' lang='lat' dir='ltr'><strong>cunctum</strong></span> <span class='ocrx_word' id='word_1_639' title='bbox 757 2809 814 2844; x_wconf 83' lang='lat' dir='ltr'><strong>ejus</strong></span> <span class='ocrx_word' id='word_1_640' title='bbox 836 2810 957 2836; x_wconf 77' lang='lat' dir='ltr'><strong>sttbstau~</strong></span> 
     </span>
    </p>
   </div>
   <div class='ocr_carea' id='block_1_90' title="bbox 154 2853 954 2889">
    <p class='ocr_par' dir='ltr' id='par_1_90' title="bbox 154 2853 954 2889">
     <span class='ocr_line' id='line_1_90' title="bbox 154 2853 954 2889; baseline 0.001 -9"><span class='ocrx_word' id='word_1_641' title='bbox 154 2855 246 2884; x_wconf 78' lang='lat' dir='ltr'><strong>lium,-</strong></span> <span class='ocrx_word' id='word_1_642' title='bbox 263 2861 308 2879; x_wconf 83' lang='lat' dir='ltr'><strong>nec</strong></span> <span class='ocrx_word' id='word_1_643' title='bbox 333 2853 475 2888; x_wconf 78' lang='lat' dir='ltr'><strong>quidquam</strong></span> <span class='ocrx_word' id='word_1_644' title='bbox 497 2853 570 2880; x_wconf 80' lang='lat' dir='ltr'><strong>aliud</strong></span> <span class='ocrx_word' id='word_1_645' title='bbox 589 2859 704 2886; x_wconf 76' lang='lat' dir='ltr'><strong>noverat,</strong></span> <span class='ocrx_word' id='word_1_646' title='bbox 720 2854 769 2880; x_wconf 83' lang='lat' dir='ltr'><strong>nisi</strong></span> <span class='ocrx_word' id='word_1_647' title='bbox 793 2863 885 2888; x_wconf 75' lang='lat' dir='ltr'><strong>patient</strong></span> <span class='ocrx_word' id='word_1_648' title='bbox 904 2864 954 2889; x_wconf 77' lang='lat' dir='ltr'><strong>quo</strong></span> 
     </span>
    </p>
   </div>
   <div class='ocr_carea' id='block_1_91' title="bbox 1003 1899 1789 1936">
    <p class='ocr_par' dir='ltr' id='par_1_91' title="bbox 1003 1899 1789 1936">
     <span class='ocr_line' id='line_1_91' title="bbox 1003 1899 1789 1936; baseline 0.006 -12"><span class='ocrx_word' id='word_1_649' title='bbox 1003 1899 1161 1926; x_wconf 74' lang='lat' dir='ltr'><strong>vescebatur.</strong></span> <span class='ocrx_word' id='word_1_650' title='bbox 1178 1899 1279 1935; x_wconf 78' lang='lat' dir='ltr'><strong>(Grcg.)</strong></span> <span class='ocrx_word' id='word_1_651' title='bbox 1302 1900 1378 1936; x_wconf 79' lang='lat' dir='ltr'><strong>Saepe</strong></span> <span class='ocrx_word' id='word_1_652' title='bbox 1391 1900 1510 1928; x_wconf 91' lang='lat' dir='ltr'><strong>nonnulli</strong></span> <span class='ocrx_word' id='word_1_653' title='bbox 1527 1901 1643 1928; x_wconf 87' lang='lat' dir='ltr'><strong>humana</strong></span> <span class='ocrx_word' id='word_1_654' title='bbox 1657 1902 1789 1936; x_wconf 85' lang='lat' dir='ltr'><strong>sapientia</strong></span> 
     </span>
    </p>
   </div>
   <div class='ocr_carea' id='block_1_92' title="bbox 1003 1943 1790 1981">
    <p class='ocr_par' dir='ltr' id='par_1_92' title="bbox 1003 1943 1790 1981">
     <span class='ocr_line' id='line_1_92' title="bbox 1003 1943 1790 1981; baseline 0.005 -11"><span class='ocrx_word' id='word_1_655' title='bbox 1003 1943 1103 1976; x_wconf 81' lang='lat' dir='ltr'><strong>inflati,</strong></span> <span class='ocrx_word' id='word_1_656' title='bbox 1119 1945 1181 1971; x_wconf 88' lang='lat' dir='ltr'><strong>dum</strong></span> <span class='ocrx_word' id='word_1_657' title='bbox 1205 1944 1345 1973; x_wconf 89' lang='lat' dir='ltr'><strong>desideriis</strong></span> <span class='ocrx_word' id='word_1_658' title='bbox 1366 1946 1422 1973; x_wconf 90' lang='lat' dir='ltr'><strong>suis</strong></span> <span class='ocrx_word' id='word_1_659' title='bbox 1439 1946 1528 1973; x_wconf 86' lang='lat' dir='ltr'><strong>divina</strong></span> <span class='ocrx_word' id='word_1_660' title='bbox 1540 1946 1640 1981; x_wconf 88' lang='lat' dir='ltr'><strong>judicia</strong></span> <span class='ocrx_word' id='word_1_661' title='bbox 1655 1947 1790 1974; x_wconf 90' lang='lat' dir='ltr'><strong>contraire</strong></span> 
     </span>
    </p>
   </div>
   <div class='ocr_carea' id='block_1_93' title="bbox 1004 1990 1791 2025">
    <p class='ocr_par' dir='ltr' id='par_1_93' title="bbox 1004 1990 1791 2025">
     <span class='ocr_line' id='line_1_93' title="bbox 1004 1990 1791 2025; baseline 0.005 -10"><span class='ocrx_word' id='word_1_662' title='bbox 1004 1990 1183 2024; x_wconf 85' lang='lat' dir='ltr'><strong>conspiciunt,</strong></span> <span class='ocrx_word' id='word_1_663' title='bbox 1200 1991 1296 2018; x_wconf 87' lang='lat' dir='ltr'><strong>astutis</strong></span> <span class='ocrx_word' id='word_1_664' title='bbox 1316 1990 1374 2025; x_wconf 85' lang='lat' dir='ltr'><strong>ejus</strong></span> <span class='ocrx_word' id='word_1_665' title='bbox 1396 1991 1523 2019; x_wconf 88' lang='lat' dir='ltr'><strong>reluctari</strong></span> <span class='ocrx_word' id='word_1_666' title='bbox 1548 1992 1791 2020; x_wconf 88' lang='lat' dir='ltr'><strong>machinationibus</strong></span> 
     </span>
    </p>
   </div>
   <div class='ocr_carea' id='block_1_94' title="bbox 1005 2038 1792 2074">
    <p class='ocr_par' dir='ltr' id='par_1_94' title="bbox 1005 2038 1792 2074">
     <span class='ocr_line' id='line_1_94' title="bbox 1005 2038 1792 2074; baseline 0.006 -13"><span class='ocrx_word' id='word_1_667' title='bbox 1005 2039 1144 2067; x_wconf 88' lang='lat' dir='ltr'><strong>conantur,</strong></span> <span class='ocrx_word' id='word_1_668' title='bbox 1158 2041 1184 2063; x_wconf 91' lang='lat' dir='ltr'><strong>ct</strong></span> <span class='ocrx_word' id='word_1_669' title='bbox 1194 2044 1247 2071; x_wconf 85' lang='lat' dir='ltr'><strong>quo</strong></span> <span class='ocrx_word' id='word_1_670' title='bbox 1262 2038 1295 2064; x_wconf 87' lang='lat' dir='ltr'><strong>ad</strong></span> <span class='ocrx_word' id='word_1_671' title='bbox 1309 2042 1399 2065; x_wconf 66' lang='lat' dir='ltr'><strong>totum</strong></span> <span class='ocrx_word' id='word_1_672' title='bbox 1411 2046 1488 2065; x_wconf 89' lang='lat' dir='ltr'><strong>suum</strong></span> <span class='ocrx_word' id='word_1_673' title='bbox 1499 2039 1553 2066; x_wconf 91' lang='lat' dir='ltr'><strong>vim</strong></span> <span class='ocrx_word' id='word_1_674' title='bbox 1565 2046 1687 2073; x_wconf 79' lang='lat' dir='ltr'><strong>supernae</strong></span> <span class='ocrx_word' id='word_1_675' title='bbox 1701 2039 1792 2074; x_wconf 88' lang='lat' dir='ltr'><strong>dispo-</strong></span> 
     </span>
    </p>
   </div>
   <div class='ocr_carea' id='block_1_95' title="bbox 1003 2082 1789 2120">
    <p class='ocr_par' dir='ltr' id='par_1_95' title="bbox 1003 2082 1789 2120">
     <span class='ocr_line' id='line_1_95' title="bbox 1003 2082 1789 2120; baseline 0.008 -13"><span class='ocrx_word' id='word_1_676' title='bbox 1003 2082 1110 2109; x_wconf 82' lang='lat' dir='ltr'><strong>sitionis</strong></span> <span class='ocrx_word' id='word_1_677' title='bbox 1123 2082 1288 2117; x_wconf 86' lang='lat' dir='ltr'><strong>intorquent,</strong></span> <span class='ocrx_word' id='word_1_678' title='bbox 1303 2084 1406 2111; x_wconf 89' lang='lat' dir='ltr'><strong>callidis</strong></span> <span class='ocrx_word' id='word_1_679' title='bbox 1421 2085 1629 2120; x_wconf 78' lang='lat' dir='ltr'><strong>cogitationibus</strong></span> <span class='ocrx_word' id='word_1_680' title='bbox 1651 2085 1789 2118; x_wconf 87' lang='lat' dir='ltr'><strong>insistunt,</strong></span> 
     </span>
    </p>
   </div>
   <div class='ocr_carea' id='block_1_96' title="bbox 1003 2127 1790 2163">
    <p class='ocr_par' dir='ltr' id='par_1_96' title="bbox 1003 2127 1790 2163">
     <span class='ocr_line' id='line_1_96' title="bbox 1003 2127 1790 2163; baseline 0.005 -10"><span class='ocrx_word' id='word_1_681' title='bbox 1003 2127 1143 2153; x_wconf 84' lang='lat' dir='ltr'><strong>subtiliora</strong></span> <span class='ocrx_word' id='word_1_682' title='bbox 1157 2128 1268 2155; x_wconf 88' lang='lat' dir='ltr'><strong>consilia</strong></span> <span class='ocrx_word' id='word_1_683' title='bbox 1286 2129 1440 2163; x_wconf 79' lang='lat' dir='ltr'><strong>exquirunt.</strong></span> <span class='ocrx_word' id='word_1_684' title='bbox 1466 2128 1519 2157; x_wconf 90' lang='lat' dir='ltr'><strong>Sed</strong></span> <span class='ocrx_word' id='word_1_685' title='bbox 1543 2129 1604 2157; x_wconf 88' lang='lat' dir='ltr'><strong>inde</strong></span> <span class='ocrx_word' id='word_1_686' title='bbox 1627 2130 1790 2158; x_wconf 88' lang='lat' dir='ltr'><strong>voluntatem</strong></span> 
     </span>
    </p>
   </div>
   <div class='ocr_carea' id='block_1_97' title="bbox 1004 2172 1792 2213">
    <p class='ocr_par' dir='ltr' id='par_1_97' title="bbox 1004 2172 1792 2213">
     <span class='ocr_line' id='line_1_97' title="bbox 1004 2172 1792 2213; baseline 0.009 -14"><span class='ocrx_word' id='word_1_687' title='bbox 1004 2172 1050 2199; x_wconf 78' lang='lat' dir='ltr'><strong>Dei</strong></span> <span class='ocrx_word' id='word_1_688' title='bbox 1059 2178 1199 2208; x_wconf 75' lang='lat' dir='ltr'><strong>peragunt,</strong></span> <span class='ocrx_word' id='word_1_689' title='bbox 1209 2174 1279 2201; x_wconf 87' lang='lat' dir='ltr'><strong>unde</strong></span> <span class='ocrx_word' id='word_1_690' title='bbox 1287 2174 1356 2202; x_wconf 89' lang='lat' dir='ltr'><strong>hanc</strong></span> <span class='ocrx_word' id='word_1_691' title='bbox 1369 2175 1510 2203; x_wconf 88' lang='lat' dir='ltr'><strong>imnmlare</strong></span> <span class='ocrx_word' id='word_1_692' title='bbox 1518 2177 1698 2211; x_wconf 88' lang='lat' dir='ltr'><strong>contendunt;</strong></span> <span class='ocrx_word' id='word_1_693' title='bbox 1710 2181 1792 2213; x_wconf 91' lang='lat' dir='ltr'><strong>atque</strong></span> 
     </span>
    </p>
   </div>
   <div class='ocr_carea' id='block_1_98' title="bbox 1003 2218 1790 2257">
    <p class='ocr_par' dir='ltr' id='par_1_98' title="bbox 1003 2218 1790 2257">
     <span class='ocr_line' id='line_1_98' title="bbox 1003 2218 1790 2257; baseline 0.009 -13"><span class='ocrx_word' id='word_1_694' title='bbox 1003 2218 1195 2253; x_wconf 90' lang='lat' dir='ltr'><strong>omnipotentis</strong></span> <span class='ocrx_word' id='word_1_695' title='bbox 1215 2219 1263 2247; x_wconf 88' lang='lat' dir='ltr'><strong>Dei</strong></span> <span class='ocrx_word' id='word_1_696' title='bbox 1288 2220 1400 2248; x_wconf 87' lang='lat' dir='ltr'><strong>consilio</strong></span> <span class='ocrx_word' id='word_1_697' title='bbox 1424 2221 1488 2248; x_wconf 91' lang='lat' dir='ltr'><strong>dum</strong></span> <span class='ocrx_word' id='word_1_698' title='bbox 1511 2222 1636 2250; x_wconf 88' lang='lat' dir='ltr'><strong>resistere</strong></span> <span class='ocrx_word' id='word_1_699' title='bbox 1658 2223 1790 2257; x_wconf 88' lang='lat' dir='ltr'><strong>nituntur,</strong></span> 
     </span>
    </p>
   </div>
   <div class='ocr_carea' id='block_1_99' title="bbox 1003 2264 1794 2305">
    <p class='ocr_par' dir='ltr' id='par_1_99' title="bbox 1003 2264 1794 2305">
     <span class='ocr_line' id='line_1_99' title="bbox 1003 2264 1794 2305; baseline 0.01 -15"><span class='ocrx_word' id='word_1_700' title='bbox 1003 2264 1197 2299; x_wconf 86' lang='lat' dir='ltr'><strong>obsequuntur,</strong></span> <span class='ocrx_word' id='word_1_701' title='bbox 1214 2266 1276 2301; x_wconf 89' lang='lat' dir='ltr'><strong>quia</strong></span> <span class='ocrx_word' id='word_1_702' title='bbox 1293 2274 1362 2301; x_wconf 72' lang='lat' dir='ltr'><strong>saepe</strong></span> <span class='ocrx_word' id='word_1_703' title='bbox 1372 2271 1399 2294; x_wconf 90' lang='lat' dir='ltr'><strong>et</strong></span> <span class='ocrx_word' id='word_1_704' title='bbox 1413 2267 1464 2295; x_wconf 91' lang='lat' dir='ltr'><strong>hoc</strong></span> <span class='ocrx_word' id='word_1_705' title='bbox 1478 2268 1536 2303; x_wconf 84' lang='lat' dir='ltr'><strong>ejus</strong></span> <span class='ocrx_word' id='word_1_706' title='bbox 1551 2268 1718 2304; x_wconf 88' lang='lat' dir='ltr'><strong>dispositioni</strong></span> <span class='ocrx_word' id='word_1_707' title='bbox 1731 2275 1794 2305; x_wconf 76' lang='lat' dir='ltr'><strong>apte</strong></span> 
     </span>
    </p>
   </div>
   <div class='ocr_carea' id='block_1_100' title="bbox 1004 2309 1791 2346">
    <p class='ocr_par' dir='ltr' id='par_1_100' title="bbox 1004 2309 1791 2346">
     <span class='ocr_line' id='line_1_100' title="bbox 1004 2309 1791 2346; baseline 0.009 -10"><span class='ocrx_word' id='word_1_708' title='bbox 1004 2309 1111 2343; x_wconf 85' lang='lat' dir='ltr'><strong>militat,</strong></span> <span class='ocrx_word' id='word_1_709' title='bbox 1128 2310 1199 2344; x_wconf 91' lang='lat' dir='ltr'><strong>quod</strong></span> <span class='ocrx_word' id='word_1_710' title='bbox 1224 2311 1248 2338; x_wconf 93' lang='lat' dir='ltr'><strong>ei</strong></span> <span class='ocrx_word' id='word_1_711' title='bbox 1270 2319 1318 2346; x_wconf 88' lang='lat' dir='ltr'><strong>per</strong></span> <span class='ocrx_word' id='word_1_712' title='bbox 1337 2312 1485 2339; x_wconf 88' lang='lat' dir='ltr'><strong>humanum</strong></span> <span class='ocrx_word' id='word_1_713' title='bbox 1505 2313 1624 2341; x_wconf 90' lang='lat' dir='ltr'><strong>studium</strong></span> <span class='ocrx_word' id='word_1_714' title='bbox 1638 2313 1734 2342; x_wconf 86' lang='lat' dir='ltr'><strong>frivole</strong></span> <span class='ocrx_word' id='word_1_715' title='bbox 1747 2324 1791 2343; x_wconf 89' lang='lat' dir='ltr'><strong>rc-</strong></span> 
     </span>
    </p>
   </div>
   <div class='ocr_carea' id='block_1_101' title="bbox 1004 2355 1793 2397">
    <p class='ocr_par' dir='ltr' id='par_1_101' title="bbox 1004 2355 1793 2397">
     <span class='ocr_line' id='line_1_101' title="bbox 1004 2355 1793 2397; baseline 0.008 -14"><span class='ocrx_word' id='word_1_716' title='bbox 1004 2355 1086 2383; x_wconf 84' lang='lat' dir='ltr'><strong>sultat</strong></span> <span class='ocrx_word' id='word_1_717' title='bbox 1098 2356 1168 2383; x_wconf 89' lang='lat' dir='ltr'><strong>sicut</strong></span> <span class='ocrx_word' id='word_1_718' title='bbox 1182 2357 1310 2392; x_wconf 84' lang='lat' dir='ltr'><strong>scripturn</strong></span> <span class='ocrx_word' id='word_1_719' title='bbox 1323 2362 1364 2385; x_wconf 87' lang='lat' dir='ltr'><strong>est</strong></span> <span class='ocrx_word' id='word_1_720' title='bbox 1377 2367 1383 2384; x_wconf 89' lang='lat'><strong>:</strong></span> <span class='ocrx_word' id='word_1_721' title='bbox 1396 2357 1448 2390; x_wconf 84' lang='lat' dir='ltr'><strong>Qui</strong></span> <span class='ocrx_word' id='word_1_722' title='bbox 1462 2360 1655 2394; x_wconf 84' lang='lat' dir='ltr'><strong>comprehendit</strong></span> <span class='ocrx_word' id='word_1_723' title='bbox 1665 2362 1793 2397; x_wconf 78' lang='lat' dir='ltr'><strong>sapientes</strong></span> 
     </span>
    </p>
   </div>
   <div class='ocr_carea' id='block_1_102' title="bbox 996 2400 1792 2441">
    <p class='ocr_par' dir='ltr' id='par_1_102' title="bbox 996 2400 1792 2441">
     <span class='ocr_line' id='line_1_102' title="bbox 996 2400 1792 2441; baseline 0.011 -14"><span class='ocrx_word' id='word_1_724' title='bbox 996 2400 1031 2428; x_wconf 69' lang='lat' dir='ltr'><strong>in</strong></span> <span class='ocrx_word' id='word_1_725' title='bbox 1046 2401 1143 2427; x_wconf 78' lang='lat' dir='ltr'><strong>astutia</strong></span> <span class='ocrx_word' id='word_1_726' title='bbox 1156 2410 1245 2428; x_wconf 85' lang='lat' dir='ltr'><strong>eorum</strong></span> <span class='ocrx_word' id='word_1_727' title='bbox 1259 2401 1328 2437; x_wconf 83' lang='lat' dir='ltr'><strong>(Job.</strong></span> <span class='ocrx_word' id='word_1_728' title='bbox 1345 2404 1382 2439; x_wconf 67' lang='grc' dir='ltr'><strong>ν).</strong></span> <span class='ocrx_word' id='word_1_729' title='bbox 1402 2403 1430 2430; x_wconf 91' lang='lat' dir='ltr'><strong>In</strong></span> <span class='ocrx_word' id='word_1_730' title='bbox 1442 2405 1540 2432; x_wconf 85' lang='lat' dir='ltr'><strong>astutia</strong></span> <span class='ocrx_word' id='word_1_731' title='bbox 1556 2414 1672 2441; x_wconf 87' lang='lat' dir='ltr'><strong>namque</strong></span> <span class='ocrx_word' id='word_1_732' title='bbox 1685 2415 1734 2435; x_wconf 87' lang='lat' dir='ltr'><strong>sua</strong></span> <span class='ocrx_word' id='word_1_733' title='bbox 1747 2415 1792 2435; x_wconf 87' lang='lat' dir='ltr'><strong>sa-</strong></span> 
     </span>
    </p>
   </div>
   <div class='ocr_carea' id='block_1_103' title="bbox 1004 2446 1793 2484">
    <p class='ocr_par' dir='ltr' id='par_1_103' title="bbox 1004 2446 1793 2484">
     <span class='ocr_line' id='line_1_103' title="bbox 1004 2446 1793 2484; baseline 0.01 -12"><span class='ocrx_word' id='word_1_734' title='bbox 1004 2446 1108 2481; x_wconf 84' lang='lat' dir='ltr'><strong>pientes</strong></span> <span class='ocrx_word' id='word_1_735' title='bbox 1121 2447 1340 2481; x_wconf 84' lang='lat' dir='ltr'><strong>comprehendit,</strong></span> <span class='ocrx_word' id='word_1_736' title='bbox 1354 2449 1461 2483; x_wconf 88' lang='lat' dir='ltr'><strong>quando</strong></span> <span class='ocrx_word' id='word_1_737' title='bbox 1472 2449 1530 2484; x_wconf 89' lang='lat' dir='ltr'><strong>ejus</strong></span> <span class='ocrx_word' id='word_1_738' title='bbox 1544 2451 1663 2479; x_wconf 91' lang='lat' dir='ltr'><strong>consiliis</strong></span> <span class='ocrx_word' id='word_1_739' title='bbox 1676 2452 1793 2480; x_wconf 86' lang='lat' dir='ltr'><strong>humana</strong></span> 
     </span>
    </p>
   </div>
   <div class='ocr_carea' id='block_1_104' title="bbox 1005 2493 1789 2531">
    <p class='ocr_par' dir='ltr' id='par_1_104' title="bbox 1005 2493 1789 2531">
     <span class='ocr_line' id='line_1_104' title="bbox 1005 2493 1789 2531; baseline 0.008 -11"><span class='ocrx_word' id='word_1_740' title='bbox 1005 2493 1076 2521; x_wconf 87' lang='lat' dir='ltr'><strong>facta</strong></span> <span class='ocrx_word' id='word_1_741' title='bbox 1097 2494 1178 2522; x_wconf 90' lang='lat' dir='ltr'><strong>etiam</strong></span> <span class='ocrx_word' id='word_1_742' title='bbox 1200 2499 1263 2522; x_wconf 92' lang='lat' dir='ltr'><strong>tunc</strong></span> <span class='ocrx_word' id='word_1_743' title='bbox 1283 2503 1400 2530; x_wconf 78' lang='lat' dir='ltr'><strong>congrue</strong></span> <span class='ocrx_word' id='word_1_744' title='bbox 1423 2498 1553 2531; x_wconf 84' lang='lat' dir='ltr'><strong>serviunt,</strong></span> <span class='ocrx_word' id='word_1_745' title='bbox 1567 2506 1628 2526; x_wconf 91' lang='lat' dir='ltr'><strong>cum</strong></span> <span class='ocrx_word' id='word_1_746' title='bbox 1654 2499 1789 2526; x_wconf 89' lang='lat' dir='ltr'><strong>resistunt.</strong></span> 
     </span>
    </p>
   </div>
   <div class='ocr_carea' id='block_1_105' title="bbox 1006 2539 1787 2574">
    <p class='ocr_par' dir='ltr' id='par_1_105' title="bbox 1006 2539 1787 2574">
     <span class='ocr_line' id='line_1_105' title="bbox 1006 2539 1787 2574; baseline 0.004 -7"><span class='ocrx_word' id='word_1_747' title='bbox 1006 2539 1083 2567; x_wconf 78' lang='lat' dir='ltr'><strong>Unde</strong></span> <span class='ocrx_word' id='word_1_748' title='bbox 1096 2544 1122 2566; x_wconf 91' lang='lat' dir='ltr'><strong>et</strong></span> <span class='ocrx_word' id='word_1_749' title='bbox 1134 2548 1183 2574; x_wconf 90' lang='lat' dir='ltr'><strong>per</strong></span> <span class='ocrx_word' id='word_1_750' title='bbox 1198 2540 1367 2567; x_wconf 83' lang='lat' dir='ltr'><strong>Psalmistam</strong></span> <span class='ocrx_word' id='word_1_751' title='bbox 1382 2542 1499 2569; x_wconf 84' lang='lat' dir='ltr'><strong>dicitur:</strong></span> <span class='ocrx_word' id='word_1_752' title='bbox 1514 2542 1593 2570; x_wconf 85' lang='lat' dir='ltr'><strong>Novit</strong></span> <span class='ocrx_word' id='word_1_753' title='bbox 1606 2543 1733 2570; x_wconf 77' lang='lat' dir='ltr'><strong>Dominus</strong></span> <span class='ocrx_word' id='word_1_754' title='bbox 1747 2552 1787 2570; x_wconf 82' lang='lat' dir='ltr'><strong>co-</strong></span> 
     </span>
    </p>
   </div>
   <div class='ocr_carea' id='block_1_106' title="bbox 1005 2584 1790 2623">
    <p class='ocr_par' dir='ltr' id='par_1_106' title="bbox 1005 2584 1790 2623">
     <span class='ocr_line' id='line_1_106' title="bbox 1005 2584 1790 2623; baseline 0.008 -14"><span class='ocrx_word' id='word_1_755' title='bbox 1005 2584 1142 2618; x_wconf 81' lang='lat' dir='ltr'><strong>gitationes</strong></span> <span class='ocrx_word' id='word_1_756' title='bbox 1157 2585 1302 2617; x_wconf 83' lang='lat' dir='ltr'><strong>hominum,</strong></span> <span class='ocrx_word' id='word_1_757' title='bbox 1315 2586 1438 2621; x_wconf 86' lang='lat' dir='ltr'><strong>quoniam</strong></span> <span class='ocrx_word' id='word_1_758' title='bbox 1453 2595 1526 2614; x_wconf 73' lang='lat' dir='ltr'><strong>vana:</strong></span> <span class='ocrx_word' id='word_1_759' title='bbox 1541 2591 1600 2614; x_wconf 80' lang='lat' dir='ltr'><strong>sunt</strong></span> <span class='ocrx_word' id='word_1_760' title='bbox 1612 2586 1670 2622; x_wconf 75' lang='lat' dir='ltr'><strong>(Ps.</strong></span> <span class='ocrx_word' id='word_1_761' title='bbox 1684 2588 1790 2623; x_wconf 77' lang='lat' dir='ltr'><strong>xcxIII).</strong></span> 
     </span>
    </p>
   </div>
   <div class='ocr_carea' id='block_1_107' title="bbox 1005 2631 1792 2670">
    <p class='ocr_par' dir='ltr' id='par_1_107' title="bbox 1005 2631 1792 2670">
     <span class='ocr_line' id='line_1_107' title="bbox 1005 2631 1792 2670; baseline 0.005 -12"><span class='ocrx_word' id='word_1_762' title='bbox 1005 2631 1082 2664; x_wconf 80' lang='lat' dir='ltr'><strong>Quod</strong></span> <span class='ocrx_word' id='word_1_763' title='bbox 1096 2632 1191 2659; x_wconf 90' lang='lat' dir='ltr'><strong>melius</strong></span> <span class='ocrx_word' id='word_1_764' title='bbox 1202 2633 1378 2666; x_wconf 84' lang='lat' dir='ltr'><strong>ostendimus,</strong></span> <span class='ocrx_word' id='word_1_765' title='bbox 1391 2634 1412 2661; x_wconf 90' lang='lat' dir='ltr'><strong>si</strong></span> <span class='ocrx_word' id='word_1_766' title='bbox 1428 2642 1512 2668; x_wconf 84' lang='lat' dir='ltr'><strong>pauca</strong></span> <span class='ocrx_word' id='word_1_767' title='bbox 1525 2635 1557 2662; x_wconf 90' lang='lat' dir='ltr'><strong>ad</strong></span> <span class='ocrx_word' id='word_1_768' title='bbox 1571 2634 1688 2661; x_wconf 90' lang='lat' dir='ltr'><strong>medium</strong></span> <span class='ocrx_word' id='word_1_769' title='bbox 1703 2639 1792 2670; x_wconf 74' lang='lat' dir='ltr'><strong>gesta-</strong></span> 
     </span>
    </p>
   </div>
   <div class='ocr_carea' id='block_1_108' title="bbox 1006 2677 1791 2714">
    <p class='ocr_par' dir='ltr' id='par_1_108' title="bbox 1006 2677 1791 2714">
     <span class='ocr_line' id='line_1_108' title="bbox 1006 2677 1791 2714; baseline 0.004 -11"><span class='ocrx_word' id='word_1_770' title='bbox 1006 2684 1066 2703; x_wconf 91' lang='lat' dir='ltr'><strong>rum</strong></span> <span class='ocrx_word' id='word_1_771' title='bbox 1090 2684 1180 2704; x_wconf 89' lang='lat' dir='ltr'><strong>rerum</strong></span> <span class='ocrx_word' id='word_1_772' title='bbox 1203 2677 1324 2712; x_wconf 88' lang='lat' dir='ltr'><strong>exempla</strong></span> <span class='ocrx_word' id='word_1_773' title='bbox 1339 2678 1517 2713; x_wconf 85' lang='lat' dir='ltr'><strong>proferamus.</strong></span> <span class='ocrx_word' id='word_1_774' title='bbox 1539 2678 1638 2714; x_wconf 84' lang='lat' dir='ltr'><strong>Joseph</strong></span> <span class='ocrx_word' id='word_1_775' title='bbox 1658 2680 1791 2707; x_wconf 87' lang='lat' dir='ltr'><strong>somnium</strong></span> 
     </span>
    </p>
   </div>
   <div class='ocr_carea' id='block_1_109' title="bbox 1006 2721 1794 2760">
    <p class='ocr_par' dir='ltr' id='par_1_109' title="bbox 1006 2721 1794 2760">
     <span class='ocr_line' id='line_1_109' title="bbox 1006 2721 1794 2760; baseline 0.006 -13"><span class='ocrx_word' id='word_1_776' title='bbox 1006 2721 1120 2753; x_wconf 87' lang='lat' dir='ltr'><strong>viderat,</strong></span> <span class='ocrx_word' id='word_1_777' title='bbox 1136 2722 1208 2757; x_wconf 86' lang='lat' dir='ltr'><strong>quod</strong></span> <span class='ocrx_word' id='word_1_778' title='bbox 1229 2723 1263 2750; x_wconf 91' lang='lat' dir='ltr'><strong>ad</strong></span> <span class='ocrx_word' id='word_1_779' title='bbox 1278 2730 1356 2750; x_wconf 88' lang='lat' dir='ltr'><strong>suum</strong></span> <span class='ocrx_word' id='word_1_780' title='bbox 1377 2723 1541 2758; x_wconf 88' lang='lat' dir='ltr'><strong>manipulum</strong></span> <span class='ocrx_word' id='word_1_781' title='bbox 1559 2722 1672 2752; x_wconf 87' lang='lat' dir='ltr'><strong>fratrum</strong></span> <span class='ocrx_word' id='word_1_782' title='bbox 1691 2726 1749 2760; x_wconf 85' lang='lat' dir='ltr'><strong>ejus</strong></span> <span class='ocrx_word' id='word_1_783' title='bbox 1765 2734 1794 2753; x_wconf 82' lang='lat' dir='ltr'><strong>sc</strong></span> 
     </span>
    </p>
   </div>
   <div class='ocr_carea' id='block_1_110' title="bbox 1006 2766 1793 2804">
    <p class='ocr_par' dir='ltr' id='par_1_110' title="bbox 1006 2766 1793 2804">
     <span class='ocr_line' id='line_1_110' title="bbox 1006 2766 1793 2804; baseline 0.005 -12"><span class='ocrx_word' id='word_1_784' title='bbox 1006 2766 1135 2800; x_wconf 86' lang='lat' dir='ltr'><strong>manipuli</strong></span> <span class='ocrx_word' id='word_1_785' title='bbox 1153 2768 1370 2801; x_wconf 86' lang='lat' dir='ltr'><strong>prosternebant.</strong></span> <span class='ocrx_word' id='word_1_786' title='bbox 1388 2768 1526 2795; x_wconf 91' lang='lat' dir='ltr'><strong>Somnium</strong></span> <span class='ocrx_word' id='word_1_787' title='bbox 1540 2769 1653 2802; x_wconf 75' lang='lat' dir='ltr'><strong>viderat,</strong></span> <span class='ocrx_word' id='word_1_788' title='bbox 1669 2771 1738 2804; x_wconf 84' lang='lat' dir='ltr'><strong>quod</strong></span> <span class='ocrx_word' id='word_1_789' title='bbox 1755 2771 1793 2797; x_wconf 86' lang='lat' dir='ltr'><strong>sol</strong></span> 
     </span>
    </p>
   </div>
   <div class='ocr_carea' id='block_1_111' title="bbox 1007 2811 1793 2849">
    <p class='ocr_par' dir='ltr' id='par_1_111' title="bbox 1007 2811 1793 2849">
     <span class='ocr_line' id='line_1_111' title="bbox 1007 2811 1793 2849; baseline 0.006 -12"><span class='ocrx_word' id='word_1_790' title='bbox 1007 2819 1038 2837; x_wconf 87' lang='lat' dir='ltr'><strong>ac</strong></span> <span class='ocrx_word' id='word_1_791' title='bbox 1054 2811 1114 2837; x_wconf 83' lang='lat' dir='ltr'><strong>luna</strong></span> <span class='ocrx_word' id='word_1_792' title='bbox 1133 2819 1161 2838; x_wconf 85' lang='lat' dir='ltr'><strong>se</strong></span> <span class='ocrx_word' id='word_1_793' title='bbox 1175 2819 1235 2839; x_wconf 89' lang='lat' dir='ltr'><strong>cum</strong></span> <span class='ocrx_word' id='word_1_794' title='bbox 1252 2813 1361 2846; x_wconf 85' lang='lat' dir='ltr'><strong>reliquis</strong></span> <span class='ocrx_word' id='word_1_795' title='bbox 1381 2812 1463 2839; x_wconf 79' lang='lat' dir='ltr'><strong>stellis</strong></span> <span class='ocrx_word' id='word_1_796' title='bbox 1475 2814 1632 2841; x_wconf 85' lang='lat' dir='ltr'><strong>adorabant.</strong></span> <span class='ocrx_word' id='word_1_797' title='bbox 1652 2817 1716 2849; x_wconf 61' lang='lat' dir='ltr'><strong>Quae</strong></span> <span class='ocrx_word' id='word_1_798' title='bbox 1732 2816 1793 2849; x_wconf 81' lang='lat' dir='ltr'><strong>quia</strong></span> 
     </span>
    </p>
   </div>
   <div class='ocr_carea' id='block_1_112' title="bbox 1007 2855 1794 2894">
    <p class='ocr_par' dir='ltr' id='par_1_112' title="bbox 1007 2855 1794 2894">
     <span class='ocr_line' id='line_1_112' title="bbox 1007 2855 1794 2894; baseline 0.008 -13"><span class='ocrx_word' id='word_1_799' title='bbox 1007 2855 1049 2890; x_wconf 87' lang='lat' dir='ltr'><strong>pic</strong></span> <span class='ocrx_word' id='word_1_800' title='bbox 1071 2856 1199 2884; x_wconf 79' lang='lat' dir='ltr'><strong>fratribus</strong></span> <span class='ocrx_word' id='word_1_801' title='bbox 1215 2857 1315 2890; x_wconf 85' lang='lat' dir='ltr'><strong>retulit,</strong></span> <span class='ocrx_word' id='word_1_802' title='bbox 1331 2865 1423 2885; x_wconf 87' lang='lat' dir='ltr'><strong>eorum</strong></span> <span class='ocrx_word' id='word_1_803' title='bbox 1446 2859 1527 2886; x_wconf 87' lang='lat' dir='ltr'><strong>corda</strong></span> <span class='ocrx_word' id='word_1_804' title='bbox 1553 2859 1676 2894; x_wconf 87' lang='lat' dir='ltr'><strong>protinus</strong></span> <span class='ocrx_word' id='word_1_805' title='bbox 1701 2859 1794 2887; x_wconf 64' lang='lat' dir='ltr'><strong>futuris</strong></span> 
     </span>
    </p>
   </div>
  </div>
