3970 6198
512 312 607 371 631

1170 314 1230 369 Β.
1272 314 1524 370 RABANI
1563 314 1777 373 MAURI
1816 316 2133 372 AliClllEP.
2177 313 2479 371 MBGUNT.
2516 313 2797 369 OPERl‘M
2842 283 3097 384 PARS].

3640 316 3736 371 6ὗί

509 421 889 482 dominationis
913 426 1113 483 invidia
1137 443 1407 499 pavorque
1427 431 1707 500 percussit.
1740 431 1979 501 Cumque
2010 428 2076 483 ad
2109 433 2151 490 A
2180 437 2283 482 ctu.
2320 425 2444 480 Post
2471 426 2659 481 multos
2686 427 2859 496 itaque
2879 425 3008 490 dies,
3026 426 3152 495 jecit
3185 425 3399 481 domina
3424 427 3603 483 oculos
3630 449 3740 487 sues

508 526 569 571 Se
605 514 748 571 hunc
787 518 974 573 venire
1020 520 1411 589 conspicerent,
1459 521 1662 576 malitia
1708 535 1765 576 se
1803 530 2075 578 vertentes

506 604 794 661 dixerunt:
820 606 956 662 Ecce
990 610 1274 663 somniator
1314 613 1491 665 venit:
1521 609 1729 678 Venite,
1776 614 2074 667 occidamus

505 712 641 761 eum,
687 707 736 752 et
777 698 1044 754 videamus
1085 702 1211 771 quid
1257 703 1337 756 illi
1383 704 1668 773 proderunt
1710 707 1915 760 somnia
1951 723 2069 760 sua.

504 783 745 858 Cumque
767 803 825 843 se
854 788 1042 858 subjici
1072 792 1186 861 ejus
1213 793 1448 848 dominio
1473 802 1746 860 metuunt,
1775 796 2070 851 somniato—

505 891 622 933 rem
651 878 706 933 in
737 889 955 951 puteum
996 884 1296 954 deponunt,
1328 901 1558 956 eumque
1585 887 1865 943 lsmaelitis
1893 896 2072 944 trans-

503 969 755 1024 euntibus
780 972 1033 1028 vendunt.
1056 974 1156 1041 Qui
1187 975 1239 1030 in
1269 974 1559 1048 Egyptum
1587 979 1797 1044 ductus,
1826 980 2070 1035 servituti

502 1058 769 1126 subditus,
794 1060 1020 1117 luxuriae
1066 1067 1407 1123 accusatione
1449 1066 1765 1136 damnatus,
1791 1070 2073 1126 charitatis

502 1151 696 1205 merito
749 1150 1001 1220 adjutus,
1048 1157 1343 1227 prophetiae
1372 1156 1579 1227 judicio
1625 1168 1875 1231 ereptus,
1925 1162 2070 1216 omni

498 1236 734 1309 Egypto
760 1241 1034 1311 oprtelatus
1075 1254 1174 1301 est.
1211 1246 1315 1302 Per
1358 1262 1643 1318 supernam
1689 1265 1817 1307 vero
1854 1252 2069 1322 sapien-

498 1328 628 1384 tiam
656 1331 910 1411 providus
932 1333 1200 1391 frumenta
1226 1339 1518 1410 congessit,
1539 1348 1596 1395 et
1623 1340 1806 1396 futuro
1829 1341 2071 1411 periculo

496 1425 834 1489 necessitatis
860 1428 1114 1483 obviavit.
1143 1428 1385 1502 Cumque
1414 1433 1469 1487 in
1497 1435 1682 1490 orbem
1709 1434 1866 1490 famis
1892 1436 2070 1491 inhor-

496 1511 623 1578 ruit,
653 1513 719 1569 de
746 1515 1125 1573 alimentorum
1167 1522 1559 1592 prmparatione
1587 1523 1870 1589 sollicitus,
1901 1523 2069 1581 Iacob

496 1599 633 1657 ﬁlios
661 1603 716 1657 in
738 1603 1030 1677 Egyptum
1057 1609 1225 1676 misit,
1252 1612 1342 1682 qui
1373 1611 1762 1669 frumentorum
1788 1615 2069 1686 dispensa-

495 1693 625 1748 tioni
651 1699 994 1767 praepositum
1022 1698 1218 1771 Ioseph
1246 1704 1547 1761 nescientes
1575 1707 1871 1773 inveniunt,
1904 1717 2065 1778 atque

2174 518 2227 573 in
2256 518 2534 589 Joseplt,et
2556 520 2668 573 ait:
2696 518 2875 572 Dormi
2912 534 3132 573 mecum.
3174 517 3278 584 Qui
3317 535 3643 590 nequaquam
3661 540 3744 576 cc.

2170 609 2435 678 quiescens
2463 608 2604 676 operi
2630 606 2857 675 nefario,
2878 606 3009 660 dixit
3040 606 3109 660 ad
3147 622 3262 661 eam
3285 621 3303 658 :
3329 607 3464 663 Ecce
3506 609 3741 665 dominus

2170 713 2334 759 meus,
2374 696 2610 749 omnibus
2646 696 2775 749 mihi
2809 696 3042 762 traditis,
3067 697 3275 775 ignorat
3318 698 3445 769 quid
3476 700 3661 755 habeat
3691 703 3742 757 in

2170 785 2323 838 domo
2344 801 2461 850 sua,
2490 801 2580 838 nec
2606 785 2890 856 quidquam
2922 797 2995 840 est
3024 787 3164 857 quod
3194 804 3296 842 non
3332 788 3384 843 in
3412 805 3527 843 mea
3556 793 3623 845 sit
3655 809 3742 862 po—

2171 886 2371 941 testate,
2400 876 2476 930 vel
2519 893 2619 930 non
2662 877 2939 932 tradiderit
2984 879 3135 945 mihi,
3162 892 3351 949 printer
3380 892 3447 946 te,
3473 899 3591 954 qua:
3615 900 3745 939 uxor

2169 967 2283 1035 ejus
2314 983 2386 1020 es.
2419 965 2691 1031 Quomodo
2730 984 2852 1038 ergo
2879 965 3089 1036 poésum
3127 969 3323 1023 malum
3351 972 3449 1026 hoc
3476 974 3667 1043 facere,
3697 988 3742 1030 et

2168 1074 2379 1129 peccare
2404 1060 2458 1111 in
2482 1058 2650 1112 Deum
2676 1074 2846 1112 meum
2863 1060 2890 1112 ?
2919 1059 3299 1130 Hujuscemodi
3325 1062 3490 1118 verbis
3512 1082 3606 1134 per
3640 1068 3745 1120 sin-

2168 1146 2316 1217 gulos
2354 1147 2463 1201 dies
2500 1156 2546 1200 et
2588 1146 2778 1201 mulier
2803 1147 3021 1202 molesta
3057 1158 3170 1203 erat
3209 1149 3554 1217 adolescenti,
3583 1164 3631 1207 et
3660 1156 3744 1209 ille

2169 1237 2436 1291 recusabat
2483 1248 2743 1309 stuprum.
2788 1236 3016 1310 (Greg.)
3064 1240 3319 1311 Quisquis
3362 1245 3548 1300 mundi
3588 1247 3744 1316 hujus

2169 1328 2507 1384 successibus
2534 1328 2796 1394 elevatus,
2827 1329 3169 1386 lenocinante
3196 1333 3376 1388 cordis
3402 1331 3605 1399 laetitia,
3636 1347 3745 1393 ten-

2169 1417 2272 1473 tari
2317 1432 2375 1473 se
2412 1418 2635 1473 luxuria:
2683 1419 2917 1475 stimulis
2965 1421 3151 1487 sentit,
3176 1420 3383 1493 Ioseph
3424 1423 3631 1481 factum
3675 1429 3741 1483 ad

2167 1510 2484 1566 memoriam
2526 1520 2763 1577 revocet,
2794 1519 2850 1566 et
2884 1512 2939 1566 in
2969 1527 3099 1568 arce
3126 1528 3186 1569 se
3226 1517 3494 1571 castitatis
3542 1528 3736 1586 servat,

2167 1602 2257 1671 qui
2282 1602 2408 1657 dum
2437 1602 2539 1658 sibi
2570 1617 2602 1657 a
2624 1602 2841 1658 domina
2877 1604 3215 1675 conspiceret
3237 1607 3511 1676 pudicitia:
3542 1610 3733 1667 damna

2167 1692 2400 1759 suaderi,
2434 1694 2510 1749 ait
2534 1710 2548 1747 :

494 1794 549 1842 ut
584 1799 923 1845 mererentur
956 1791 1205 1848 alimenta
1230 1797 1531 1868 percipere,
1561 1813 1748 1854 eorum
1783 1799 2048 1870 dispensa-

2232 1784 2368 1839 Ecce
2401 1785 2642 1842 dominus
2685 1804 2851 1856 meus,
2891 1790 3133 1847 omnibus
3160 1791 3289 1849 mihi
3313 1793 3544 1859 traditis,
3589 1795 3734 1866 igno-

492 1886 661 1932 torem
704 1881 966 1950 compulsi
1010 1892 1137 1938 sunt
1181 1887 1368 1954 pronis
1418 1888 1474 1943 in
1518 1897 1720 1945 terram
1762 1892 2063 1949 cervicibus

490 1963 735 2023 adorare.
763 1959 1056 2027 Pensemus
1084 1973 1250 2044 igitur
1275 1985 1441 2049 gestae
1465 1978 1544 2032 rei
1569 1977 1831 2043 ordinem,
1869 1994 2061 2050 pense-

488 2071 610 2113 mus
631 2060 900 2133 quomodo
927 2064 1279 2134 cogitationes
1298 2066 1573 2123 hominum
1600 2069 1654 2123 in
1680 2069 1795 2140 ipsa
1816 2086 1912 2126 sua
1937 2087 2062 2143 pro-

486 2152 695 2210 visione
719 2156 803 2211 vis
837 2157 1014 2212 divina
1043 2161 1480 2230 comprehendat.
1511 2163 1637 2219 Ideo
1663 2164 1732 2220 ab
1759 2165 1839 2220 eis
1862 2163 2060 2235 Ioseph

486 2245 735 2303 venditus
776 2247 971 2317 fuerat,
1000 2267 1067 2307 ne
1096 2252 1430 2321 adoraretur,
1463 2255 1557 2311 sed
1598 2256 1718 2312 ideo
1754 2264 1845 2312 est
1873 2259 2061 2313 adora-

486 2346 592 2405 tus,
639 2339 762 2409 quia
802 2342 1071 2399 venditus.
1122 2344 1314 2400 Astute
1361 2362 1597 2418 namque
1646 2347 1849 2420 aliquid
1898 2365 2059 2421 agere

484 2430 603 2483 ausi
649 2438 792 2499 sunt,
824 2441 884 2487 ut
912 2433 1006 2489 Dei
1048 2436 1331 2491 consilium
1377 2446 1695 2506 mutaretur,
1731 2439 1826 2495 sed
1876 2440 2057 2495 divino

481 2516 682 2586 Iudicio
705 2522 849 2592 quod
872 2523 1142 2581 declinare
1166 2528 1342 2583 conati
1368 2539 1513 2593 sunt,
1543 2528 1823 2585 renitendo
1851 2531 2055 2586 servie-

483 2618 628 2667 runt.
656 2612 786 2669 Inde
823 2616 1019 2686 quippe
1058 2618 1231 2674 coacti
1273 2627 1397 2674 sunt
1443 2619 1538 2675 Dei
1577 2619 1904 2676 voluntatem
1936 2634 2057 2692 per.

482 2716 661 2776 agere,
685 2702 828 2763 unde
867 2705 1011 2765 hanc
1033 2707 1200 2769 moliti
1230 2717 1352 2770 sunt
1376 2716 1553 2771 astute
1579 2719 1929 2771 mumtutare.
1965 2717 2056 2773 Sic

482 2797 720 2854 divinum
745 2801 1027 2857 consilium
1054 2804 1179 2860 dum
1207 2806 1475 2861 devitatur
1500 2807 1818 2877 completur,
1846 2808 1927 2864 sic
1956 2808 2054 2863 hu-

482 2902 644 2953 mana
672 2890 936 2960 sapientia
963 2894 1088 2949 dum
1116 2894 1413 2951 reluctatur
1441 2897 1931 2968 comprehenditur.
1957 2897 2052 2953 Ti-

478 2988 733 3047 muerunt
769 2981 966 3041 fratres
997 3002 1067 3041 ne
1109 2985 1304 3059 Ioseph
1349 3003 1512 3059 super
1555 3003 1651 3045 eos
1689 3001 2048 3051 excresceret.

2162 1884 2243 1929 rat
2264 1875 2390 1946 quid
2416 1875 2603 1931 habeat
2629 1878 2685 1932 in
2713 1877 2868 1934 domo
2895 1895 3016 1945 sua,
3042 1896 3133 1934 nec
3171 1882 3455 1953 quidquam
3500 1895 3571 1938 est
3601 1886 3733 1954 quod

2160 1983 2264 2021 non
2292 1967 2487 2023 in'mea
2514 1969 2581 2023 sit
2607 1978 2880 2040 potestate,
2896 1970 2974 2027 vel
2996 1988 3100 2027 non
3128 1973 3399 2029 tradiderit
3428 1976 3580 2040 milii,
3605 1973 3743 2046 pne-

2158 2067 2331 2125 terte,
2361 2076 2478 2131 quae
2506 2076 2643 2116 uxor
2670 2062 2785 2133 ejus
2827 2080 2901 2118 es.
2954 2063 3228 2129 Quomodo
3250 2082 3370 2135 ergo
3395 2084 3603 2136 possum
3642 2069 3732 2123 hoc

2158 2147 2355 2203 malum
2375 2148 2568 2218 facere,
2592 2159 2639 2204 et
2659 2167 2871 2221 peccare
2897 2153 2951 2206 in
2975 2152 3142 2207 Deum
3164 2154 3363 2207 meum?
3392 2154 3596 2220 Quibus
3616 2171 3729 2210 ver-

2155 2238 2241 2294 bis
2265 2240 2568 2296 ostenditur
2591 2242 2683 2310 qui
2704 2243 2844 2298 bona
2864 2258 2983 2313 quae
3009 2253 3286 2299 assecutus
3306 2244 3484 2300 fuerat
3511 2258 3725 2318 repente

2157 2329 2431 2386 memoriae
2460 2331 2657 2398 intulit,
2696 2341 2752 2388 et
2779 2334 2979 2389 malum
3011 2335 3153 2405 quod
3179 2352 3238 2391 se
3270 2337 3517 2407 pulsabat
3545 2342 3724 2406 evicit,

2154 2427 2212 2474 et
2231 2420 2358 2490 quia
2383 2430 2653 2492 percepta:
2678 2425 2866 2495 gratiae
2908 2426 3172 2490 meminit,
3210 2425 3319 2481 vim
3353 2428 3522 2498 culpae
3548 2429 3724 2484 immi-

2156 2511 2334 2567 nentis
2380 2511 2560 2584 fregit.
2591 2512 2723 2568 Cum
2752 2514 2897 2569 enim
2926 2514 3175 2586 voluptas
3213 2516 3419 2572 lubrica
3465 2527 3635 2574 tentat
3674 2520 3723 2574 in

2155 2609 2451 2678 prosperis,
2474 2609 2591 2664 haec
2612 2609 2727 2678 ipsa
2757 2618 2885 2664 sunt
2912 2613 3169 2681 prospera
3202 2611 3393 2667 aculeo
3414 2613 3722 2668 tentationis

2155 2700 2492 2773 opponenda,
2535 2706 2596 2752 ut
2620 2713 2687 2755 eo
2721 2700 3107 2757 erubescamus
3149 2716 3316 2770 prava
3366 2703 3719 2769 committere,

2154 2810 2262 2865 quo
2290 2811 2391 2851 nos
2419 2811 2450 2850 a
2491 2796 2602 2852 Deo
2643 2790 3055 2852 meminerimus
3088 2792 3324 2867 gratuita
3365 2792 3504 2847 bona
3539 2809 3717 2864 perce-

2150 2888 2316 2960 pisse,
2344 2896 2401 2944 et
2430 2887 2630 2943 illatam
2671 2888 2899 2960 gratiam
2924 2889 3256 2945 exteriorum
3297 2900 3583 2946 munerum
3611 2905 3730 2944 ver-

2154 2989 2333 3035 tamus
2349 2978 2403 3033 in
2424 2993 2576 3033 arma
2599 2979 2878 3045 virtutum,
2902 2988 2964 3035 ut
2983 2980 3095 3035 sint
3115 2987 3243 3036 ante
3263 2980 3448 3035 oculos
3471 2996 3588 3049 quae
3609 2994 3718 3051 per-

478 3072 573 3127 sed
616 3073 722 3131 hoc
758 3076 901 3150 quod
940 3077 1198 3135 divinitus
1232 3080 1549 3151 dispositum
1592 3077 1771 3135 fuerat
1811 3081 2048 3136 cavendo

478 3167 655 3192 ,ΑΙ-ιω
705 3171 783 3192 Aa.
840 3173 897 3192 us
944 3165 1144 3192 -νη-ἓ-Αι
1206 3165 1447 3192 11..----
1501 3183 1622 3192 Α---
1682 3168 1938 3192 -.ι-εΑ-ιε,
1990 3171 2039 3192 ε..

2152 3070 2410 3139 cepimus,
2440 3084 2667 3140 quaeque
2694 3084 2793 3125 nos
2816 3068 3044 3124 illiciunt
3066 3070 3396 3141 subigamus.
3424 3069 3558 3136 Quia
3580 3071 3716 3124 enim

2154 3161 2396 3192 mn‘nnl-a
2420 3161 2532 3192 ἔπη.
2559 3176 2622 3192 ιι.
2652 3162 3012 3192 ..-ηοηιικιιειιιι
3047 3164 3289 3192 -.οηξιηη
3341 3162 3574 3192 Λὶψ-Λα...
3600 3177 3693 3192 ...Α

477 3167 656 3219 actum
704 3171 787 3219 est
840 3173 901 3219 ut
944 3165 1166 3225 veniret.
1206 3165 1451 3231 Humana
1497 3183 1626 3241 ergo
1680 3168 1943 3238 sapientia
1988 3171 2043 3225 in
2075 3161 2121 3192 υ
2154 3161 2399 3232 voluptas
2420 3161 2536 3231 ipsa
2558 3176 2622 3216 ex
2652 3162 3012 3233 prosperitate
3047 3164 3307 3226 nascitur,
3340 3162 3574 3230 ejusdem
3600 3177 3717 3232 pro-

475 3250 648 3320 seipsa
673 3252 1059 3322 comprehensa
1093 3262 1194 3319 est,
1222 3269 1342 3326 quae
1369 3254 1630 3311 voluntati
1659 3256 1754 3312 Dei
1782 3256 1923 3311 unde
1947 3273 2045 3327 per

472 3337 829 3396 intentionem
868 3342 1085 3410 restitit,
1112 3343 1243 3400 inde
1281 3345 1400 3416 ejus
1440 3345 1737 3416 impletioni
1768 3347 2039 3404 militavit.

471 3426 658 3488 Iustus
695 3446 927 3502 namque
960 3442 1016 3490 et
1047 3435 1355 3491 misericors
1399 3435 1540 3492 Deus
1576 3435 1881 3499 mortalium
1920 3447 2041 3494 acta

473 3519 779 3591 disponens,
810 3523 916 3580 alia
943 3527 1186 3583 concedit
1208 3528 1491 3598 propitius,
1516 3528 1620 3583 alia
1644 3529 1906 3599 permittit
1929 3529 2037 3584 ira-

473 3619 577 3674 tus,
609 3620 769 3684 atque
802 3629 865 3671 ea
891 3631 1011 3687 qua:
1032 3619 1297 3689 permittit
1334 3619 1414 3676 sic
1448 3620 1659 3688 tolerat,
1688 3630 1747 3676 ut
1776 3636 1843 3677 ea
1875 3622 1929 3676 in
1955 3623 2039 3677 sui

471 3703 678 3760 consilii
705 3720 860 3761 usum
890 3716 1082 3769 vertat.
1116 3709 1266 3766 Unde
1294 3711 1432 3768 miro
1456 3711 1614 3768 modo
1642 3712 1699 3767 lit
1727 3721 1784 3766 ut
1817 3713 2039 3788 etquod

469 3793 587 3859 sine
609 3795 882 3854 voluntate
911 3798 1005 3853 Dei
1047 3800 1243 3869 agitur,
1266 3801 1526 3858 voluntati
1563 3802 1661 3858 Dei
1706 3805 2036 3860 contrarium

422 3924 431 3933 .
469 3898 576 3938 non
610 3883 699 3951 sit,
729 3886 856 3958 quia
890 3888 1015 3943 dum
1053 3889 1106 3944 in
1140 3889 1337 3945 bonum
1371 3908 1528 3947 usum
1563 3893 1703 3950 male
1732 3893 1873 3951 facta
1915 3912 2039 3952 ver-

469 3981 672 4041 tuntur,
696 3974 814 4044 ejus
836 3977 1061 4034 consilio
1085 3979 1316 4035 militant
1337 3981 1501 4040 etiam
1529 3998 1649 4053 quae
1666 3982 1783 4053 ejus
1812 3985 2036 4041 consilio

467 4076 783 4138 repugnant.
850 4068 989 4125 Hine
1034 4085 1133 4145 per
1184 4069 1525 4128 Psalmistam
1574 4075 1773 4130 dicitur
1798 4093 1810 4128 :
1838 4074 2036 4146 Magna

466 4177 623 4228 opera
648 4162 875 4230 Domini,
895 4165 1151 4235 exquisita
1175 4165 1230 4231 in
1253 4183 1429 4221 omnes
1457 4166 1743 4225 voluntates
1770 4168 1885 4239 ejus
1913 4166 2032 4241 (Ps.

465 4248 575 4321 cs).
600 4251 693 4307 Sic
719 4253 917 4324 quippe
939 4254 1055 4325 ejus
1079 4269 1245 4325 opera
1270 4271 1464 4327 magna
1491 4264 1635 4322 sunt,
1665 4266 1725 4311 ut
1751 4272 1849 4331 per
1873 4272 2034 4313 omne

463 4340 604 4409 quod
629 4341 808 4410 agitur
832 4343 901 4398 ab
932 4342 1239 4400 hominibus
1261 4343 1379 4416 ejus
1414 4344 1661 4411 voluntas
1693 4346 2029 4417 exquiratur.

467 4428 598 4486 Nam
620 4446 760 4493 saepe
789 4433 911 4489 inde
932 4433 1227 4505 perficitur,
1251 4437 1394 4491 unde
1422 4436 1604 4507 repelli
1635 4444 1871 4506 putatur.
1895 4437 2032 4495 Hinc

469 4532 683 4576 rursum
727 4522 861 4579 dicit
891 4538 906 4577 :
942 4521 1132 4579 Omnia
1177 4542 1496 4603 quiscunque
1532 4526 1694 4580 voluit
1737 4526 1994 4584 Dominus
2018 4570 2033 4596 ,

464 4608 585 4677 fecit
604 4610 660 4664 in
688 4609 813 4665 celo
833 4619 882 4665 et
901 4610 956 4665 in
982 4620 1120 4666 terra
1148 4610 1319 4683 (Psal.
1346 4611 1586 4685 cxxxlv).
1618 4612 1754 4668 Hinc
1780 4612 2034 4672 Salomon

462 4697 542 4753 ait
567 4716 580 4751 :
608 4697 731 4753 Non
772 4708 847 4754 est
898 4701 1173 4771 sapientia,
1211 4718 1314 4757 non
1357 4710 1433 4757 est
1474 4703 1771 4774 prudentia,
1808 4722 1912 4760 non
1957 4716 2034 4762 est

464 4788 739 4845 consilium
784 4800 965 4847 contra
1008 4792 1174 4847 Deum
1227 4791 1407 4864 (Prov.
1457 4794 1520 4866 ι).
1569 4794 1762 4850 Restat
1810 4811 1937 4866 ergo
1978 4797 2032 4854 in

464 4881 672 4938 cunctis
704 4898 825 4953 quae
865 4882 1094 4954 agimus,
1119 4883 1228 4938 vim
1264 4897 1510 4955 supernae
1536 4884 1828 4940 voluntatis
1859 4885 2033 4956 inqui-

465 4985 665 5027 ramus.
712 4971 810 5027 Cui
846 4971 1094 5029 videlicet
1117 4973 1343 5046 cognitae
1371 4973 1530 5030 debet
1557 4982 1744 5030 nostra
1771 4977 1915 5032 actio
1942 4977 2032 5033 de-

464 5068 588 5116 vote
611 5058 879 5129 famulari,
909 5069 964 5117 et
989 5063 1141 5132 quasi
1171 5063 1360 5119 ducem
1388 5061 1471 5119 sui
1504 5063 1714 5119 itineris
1755 5065 2029 5134 persequi,

459 5166 531 5211 tte
574 5152 737 5208 etiam
772 5153 821 5208 ei
869 5161 928 5209 et
961 5152 1150 5209 nolens
1194 5154 1411 5219 serviat,
1439 5154 1488 5209 si
1527 5155 1670 5211 hanc
1716 5155 2031 5225 superbieus

459 5240 710 5298 declinat.
745 5242 912 5298 Vitari
935 5244 1081 5299 enim
1107 5243 1189 5299 vis
1207 5243 1419 5315 superni
1449 5244 1659 5301 consilii
1689 5258 2028 5314 nequaquam

459 5343 661 5411 potest,
684 5335 786 5390 sed
815 5351 1007 5408 magna
1045 5336 1149 5391 sibi
1187 5336 1331 5390 hunc
1368 5335 1569 5391 virtute
1609 5343 1905 5405 temperat,
1934 5336 2027 5405 qui

461 5440 518 5481 se
545 5427 641 5479 sub
682 5426 798 5496 ejus
840 5428 1058 5484 nutibus
1085 5426 1349 5493 refrenat;
1376 5427 1598 5497 ejusque
1643 5428 1743 5482 sibi
1787 5424 2027 5496 pondera

456 5513 670 5586 levigat,
697 5517 788 5587 qui
824 5518 939 5574 haec
979 5533 1047 5573 ex
1081 5516 1322 5584 subjecto
1355 5517 1534 5572 cordis
1575 5518 1800 5572 humero
1843 5518 2028 5572 volens

457 5613 626 5683 portat
640 5644 652 5663 φ

531 5690 658 5758 Erat
682 5707 852 5756 autem
881 5695 1069 5768 Ioseph
1105 5698 1321 5769 pulchra
1350 5697 1504 5768 Invia,
1543 5708 1588 5752 et
1630 5699 1845 5751 decorus
1872 5714 2021 5769 aspc-

2152 3253 2427 3324 speritatis
2453 3261 2538 3309 est
2560 3253 2924 3309 consideratio
2955 3252 3215 3320 ferienda,
3260 3261 3526 3322 quatenus
3548 3255 3716 3309 hostis

2149 3351 2334 3400 noster
2369 3343 2512 3399 unde
2533 3342 2728 3409 oritur,
2760 3342 2886 3398 inde
2911 3343 3195 3398 moriatur.

2213 3433 2414 3489 Accidit
2443 3443 2639 3494 autem,
2666 3444 2723 3487 ut
2752 3433 2981 3505 quadam
3020 3434 3105 3488 die
3145 3419 3359 3490 intraret
3387 3434 3578 3504 Ioseph
3618 3436 3710 3488 do-

2145 3504 2308 3590 mum,
2335 3532 2382 3578 et
2405 3523 2574 3594 operis
2598 3504 2865 3594 quidpiam
2898 3522 3090 3594 absque
3133 3523 3343 3577 arbitris
3392 3522 3601 3593 faceret.
3648 3524 3710 3577 At

2143 3614 2260 3681 illa,
2284 3614 2603 3685 apprehensa
2623 3612 2817 3668 lacinia
2834 3614 3116 3669 vestimenti
3127 3614 3264 3684 ejus,
3281 3614 3507 3669 diceret:
3538 3615 3711 3667 Dormi

2140 3720 2360 3760 mecum.
2404 3703 2527 3771 Qui,
2556 3704 2734 3759 relicto
2772 3705 2830 3761 in
2858 3721 3016 3760 manu
3056 3703 3198 3758 illius
3247 3703 3429 3775 pallio,
3476 3705 3627 3776 fugit,
3666 3713 3709 3758 et

2142 3810 2376 3866 egressus
2401 3804 2476 3849 est
2506 3794 2670 3865 foras.
2700 3796 2837 3850 Dum
2863 3794 3059 3850 mulier
3083 3794 3323 3850 adultera
3351 3792 3549 3865 Ioseph
3576 3795 3707 3849 male

2144 3886 2221 3941 uti
2241 3886 2518 3953 voluisset,
2541 3886 2730 3942 relicto
2754 3886 2916 3958 pallio
2941 3885 3077 3957 fugit
3098 3885 3277 3942 foras:
3310 3886 3437 3956 quia
3466 3888 3587 3942 dum
3616 3886 3706 3957 Sy-

2140 3992 2345 4050 nagoga
2386 3978 2675 4034 Dominum
2722 3993 2917 4049 purum
2958 3978 3229 4035 hominem
3264 3978 3512 4045 credens,
3558 3981 3701 4048 quasi

2135 4068 2438 4125 adulterino
2478 4067 2759 4138 complexu
2803 4068 3173 4140 constringere
3218 4068 3410 4134 voluit,
3468 4068 3578 4139 ipse
3623 4076 3695 4121 te-

2134 4172 2309 4228 gmem
2335 4158 2531 4215 litterae
2557 4156 2673 4227 ejus
2715 4157 2886 4214 oculis
2919 4157 3158 4228 reliquit,
3196 4165 3252 4212 et
3284 4157 3353 4212 ad
3384 4172 3697 4229 cognoscen-

2138 4248 2260 4303 dam
2282 4262 2391 4303 suaa
2412 4247 2710 4304 divinitatis
2737 4248 3028 4318 potentiam
3082 4248 3436 4319 conspicuum
3463 4262 3523 4303 se
3542 4246 3697 4317 genti-

2136 4339 2238 4394 bus
2261 4338 2510 4409 prrebuit.
2537 4339 2689 4395 Unde
2710 4346 2765 4393 et
2782 4338 2980 4395 Paulus
3008 4338 3141 4396 dicit
3164 4358 3177 4393 :
3219 4336 3393 4410 Usque
3413 4340 3564 4394 hodie
3583 4338 3696 4391 dum

2063 4469 2116 4529 Β
2138 4426 2328 4499 legitur
2356 4428 2581 4499 Moyses,
2605 4428 2836 4484 velamen
2861 4438 2937 4485 est
2963 4446 3117 4501 super
3137 4428 3313 4485 oculos
3338 4431 3512 4485 cordis
3532 4442 3696 4484 eorum

2142 4517 2227 4589 (ΙΙ
2272 4518 2396 4574 Cor.
2445 4521 2552 4594 ιιι).
2596 4520 2727 4588 Quae
2763 4521 3016 4578 videlicet
3054 4523 3297 4578 adultera
3349 4523 3543 4579 mulier
3569 4521 3695 4592 apud

2139 4611 2479 4681 semetipsam
2504 4612 2727 4682 pallium
2768 4613 3013 4679 retinuit,
3044 4620 3099 4670 et
3124 4629 3283 4684 quem
3310 4614 3452 4672 male
3479 4615 3691 4673 tenebat.

2137 4702 2337 4757 nudum
2385 4703 2585 4758 amisit.
2632 4703 2734 4772 Qui
2767 4720 2897 4775 ergo
2928 4720 2959 4759 a
3007 4703 3288 4776 Synagoga
3326 4707 3548 4762 veniens
3584 4704 3692 4760 ﬁdei

2137 4792 2374 4860 gentium
2405 4792 2725 4864 conspicuus
2750 4794 3017 4865 apparuit,
3048 4796 3345 4851 secundum
3383 4795 3689 4851 sententiam

2136 4879 2275 4935 beati
2303 4879 2422 4948 Iob,
2456 4896 2522 4937 ex
2550 4890 2706 4938 utero
2731 4884 2921 4938 matris
2960 4883 3136 4939 nudus
3162 4884 3351 4939 exivit.

2205 4972 2435 5045 Cumque
2474 4975 2681 5029 vidisset
2718 4973 2905 5028 mulier
2928 4983 3113 5030 vestem
3154 4974 3207 5028 in
3240 4974 3481 5029 manibus
3505 4976 3626 5038 suis,
3645 4980 3686 5025 ct

2133 5080 2187 5119 se
2207 5080 2316 5119 esse
2336 5075 2699 5135 contemptam,
2731 5066 2926 5120 vocavit
2969 5065 3203 5120 homines
3253 5066 3455 5120 domus.
3482 5081 3606 5126 sure,
3643 5071 3686 5114 et

2131 5155 2204 5208 ait
2238 5156 2307 5209 ad
2333 5169 2455 5211 eos:
2486 5155 2570 5210 En
2597 5156 2888 5211 introduxit
2911 5156 3080 5210 virum
3112 5153 3394 5211 Hebrwum
3422 5166 3477 5209 ut
3516 5153 3680 5208 illude-

2131 5254 2207 5300 ret
2234 5245 2396 5299 nobis.
2430 5244 2703 5314 Ingressus
2734 5255 2807 5301 est
2831 5245 2901 5299 ad
2924 5262 3003 5300 me
3035 5254 3091 5298 ut
3115 5246 3273 5299 coiret
3301 5261 3516 5299 mecum.
3544 5242 3677 5296 Cane

2131 5350 2229 5402 que
2253 5349 2345 5403 ego
2369 5332 2788 5398 succlamassem,
2814 5342 2862 5387 et
2890 5332 3121 5387 audisset
3163 5349 3339 5387 vocem
3366 5347 3546 5389 meam,
3574 5325 3675 5380 reli-

2130 5423 2239 5492 quit
2279 5421 2495 5492 pallium
2527 5421 2667 5491 quod
2698 5424 2953 5488 tenebam,
2980 5432 3027 5477 et
3059 5423 3192 5494 fugit
3237 5422 3402 5492 foras.
3448 5420 3511 5473 In
3538 5430 3673 5484 argu-

2132 5523 2358 5567 mentum
2381 5530 2501 5584 ergo
2516 5513 2664 5583 ﬁdei,
2701 5523 2950 5569 retentum
2993 5512 3208 5583 pallium
3253 5511 3471 5566 ostendit
3510 5504 3672 5559 marito

2132 5604 2401 5659 revertenti
2424 5604 2654 5666 domum,
2679 5613 2724 5657 et
2752 5604 2825 5657 ait
2855 5616 2872 5653 :
2916 5603 3186 5673 Ingressus
3209 5612 3284 5656 est
3306 5601 3378 5655 ad
3418 5613 3492 5652 me
3520 5605 3671 5673 servus

2133 5693 2405 5761 Hebr/rus,
2434 5711 2580 5765 quem
2612 5695 2898 5759 adduxisti,
2940 5704 2993 5746 ut
3020 5693 3255 5747 illudcrct
3294 5692 3435 5745 mihi.
3468 5685 3672 5750 Cum/tl“
