3970 6198
270 357 372 419 633

1290 355 1645 417 COMMENT.
1686 354 1753 413 ΙΝ
1790 356 2112 413 GENESIM.
2152 390 2222 400 —
2260 360 2385 416 LIB.
2426 361 2513 419 IV.

3441 364 3545 419 63‘s

271 474 476 531 uidisset
502 478 584 525 me
621 469 867 531 clamare,
912 467 1121 536 reliquit
1164 468 1384 540 pallium
1423 479 1471 524 et
1514 470 1645 541 fugit
1684 468 1850 540 foras.
1882 470 1932 527 A
1957 468 2210 524 cibarios.
2249 468 2506 525 Sedillud
2538 477 2741 538 movet,
2763 470 3033 541 quomodo
3063 485 3258 540 panem
3282 471 3545 528 cibarium

276 566 372 622 llis
404 565 623 629 auditis,
645 563 912 626 dominus,
936 571 983 616 et
1015 563 1234 616 nimium
1266 562 1511 616 credulus
1550 561 1714 616 verbis
1740 577 1835 616 con

261 656 430 728 jugis,
468 655 637 708 iratus
682 663 757 706 est
784 651 968 716 ualde;
996 650 1319 721 tradiditque
1356 649 1549 719 Ioseph
1590 651 1644 704 in
1688 666 1865 703 carce-

269 761 401 807 rem,
442 743 531 799 ubi
556 744 716 799 vincti
743 744 877 813 regis
914 742 1362 806 custodiebantur,
1388 749 1494 796 etc.
1528 741 1659 795 Erat
1682 749 1864 795 autem

268 836 469 907 Ioseph
496 835 721 907 pulchra
751 835 891 890 facie
936 842 991 889 et
1021 834 1251 888 decorus
1295 842 1537 904 aspectu.
1586 833 1664 887 lta
1714 841 1769 888 et
1798 834 1864 888 de

273 927 493 985 Christo
522 925 692 980 David
719 925 831 980 ait:
863 923 1139 995 Speciosus
1169 925 1339 992 {arma
1377 940 1487 978 ora:
1526 923 1652 992 filiis
1690 923 1864 977 homi-

274 1036 419 1084 num,
448 1017 645 1087 cli/fusa
686 1026 761 1071 est
808 1016 981 1086 gratia
1024 1014 1274 1069 inlabiis
1304 1017 1410 1069 tuis
1457 1013 1634 1083 (Psal.
1685 1013 1860 1086 xuv);

276 1108 457 1183 (Isid)
490 1099 596 1164 Sed
629 1108 841 1173 mulier,
874 1107 1071 1177 inquit,
1102 1107 1158 1162 in
1198 1123 1319 1163 eum
1349 1107 1534 1163 oculos
1562 1105 1765 1178 injecit,
1804 1114 1864 1160 ut

274 1200 600 1257 adulterium
630 1215 753 1255 cum
785 1200 872 1254 illa
899 1208 1256 1271 perpetraret.
1302 1199 1408 1255 Ista
1456 1199 1653 1255 mulier
1691 1200 1869 1271 Synna

275 1306 424 1363 εοεαε
453 1300 573 1346 erat
608 1293 800 1362 ﬁgura,
831 1298 891 1344 ut
919 1307 1080 1361 supra
1121 1291 1374 1357 diximus,
1406 1306 1528 1361 qure
1558 1307 1721 1360 smpe,
1759 1292 1865 1346 sic-

275 1392 336 1439 ut
375 1384 639 1456 scriptum
677 1391 780 1447 est,
825 1383 1099 1438 mmchata
1144 1391 1229 1438 est
1272 1392 1397 1454 post
1438 1382 1581 1439 ’deos
1634 1384 1860 1439 alienos.

276 1475 541 1531 Similiter
569 1475 787 1533 volebat
810 1483 865 1531 et
890 1475 1164 1531 Christum
1189 1476 1242 1530 in
1271 1476 1524 1531 adulterii
1551 1478 1631 1531 sui
1659 1476 1865 1531 scelere

275 1566 514 1621 retinere
546 1573 609 1627 ut
642 1573 867 1636 negaret
914 1581 972 1621 se
996 1580 1120 1621 esse
1159 1565 1352 1631 Deum,
1383 1573 1437 1620 et
1466 1566 1863 1621 Pharisaeorum

276 1657 449 1729 magis
476 1666 531 1712 et
559 1656 875 1712 Scribarum
917 1673 1081 1727 quam
1118 1657 1252 1728 legis
1281 1667 1551 1729 prmcepta
1594 1664 1861 1722 servaret,

275 1760 396 1820 quae
422 1747 499 1803 illi
523 1746 670 1802 velut
716 1746 946 1802 maritus
994 1755 1172 1802 erant.
1223 1746 1476 1802 Christus
1524 1756 1707 1802 autem
1756 1762 1862 1801 non

1965 561 2201 631 potuerit
2230 558 2445 616 Pharao
2467 560 2668 617 habere
2693 562 2745 617 in
2771 564 2934 618 escis.
2965 562 3106 616 Dicit
3131 563 3274 618 enim
3302 564 3356 618 in
3386 579 3549 635 supe-

1964 651 2109 707 riore
2154 653 2393 708 canistro
2435 651 2600 708 fuisse
2642 654 2822 708 omnia
2849 669 2916 708 ex
2960 654 3157 725 quibus
3184 655 3379 710 edebat
3417 654 3552 710 Pha-

1965 757 2081 806 rao,
2127 757 2291 812 opere
2337 742 2625 813 pistorum.
2674 741 2781 797 Sed
2829 744 3237 814 intelligendum
3267 752 3351 799 est
3383 744 3549 799 etiam

1962 837 2140 906 ipsum
2167 838 2462 892 canistrum
2499 838 2752 893 habuisse
2790 852 2958 908 panes
3008 839 3266 905 cibarios,
3316 840 3442 909 quia
3471 840 3549 895 di-

1964 936 2112 984 ctum
2137 937 2276 993 erat,
2309 929 2409 983 tria
2430 930 2694 994 canistra,
2724 929 3018 1005 χὸνδριτον.
3049 940 3103 984 et
3128 930 3358 1003 desuper
3384 929 3549 986 fuisse

1965 1017 2053 1072 illa
2091 1034 2158 1074 ex
2195 1018 2341 1075 omni
2379 1033 2577 1090 genere
2620 1020 2803 1090 operis
2838 1020 3080 1090 pistoris,
3111 1021 3165 1074 in
3190 1020 3379 1076 eodem
3402 1023 3555 1076 cani-

1966 1120 2082 1166 stro
2107 1111 2405 1179 superiore.
3118 1186 3123 1189 _

2035 1201 2245 1257 Exinde
2268 1202 2377 1256 dies
2417 1204 2599 1257 tertius
2631 1201 2905 1257 natalitius
2938 1199 3238 1257 Pharaonis
3283 1212 3395 1257 erat
3419 1220 3438 1268 ;
3464 1202 3556 1274 qui

1965 1291 2165 1362 faciens
2190 1293 2391 1364 grande
2426 1292 2717 1347 convivium
2758 1293 2934 1362 pueris
2976 1295 3106 1358 suis,
3150 1292 3453 1346 recordatus
3480 1301 3555 1346 est

1964 1383 2100 1436 inter
2131 1382 2313 1453 epulas
2355 1384 2592 1454 magistri
2616 1384 2987 1453 pincernarum
3018 1392 3063 1437 et
3113 1383 3369 1453 pistorum
3410 1384 3559 1453 prin-

1965 1474 2128 1545 cipis;
2153 1475 2478 1547 restituitque
2521 1475 2743 1529 alterum
2773 1477 2827 1529 in
2870 1474 3043 1530 locum
3074 1492 3249 1542 suum,
3280 1484 3334 1528 ut
3378 1475 3557 1545 porri-

1964 1575 2103 1636 geret
2150 1567 2257 1635 regi
2281 1565 2561 1636 poculum;
2606 1566 2829 1620 alterum
2874 1584 2994 1621 vero
3036 1567 3304 1637 suspendit
3333 1568 3389 1620 in
3413 1565 3556 1636 pati-

1966 1657 2113 1719 bulo,
2155 1666 2211 1710 ut
2259 1656 2571 1727 conjectoris
2614 1659 2803 1713 ueritas
2846 1657 3177 1728 probaretur.
3210 1657 3394 1729 (Isid.)
3436 1658 3553 1712 Duo

1966 1746 2199 1802 eunuchi
2249 1763 2387 1818 quos
2430 1749 2497 1803 de
2545 1749 2705 1803 domo
2746 1750 2889 1820 regis
2920 1750 2971 1804 in
3025 1765 3307 1805 carcerem
3347 1750 3559 1804 vinctos

277 1838 635 1910 acquiescens
683 1837 884 1893 illicitae
914 1840 1174 1894 doctrina:
1219 1841 1505 1906 adulterio,
1554 1842 1867 1897 adulterina:
1896 1838 1943 1898 B
1971 1838 2170 1909 Ioseph
2211 1840 2416 1895 invenit
2461 1840 2692 1895 duorum
2746 1840 3064 1911 populorum
3107 1841 3442 1896 credentium
3473 1839 3561 1896 vel

277 1929 578 2003 Synagogte
606 1946 769 1986 manu
798 1938 949 1985 veste
978 1931 1221 2001 corporis
1260 1934 1647 2003 apprehensus,
1696 1946 1861 1987 carne

275 2039 333 2080 se
361 2023 535 2089 exuit,
576 2032 631 2077 et
673 2023 812 2077 liber
841 2024 1034 2078 mortis
1062 2024 1115 2077 in
1156 2024 1352 2078 coelum
1395 2024 1660 2079 ascendit.
1700 2024 1864 2079 Calu-

274 2114 484 2170 mniata
529 2122 613 2169 est
658 2114 941 2179 meretrix,
984 2114 1077 2168 ubi
1118 2127 1241 2169 eum
1284 2124 1469 2169 tenere
1514 2131 1620 2169 non
1666 2115 1863 2185 potuit,

274 2205 466 2262 dicens
489 2207 634 2276 quod
662 2207 921 2276 templum
954 2206 1168 2261 Domini
1197 2207 1614 2278 hlasphemaret,
1648 2219 1706 2264 et
1733 2210 1868 2279 legis

275 2297 550 2353 diceretur
593 2312 713 2353 esse
773 2307 1164 2369 transgressor,
1211 2308 1265 2353 et
1311 2300 1460 2355 illum
1518 2316 1621 2357 non
1677 2318 1871 2359 carcer

275 2390 495 2455 terruit,
524 2406 631 2447 non
662 2389 873 2445 inferna
905 2399 1215 2457 tenuerunt,
1240 2406 1362 2445 cum
1386 2392 1551 2446 etiam
1581 2392 1746 2450 veluti
1773 2396 1865 2450 ubi

273 2478 583 2553 puniendus
611 2470 984 2547 descenderat,
1017 2479 1142 2535 inde
1168 2481 1304 2536 alios
1342 2480 1611 2537 liberavit.

908 2613 1136 2670 CAPUT
1182 2613 1248 2669 Il.

283 2711 359 2772 De
401 2710 606 2765 duobus
636 2710 887 2765 eunuchis
937 2707 1238 2763 Pharaonis
1284 2709 1640 2782 peccantibus,
1688 2712 1875 2782 quibus

349 2782 545 2851 Ioseph
570 2782 625 2835 in
648 2798 855 2835 carcere
877 2782 1098 2851 positus,
1134 2782 1395 2834 somnium
1422 2796 1603 2834 eorum
1625 2781 1878 2853 interpre-

349 2863 492 2907 tatus
531 2862 624 2906 est.

352 2942 505 3016 (CAP.
546 2944 661 3014 XL.)
702 2941 803 2997 His
844 2943 917 2996 ita
959 2943 1140 3013 gestis,
1166 2942 1359 2996 accidit
1386 2952 1442 2996 ut
1478 2951 1749 3013 peecarent
1771 2943 1877 2997 duo

281 3034 528 3099 eunuchi,
558 3035 805 3105 pincerna
834 3033 967 3104 regis
990 3032 1211 3103 zEgypti
1240 3043 1286 3086 et
1307 3033 1495 3104 pistor,
1519 3024 1736 3086 domino
1757 3049 1874 3087 suo.

283 3123 566 3197 [ratusque
614 3122 829 3179 Pharao
875 3134 1059 3178 contra
1106 3141 1193 3179 eos
1240 3125 1386 3198 (nam
1441 3123 1576 3178 alter
1615 3125 1878 3195 pincernis

1971 1930 2372 1986 incredulorum
2396 1938 2401 1944 '
2424 1932 2650 2002 mystice
2689 1930 2916 2004 ﬁguram
2950 1940 3154 1989 tenent.
3187 1931 3288 1999 Qui
3315 1934 3435 1989 ideo
3478 1933 3559 1988 di-

1969 2029 2167 2079 cuntur
2208 2023 2475 2089 eunuchi,
2524 2023 2650 2094 quia
2694 2034 2902 2080 castam
2943 2035 3270 2096 acceperunt
3319 2026 3562 2097 regulam

1971 2114 2284 2183 disciplinae.
2312 2113 2560 2186 Eloquia,
2600 2117 2793 2186 inquit,
2826 2116 3041 2172 Domini
3067 2129 3213 2173 casta
3242 2115 3414 2190 (Psal.
3459 2116 3559 2190 χι).

1972 2207 2212 2277 Denique
2239 2220 2361 2277 post
2387 2209 2582 2263 trinam
2613 2208 2789 2263 lucem
2820 2208 3045 2264 Domino
3072 2213 3140 2265 ab
3165 2210 3355 2266 inferis
3384 2226 3564 2266 resur-

1973 2309 2151 2371 gente,
2185 2306 2240 2353 et
2268 2298 2401 2369 legis
2427 2298 2675 2364 obscura,
2698 2308 2757 2354 ut
2777 2297 2977 2370 Ioseph
3008 2302 3216 2355 somnia
3264 2300 3562 2367 revelante,

1974 2392 2182 2447 solutus
2203 2400 2285 2447 est
2312 2408 2341 2446 a
2371 2392 2609 2463 peccatis
2647 2393 2982 2448 credentium
3012 2393 3276 2464 populus;
3307 2402 3363 2449 et
3391 2394 3458 2450 de
3486 2394 3565 2448 in-

1974 2482 2113 2538 terni
2148 2498 2368 2539 carcere
2400 2483 2680 2549 liberatus,
2717 2485 2960 2539 redditur
2987 2485 3041 2540 in
3080 2486 3443 2540 ministerium
3484 2485 3566 2540 di-

1973 2574 2116 2629 vina:
2159 2573 2310 2645 legis.
2351 2573 2665 2629 lncredulus
2702 2582 2881 2630 autem
2909 2584 2965 2629 et
2988 2575 3184 2646 impius
3208 2576 3437 2646 populus
3470 2573 3567 2630 Ju-

1979 2666 2238 2727 dzeorum,
2269 2665 2395 2733 quia
2445 2665 2500 2719 in
2551 2665 2867 2721 salvationis
2912 2666 3118 2738 lignum
3166 2683 3275 2722 non
3312 2668 3563 2734 credidit,

1977 2755 2430 2826 transgressionis
2471 2754 2616 2827 ligno
2659 2756 3029 2829 suspenditur,
3059 2767 3120 2812 ut
3148 2757 3225 2813 illi
3252 2756 3407 2813 alteri
3437 2774 3567 2815 con-

1980 2846 2100 2916 tigit
2130 2846 2400 2913 eunucho,
2431 2847 2522 2916 qui
2559 2845 2865 2903 Iudaeorum
2895 2848 3187 2920 imaginem
3215 2849 3475 2905 indicavit

2593 2956 2822 3015 CAPUT
2859 2957 2946 3014 Ill.

2014 3025 2093 3081 De
2129 3027 2331 3084 somnio
2371 3024 2706 3094 Pharaonis,
2745 3038 2791 3083 et
2840 3030 3266 3100 interpretatione
3314 3029 3530 3101 Ioseph.

2054 3116 2203 3188 (Car.
2228 3116 2363 3189 xu.)
2391 3115 2519 3173 Post
2541 3118 2675 3173 duos
2701 3136 2867 3177 annos
2891 3120 3017 3174 uidit
3046 3119 3259 3176 Pharao
3286 3123 3566 3177 somnium.

282 3225 529 3289 prwerat,
559 3214 694 3269 alter
731 3216 1034 3287 pistoribus)
1068 3216 1207 3270 misit
1252 3232 1339 3270 eos
1374 3215 1429 3269 in
1456 3232 1714 3269 carcerem
1735 3215 1875 3286 prin-

1984 3207 2213 3264 Putabat
2254 3226 2308 3264 se
2338 3220 2479 3264 stare
2522 3227 2680 3282 super
2721 3213 2962 3283 fluvium,
3008 3212 3198 3284 dequo
3225 3214 3571 3269 ascendebant

284 3309 414 3381 cipis
437 3308 683 3375 militum,
707 3310 762 3363 in
786 3326 888 3380 quo
912 3319 1024 3364 erat
1052 3310 1253 3365 vinctus
1277 3318 1324 3363 et
1361 3308 1578 3379 Ioseph.
1611 3307 1677 3362 At
1705 3319 1878 3363 custos

287 3400 513 3455 carceris
537 3399 755 3454 tradidit
802 3416 888 3454 eos
935 3398 1153 3472 Ioseph,
1201 3402 1293 3471 qui
1320 3410 1369 3455 et
1401 3398 1738 3454 ministrabat
1782 3401 1876 3454 eis.

288 3487 344 3545 ln
381 3487 609 3545 Hebraeo
634 3489 893 3561 scriptum
919 3490 1084 3545 habet
1114 3489 1306 3556 maslte,
1343 3501 1548 3575 apum,
1596 3488 1725 3544 illud
1757 3504 1882 3545 ver-

287 3579 415 3634 bum
436 3580 656 3650 quodin
682 3581 897 3636 nomine
927 3582 1070 3636 servi
1096 3581 1370 3637 Abraham
1400 3581 1600 3636 dudum
1630 3580 1879 3651 legimus,

265 3686 455 3741 .quem
482 3686 580 3726 nos
604 3687 893 3745 possumus
919 3687 1069 3727 more
1103 3672 1248 3743 vulgi
1288 3688 1487 3728 vocare
1536 3674 1878 3743 pincernam.

292 3761 403 3823 Nec
431 3763 538 3819 vile
566 3772 783 3834 putetur
803 3763 1059 3830 ofﬁcium,
1096 3781 1218 3820 cum
1263 3765 1405 3836 apud
1435 3782 1590 3837 reges
1618 3765 1885 3821 barbaros

293 3871 464 3927 usque
499 3856 679 3922 hodie,
724 3858 975 3912 maximae
1012 3857 1287 3928 dignitatis
1339 3858 1411 3912 sit
1464 3857 1577 3928 regi
1630 3855 1882 3929 poculum

294 3945 622 4018 porrexisse.
662 3945 838 4001 Poeta:
867 3962 1081 4017 quoque
1104 3946 1171 4001 de
1198 3947 1459 4002 catamito
1490 3954 1545 4000 et
1589 3944 1719 4001 Jove
1750 3945 1887 4001 scri-

296 4037 493 4109 ptitant
552 4037 697 4108 quod
758 4039 1023 4094 amasium
1072 4053 1228 4094 suum
1277 4038 1404 4097 huic
1451 4037 1627 4094 ollicio
1675 4038 1885 4093 manci-

300 4131 464 4202 parit.

371 4221 625 4278 Narravit
658 4224 804 4295 prior
841 4225 1150 4297 pra'positus
1179 4223 1549 4300 pincernarum
1581 4238 1882 4280 sommum:

310 4309 557 4367 Videbam
578 4331 752 4370 coram
778 4332 859 4369 me
882 4315 1033 4369 vitem
1058 4315 1113 4370 in
1137 4332 1239 4387 qua
1261 4325 1407 4368 erant
1431 4324 1533 4368 tres
1554 4316 1883 4387 prapagines,

302 4396 527 4459 crescere
546 4405 802 4477 paulatim
845 4407 901 4461 in
929 4418 1182 4476 gemmas,
1212 4414 1260 4460 et
1299 4415 1411 4477 post
1443 4406 1599 4476 flores
1627 4423 1750 4461 uvas
1775 4423 1891 4460 ma-

302 4506 581 4562 turescere,
608 4496 923 4568 calicemque
955 4495 1256 4551 Pharaonis
1292 4496 1347 4552 in
1383 4515 1543 4552 manu
1589 4514 1721 4551 mea.
1767 4496 1885 4550 Tuli

1978 3314 2173 3374 septem
2197 3303 2345 3359 boves
2366 3303 2602 3375 pulchrw
2646 3314 2694 3358 et
2740 3321 2934 3360 crassa:
2963 3306 3121 3362 nimis
3147 3317 3195 3361 et
3224 3309 3574 3376 pascebantur

1980 3397 2035 3452 in
2064 3396 2192 3451 locis
2220 3396 2545 3468 palustribus
2571 3409 2589 3449 :
2614 3396 2737 3453 alia:
2773 3414 2980 3470 quoque
3003 3411 3215 3470 .septem
3241 3399 3573 3471 emergebant

1980 3488 2045 3543 de
2071 3490 2289 3561 ﬂumine
2313 3488 2486 3560 fwdm,
2535 3489 2888 3561 confectaque
2929 3493 3097 3547 macie
3138 3501 3184 3546 et
3224 3491 3574 3559 pascebantur

1981 3581 2038 3634 in
2062 3583 2177 3652 ipsa
2202 3582 2371 3636 amnis
2404 3582 2517 3652 ripa
2545 3582 2599 3636 in
2628 3580 2756 3635 lo'cis
2800 3582 3105 3636 virentibus.
3149 3581 3565 3638 Dezoraverunt-

1980 3690 2081 3745 que
2113 3690 2204 3728 eas
2246 3689 2471 3745 quarum
2514 3674 2648 3726 mira
2691 3674 2882 3743 species
2924 3683 2970 3727 et
3002 3672 3258 3725 habitudo
3292 3688 3570 3742 corporum

1981 3777 2112 3823 erat.
2143 3766 2555 3837 Expergefactus
2584 3764 2817 3830 Pharao,
2841 3780 3050 3818 rursum
3075 3763 3337 3826 dormivit,
3375 3772 3422 3816 et
3449 3764 3576 3817 vidit

1983 3855 2205 3910 alterum
2233 3856 2515 3909 somnium.
2546 3852 2756 3923 Septem
2781 3854 2941 3923 spica:
2962 3851 3230 3921 pullulaba
3242 3861 3296 3905 nt
3321 3852 3378 3904 in
3397 3850 3572 3905 culmo

1985 3965 2111 4013 uno,
2134 3948 2301 4020 plena:
2322 3957 2477 4018 atque
2504 3947 2783 4015 formoste;
2808 3946 2928 4000 alia:
2949 3961 3153 4016 quoque
3178 3944 3393 3998 totidem
3418 3944 3575 4014 spicas

1986 4048 2185 4104 tenues,
2227 4048 2275 4092 et
2323 4052 2582 4108 percussae
2634 4035 2852 4091 uredine
2901 4035 3226 4099 oriebantur,
3271 4035 3576 4089 devorantes

1987 4146 2191 4186 onmem
2227 4130 2462 4201 priorum
2500 4128 2963 4200 pulchritudinem.
2992 4126 3262 4196 Euigilans
3288 4133 3403 4196 post
3432 4127 3580 4197 quie-

1988 4234 2111 4289 tem,
2139 4233 2186 4277 et
2215 4223 2354 4293 [acto
2383 4237 2556 4286 mane,
2583 4237 2772 4289 pauore
2795 4220 3121 4290 perterritus,
3151 4219 3294 4273 misit
3338 4217 3407 4272 ad
3447 4233 3578 4271 con-

1979 4316 2209 4388 jectores
2235 4313 2477 4384 Afgypti,
2530 4319 2844 4380 cunctosque
2891 4297 3186 4380 sapientes,
3221 4319 3269 4364 et
3311 4309 3579 4364 accersitis

1990 4406 2222 4461 narravit
2238 4402 2520 4468 somnium,
2550 4416 2641 4455 nec
2661 4411 2773 4454 erat
2793 4403 2885 4471 qui
2912 4401 3359 4471 interpretaretur.
3390 4400 3577 4473 (Aug.)

1990 4495 2144 4563 Quod
2169 4496 2395 4566 putabat
2418 4509 2477 4549 se
2513 4502 2658 4548 stare
2696 4491 2911 4547 Pharao
2946 4507 3110 4562 super
3146 4490 3363 4557 ﬂumen,
3392 4508 3583 4563 quem-

302 4604 423 4659 ergo
447 4605 574 4642 uvas
593 4597 640 4642 et
666 4590 892 4659 expressi
921 4590 977 4642 in
999 4588 1213 4643 calicem
1240 4606 1392 4661 quem
1422 4589 1675 4653 tenebam,
1702 4599 1749 4644 et
1777 4599 1887 4644 tra-
1914 4559 1966 4620 Β
1995 4590 2155 4644 admo
2179 4591 2285 4642 Eum
2330 4600 2521 4641 servus
2561 4584 2794 4639 Abrahae
2828 4584 2964 4640 dixit
2987 4602 3001 4638 :
3044 4583 3180 4638 Ecce
3206 4600 3299 4654 ego
3324 4594 3404 4638 sto
3427 4601 3585 4655 super

303 4678 415 4732 didi
432 4678 679 4750 poculum
711 4675 1005 4733 Pharaoni.
1039 4679 1106 4733 Et
1134 4695 1268 4745 ecce,
1311 4680 1501 4751 inquit,
1544 4679 1659 4735 vitis
1683 4679 1739 4734 in
1766 4696 1889 4733 con-

305 4780 480 4840 specta
507 4786 642 4836 meo,
688 4779 736 4823 et
765 4771 821 4824 in
866 4771 963 4825 rite
988 4780 1092 4825 tres
1140 4770 1314 4841 fundi,
1360 4781 1407 4826 et
1450 4773 1562 4843 ipsa
1592 4774 1889 4843 germinans

306 4873 408 4916 tres
432 4862 645 4932 fundos.
673 4862 799 4918 Tria
834 4860 1042 4934 ﬂagella
1086 4870 1141 4919 et
1167 4872 1279 4919 tres
1310 4879 1510 4929 ramos,
1548 4865 1661 4919 sive
1700 4879 1893 4935 propa-

306 4955 481 5029 gines,
524 4953 751 5011 Hebraeo
794 4969 1048 5010 sermone
1082 4955 1370 5026 signiﬁcat,
1416 4950 1536 5026 qua:
1570 4958 1638 5012 ab
1669 4955 1774 5012 illis
1793 4973 1888 5011 vo-

309 5055 501 5100 cantur
531 5045 769 5115 sarigim,
796 5052 1032 5107 au’ﬁw.
1560 5114 1565 5119 ν

386 5135 581 5191 Vitlens
627 5147 801 5191 autem
845 5137 1100 5207 pistorum
1144 5137 1391 5208 magister
1437 5136 1575 5210 quod
1613 5136 1898 5208 prudenter

311 5228 569 5281 somnium
598 5226 916 5282 dissolvisset
934 5268 949 5293 ,
973 5228 1046 5281 ait
1071 5244 1087 5281 :
1122 5227 1188 5284 Et
1211 5245 1302 5300 ego
1328 5229 1431 5283 vidi
1454 5230 1732 5292 somnium,
1756 5228 1896 5299 quod

312 5325 551 5380 haberem
582 5326 684 5380 tria
710 5326 940 5381 canistra
979 5328 1169 5397 farina:
1200 5346 1358 5399 super
1377 5338 1532 5399 caput
1554 5345 1749 5392 nteant,
1771 5336 1818 5381 et
1844 5328 1899 5382 in

313 5433 417 5471 uno
459 5418 688 5472 canistro
728 5420 868 5491 quod
910 5430 1021 5475 erat
1049 5420 1323 5487 excelsius,
1355 5431 1563 5491 portare
1608 5437 1688 5475 me
1717 5437 1894 5475 omnes

316 5509 453 5565 cibos
476 5511 567 5581 qui
588 5510 723 5581 ﬁunt
754 5523 866 5566 arte
888 5515 1127 5583 pistoria,
1164 5530 1382 5584 avesque
1416 5513 1685 5567 comedere
1723 5530 1787 5568 ea:
1811 5532 1892 5569 eo.

316 5599 499 5675 (Αυς.)
526 5600 626 5657 Ubi
640 5603 729 5658 hic
741 5603 795 5657 in
809 5602 1013 5659 Latinis
1025 5605 1387 5661 voluminibus
1402 5607 1505 5659 tria
1520 5607 1750 5659 canistra
1767 5606 1819 5676 fa
1829 5609 1900 5661 ri-

317 5711 397 5749 na:
420 5695 1205 5775 scriptumest,Gnucihabent
1238 5699 1535 5775 χόνδριτςν,
1562 5700 1704 5768 quod
1735 5698 1902 5754 inter-

321 5796 601 5863 pretantur
615 5789 706 5861 qui
722 5804 874 5845 usum
898 5787 1136 5858 ejusdem
1151 5770 1343 5862 lingua:
1360 5770 1581 5858 habent,
1598 5808 1764 5867 panes
1786 5808 1903 5849 esse

1997 4680 2188 4750 fontem
2215 4693 2367 4749 aqua:
2395 4671 2548 4746 (Gen.
2578 4674 2748 4746 xxiv),
2780 4674 2895 4729 haec
2934 4674 3135 4730 locutio
3175 4676 3221 4729 si
3252 4675 3587 4747 intelligatur

1998 4772 2053 4828 in
2082 4772 2296 4826 Psalmo
2324 4770 2415 4826 ubi
2441 4770 2702 4841 scriptum
2731 4778 2850 4824 est:
2885 4767 2989 4835 Qui
3012 4769 3252 4839 [undavit
3281 4779 3475 4823 terram
3501 4785 3587 4822 su-

1997 4881 2089 4936 per
2117 4879 2308 4934 aquam
2340 4859 2513 4934 (Psal.
2557 4860 2740 4933 χχιιι),
2768 4877 2876 4916 non
2920 4870 3186 4932 coguntur
3210 4861 3456 4916 homines
3489 4875 3588 4929 pu-

2001 4964 2119 5010 tare
2144 4955 2284 5009 sicut
2321 4967 2515 5007 navem
2544 4960 2733 5007 natare
2776 4960 2981 5009 terram
3017 4964 3182 5021 super
3216 4964 3437 5019 aquam.
3484 4948 3585 5002 Se-

1996 5044 2230 5102 cundum
2255 5045 2395 5099 hanc
2413 5044 2559 5097 enim
2585 5042 2909 5100 locutionem
2937 5049 3083 5096 recte
3107 5038 3424 5108 intelligitur
3443 5036 3586 5100 quod

1997 5137 2158 5194 altior
2192 5136 2263 5192 sit
2301 5145 2440 5192 terra
2478 5152 2640 5209 quam
2685 5150 2843 5207 aqua.
2885 5132 3062 5188 Altius
3111 5131 3311 5200 quippe
3338 5129 3407 5182 ab
3434 5125 3588 5195 aquis

2000 5232 2323 5299 sustollitur,
2350 5232 2441 5287 ubi
2481 5230 2726 5286 habitant
2757 5238 2970 5283 terrena
3006 5222 3281 5279 animalia.
3315 5220 3589 5275 Praeterea

2003 5337 2191 5383 narrat
2223 5326 2435 5382 Pharao
2481 5326 2773 5389 somnium,
2809 5324 3198 5391 interpretatus
3234 5322 3321 5371 est
3367 5310 3585 5380 Ioseph.

2004 5423 2188 5503 (Isid.)
2214 5422 2320 5477 Sed
2361 5421 2490 5492 quid
2536 5418 2847 5491 signiﬁcant
2874 5425 3081 5484 septem
3115 5410 3242 5465 anni
3287 5407 3378 5503 qui
3416 5406 3470 5503 in
3499 5418 3590 5503 se-

1983 5496 2149 5586 ptem
2178 5515 2341 5586 spicis
2371 5513 2564 5583 plenis,
2602 5525 2697 5566 seu
2730 5507 2821 5577 qui
2849 5507 2903 5559 in
2941 5513 3147 5575 septem
3171 5500 3355 5557 vaccis
3379 5496 3592 5571 pingui-

2005 5585 2108 5663 bus
2135 5585 2579 5666 ostendebantur,
2621 5599 2724 5654 nisi
2755 5603 2960 5665 septem
3002 5594 3390 5651 charismatum
3427 5585 3593 5659 spiri-

2010 5697 2232 5752 tualium
2259 5696 2420 5757 dona,
2464 5692 2660 5761 quibus
2690 5690 2908 5743 ubertas
2938 5686 3059 5740 ﬁdei
3091 5685 3237 5755 larga
3272 5683 3471 5753 pietate
3512 5694 3601 5732 rex

2013 5788 2544 5845 dumlat?Atcontra
2602 5798 2741 5857 δίριιρ
2787 5781 3000 5837 steriles
3052 5788 3104 5836 et
3154 5789 3344 5837 tenues
3397 5778 3599 5834 lanient
