3970 6198
398 301 502 357 655

1044 294 1104 349 Β.
1147 290 1400 348 RABANI
1440 287 1657 345 MAURI
1691 284 2010 341 ARClllEP.
2053 281 2358 337 MOGUNT.
2396 279 2681 337 OPERUM
2724 276 2901 332 PARS
2940 277 2980 333 Ι.

3546 279 3650 334 656

401 411 641 469 xeritatis
669 416 724 467 et
763 407 991 479 justitis:
1038 405 1348 463 novissimis
1395 401 1726 473 temporibus
1765 397 2049 470 signiﬁ-.A
2076 410 2142 449 eo
2187 394 2329 463 quod
2363 394 2546 449 orbem
2582 400 2742 446 terrae
2790 389 2860 444 ab
2893 389 3211 447 imminente
3249 389 3409 455 famis
3439 396 3654 452 excidio

401 510 611 564 cubant.

1008 596 1233 655 CAPUT
1271 594 1362 651 IV.

412 735 478 787 ’δι’
524 750 583 789 eo
619 732 760 807 quod
795 732 986 803 Ioseph
1044 733 1281 813 princeps
1333 729 1551 800 Αἶρε]ρή
1600 746 1633 782 a
1696 725 1975 781 Pharaone

1012 812 1364 857 constituitur.

472 938 617 991 Dixit
661 954 864 1007 quoque
920 952 1128 990 rursum
1173 933 1386 989 Pharao
1435 934 1505 988 ad
1552 933 1787 1003 Ioseph:
1843 931 1977 986 Ecce

406 1028 645 1080 constitui
664 1038 710 1079 te
735 1043 890 1095 super
926 1026 1217 1080 universam
1245 1035 1437 1077 terram
1466 1021 1704 1093 zEgypti.
1738 1022 1978 1094 Tulitque

404 1117 655 1169 annulum
682 1117 744 1169 de
774 1133 931 1169 manu
954 1133 1069 1178 sua,
1115 1125 1159 1168 ct
1186 1115 1330 1168 dedit
1368 1115 1422 1167 in
1466 1130 1625 1167 manu
1658 1113 1802 1183 ejus;
1828 1115 1979 1167 vesti-

405 1209 569 1278 ritque
600 1224 713 1261 eum
756 1207 890 1260 stola
939 1207 1166 1276 byssina,
1215 1214 1261 1260 et
1308 1204 1438 1259 collo
1484 1215 1717 1275 torquem
1763 1220 1977 1257 auream

405 1297 793 1366 circumposuit,
819 1297 1038 1367 fecitque
1076 1296 1353 1349 ascendere
1396 1312 1551 1365 super
1576 1311 1786 1347 currum
1825 1311 1979 1347 suum

404 1385 708 1451 secundum,
750 1385 1009 1441 clamante
1031 1403 1267 1457 prtecone
1311 1396 1358 1440 et
1385 1385 1588 1439 dicente
1612 1394 1667 1437 ut
1694 1401 1869 1439 omnes
1893 1400 1980 1437 co-

406 1494 517 1530 ram
559 1494 616 1530 eo
651 1495 782 1548 genu
826 1479 1110 1549 ﬂecterent,
1160 1486 1208 1531 et
1253 1479 1588 1548 prtrpositum
1632 1492 1743 1529 esse
1790 1476 1979 1532 scirent

407 1570 661 1622 universa?
688 1578 840 1623 temo
883 1568 1120 1637 Egypti.
1163 1569 1269 1623 Pro
1295 1583 1401 1637 quo
1428 1568 1619 1637 Aquila
1665 1567 1977 1622 transtulit:

409 1656 474 1710 Et
549 1659 788 1713 clamavit
835 1661 889 1713 in
936 1654 1206 1729 conspectu
1254 1656 1366 1730 ejus
1412 1661 1480 1712 ad
1525 1659 1976 1729 geniculationem.

2077 484 2341 539 liberavit.

2148 572 2299 627 Dedit
2318 588 2521 642 quoque
2548 570 2626 624 illi
2654 586 2867 624 uxorem
2897 568 3119 625 Aseneth
3149 570 3317 640 ﬁliam
3346 570 3653 644 Putipharis

2074 662 2362 719 sacerdotis
2388 659 2741 730 Heliopoleos.
2778 657 3082 713 Notandum
3135 669 3314 714 autem
3367 663 3511 731 quod
3557 664 3654 719 do.

2077 754 2206 808 mini
2237 752 2508 822 quondam
2540 758 2595 805 et
2627 750 2885 820 emptoris
2918 749 3001 805 sui
3044 749 3206 804 ﬁliam
3242 766 3467 808 uxorem
3497 768 3654 811 acce-

2077 846 2234 917 perit,
2262 844 2353 913 qui
2379 843 2445 896 ad
2486 843 2538 897 id
2564 841 2802 895 locorum
2832 839 3082 911 pontifex
3127 840 3466 912 Heliopoleos
3511 851 3649 900 erat.

2077 937 2258 1006 Neque
2282 935 2425 989 enim
2454 932 2533 988 fas
2560 934 2763 1002 absque
2787 933 3050 988 eunuchis
3077 934 3204 989 idoli
3233 934 3378 989 illius
3403 950 3527 992 esse
3553 953 3653 993 au-

2076 1028 2292 1091 tistites,
2322 1034 2383 1080 ut
2405 1040 2531 1080 vera
2558 1024 2645 1078 illa
2678 1023 3028 1079 Hebraeorum
3056 1039 3216 1094 super
3243 1040 3327 1089 eo,
3353 1028 3498 1097 quod
3528 1038 3651 1084 ante

2073 1120 2186 1189 jam
2231 1119 2486 1183 diximus,
2535 1118 2770 1189 suspicio
2811 1119 3208 1188 comprobetur.
3260 1117 3483 1188 Accepit
3525 1135 3656 1193 ergo

2077 1207 2325 1263 Christus
2345 1222 2411 1261 ex
2438 1207 2688 1277 gentibus
2721 1222 2966 1272 uxorem,
3011 1206 3064 1262 1d
3091 1217 3194 1274 est,
3231 1208 3555 1277 Ecclesiam,
3584 1226 3651 1268 ex

2080 1320 2185 1375 qua
2220 1304 2402 1375 genuit
2428 1304 2564 1359 duos
2603 1303 2760 1369 ﬁlios,
2792 1304 2845 1359 id
2874 1311 2981 1368 est,
3027 1303 3161 1363 duos
3197 1301 3424 1373 populos
3460 1318 3525 1359 ex
3557 1302 3653 1359 Iuv-

2081 1398 2231 1462 dzeis,
2256 1405 2312 1452 et
2334 1413 2402 1452 ex
2425 1398 2674 1468 gentibus
2696 1404 3065 1468 congregatos.

2155 1487 2389 1558 Triginta
2413 1497 2585 1543 autem
2609 1495 2719 1541 erat
2744 1503 3023 1551 annorum,
3053 1485 3262 1556 quando
3292 1487 3432 1539 stetit
3461 1487 3521 1540 iu
3543 1502 3657 1541 cou-

2080 1587 2257 1650 spectu
2307 1579 2441 1648 regis
2486 1576 2805 1632 Pharaonis.
2855 1560 3120 1646 Triginta,
3164 1576 3357 1646 inquit,
3390 1592 3655 1632 annorum

2084 1678 2200 1723 erat
2224 1669 2440 1738 Ioseph,
2469 1668 2683 1738 quando
2723 1669 2776 1722 in
2826 1674 3116 1736 conspectu
3161 1667 3304 1737 regis
3360 1667 3658 1724 Pharaonis

400 1747 761 1819 Symmachus
810 1751 983 1819 ipsum
1018 1749 1337 1803 Hebraicum
1376 1764 1677 1804 sermonem
1718 1750 1980 1817 interpre-
2008 1739 2053 1798 B
2081 1758 2260 1824 sicut;
2316 1758 2643 1826 totidemque
2700 1756 2855 1811 annis
2905 1756 3070 1819 fuisse
3138 1757 3337 1828 legitur
3385 1755 3652 1817 Christus,

408 1852 525 1896 tans
552 1843 630 1895 ait
655 1858 669 1895 :
702 1841 768 1896 Et
794 1842 1034 1895 clamavit
1075 1844 1143 1894 ad
1168 1857 1283 1895 eum
1315 1842 1519 1895 abrech.
1561 1841 1713 1897 Unde
1743 1842 1870 1918 mihi
1898 1842 1977 1895 vi-

406 1933 583 1998 detur,
622 1948 726 1986 non
758 1940 864 1986 tam
916 1946 1113 2001 przeco,
1144 1932 1254 1985 sive
1301 1931 1713 2002 adgenieulatio,
1757 1945 1875 2000 quae
1922 1931 1975 1985 in

407 2024 690 2078 salutando
719 2023 801 2079 vel
832 2024 1103 2078 adorando
1133 2020 1328 2092 Ioseph
1366 2022 1536 2092 accipi
1578 2029 1773 2092 potest,
1822 2021 1978 2079 intel-

408 2116 637 2185 ligenda,
679 2132 838 2186 quam
869 2115 997 2170 illud
1043 2114 1185 2184 quod
1216 2114 1424 2169 Ilebrrei
1474 2115 1708 2181 tradunt,
1728 2108 1979 2171 dicentes

403 2214 600 2275 patrem
662 2212 894 2258 tenerum
965 2218 1030 2258 ex
1076 2203 1179 2259 hoc
1227 2218 1475 2258 sermone
1527 2200 1828 2258 transferri.
1894 2203 1978 2259 Ab

404 2307 501 2362 zu,
534 2295 727 2365 quippe
771 2294 970 2349 dicitur
1009 2303 1179 2365 pater,
1221 2294 1358 2358 rech,
1398 2304 1513 2377 τη,
1550 2293 1825 2357 delicatus,
1867 2293 1980 2348 sive

405 2387 734 2452 tenerrimus,
774 2385 1116 2457 significante
1148 2383 1430 2456 Scriptura
1477 2384 1618 2455 quod
1657 2382 1810 2452 juxta
1853 2400 1981 2454 pru-

407 2478 641 2534 dentiam
669 2478 885 2547 quidem
912 2486 1065 2548 pater
1102 2476 1342 2531 omnium
1373 2475 1494 2543 fuit,
1540 2475 1633 2530 sed
1666 2473 1820 2542 juxta
1851 2482 1982 2529 aeta-

406 2577 514 2625 tem
569 2570 894 2625 tenerrimus
945 2568 1256 2623 adolescens
1306 2574 1360 2621 et
1401 2581 1553 2638 puer.
1606 2564 1786 2637 (Isid.)
1843 2564 1981 2619 Ecce

407 2663 603 2734 Ioseph
632 2663 722 2733 qui
753 2671 934 2734 typum
973 2661 1219 2715 induerat
1243 2658 1466 2722 Christi,
1490 2672 1719 2712 currum
1762 2655 1977 2720 meruit,

406 2764 462 2811 et
487 2756 813 2826 praeconavit
844 2763 967 2810 ante
998 2768 1144 2816 eum,
1171 2758 1227 2806 et
1261 2748 1541 2805 constituit
1583 2746 1731 2803 illum
1769 2745 1980 2800 Pharao

406 2863 571 2918 super
606 2848 914 2902 universam
937 2855 1133 2902 terram
1158 2840 1408 2913 .lEgypti;
1432 2847 1487 2895 et
1507 2838 1769 2894 Dominus
1797 2845 1983 2892 noster

406 2949 691 3010 postquam
718 2945 803 2991 est
831 2936 1123 2990 distraetus
1156 2947 1187 2986 a
1216 2930 1374 2994 Iuda,
1410 2938 1470 2985 ut
1497 2924 1695 2999 Ioseph
1728 2942 1761 2982 a
1798 2925 1982 2981 fratri-

405 3029 527 3091 bus,
573 3035 629 3081 et
663 3026 731 3081 de
772 3023 1106 3081 infernorum
1136 3034 1356 3076 carcere
1386 3019 1706 3082 resurrexit,
1740 3016 1984 3072 ascendit

407 3132 628 3173 currum
658 3116 807 3186 regni
835 3114 1089 3179 caelestis,
1121 3114 1188 3168 de
1232 3126 1340 3183 quo
1385 3111 1646 3181 scriptum
1693 3117 1815 3164 est:
1848 3107 1983 3162 Cur-

410 3227 499 3266 rus
532 3210 630 3265 Dei
658 3210 831 3264 decem
859 3206 1084 3260 millium
1110 3203 1281 3278 (Psal.
1316 3202 1505 3275 ωιτη),
1530 3209 1583 3257 et
1606 3196 1813 3270 accepit
1836 3209 1988 3269 pote-

408 3310 604 3361 statem
651 3304 693 3355 a'
714 3300 873 3354 Patre
901 3295 1244 3368 przedicandi,
1295 3294 1435 3349 sicut
1470 3292 1671 3346 Paulus
1714 3290 1989 3359 apostolus

407 3395 487 3452 ait
527 3412 540 3446 :
574 3392 643 3447 Et
670 3390 809 3445 dedit
857 3388 903 3443 ei
950 3403 1135 3441 nomen
1178 3385 1316 3457 quod
1370 3391 1447 3438 est
1492 3399 1648 3453 super
1693 3396 1842 3435 omne
1896 3395 1990 3434 no-

407 3502 544 3548 men,
588 3491 643 3536 ut
683 3483 737 3535 in
778 3480 982 3534 nomine
1008 3475 1138 3530 Iesu
1182 3490 1332 3528 omne
1368 3488 1501 3543 genu
1541 3472 1804 3541 ﬂectatur,
1843 3467 1991 3525 caele-

408 3577 589 3639 stium,
633 3570 955 3626 terrestrium
984 3576 1031 3621 et
1068 3564 1394 3635 infernarum
1437 3559 1603 3632 (Phil.
1655 3559 1738 3631 ll).
1769 3558 1991 3628 Accepit

411 3668 626 3739 queque
653 3673 708 3719 et
749 3662 1027 3724 annulum,
1077 3652 1449 3728 pontiﬁcatum
1484 3653 1691 3709 scilicet
1733 3652 1856 3707 ﬁdei
1886 3666 1990 3721 quo

411 3757 743 3813 credentium
770 3753 964 3808 animae
993 3749 1182 3805 salutis
1205 3748 1357 3820 signo
1384 3744 1700 3815 signantur;
1726 3740 1991 3795 frontibus

412 3848 716 3916 nostrisque
741 3843 993 3899 cordibus
1035 3854 1130 3908 per
1157 3839 1367 3909 signum
1400 3833 1579 3890 crucis
1619 3833 1789 3903 ﬁgura
1830 3833 1991 3901 Regis

410 3938 599 3994 aeterni
644 3932 986 4004 exprimitur.
1024 3928 1370 3997 lnduiturque
1397 3925 1590 3981 stolam
1615 3924 1909 3993 hyssinam,
1939 3921 1992 3976 id

410 4040 516 4094 est,
547 4042 767 4084 carnem
801 4031 1043 4079 sanctam
1071 4021 1231 4091 bysso
1274 4017 1659 4078 candidiorem,
1710 4023 1763 4069 et
1796 4013 1991 4069 stolam

413 4119 853 4178 immortalitatis.
890 4113 1113 4184 Accepit
1142 4125 1356 4181 quoque
1382 4117 1632 4178 torquem
1671 4121 1912 4170 auream,
1939 4105 1992 4160 id

411 4224 518 4277 est,
562 4210 890 4266 intellectum
936 4207 1157 4261 bonum.
1189 4201 1375 4256 Praeco
1400 4207 1525 4253 ante
1550 4213 1672 4253 eum
1714 4196 1986 4267 praecedit,

410 4305 466 4360 id
492 4311 591 4364 est,
634 4309 726 4355 aut
744 4299 978 4354 Ioannes
1003 4294 1261 4364 Baptista,
1287 4291 1376 4361 qui
1409 4290 1513 4344 iter
1537 4287 1654 4357 ejus
1684 4287 1992 4357 przeeedens

411 4390 759 4464 praeconabat
802 4388 1024 4442 dicens:
1068 4381 1264 4437 Parate
1311 4382 1449 4435 viam
1493 4378 1718 4433 Domino
1772 4376 1985 4444 (Matth.

415 4488 523 4556 Ill).
563 4482 791 4539 Habebit
830 4488 884 4535 et
912 4478 1073 4532 alium
1102 4489 1404 4546 pnncouem
1433 4473 1613 4526 tubam
1645 4469 1837 4539 angeli,
1866 4467 1990 4537 quia

418 4577 531 4645 ipse
560 4573 692 4629 dixit
717 4590 730 4626 :
759 4570 949 4625 Veniet
971 4569 1023 4622 in
1054 4567 1179 4620 tuba
1201 4564 1395 4635 angeli.

492 4685 637 4739 Dixit
673 4698 874 4753 quoque
922 4694 1012 4732 rex
1053 4676 1122 4731 ad
1152 4673 1345 4745 Ioseph
1375 4688 1392 4725 :
1436 4672 1550 4744 Ego
1579 4689 1693 4726 sum
1730 4668 1943 4727 Pharao
1976 4686 1994 4724 :

420 4776 623 4847 Absque
659 4781 746 4825 tuo
782 4769 997 4841 imperio
1045 4785 1146 4822 non
1193 4764 1410 4820 movebit
1456 4764 1730 4835 quisquam
1781 4780 1993 4818 manum

422 4867 498 4923 vel
526 4863 706 4936 pedem
751 4863 803 4916 in
852 4860 994 4914 omni
1041 4868 1181 4913 terra
1228 4855 1464 4927 Egypti.
1514 4853 1775 4927 Vertitque
1811 4873 1995 4910 nomen

418 4957 586 5024 illius,
634 4963 680 5009 et
714 4951 908 5010 vocavit
936 4962 1066 5004 ‘eum
1097 4947 1275 5018 lingua
1305 4944 1620 5016 Egyptiaca
1673 4943 1997 4999 Salvatorcm

422 5045 625 5107 mundi.
675 5043 810 5111 Quid
859 5037 1195 5094 manifestius
1243 5036 1308 5090 de
1354 5034 1589 5096 Christo,
1637 5036 1850 5103 quando
1898 5036 1998 5088 sub

421 5140 590 5210 ﬁgura
614 5132 810 5203 Ioseph
832 5125 1079 5184 salvator
1108 5125 1430 5190 ostenditur,
1460 5138 1565 5179 non
1599 5130 1808 5177 tantum
1840 5124 1999 5177 unius

420 5240 576 5286 terrm
607 5226 846 5298 Aigypti,
887 5223 982 5279 sed
1026 5220 1190 5277 etiam
1239 5219 1402 5274 totius
1453 5215 1673 5272 mundi?
1727 5215 1997 5286 (Hieron)

418 5320 570 5377 Licet
600 5319 701 5374 hoc
728 5331 922 5372 nomen
941 5310 1364 5367 absconditorum
1393 5316 1704 5377 repertorem
1732 5306 1996 5361 Hebraice

419 5422 595 5476 sonet,
619 5418 795 5463 tamen
823 5405 948 5476 quia
978 5404 1048 5457 ab
1069 5401 1325 5472 Egyptio‘
1344 5398 1580 5468 ponitur,
1609 5397 1778 5467 ipsius
1804 5396 1998 5468 linguae

421 5500 578 5555 debet
612 5497 810 5552 habere
838 5495 1121 5549 rationem.
1164 5491 1551 5558 Interpretatur
1576 5488 1720 5540 enim
1748 5501 1999 5544 sermone

421 5586 698 5657 Egyptio,
726 5583 1015 5654 sap/aanth
1038 5581 1359 5651 phaanecha,
1392 5579 1528 5638 sive,
1554 5584 1612 5629 ut
1641 5575 1996 5647 Septuaginta

421 5674 713 5737 transferre
738 5674 1044 5736 voluerunt,
1070 5672 1456 5742 ἰὀνθομνρανιῆχ,
1510 5664 1754 5723 Salvator
1794 5670 1994 5735 mundi,

2077 1849 2291 1920 quando
2342 1850 2441 1904 sub
2474 1857 2601 1919 typo
2649 1846 2968 1913 Pharaonis,
3019 1846 3075 1902 in
3126 1856 3422 1917 conspectu
3470 1847 3660 1903 mundi

2081 1939 2329 2009 apparuit
2361 1938 2656 1993 revelatus.

2697 2051 2924 2108 CAPUT
2962 2052 3032 2108 γ.

2080 2154 2158 2210 De
2208 2169 2268 2209 eo
2313 2153 2452 2224 quod
2495 2151 2694 2224 Ioseph
2736 2160 2964 2222 tempore
3002 2151 3288 2224 fertilitatis
3333 2153 3662 2224 congregavit

2150 2222 2380 2306 triticum
2428 2224 2483 2278 in
2528 2222 2749 2288 horrea,
2805 2223 2874 2277 ad
2931 2223 3217 2278 sedandam
3262 2223 3455 2293 [amem
3496 2222 3662 2290 futuri

2151 2304 2418 2365 temporis.

2152 2408 2403 2463 Circuivit
2445 2407 2640 2480 Ioseph
2693 2424 2871 2463 omnes
2923 2420 3157 2477 regiones
3208 2404 3429 2475 ﬁgypti
3456 2417 3475 2456 :
3505 2405 3664 2458 venit—

2082 2516 2180 2573 que
2205 2498 2448 2568 fertilitas
2476 2509 2669 2569 septem
2696 2514 2978 2558 annorum.
3022 2506 3069 2550 et
3107 2498 3162 2550 in
3200 2494 3497 2565 manipulos
3523 2495 3667 2548 reda-

2081 2599 2177 2645 cta:
2198 2598 2403 2660 segetes,
2447 2597 2774 2658 congregata:
2795 2596 2918 2642 sunt
2942 2589 2998 2641 in
3023 2587 3209 2640 horrea
3245 2583 3486 2654 ngypti.
3536 2584 3660 2637 θηε-
3726 2624 3729 2627 ν

2082 2682 2162 2736 nis
2207 2681 2364 2735 etiam
2399 2678 2610 2749 frugum
2663 2679 2988 2733 abundantia
3015 2719 3031 2744 ,
3076 2678 3131 2731 in
3177 2678 3398 2748 singulis
3451 2677 3658 2731 urbibus

2079 2771 2289 2828 condita
2315 2779 2412 2825 est.
2441 2769 2709 2839 Tantaque
2748 2769 2848 2839 fuit
2875 2768 3156 2823 multitudo
3179 2769 3364 2834 tritici,
3397 2778 3455 2822 ut
3487 2785 3655 2822 arena:

2081 2863 2244 2918 maris
2287 2871 2671 2933 coa’quaretur,
2723 2869 2775 2916 et
2832 2861 2984 2932 copia
3028 2876 3327 2915 mensuram
3374 2859 3655 2912 excederet.

2085 2950 2269 3025 (Aug)
2306 2951 2375 3004 Et
2401 2950 2752 3021 congregavit
2777 2949 2975 3019 Ioseph
2997 2950 3258 3015 triticum,
3275 2950 3417 3005 sicut
3442 2964 3658 3004 arenam

2083 3041 2250 3097 maris
2282 3040 2507 3095 multum
2540 3040 2713 3105 valde,
2755 3041 3108 3110 quoadusque
3137 3055 3244 3094 non
3280 3040 3456 3110 potuit
3480 3053 3659 3092 nume-

2008 3108 2052 3172 C
2084 3131 2218 3196 rari,
2247 3146 2352 3186 non
2381 3130 2524 3185 enim
2555 3138 2675 3186 erat
2717 3144 2998 3185 numerus.
3050 3129 3155 3184 Pro
3201 3143 3266 3184 eo
3312 3130 3515 3185 dictum
3560 3135 3656 3191 est,

2058 3236 2196 3290 non
2223 3229 2344 3276 erat
2373 3234 2654 3286 numerus,
2698 3219 2841 3291 quod
2882 3234 3078 3275 nomen
3116 3219 3328 3274 numeri
3353 3218 3531 3274 omnis
3558 3217 3663 3273 usi-

2086 3313 2185 3369 tati
2211 3312 2498 3368 excederet
2524 3312 2615 3368 illa
2659 3312 2834 3382 copia,
2880 3321 2938 3367 et
2973 3312 3243 3383 quomodo
3286 3311 3659 3387 appellaretur,

2087 3418 2193 3456 non
2237 3402 2632 3456 inveniebatur.
2670 3401 2805 3458 Nam
2851 3402 2991 3457 unde
3021 3401 3141 3457 ﬁeri
3183 3409 3366 3472 potest
3396 3412 3454 3456 ut
3486 3415 3664 3471 quam-

2089 3493 2491 3564 libet'magntn,
2535 3493 2703 3549 ﬁnita:
2748 3502 2931 3548 tamen
2977 3492 3356 3559 multitudinis,
3415 3508 3664 3548 numerus

2090 3601 2197 3640 non
2247 3585 2352 3640 sit?
2408 3585 2656 3655 quamvis
2701 3586 2804 3640 hoc
2858 3587 3094 3655 potuerit
3147 3586 3309 3642 etiam
3374 3586 3663 3642 secundum

2090 3675 2418 3747 hyperbolen
2445 3675 2570 3732 dici.
2599 3675 2959 3748 Congregavit
2989 3685 3167 3732 autem
3212 3674 3410 3746 Ioseph
3455 3693 3551 3747 per
3585 3691 3664 3731 se-

2089 3775 2235 3837 ptem
2273 3781 2444 3821 anuos
2502 3780 2718 3819 omnem
2766 3765 2979 3837 frugum
3029 3766 3434 3830 abundantiam,
3478 3766 3532 3821 id
3566 3751 3668 3830 est,

2091 3855 2359 3913 frumenta
2391 3856 2511 3911 ﬁdei
2547 3865 2858 3912 sanctorum
2903 3858 3113 3913 horreis
3153 3858 3414 3924 condens,
3461 3873 3558 3929 per
3581 3857 3663 3911 illa

2091 3948 2299 4002 scilicet
2354 3948 2681 4003 charismata
2748 3957 2995 4018 septem,
3048 3950 3204 4020 quasi
3266 3965 3362 4019 per
3428 3958 3664 4020 septem,

2091 4055 2293 4104 annos,
2343 4047 2399 4093 ul
2448 4055 2571 4094 cum
2607 4047 2812 4108 septem
2864 4040 3058 4109 in0pize
3102 4040 3229 4094 anni
3276 4047 3575 4110 carperent,
3616 4039 3667 4093 id

2091 4138 2193 4192 est.
2225 4146 2350 4185 cum
2375 4130 2632 4199 iniquitas
2661 4130 2748 4183 illa
2777 4130 3099 4193 occurrerit,
3130 4139 3335 4199 septem
3366 4130 3664 4201 capitalium

2091 4222 2375 4277 criminum
2404 4224 2504 4277 sub
2533 4222 2890 4286 Antichristo,
2918 4223 3133 4292 quando
3166 4222 3335 4278 fames
3365 4222 3490 4281 ﬁdei
3516 4222 3669 4278 fuerit

2091 4321 2147 4365 et
2169 4312 2380 4376 salutis,
2412 4321 2539 4367 tunc
2570 4313 2742 4367 sancti
2768 4313 2972 4382 pariter
3000 4322 3054 4368 et
3091 4313 3276 4370 ﬁdeles
3313 4315 3549 4369 habeant
3584 4330 3669 4370 co-

2094 4402 2297 4471 piosam
2322 4400 2545 4470 justitia:
2580 4401 2809 4473 frugem,
2856 4419 2922 4457 ne
2964 4402 3096 4459 fides
3124 4419 3315 4459 eorum
3349 4405 3527 4474 inopia
3561 4419 3667 4460 ser-

2102 4495 2276 4549 monis
2307 4503 2582 4548 attenuata
2621 4494 2854 4549 deﬁciat.
3284 4546 3293 4547 ,

2173 4584 2304 4639 Nati
2331 4594 2449 4639 sunt
2488 4595 2660 4640 autem
2701 4584 2893 4656 Ioseph
2933 4584 3031 4653 ﬁlii
3068 4585 3194 4651 duo,
3227 4595 3506 4655 antequam
3535 4586 3666 4640 veni-

2103 4686 2175 4730 ret
2219 4676 2404 4746 fames,
2455 4692 2584 4746 quos
2633 4676 2680 4729 ei
2724 4677 2917 4746 peperit
2946 4676 3165 4730 Aseneth
3209 4675 3324 4745 ﬁlia
3370 4674 3668 4745 Putipharis

2100 4763 2384 4819 sacerdotis
2430 4762 2784 4835 Heliopoleos.
2834 4763 3143 4835 Vocavitque
3188 4781 3375 4820 nomen
3421 4767 3663 4836 primoge-

2101 4858 2216 4921 niti,
2250 4855 2544 4920 Manasses,
2572 4855 2789 4910 dicens:
2835 4853 3081 4909 Oblivisci
3111 4872 3190 4910 me
3232 4855 3352 4926 fecit
3391 4856 3533 4911 Deus
3573 4872 3672 4910 om-

2100 4951 2245 5003 nium
2291 4947 2529 5001 laborum
2576 4963 2831 5010 meorum,
2881 4957 2930 5000 et
2974 4946 3159 5001 domus
3204 4946 3371 5015 patris
3414 4946 3534 5001 mei.
3566 4943 3671 4998 No-

2101 5055 2316 5110 menque
2353 5037 2566 5091 secundi
2591 5037 2866 5107 appellavit
2900 5036 3170 5108 Ephraim,
3197 5020 3415 5091 dicens:
3439 5036 3669 5091 Crescere

2099 5148 2181 5184 me
2205 5129 2324 5199 fecit
2347 5127 2487 5182 Deus
2512 5128 2565 5181 in
2589 5137 2729 5182 terra
2754 5130 3075 5199 paupertatis
3098 5142 3246 5183 mete.
3277 5125 3519 5182 Observa
3540 5141 3669 5195 qua:-

2101 5221 2328 5276 stionem
2357 5234 2476 5288 qua:
2520 5226 2643 5288 post
2685 5217 2958 5289 paululum
2996 5219 3062 5274 de
3109 5215 3307 5289 Ioseph
3335 5216 3667 5288 proponenda

2100 5320 2205 5376 est,
2235 5310 2377 5379 quod
2406 5316 2533 5364 ante
2560 5308 2718 5363 famis
2754 5316 2984 5378 tempus,
3016 5325 3123 5380 quo
3157 5305 3326 5363 Iacob
3366 5307 3585 5362 intravit
3619 5305 3665 5360 in

2101 5402 2416 5473 IEgyptum,
2459 5401 2595 5455 du‘os
2636 5407 2841 5453 tantum
2874 5396 3070 5469 Ioseph
3103 5398 3241 5453 ﬁlios
3269 5397 3540 5463 habuerit,
3570 5394 3667 5448 Ma-

2102 5509 2296 5548 nassen
2325 5503 2379 5547 et
2423 5492 2697 5561 Ephraim.
2741 5488 3021 5542 Manassen
3061 5504 3275 5547 vocans,
3328 5488 3396 5543 ab
3432 5502 3496 5542 eo
3538 5481 3665 5555 quod

2103 5583 2171 5636 sit
2197 5582 2395 5637 oblitus
2427 5582 2670 5636 laborum
2717 5594 2958 5643 suorum,
2995 5581 3064 5633 ita
3101 5579 3242 5633 enim
3294 5577 3555 5632 Hebraice
3585 5588 3666 5627 vo-

2102 5685 2258 5729 catur
2299 5673 2505 5741 oblirio,
2542 5674 2797 5744 Ephra'nn
2823 5688 2969 5736 vero,
3017 5689 3079 5727 co
3108 5672 3247 5732 quod
3298 5670 3511 5727 auxerit
3554 5680 3665 5724 eum
