3970 6198
347 264 443 320 657

1314 282 1327 309 ι
1356 265 1709 323 COMMENT.
1750 265 1821 321 1N
1860 265 2191 325 CENESIM.
2231 303 2303 314 —
2343 273 2471 328 LIB.
2514 274 2600 331 iV.

3506 271 3610 328 638

342 387 503 451 Deus,
531 399 599 441 ex
628 384 730 439 hoc
760 384 904 439 enim
949 383 1232 448 vocabulo,
1287 383 1340 441 in
1392 383 1635 451 linguam
1679 394 1920 441 nostram
1949 386 2001 444 Λ
2029 392 2199 440 matre
2240 387 2518 456 compleri,
2557 402 2676 458 quae
2715 384 2828 455 jam
2879 393 3090 442 mortua
3140 384 3333 451 fuerat,
3372 387 3513 455 quod
3543 386 3611 440 de

340 474 669 531 transfertur
706 483 1064 542 augmentum.

405 565 586 638 Igitur
608 565 888 619 transactis
928 575 1119 633 septem
1159 564 1312 617 annis
1357 563 1630 631 ubertatis,
1676 566 1768 637 qui
1810 565 1924 635 fue-

339 666 457 709 runt
484 656 538 708 in
565 653 639 709 1E
642 663 822 724 gypto,
857 664 1117 723 coeperunt
1143 655 1314 707 venire
1335 664 1527 725 septem
1553 656 1679 709 anni
1710 656 1919 727 inapiw,

334 761 465 815 quos
498 744 818 811 prwdixcrat
856 728 1082 812 Ioseph;
1124 752 1172 796 et
1221 745 1274 797 in
1315 744 1553 797 universo
1593 747 1714 798 orbe
1756 744 1921 814 fames

334 834 630 908 pra-valuit.
661 834 730 888 In
753 844 943 887 cuncta
972 844 1145 887 autem
1176 843 1316 887 terra
1343 834 1564 905 rEgypti
1590 844 1703 889 erat
1733 835 1918 902 fames.

337 926 456 993 Qua
479 927 758 990 esuriente,
792 925 1035 980 clamavit
1068 924 1292 995 populus
1338 924 1406 979 ad
1446 924 1779 980 Pharaonem
1815 926 1920 979 ali-

333 1026 509 1072 menta
536 1027 733 1087 petens.
776 1014 977 1080 Quibus
1007 1014 1095 1072 ille
1133 1015 1400 1084 respondit
1427 1030 1445 1069 :
1478 1013 1559 1068 Ite
1604 1015 1673 1067 ad
1701 1014 1918 1085 Ioseph,

334 1118 382 1163 et
409 1107 663 1179 quidquid
684 1106 823 1161 vobis
850 1106 1061 1169 dixerit,
1088 1106 1265 1176 facile.
1316 1102 1590 1163 Crescebat
1634 1116 1805 1167 autem
1834 1107 1919 1175 fa-

335 1216 441 1254 mes
466 1198 698 1271 quotidie
720 1198 775 1257 in
812 1200 952 1252 omni
991 1208 1153 1253 terra.
1206 1198 1524 1269 Aperuitque
1568 1198 1760 1268 Ioseph
1805 1201 1921 1253 nni-

335 1278 480 1348 vsrsa
504 1293 714 1355 horrea,
743 1299 792 1345 et
831 1291 1080 1346 vendebat
1110 1288 1395 1361 iggptiis.
1432 1289 1570 1345 Nam
1607 1301 1653 1344 et
1682 1290 1799 1345 illos
1829 1308 1920 1359 op-

333 1390 591 1453 presserat
635 1379 820 1450 fames.
870 1378 1161 1450 Omnesque
1208 1368 1488 1449 provincia:
1545 1380 1815 1435 veniebant
1865 1381 1920 1435 in

333 1471 647 1543 JEgypmm,
676 1481 732 1526 ut
756 1480 981 1527 emerent
1004 1487 1175 1536 escas,
1202 1479 1249 1525 et
1281 1470 1480 1527 malum
1519 1470 1710 1541 inopite
1734 1480 1923 1541 tempe-

335 1572 534 1618 rarent.
562 1560 761 1633 Ioseph
789 1577 818 1615 a
846 1561 1072 1632 penuria
1104 1560 1361 1616 frumenti
1396 1560 1570 1616 salvat
1597 1560 1915 1632 Egyptnm,

333 1662 391 1711 et
416 1653 666 1711 Christus
690 1652 833 1709 fame
854 1652 1003 1709 verbi
1029 1653 1121 1707 Dei
1155 1651 1350 1707 liberat
1382 1652 1663 1706 mundum.
1695 1652 1919 1723 Aperuit

334 1743 477 1801 enim
512 1744 709 1803 horrea
740 1758 836 1798 sua
871 1742 1122 1798 Christus
1152 1742 1204 1801 in
1235 1742 1382 1795 omni
1426 1742 1560 1796 orbe
1600 1750 1868 1797 terrarum
1903 1762 1913 1796 :
1952 1725 1995 1783 Β

331 1841 390 1888 et
416 1834 731 1906 erogatione
770 1832 1024 1887 frumenti
1066 1833 1171 1896 sui,
1220 1833 1400 1889 Omnia
1434 1830 1757 1903 subjugavit.
1806 1833 1922 1889 Nisi

330 1923 477 1983 enim
509 1920 709 1993 Ipseph
731 1921 928 1976 fratres
954 1921 1287 1990 vendissent,
1316 1919 1588 1979 defecerat
1620 1919 1918 1991 Aigyptus;

332 2013 764 2073 nisieChristum
809 2011 979 2068 Iudaei
1024 2010 1442 2077 crucifixissent,
1492 2014 1729 2083 perierat
1771 2029 1925 2068 mun-

332 2107 453 2163 dus.
494 2105 692 2176 Ioseph
732 2103 898 2177 igitur
942 2104 1334 2173 interpretatur
1374 2103 1754 2174 augmentatio,
1809 2105 1925 2160 sive

330 2196 626 2268 ampliatio.
661 2195 765 2252 Sed
801 2195 855 2253 in
896 2195 986 2250 illo
1018 2192 1216 2266 Ioseph
1252 2194 1659 2264 ampliationem
1694 2212 1800 2250 non
1827 2196 1926 2251 ha-

331 2290 470 2354 buit,
508 2289 611 2344 nisi
657 2288 770 2351 sola
825 2287 1127 2360 Egyptus:
1187 2287 1244 2342 in
1286 2295 1474 2343 nostro
1508 2302 1639 2342 vero
1697 2286 1923 2357 Ioseph,

332 2389 683 2453 augmentum
736 2380 937 2435 habere
969 2378 1172 2434 meruit
1212 2378 1500 2435 universus
1547 2379 1800 2435 mundus.
1831 2379 1925 2437 Ille

333 2471 582 2543 erogavit
611 2471 871 2535 triticum,
919 2477 1107 2527 noster
1149 2469 1393 2545 erogavit
1430 2468 1524 2525 Dei
1565 2470 1809 2525 verbum.
1855 2468 1924 2524 In

334 2582 541 2621 omnem
562 2564 703 2621 enim
725 2574 920 2619 terram
944 2562 1103 2617 exivit
1128 2578 1289 2621 sonus
1319 2576 1497 2616 eorum
1535 2558 1709 2631 (Psal.
1737 2557 1919 2622 svnt).

943 2694 1171 2752 CAPUT
1208 2693 1297 2750 Vl.

341 2810 416 2867 De
442 2828 502 2883 eo
523 2811 662 2883 quod
684 2808 850 2883 Iacob
878 2818 1104 2883 tempore
1138 2807 1295 2883 famis
1339 2806 1481 2861 misit
1519 2804 1660 2883 ﬁlios
1705 2804 1923 2883 suos_i_n

405 2875 696 2952 zEngtum
733 2880 812 2952 ad
858 2875 1160 2952 emendum'_
1171 2878 1406 2952 triticum
1423 2891 1442 2952 τ’
1486 2876 1674 2947 quibus
1731 2875 1924 2952 agnitis

401 2946 594 3019 Ioseph
623 2949 981 3021 exploratores
1001 2946 1309 3021 appellavit,
1340 2947 1432 3021 sed
1461 2946 1638 3003 tamen
1659 2960 1777 3003 cum
1805 2946 1922 3015 fru-

403 3017 577 3085 mento
602 3032 651 3076 et
674 3017 840 3090 pretia
867 3035 953 3074 eos
976 3017 1189 3077 domum
1226 3018 1442 3073 remisit.

2021 478 2134 534 sole
2160 487 2214 533 ct
2244 479 2391 543 luna,
2438 496 2563 535 cum
2608 481 2848 543 vidisset,
2883 496 2911 535 τι
2962 488 3112 548 patre
3163 480 3477 543 increpante
3513 493 3612 531 au-

2022 564 2215 628 dierat,
2249 565 2340 633 qui
2367 564 2599 619 vivebat.
2631 564 2872 618 Adornnt
2912 563 3108 618 fratres
3146 560 3342 632 Ioseph
3390 564 3605 632 ipsum;

2021 663 2077 709 et
2105 655 2385 709 Christum
2427 656 2605 709 omnis
2635 665 2809 709 cmtus
2850 664 3161 710 Smietorum
3195 656 3405 717 ades-at,
3442 664 3495 709 et
3529 657 3609 709 di-

2020 747 2146 801 vino
2174 748 2319 801 cultu
2347 749 2593 802 honorat.
2626 747 2681 801 In
2711 748 2842 802 solis
2886 756 3064 801 ωηιιιιι
3109 747 3322 802 nomine
3350 746 3610 817 perfectio

2021 845 2332 893 sanctorum
2366 840 2695 910 designatur,
2737 848 2791 893 et
2846 840 2986 893 luam
3023 840 3375 896 similitudine
3420 841 3607 895 licere-

2022 930 2114 984 site
2164 930 2485 999 exprimitur
2535 931 2715 985 decus.
2767 930 2968 987 Omnes
3011 947 3140 1003 ergo
3211 940 3320 986 tam
3367 933 3609 987 senim'es

2020 1035 2180 1089 quam
2196 1018 2460 1087 juniores,
2494 1028 2600 1074 tam
2627 1020 2849 1088 perfecti
2875 1037 3036 1091 quam
3063 1022 3240 1078 adhuc
3275 1022 3454 1077 minus
3486 1038 3610 1092 per-

2021 1107 2147 1163 fecti
2176 1108 2228 1161 in
2259 1109 2514 1169 Ecclesia,
2564 1107 2838 1163 Christum
2878 1110 3161 1164 Dominum
3202 1111 3428 1166 adorare
3468 1111 3613 1166 dele-

2021 1204 2190 1262 ctant,
2221 1199 2287 1253 de
2308 1214 2414 1268 quo
2460 1199 2743 1253 Psalmista
2773 1201 2845 1253 ait
2871 1217 2884 1254 :
2919 1200 2984 1253 Et
3027 1201 3321 1259 adorabunt
3346 1219 3465 1255 eum
3497 1219 3608 1255 om-

2021 1303 2109 1341 nes
2142 1305 2282 1357 reges
2312 1299 2482 1351 terrae,
2511 1305 2688 1344 omnes
2714 1304 2888 1359 gentes
2912 1291 3133 1344 servient
3160 1291 3207 1344 ei
3231 1291 3403 1362 (Psal.
3431 1292 3605 1348 Lxxtl.

2092 1378 2196 1444 Qui
2237 1379 2479 1433 dixerunt
2503 1396 2521 1433 :
2566 1379 2691 1434 Non
2732 1390 2803 1434 est
2832 1380 2924 1451 ita,
2950 1380 3178 1445 domine,
3225 1382 3313 1434 sed
3354 1384 3488 1436 servi
3529 1380 3607 1434 tui

2021 1480 2267 1525 venerunt
2332 1482 2388 1525 ut
2434 1481 2659 1527 emerent
2713 1473 2872 1527 cibos.
2930 1471 3122 1527 Omnes
3165 1473 3262 1543 filii
3309 1473 3464 1527 unius
3511 1473 3609 1526 viri

2019 1577 2222 1614 sumus.
2281 1559 2502 1631 Paciﬁci
2547 1562 2810 1626 venimus,
2852 1578 2944 1615 nec
2981 1562 3264 1632 quidquam
3309 1561 3497 1631 famuli
3531 1563 3609 1615 tui

2020 1649 2391 1705 machinantar
2426 1649 2574 1704 mali.
2613 1650 2812 1715 Quibus
2853 1650 2940 1703 ille
2976 1650 3278 1717 respondit:
3302 1650 3468 1703 Aliter
3494 1663 3566 1704 est
3588 1668 3607 1704 :

2025 1740 2300 1795 immunita
2338 1751 2493 1795 terra:
2531 1743 2691 1813 hujus
2731 1743 3062 1796 considerare
3110 1744 3337 1800 venistis.
3386 1744 3450 1798 Et
3496 1744 3607 1798 illi:

2026 1827 2234 1892 Decem,
2280 1830 2547 1899 inquiunt,
2588 1832 2724 1884 servi
2766 1832 2842 1884 tui
2882 1831 3072 1900 fratres
3118 1819 3329 1896 sumus,
3369 1835 3468 1903 ﬁlii
3512 1836 3609 1890 viri

2024 1919 2181 1972 unius
2221 1918 2275 1972 in
2318 1928 2459 1972 terra
2492 1918 2768 1975 Chanaan.
2816 1919 3068 1979 Minimus
3102 1938 3219 1977 cum
3249 1933 3396 1993 patre
3432 1936 3611 1980 nostra

2023 2017 2117 2063 est.
2165 2007 2314 2061 Alius
2360 2025 2461 2063 non
2500 2021 2574 2064 est
2619 2027 2794 2079 super.
2836 2011 2953 2067 Hoc
2993 2023 3089 2079 est,
3127 2014 3201 2069 ait
3236 2018 3378 2086 quod
3404 2020 3609 2075 locutus

2023 2117 2138 2157 sunt
2181 2117 2199 2156 :
2235 2101 2609 2171 Exploratores
2658 2106 2802 2161 estis.
2844 2105 2971 2163 Iam
3016 2126 3154 2164 nunc
3201 2113 3609 2181 experimentum

2024 2194 2175 2253 vestri
2198 2194 2436 2265 capiam;
2455 2211 2547 2265 per
2569 2195 2788 2251 salutem
2806 2195 3122 2267 Pharaonis,
3150 2218 3252 2256 non
3274 2204 3610 2273 egrediemini

2023 2286 2143 2343 hinc
2180 2285 2344 2345 donec
2380 2288 2549 2343 veniat
2587 2288 2754 2357 frater
2793 2300 2957 2345 vester
2992 2293 3260 2359 minimus,
3308 2304 3413 2350 etc.
3469 2296 3611 2363 Quid

2024 2384 2110 2431 est
2139 2376 2283 2447 quod
2307 2375 2505 2447 Ioseph
2538 2378 2621 2432 vir
2659 2388 2769 2435 tam
2798 2382 3037 2452 sapiens,
3066 2391 3225 2453 atque
3263 2385 3335 2439 ita
3373 2401 3480 2447 non
3515 2402 3629 2443 sor

2027 2466 2138 2522 lum
2178 2468 2320 2523 inter
2349 2469 2618 2536 homines,
2660 2471 2753 2525 sed
2798 2470 2910 2541 ipsa
2948 2471 3227 2542 Scriptura
3262 2475 3424 2530 etiam
3470 2485 3611 2534 teste

2026 2557 2289 2622 laudatus.
2329 2560 2401 2615 ita
2433 2558 2582 2628 jurat
2614 2577 2710 2631 per
2746 2562 2973 2619 Salutem
3027 2562 3323 2624 Pharaonis
3372 2581 3476 2622 non
3518 2584 3610 2624 ex-

2027 2650 2198 2705 ituros
2235 2650 2301 2706 de
2322 2649 2557 2723 Egypto
2585 2652 2779 2709 fratres
2799 2668 2947 2720 suos,
2975 2656 3076 2711 nisi
3106 2655 3275 2712 frater
3297 2673 3485 2714 eorum
3520 2659 3611 2729 ju-

2025 2740 2147 2795 niur
2171 2741 2417 2797 veniret?
2440 2742 2523 2798 Au
2554 2742 2721 2807 etiam
2757 2744 2898 2800 bono
2926 2753 2981 2800 et
3008 2746 3148 2806 fideli
3178 2748 3299 2804 vilis
3327 2759 3444 2805 erat
3469 2750 3609 2806 Pha-

2026 2832 2208 2887 raonis
2249 2831 2414 2897 salus,
2442 2833 2529 2897 cui
2572 2832 2730 2897 fidem
2770 2836 2911 2891 sicut
2954 2837 3206 2907 primitus
3247 2840 3467 2901 domino
3509 2858 3608 2897 suo

2026 2925 2280 2984 servabat
2326 2926 2381 2982 in
2416 2927 2708 2985 omnibus?
2742 2928 2956 2995 Quanto
3002 2932 3175 3001 magis
3211 2933 3359 2989 enim
3391 2933 3490 3003 ipsi
3516 2934 3610 3003 qui

2025 3032 2147 3074 eum
2186 3019 2243 3073 in
2283 3027 2433 3079 tanto
2456 3019 2663 3077 honore
2697 3021 2991 3087 locaverat,
3031 3022 3076 3079 si
3117 3023 3192 3079 illi
3231 3025 3481 3081 servabat
3515 3027 3610 3096 qui

404 3081 557 3204 (tu...
596 3081 754 3202 m1.)
783 3128 1014 3187 Audiens
1053 3127 1241 3191 Iacob,
1279 3127 1419 3198 quod
1454 3126 1704 3189 alimenta
1741 3127 1925 3183 vende-
1950 3081 1995 3145 C
2031 3126 2152 3204 enim
2182 3126 2398 3204 servum
2416 3112 2717 3204 malitiam
2752 3081 3092 3182 possidebat?
3117 3113 3269 3182 Quod
3297 3115 3347 3170 si
3372 3131 3479 3175 non
3510 3081 3609 3172 c'ui

339 3233 521 3277 rentur
541 3221 599 3276 in
624 3220 876 3292 zEggpm,
904 3219 1037 3274 dixit
1062 3218 1189 3288 ﬁliis
1219 3218 1367 3273 suis;
1399 3216 1577 3283 Quare
1616 3216 1876 3288 negligitis
1903 3219 1928 3271 ?

336 3313 529 3368 Audivi
549 3314 687 3384 quod
712 3313 945 3367 triticum
972 3327 1101 3367 vena
1123 3310 1296 3365 rdetur
1318 3311 1374 3365 in
1410 3308 1672 3381 .Egypto.
1698 3309 1928 3365 Descen-

334 3407 443 3475 dit:
466 3414 516 3461 et
540 3406 692 3461 emite
716 3404 863 3459 nobis
900 3402 1216 3472 necessaria,
1259 3412 1316 3459 ut
1358 3403 1619 3473 possimus
1656 3401 1849 3465 vivere,
1876 3409 1927 3455 et

338 3516 441 3554 non
467 3513 842 3554 consumantur
862 3496 1062 3567 inopia.
1112 3495 1257 3551 Dixit
1286 3493 1454 3549 Iacob
1479 3493 1605 3549 ﬁliis
1635 3494 1749 3549 suis
1779 3511 1791 3547 :
1828 3493 1928 3549 Est

336 3587 668 3644 frumentum
716 3588 774 3641 in
813 3585 1082 3657 Egypto;
1127 3585 1259 3641 dicit
1306 3584 1450 3640 Deus
1497 3591 1552 3639 et
1597 3582 1801 3643 Pater:
1846 3581 1927 3638 Ea:

337 3676 568 3748 Egypto
612 3677 789 3731 vocari
822 3674 867 3728 F
871 3676 1022 3729 ilium
1048 3692 1219 3731 meum
1261 3674 1407 3747 (Ose.
1453 3675 1552 3744 xi).
1584 3673 1928 3731 Descendunt

337 3769 707 3840 igitur-decem
751 3766 1137 3838 provectiores,
1185 3765 1241 3821 id
1284 3772 1389 3829 est,
1433 3762 1604 3819 Iudaei
1632 3762 1787 3832 quasi
1826 3761 1927 3816 sub

337 3859 592 3930 decalogo
636 3858 768 3929 legis
811 3866 867 3912 et
909 3871 1136 3913 numero
1165 3854 1468 3919 constituti,
1513 3868 1651 3922 quos
1696 3853 1809 3921 ipse
1835 3866 1928 3906 co-

338 3964 624 4019 gnoscens,
671 3964 778 4003 non
822 3956 907 4004 est
950 3947 1165 4018 agnitus
1193 3947 1262 4002 ab
1296 3946 1395 4001 eis.
1434 3943 1848 4015 Cognoscuntur
1873 3950 1928 4001 et

337 4041 549 4099 Hehrzci
579 4058 609 4095 a
641 4040 880 4097 Christo.
915 4039 1021 4109 Ipsi
1070 4047 1247 4093 autem
1278 4052 1385 4092 non
1413 4042 1745 4107 cognoscunt
1773 4050 1921 4091 eum.

404 4132 794 4189 Descenderunt
834 4131 996 4200 igitur
1023 4130 1217 4198 fratres
1253 4128 1446 4197 Ioseph
1478 4127 1676 4190 decem,
1706 4134 1762 4179 ut
1788 4140 1927 4179 eme-

337 4233 449 4278 rent
478 4223 744 4293 frumenta
780 4223 836 4277 in
883 4219 1194 4290 Egyptum,
1238 4217 1517 4288 Benjamin
1561 4216 1703 4271 domi
1729 4211 1924 4271 retento

336 4332 368 4369 a
406 4314 596 4374 Iacob.
638 4314 730 4384 qui
772 4312 975 4367 dixerat
1006 4311 1261 4381 fratribus
1301 4310 1416 4379 ejus
1440 4322 1467 4361 ,ι
1499 4309 1581 4364 Ne
1608 4309 1742 4377 forte
1765 4311 1821 4365 in
1844 4309 1926 4363 iti-

335 4421 457 4458 nere
492 4403 779 4475 quidquam
829 4403 1062 4472 patiatur
1104 4399 1250 4455 mali.
1301 4398 1536 4471 Ingressi
1585 4408 1704 4457 sunt
1749 4409 1923 4456 autem

335 4507 530 4551 terram
556 4494 775 4565 .Egypti
799 4511 919 4549 cum
947 4494 1071 4547 aliis
1094 4495 1182 4564 qui
1217 4494 1496 4564 pergebant
1526 4493 1596 4548 ad
1621 4492 1916 4547 emendum.

334 4588 471 4646 Erat
495 4597 670 4641 autem
694 4586 859 4655 fames
882 4587 937 4638 in
960 4596 1099 4639 terra
1135 4584 1414 4651 Chanaan,
1454 4594 1503 4639 et
1544 4582 1740 4654 Ioseph
1776 4583 1924 4653 prin-

330 4693 450 4747 ceps
487 4676 727 4746 Egypti,
757 4684 910 4745 atque
937 4675 1006 4728 ad
1033 4674 1177 4728 illius
1206 4684 1391 4729 nutum
1419 4674 1685 4744 frumenta
1717 4671 1921 4744 populis

332 4767 708 4824 vendebantur.
747 4766 981 4837 Cumque
1024 4765 1327 4820 adorassent
1372 4782 1493 4819 eum
1527 4770 1720 4839 fratres
1744 4763 1847 4829 sui,
1870 4771 1921 4818 et

331 4860 628 4930 agnovisset
651 4874 761 4923 eos,
806 4858 958 4928 quasi
1006 4856 1075 4911 ad
1123 4854 1323 4911 alienos
1359 4856 1544 4912 durius
1586 4855 1918 4927 loquebatur,

329 4949 659 5016 interrogans
689 4959 709 4997 :
760 4943 910 4999 Unde
948 4944 1199 4999 venistis?
1243 4943 1348 5008 Qui
1398 4944 1770 5013 responderunt
1797 4956 1815 4994 :
1841 4941 1921 4997 De

331 5045 474 5092 terra
501 5036 774 5099 Chanaan,
799 5045 853 5089 ut
883 5052 1116 5090 eruamus
1141 5034 1301 5088 victui
1330 5034 1651 5098 necessaria,
1675 5042 1722 5087 et
1743 5042 1919 5087 tamen

333 5125 526 5195 fratres
548 5127 656 5196 ipse
676 5142 1010 5196 cognoscens,
1041 5142 1146 5179 non
1171 5134 1246 5179 est
1272 5125 1478 5194 agnitus
1507 5124 1573 5177 ab
1599 5126 1695 5178 eis.
1725 5122 1918 5177 Recor-

333 5214 590 5285 datusque
633 5216 953 5269 somniorum
1004 5231 1121 5286 qua:
1165 5214 1452 5284 aliquando
1501 5212 1724 5277 viderat,
1774 5212 1848 5266 ait
1895 5224 1915 5264 .'

338 5302 711 5373 Exploratores
744 5306 890 5371 estis,
928 5313 990 5381 ut
1025 5304 1247 5358 videatis
1290 5303 1586 5371 infirmiora
1632 5311 1786 5357 terra:
1829 5318 1914 5358 ve—

335 5394 503 5446 nistis.
536 5393 718 5466 (διας.)
746 5394 813 5450 Ει
838 5401 1168 5449 memoratus
1192 5391 1391 5462 Ioseph
1420 5392 1753 5447 somniorum
1784 5408 1914 5448 suo-

334 5498 454 5538 rum
484 5499 605 5553 qua:
629 5486 767 5540 vidit
797 5486 933 5556 ipse,
959 5487 1321 5541 adoraverant
1355 5483 1501 5538 enim
1545 5498 1669 5538 eum
1718 5482 1917 5539 fratres

334 5575 451 5640 sui,
482 5575 579 5635 sed
614 5575 816 5646 aliquid
844 5577 900 5635 in
938 5577 1044 5632 illis
1071 5576 1296 5631 somniis
1323 5574 1591 5631 excelsius
1639 5574 1916 5644 inquiren-

335 5665 464 5726 dum
490 5675 592 5723 est.
641 5667 757 5724 Non
783 5668 927 5725 enim
965 5675 1140 5740 potest
1166 5682 1231 5724 eo
1259 5666 1418 5723 modo
1445 5666 1509 5722 de
1538 5672 1687 5736 patre
1711 5662 1826 5734 eius
1850 5677 1914 5722 ac

2028 3203 2186 3259 rabat
2209 3202 2509 3261 Pharaonis
2536 3202 2788 3268 salutem,
2817 3204 3062 3273 nunquid
3101 3213 3153 3260 et
3184 3205 3480 3276 periurium
3510 3221 3610 3277 pro

2026 3290 2311 3361 cujuslibet
2358 3292 2589 3347 hominis
2645 3292 2820 3348 salute
2873 3295 3045 3348 vitare
3108 3310 3214 3350 non
3261 3296 3484 3352 debuit?
3523 3297 3610 3354 An

2026 3398 2133 3437 non
2162 3390 2245 3438 est
2264 3380 2599 3453 perjurium?
2621 3383 2815 3438 Tenuit
2840 3385 2984 3442 enim
3011 3401 3175 3440 unum
3204 3401 3412 3451 eorum,
3438 3387 3610 3445 donec

2026 3472 2236 3527 veniret
2258 3472 2559 3541 Benjamin,
2582 3481 2639 3528 et
2663 3490 2848 3529 verum
2875 3473 3074 3530 factum
3096 3482 3179 3531 est
3206 3477 3348 3545 quod
3373 3476 3605 3533 dixerat.

2027 3564 2145 3620 Non
2190 3566 2408 3621 exibitis
2450 3566 2596 3633 hinc,
2638 3567 2808 3622 donec
2843 3569 3029 3625 veniat
3064 3568 3235 3624 frater
3278 3578 3474 3626 vester.
3524 3571 3609 3626 Ad

2026 3671 2213 3712 omnes
2240 3658 2383 3712 enim
2418 3659 2592 3727 potuit
2619 3661 2893 3728 pertinere
2931 3661 3072 3730 quod
3105 3660 3307 3715 dictum
3336 3670 3437 3717 est.
3459 3661 3607 3719 .Nam
3628 3676 3651 3685 ‘

2028 3749 2297 3820 quomodo
2335 3758 2390 3803 et
2431 3750 2519 3815 ille
2547 3757 2805 3804 venturus
2834 3759 2999 3823 esset,
3035 3750 3134 3813 nisi
3176 3751 3242 3806 ad
3280 3766 3403 3805 eum
3438 3753 3608 3806 addu-

2026 3841 2253 3895 cendum
2296 3838 2462 3907 aliqui
2505 3839 2805 3894 redissent?
2848 3837 2954 3893 Sed
2978 3839 3124 3909 quod
3154 3839 3397 3909 sequitur
3434 3842 3605 3911 magis

2025 3938 2181 4003 urget
2215 3929 2587 3998 qnzsstionem,
2620 3929 2713 3991 ubi
2738 3929 2934 3993 itermn
2956 3929 3162 3999 juravit
3183 3929 3397 3985 dicens:

2094 4018 2287 4074 Mittite
2328 4035 2393 4074 ea:
2430 4018 2570 4081 vobis
2634 4035 2835 4084 unum,
2889 4028 2937 4073 et
2977 4019 3223 4074 adducite
3259 4020 3476 4090 fratrem
3513 4038 3602 4076 ve-

2022 4118 2222 4173 strum,
2265 4124 2354 4162 vos
2394 4118 2567 4165 autem
2613 4108 2908 4173 vincimini,
2953 4109 3289 4181 quoadusque
3325 4111 3605 4180 manifesta

2023 4198 2127 4252 sint
2161 4196 2309 4251 verba
2347 4205 2534 4260 vestra,
2567 4197 2613 4250 si
2646 4212 2767 4250 vera
2802 4197 2974 4251 dicitis
3012 4216 3081 4252 an
3111 4215 3233 4253 non.
3279 4198 3376 4254 Sin
3404 4210 3600 4267 autent,

2023 4304 2115 4358 per
2148 4285 2370 4341 salutem
2391 4284 2713 4351 Pharaonis,
2755 4285 3108 4358 exploratores
3144 4290 3290 4354 estis,
3324 4288 3377 4344 id
3413 4299 3517 4356 est,
3554 4292 3601 4346 si

2028 4395 2134 4434 non
2161 4394 2291 4433 vera
2317 4378 2515 4442 dicitis,
2544 4378 2914 4447 exploratores
2954 4381 3113 4446 estis;
3156 4381 3281 4437 huic
3321 4384 3603 4440 sententiae

2026 4469 2346 4539 interposuit
2372 4468 2722 4539 iurationem,
2764 4470 2890 4539 quia
2927 4472 2972 4526 si
3008 4487 3134 4526 vera
3174 4488 3282 4527 non
3313 4474 3600 4543 dixissent,

2023 4559 2391 4629 exploratores
2428 4566 2632 4625 essent,
2672 4559 2793 4615 ideo
2836 4558 3235 4629 exploratorum
3265 4576 3424 4634 paena
3454 4563 3600 4634 digni

2020 4658 2221 4707 essent.
2251 4650 2399 4718 Quos
2427 4657 2605 4717 tamen
2630 4666 2757 4719 vera
2785 4650 2967 4707 dicere
2992 4652 3225 4720 sciebat;
3257 4669 3431 4724 neque
3455 4655 3599 4713 enim

2021 4739 2271 4809 periurus
2308 4748 2391 4797 est
2426 4741 2677 4817 quisque,
2716 4742 2759 4796 si
2790 4742 2839 4796 ei
2867 4758 3028 4813 quem
3057 4745 3417 4801 castissimum
3452 4748 3601 4805 novit

2022 4835 2167 4891 dicat
2196 4851 2209 4886 :
2243 4832 2299 4888 Si
2331 4834 2434 4889 hoc
2462 4833 2784 4904 adulterium
2812 4833 2878 4889 de
2913 4850 3020 4906 quo
3047 4839 3292 4909 argueris
3326 4840 3600 4895 commisi-

2022 4924 2111 4989 sti,
2140 4923 2362 4978 damnat
2391 4931 2442 4977 tc
2469 4923 2631 4987 Deus,
2660 4931 2715 4976 et
2751 4922 2836 4978 his
2868 4924 3050 4981 verbis
3089 4927 3334 4982 adhibuit
3370 4926 3599 4996 iuratio-

2019 5029 2165 5078 nem,
2215 5029 2405 5071 verum
2443 5007 2662 5069 cumino
2695 5012 2863 5081 jurat.
2913 5014 2990 5069 lbi
3030 5017 3173 5071 enim
3216 5026 3299 5072 est
3337 5017 3594 5084 conditio,

2018 5106 2144 5176 quia
2168 5104 2323 5169 dixit,
2352 5103 2397 5157 si
2427 5102 2622 5168 fecisti,
2649 5119 2811 5173 quem
2834 5111 3011 5159 tamen
3036 5119 3141 5159 non
3170 5103 3362 5161 fecisse
3388 5115 3597 5162 certum

2019 5197 2200 5252 habet.
2232 5194 2338 5250 Sed
2362 5194 2439 5248 ait
2464 5194 2658 5265 aliquis
2685 5212 2696 5248 :
2725 5194 2922 5249 Verum
2942 5203 3046 5260 est,
3070 5195 3196 5264 quia
3224 5196 3270 5251 si
3292 5196 3419 5252 fecit
3447 5198 3597 5253 adul-

2021 5290 2236 5353 terium,
2286 5276 2506 5341 damnat
2551 5285 2699 5340 illum
2729 5285 2889 5340 Deus.
2941 5284 3053 5341 Hoc
3098 5294 3276 5342 autem
3328 5288 3595 5356 quomodo

2018 5398 2209 5437 verum
2227 5388 2312 5437 est
2330 5420 2345 5445 ,
2378 5379 2424 5435 si
2464 5393 2570 5433 non
2600 5392 2786 5433 verum
2817 5376 3012 5443 dicitis,
3045 5378 3415 5447 exploratores
3438 5380 3595 5447 estis,

2020 5486 2143 5525 cum
2189 5470 2356 5525 etiam
2397 5469 2443 5523 si
2490 5468 2842 5530 mentiantur,
2887 5481 2994 5521 non
3034 5476 3161 5523 sunt
3194 5468 3596 5538 exploratores?

2020 5561 2125 5617 Sed
2151 5560 2256 5615 hoc
2276 5565 2358 5615 est
2384 5556 2525 5628 quod
2551 5555 2708 5618 dixit.
2732 5554 2803 5607 ita
2829 5553 3032 5609 dictum
3054 5570 3191 5611 esse.
3218 5556 3596 5628 Exploratores

2018 5653 2166 5717 estis,
2207 5659 2461 5721 tanquam
2501 5645 2543 5701 si
2572 5644 2771 5701 dictum
2812 5655 2975 5711 esset,
3007 5646 3406 5718 exploratorum
3431 5663 3591 5721 poma
