3962 6198
347 285 454 339 659

1022 283 1081 337 n.
1120 282 1370 337 uanam
1398 256 1628 337 suum
1666 281 1983 336 ARClllt-JP.
2027 281 2334 339 nouum.
2376 280 2660 337 oranun
2699 275 2876 332 mns
2913 276 2957 331 l.

3488 270 3602 330 dic

344 399 485 467 digni
526 397 677 461 estis,
710 406 811 451 hoc
841 407 923 450 est
957 395 1323 464 explor.:torcs
1352 396 1682 465 deputamini
1721 396 1914 449 merito
1947 406 1984 453 Α
2018 407 2157 449 terra
2197 396 2266 449 ad
2305 411 2461 465 quam
2503 393 2735 463 pergitis,
2780 390 3040 445 deducetis
3087 405 3247 444 canos
3292 406 3432 444 meos
3476 406 3606 444 cum

344 487 604 541 mendacii
642 487 826 540 vestri.
858 485 999 538 Estis
1029 497 1206 540 autem
1238 486 1476 555 potuisse
1506 486 1609 540 dici
1639 500 1738 554 pro
1766 485 1922 537 Imbe-

344 579 472 630 mini
499 585 553 629 et
574 575 981 644 deputabimini,
1026 575 1321 629 innumera:
1366 574 1568 630 similes
1624 574 1921 628 locutiones

346 666 559 720 docent.
594 664 746 720 Unde
776 673 857 717 est
886 664 972 717 illa
1000 665 1128 717 Piliae
1157 681 1169 716 :
1202 665 1304 729 Qui
1327 680 1525 734 cunque
1545 664 1835 716 exaudierit
1868 664 1921 716 in

350 758 478 811 ium.
504 768 549 808 et
574 756 677 824 ipse
698 755 793 807 erit
825 754 956 807 Deus
980 754 1098 825 (III
1122 754 1244 825 Reg.
1271 753 1445 825 xvm).
1477 753 1591 807 Non
1627 752 1770 805 enim
1796 761 1921 805 tunc

348 849 466 903 erit.
499 847 589 899 sed
617 855 741 899 tunc
765 845 1069 898 habebitur.

421 936 482 987 la't
509 935 664 988 locuti
686 943 805 988 sunt
829 934 896 986 ad
918 934 1166 990 invicem.-
1195 934 1380 988 Mcrito
1401 934 1510 987 lucc
1530 933 1777 1001 patimur,
1799 931 1921 1001 quia

345 1024 667 1093 peccrwimus
711 1023 764 1075 in
808 1023 1025 1091 fratrem
1067 1033 1317 1087 nostrum,
1364 1022 1589 1076 videntes
1629 1020 1919 1090 angustiam

349 1118 539 1166 anima?
567 1115 702 1183 ejus,
724 1114 847 1166 dum
871 1114 1234 1182 de;~recaretur
1260 1130 1373 1177 nos,
1397 1124 1443 1167 et
1478 1130 1581 1166 non
1607 1111 1919 1165 audivimus.

348 1203 555 1256 Idcirco
581 1203 711 1257 venit
737 1219 890 1271 super
910 1218 1001 1255 nos
1036 1204 1135 1255 ista
1155 1203 1441 1257 tribulatio.
1487 1203 1553 1255 Et
1574 1203 1759 1272 quibus
1786 1218 1920 1255 unus

347 1293 530 1346 Ruben
554 1294 625 1345 ait
648 1312 666 1349 :
694 1290 945 1363 Nunquid
971 1293 1201 1364 nonqdia‘i
1226 1292 1366 1346 vobis
1387 1309 1405 1346 :
1435 1291 1611 1345 Nolite
1630 1307 1844 1361 peccare
1868 1292 1922 1345 in

347 1401 587 1456 puerum,
629 1394 675 1437 et
714 1400 815 1437 non
852 1382 1073 1436 audistis
1097 1383 1215 1437 me?
1245 1381 1325 1435 En
1355 1382 1567 1452 sanguis
1595 1381 1708 1451 ejus
1733 1380 1920 1451 exqui‘

346 1475 498 1529 ritur.
539 1474 850 1528 Nesciebant
890 1484 1061 1527 autem
1106 1473 1245 1544 quod
1284 1472 1586 1542 intelligeret
1612 1456 1829 1542 Ioseph,
1863 1486 1922 1524 eo

344 1565 482 1637 quod
506 1583 597 1635 per
616 1567 940 1635 interpretem
962 1563 1266 1635 loquebatur
1285 1563 1353 1616 ad
1376 1555 1489 1616 eos;
1507 1561 1645 1628 Quid
1673 1570 1755 1616 est
1779 1560 1922 1637 quod

348 1634 469 1710 cum
508 1634 653 1709 intra
689 1634 755 1709 se
784 1634 1107 1723 poenitentes
1142 1654 1235 1708 lilii
1272 1654 1435 1708 lsrael
1472 1653 1819 1724 loquerentur
1855 1634 1921 1709 de

2022 486 2201 540 dolore
2225 487 2293 540 ad
2320 485 2534 555 inferos.
2577 484 2843 551 Qumritur
2871 491 3052 536 utrum
3086 482 3206 536 ideo
3230 482 3295 535 ad
3324 481 3602 537 infernum

2021 577 2147 646 quia
2179 592 2299 631 cum
2328 576 2564 641 tristitia,
2597 589 2663 628 an
2694 574 2857 628 etiam
2887 573 2932 628 si
2963 574 3180 627 abesset
3208 573 3448 637 tristitia,
3481 580 3612 628 tan-

2022 682 2183 736 quam
2230 667 2298 720 ad
2345 665 2612 720 infernum
2662 664 2942 718 moriendo
2984 662 3345 718 descensurus
3372 664 3493 721 haec
3523 663 3612 717 lo-

2022 757 2221 824 quitur.
2254 756 2328 809 De
2356 754 2565 808 inferno
2592 754 2735 807 enim
2764 768 2958 822 niagna
2990 754 3221 821 quaestio
3242 761 3346 818 est,
3373 762 3428 807 et
3469 753 3611 823 quid

2023 847 2148 901 inde
2179 846 2456 914 Scriptura
2497 845 2714 905 sentiat,
2746 844 2880 899 locis
2917 844 3170 899 omnibus
3197 845 3288 899 ubi
3327 843 3472 900 forte
3497 845 3611 899 hoc

2022 941 2499 991 commemoratum
2528 933 2707 998 fuerit,
2736 934 3128 988 observandum
3158 928 3262 989 est.

2618 1045 2844 1102 CAPUT
2881 1046 2985 1100 VII.

2022 1137 2101 1192 De
2142 1137 2367 1206 secundo
2411 1137 2639 1206 transitu
2687 1136 2909 1205 fratrum
2948 1136 3141 1205 Ioseph
3191 1136 3245 1189 in
3282 1136 3607 1206 liggptum,

2196 1205 2351 1260 simul
2371 1222 2487 1259 cum
2502 1205 2798 1273 Beniamin,
2817 1215 2864 1258 et
2887 1207 3197 1259 tentationes
3219 1223 3417 1260 eorum.

2094 1298 2243 1368 (Car.
2274 1296 2449 1366 mn.)
2478 1296 2650 1367 Igitur
2670 1294 2839 1350 Israel
2858 1305 3006 1366 pater
3024 1313 3204 1350 eorum
3226 1296 3361 1350 dixit
3387 1297 3457 1350 ad
3480 1314 3572 1351 eos
3589 1314 3609 1351 :

2023 1389 2081 1445 Si
2106 1390 2180 1443 sic
2202 1405 2403 1443 necesse
2422 1396 2515 1450 est,
2544 1387 2697 1457 facite
2719 1385 2856 1457 quod
2879 1385 3050 1439 vultis.
3078 1384 3281 1440 Sumite
3301 1385 3366 1439 de
3391 1386 3611 1455 optimis

2022 1492 2175 1537 terrm
2199 1482 2433 1552 frugibus
2459 1481 2513 1535 in
2534 1481 2668 1534 vasis
2692 1479 2892 1539 vestris,
2920 1487 2969 1531 et
2995 1478 3189 1547 deferte
3219 1477 3327 1532 viro
3347 1494 3576 1531 munera
3592 1492 3610 1529 :

2021 1573 2281 1629 modicum
2314 1572 2518 1635 resina,
2557 1579 2606 1624 et
2641 1567 2827 1636 mellis,
2860 1577 2908 1622 et
2941 1568 3192 1631 storacis,
3231 1575 3279 1620 et
3314 1576 3533 1631 stactes,
3564 1578 3613 1621 et

2023 1662 2313 1727 terebinthi,
2348 1670 2397 1715 et
2420 1658 2817 1729 amygdalarum
2841 1672 2859 1709 .'
2882 1658 3153 1727 pecuniam
3177 1673 3380 1727 quoque
3426 1655 3613 1726 dupli-

349 1743 515 1799 fratre
558 1759 655 1799 suo
688 1743 914 1815 Joseph.
954 1745 1095 1814 quod
1135 1760 1257 1800 cum
1299 1745 1389 1798 illo
1427 1744 1568 1799 male
1603 1745 1834 1815 egerint.
1869 1741 1925 1799 ἐι
1953 1734 1998 1792 Β
2026 1771 2134 1809 cem
2157 1753 2286 1823 ferte
2307 1753 2564 1807 vobiscum
2587 1762 2634 1805 et
2660 1749 2805 1804 illam
2824 1767 2982 1821 quam
3011 1750 3277 1803 invenistis
3298 1749 3351 1802 in
3375 1747 3611 1802 sacculis

347 1837 448 1889 hoc
479 1836 557 1889 eis
587 1835 767 1889 divino
800 1834 1004 1903 judicio
1045 1834 1380 1899 redderetur,
1414 1834 1559 1904 quod
1610 1849 1667 1888 se
1703 1834 1920 1903 pericli-

350 1925 452 1979 tari
481 1925 757 1991 videbant,
785 1924 1028 1995 adiungit
1064 1922 1340 1993 Scriptura
1369 1931 1421 1978 et
1450 1924 1577 1978 dicit
1600 1940 1613 1975 :
1636 1924 1740 1993 Ipsi
1770 1923 1923 1994 igno-

348 2016 541 2070 rahant
576 2016 701 2085 quia
741 2015 992 2071 audiebat
1031 2015 1248 2085 Ioseph,
1295 2015 1560 2084 interpres
1598 2016 1743 2070 enim
1784 2016 1925 2071 inter

353 2108 471 2162 illos
516 2116 655 2162 erat.
705 2106 818 2161 Hoc
864 2107 1070 2161 scilicet
1122 2105 1520 2177 intelligendum
1563 2114 1646 2160 est
1678 2106 1799 2161 ideo
1831 2120 1924 2161 eos

350 2206 570 2269 putasse
595 2196 719 2266 quia
765 2196 853 2251 ille
899 2211 1004 2250 non
1038 2195 1266 2258 audiret,
1299 2194 1441 2264 quod
1470 2194 1723 2249 videbant
1765 2195 1928 2249 inter-

351 2298 579 2359 pretem,
615 2289 706 2357 qui
748 2288 887 2342 inter
930 2287 1049 2341 illos
1090 2295 1229 2351 erat,
1260 2285 1394 2340 nihil
1433 2286 1482 2340 ei
1517 2285 1698 2341 dicere
1737 2301 1925 2341 eorum

351 2395 469 2448 qua:
501 2379 875 2447 loquebantur.
910 2376 1021 2432 Nec
1054 2377 1122 2432 ob
1159 2376 1305 2431 aliud
1336 2375 1632 2430 adhibitum
1663 2375 1928 2446 putabant

353 2470 720 2538 interpretem,
770 2467 871 2520 nisi
898 2466 1039 2536 quod
1068 2481 1253 2520 eorum
1281 2466 1517 2536 linguam
1550 2466 1639 2520 ille
1668 2466 1925 2531 nesciret,

355 2575 455 2616 nec
480 2575 609 2615 cura
636 2567 754 2614 erat
778 2558 1087 2629 interpretis
1112 2572 1172 2611 ea
1203 2557 1384 2613 dicere
1419 2557 1495 2612 illi
1533 2573 1564 2612 a
1588 2573 1696 2626 quo
1720 2559 1930 2628 positus

359 2650 555 2716 fuerat,
583 2665 700 2720 quae
731 2665 837 2703 non
881 2650 947 2703 ad
978 2648 1144 2711 illum,
1174 2649 1267 2703 sed
1299 2647 1440 2701 inter
1466 2663 1524 2703 se
1551 2646 1925 2717 loquebantur.

419 2743 485 2796 Et
505 2756 732 2795 reversus
748 2739 950 2793 locutus
970 2749 1044 2793 est
1059 2738 1127 2793 ad
1142 2738 1277 2792 illos.
1295 2737 1601 2809 Tollensque
1614 2736 1929 2804 Simeonem,

354 2843 401 2887 et
426 2832 593 2903 ligans
625 2830 729 2885 illis
749 2829 1106 2900 pra’sentibus,
1130 2829 1292 2900 jussit
1314 2829 1563 2882 ministris
1585 2838 1640 2882 ut
1662 2826 1930 2894 implerent

358 2941 537 2979 succos
570 2940 748 2978 eorum
774 2923 945 2975 tritico
966 2963 979 2988 ,
1005 2931 1052 2975 et
1075 2930 1372 2991 reponerent
1413 2921 1658 2991 pecunias
1694 2918 1932 2989 singulo-

358 3029 473 3066 rum
504 3013 556 3065 in
595 3011 816 3066 sacculis
851 3012 983 3076 suis,
1017 3010 1153 3063 datis
1184 3027 1343 3081 supra
1378 3010 1587 3063 cibariis
1609 3012 1664 3062 in
1699 3009 1801 3062 uia.
1828 3008 1933 3074 Qui

248 3158 265 3174 ,
360 3109 589 3176 fecerunt
617 3105 712 3160 ita.
746 3104 809 3158 At
839 3103 916 3158 illi
944 3113 1204 3173 portantes
1232 3103 1494 3173 frumenta
1527 3104 1579 3156 in
1607 3103 1788 3165 asinis,
1812 3118 1931 3171 pro-

359 3198 479 3268 fecti
499 3205 639 3250 sunt.
674 3193 811 3261 Quid
840 3201 1019 3247 autem
1047 3193 1312 3264 significat
1340 3195 1482 3261 quod
1513 3192 1711 3246 fratres
1736 3190 1932 3261 Ioseph

253 3302 267 3312 '
361 3288 623 3344 dederunt
648 3284 926 3358 pecuniam
958 3283 1014 3341 in
1043 3283 1363 3355 emptionem
1394 3281 1669 3351 frumenti,
1693 3282 1785 3341 sed
1813 3298 1932 3340 eam

366 3380 488 3449 ipsi,
520 3387 737 3449 accepto
778 3377 1044 3432 frumento
1070 3378 1212 3447 quod
1241 3387 1504 3441 emerant,
1537 3378 1730 3431 iterum
1775 3392 1937 3445 pecu—

367 3472 514 3526 niam
541 3477 1065 3539 suam-receperunt,
1093 3469 1195 3524 nisi
1223 3469 1365 3538 quod
1388 3468 1586 3539 Ioseph
1624 3478 1806 3523 noster
1829 3484 1935 3522 non

366 3564 560 3634 qumrit
579 3569 784 3627 nostra,
811 3562 902 3618 sed
930 3562 1060 3617 nos?
1083 3560 1263 3617 Gratis
1285 3562 1428 3616 enim
1453 3561 1543 3616 dat
1568 3577 1664 3616 sua
1691 3578 1936 3628 munera,

361 3662 420 3708 et
464 3654 515 3707 in
556 3661 738 3706 nostra
779 3652 1049 3722 emptione
1085 3666 1184 3706 nos
1224 3651 1446 3706 ditiores
1486 3651 1632 3717 fecit,
1668 3652 1794 3722 quia
1832 3668 1938 3707 non

364 3746 593 3816 pecunia
627 3744 826 3799 emitur
854 3743 1127 3810 Christus,
1157 3745 1252 3800 sed
1277 3744 1469 3815 gratia.

443 3835 803 3905 Veneruntqu'e
840 3836 908 3888 ad
937 3834 1101 3889 Iacob
1136 3847 1333 3906 patrem
1368 3852 1523 3889 suum
1560 3835 1615 3889 in
1645 3844 1782 3888 terra
1803 3833 1943 3889 Cha-

370 3945 531 3992 naan,
575 3935 624 3981 et
668 3935 1009 3981 narraverunt
1048 3926 1097 3980 ei
1137 3927 1310 3980 omnia
1349 3943 1466 3998 quae
1503 3926 1812 3980 accidissent
1843 3924 1942 3980 sibi

368 4021 592 4074 dicentes
617 4018 882 4073 :Locutus
922 4016 997 4073 es‘t
1039 4020 1184 4073 nobis
1226 4020 1466 4073 domimts
1505 4027 1658 4074 terra?
1692 4016 1855 4086 dure,
1895 4028 1943 4073 et

367 4112 564 4182 putavit
595 4128 687 4165 nos
715 4110 1065 4182 exploratores
1089 4112 1384 4181 provinciae,
1412 4120 1517 4167 etc.
1554 4112 1825 4178 Qumritur
1849 4127 1946 4167 cur

371 4202 571 4272 Ioseph
606 4203 689 4257 vir
725 4202 1039 4258 mitissimus
1074 4210 1129 4257 et
1164 4203 1537 4257 sanctissimus
1584 4201 1778 4257 fratres
1821 4219 1948 4258 suos

376 4292 557 4347 taliter
603 4291 1093 4347 atIicere‘voluerit
1134 4292 1187 4346 in
1246 4292 1601 4362 protelatione
1657 4293 1947 4363 agnitionis

375 4399 505 4448 suae,
537 4398 657 4437 cum
686 4383 794 4437 cito
822 4383 1086 4452 potuisset
1119 4384 1198 4437 eis
1248 4383 1534 4436 subvenire
1560 4383 1947 4439 innotescendo

372 4488 523 4528 suam
565 4486 868 4541 personam.
910 4471 1015 4526 Sed
1044 4474 1147 4526 hoc
1186 4488 1292 4526 non
1328 4472 1547 4527 ultionis
1587 4488 1749 4527 causa
1797 4472 1941 4539 fecit,

376 4573 435 4618 ut
466 4563 761 4617 vindicaret
790 4563 989 4616 malum
1017 4563 1157 4632 quod
1188 4562 1288 4617 sibi
1314 4563 1511 4618 factum
1540 4561 1731 4627 fuerat,
1755 4565 1849 4618 sed
1878 4565 1946 4619 ob

374 4652 760 4723 experientiam
808 4651 972 4706 animi
1020 4666 1230 4717 eorum,
1275 4660 1337 4705 ut
1378 4661 1727 4722 cognosceret
1767 4662 1946 4709 utrum

376 4743 564 4798 eodem
612 4740 830 4795 stimulo
874 4740 1096 4796 fratrem
1144 4756 1300 4795 suum
1344 4742 1616 4797 uterinum
1663 4759 1949 4814 perseque—

378 4843 586 4899 rentur,
627 4832 766 4888 sicut
812 4833 984 4903 ipsum
1029 4833 1083 4888 in
1109 4841 1323 4889 exteras
1358 4833 1664 4904 provincias
1697 4836 1953 4893 vendide-

380 4933 524 4980 runt.
1092 4991 1098 4996 ν
1270 4932 1277 4937 ’

452 5015 596 5070 Dixit
637 5023 784 5084 pater
804 5014 968 5069 Iacob
992 5027 1010 5066 :
1033 5012 1239 5085 Absque
1269 5013 1444 5071 liberis
1478 5032 1560 5070 me
1598 5032 1708 5072 esse
1731 5017 1948 5088 fecistis.

380 5105 570 5176 Ioseph
611 5122 714 5159 non
745 5115 819 5160 est
855 5123 1029 5175 super,
1058 5105 1269 5160 Simcon
1307 5115 1510 5161 tenetur
1538 5109 1593 5162 in
1626 5108 1873 5175 vinculis,
1906 5120 1954 5165 et

381 5194 658 5264 Benjam’n
691 5196 977 5265 auferetis?
1018 5195 1081 5249 In
1122 5212 1204 5249 me
1236 5197 1348 5250 ha’c
1367 5197 1508 5251 mala
1550 5201 1723 5253 omnia
1756 5201 1954 5254 recide-

381 5295 524 5340 runt.
561 5284 659 5339 Cui
691 5286 952 5356 respondit
976 5285 1154 5340 Ruben
1178 5300 1196 5337 :
1220 5286 1363 5340 Duos
1388 5286 1525 5355 filios
1547 5289 1951 5355 meosinterﬁce,

382 5380 429 5435 si
458 5395 560 5433 non
588 5380 841 5433 reduxero
873 5380 965 5432 tibi
994 5378 1165 5431 illum.
1192 5378 1361 5432 Trade
1384 5378 1532 5432 illum
1561 5380 1615 5432 in
1648 5396 1806 5433 manu
1841 5397 1954 5432 mea

384 5480 434 5527 et
469 5487 560 5541 ego
591 5471 684 5525 tibi
723 5487 837 5524 eum
870 5471 1158 5524 restituam.
1217 5471 1281 5522 At
1314 5469 1402 5523 ille
1445 5482 1464 5520 :
1504 5469 1624 5525 Non
1661 5470 1952 5534 descendet,

384 5561 574 5631 inquit,
600 5560 741 5628 filius
765 5577 907 5614 meus
932 5560 1205 5615 vobiscum.
1251 5557 1438 5612 Frater
1461 5557 1573 5626 ejus
1600 5569 1836 5614 mortuus
1858 5570 1950 5623 est,

388 5651 496 5720 ipsa
539 5649 678 5704 solus
715 5650 980 5705 remansit.
1029 5649 1089 5704 Si
1121 5648 1248 5721 quid
1290 5649 1337 5702 ei
1375 5647 1577 5701 adversi
1618 5648 1862 5703 acciderit
1901 5650 1956 5703 in

1971 4427 2024 4485 D

2026 1853 2299 1915 reportate,
2337 1859 2399 1897 ne
2435 1843 2566 1914 forte
2611 1856 2785 1895 errore
2816 1839 3012 1909 factum
3051 1840 3137 1893 sit.
3184 1838 3288 1894 Sed
3314 1847 3362 1891 et
3383 1839 3615 1908 fratrem

2023 1941 2249 1989 vestrum
2288 1931 2471 1995 tollite,
2512 1940 2560 1985 et
2600 1930 2670 1984 ite
2712 1930 2781 1983 ad
2825 1929 3018 1983 virum.
3062 1927 3201 1982 Deus
3238 1937 3414 1981 autem
3456 1943 3613 1980 meus

2025 2023 2343 2088 omnipotens
2386 2019 2549 2089 faciat
2589 2035 2706 2073 eum
2740 2018 2888 2073 nobis
2928 2017 3257 2091 placabilem,
3294 2028 3341 2071 et
3371 2018 3613 2071 remittat

2025 2112 2285 2167 vobiscum
2325 2110 2538 2180 fratrem
2578 2121 2801 2177 vestrum
2836 2125 2989 2180 quem
3022 2117 3155 2162 tenet
3196 2107 3524 2171 invinculis,
3563 2115 3614 2160 et

2025 2202 2163 2255 hunc
2208 2200 2507 2268 Benjamin.
2552 2199 2664 2271 Ego
2721 2209 2894 2253 autem
2942 2200 3094 2270 quasi
3140 2199 3352 2252 orbatus
3410 2198 3613 2267 absque

2025 2294 2201 2348 liberis
2237 2310 2344 2347 ero.
2400 2291 2616 2347 Deferte
2662 2292 2781 2346 viro
2834 2306 3086 2356 munera,
3140 2291 3341 2360 inquit,
3402 2290 3610 2358 aliquid

2027 2386 2221 2440 resinae
2249 2390 2304 2439 et
2349 2382 2544 2448 mellis,
2586 2382 2880 2454 thymiama
2912 2391 2967 2437 et
3006 2389 3227 2445 stacten,
3270 2392 3325 2436 et
3365 2384 3611 2436 terebin~

2028 2477 2179 2532 thum
2203 2485 2258 2531 et
2285 2490 2468 2531 nuces.
2491 2474 2640 2542 Sive,
2656 2483 2717 2529 ut
2739 2474 2932 2544 Aquila
2960 2482 3014 2529 et
3042 2473 3398 2544 Symmachus
3425 2483 3613 2527 trans-

2028 2566 2287 2632 tulerunt,
2306 2566 2606 2637 amygdala.
2633 2565 2835 2621 Idcirco
2855 2565 2959 2619 hoc
2987 2564 3276 2633 capitulum
3300 2565 3607 2634 posuimus,

2028 2666 2090 2713 ut
2123 2658 2392 2721 sciamus,
2431 2656 2523 2710 ubi
2563 2655 2618 2709 in
2652 2654 3164 2711 nostris'eodicibus
3200 2654 3434 2709 habetur
3481 2655 3608 2725 thy-

2029 2749 2246 2813 miama,
2278 2747 2333 2801 in
2362 2745 2586 2801 Hebraeo
2643 2760 2761 2800 esse
2784 2743 3056 2810 nechotha,
3085 2754 3207 2808 ηπ,
3235 2743 3377 2811 quod
3408 2740 3608 2811 Aquila

2030 2849 2268 2895 storacen
2314 2838 2617 2903 transtulit,
2653 2854 2721 2892 ex
2746 2852 2853 2907 quo
2882 2837 3072 2892 domus
3097 2834 3362 2889 nechotha
3387 2848 3515 2903 quae
3555 2834 3609 2886 in

2030 2931 2166 2986 Isaia
2199 2932 2411 3002 legitur,
2441 2929 2879 2984 manifestissime
2910 2926 3042 2982 cella
3073 2925 3463 2997 thymiamatis,
3493 2923 3611 2977 sive

2032 3022 2281 3086 storacis,
2311 3020 2641 3092 intelligitur,
2672 3034 2737 3074 eo
2763 3018 2905 3089 quod
2931 3019 2986 3073 in
3013 3017 3102 3073 illa
3126 3024 3367 3072 aromata
3389 3017 3613 3071 diversa

2035 3115 2143 3168 sint
2168 3113 2380 3167 condita
2394 3154 2410 3171 .

2107 3206 2174 3261 In
2201 3207 2327 3277 ipsis
2357 3204 2555 3273 foribus
2589 3203 2887 3257 accedentes
2917 3201 2985 3256 ad
3013 3201 3420 3272 dispensatorem
3447 3198 3612 3252 locuti

2033 3306 2173 3355 sunt.
2213 3296 2462 3364 Oramus,
2486 3295 2714 3361 domine,
2760 3302 2818 3351 ut
2852 3293 3043 3351 audias
3070 3309 3183 3349 nos.
3211 3291 3335 3348 Iam
3370 3300 3495 3348 ante
3523 3292 3615 3346 de-

2037 3390 2329 3445 scendimus
2367 3399 2421 3442 ut
2460 3403 2744 3443 emeramus
2783 3403 2962 3451 escas;
3001 3387 3187 3457 quibus
3234 3385 3448 3454 emptis,
3491 3400 3613 3437 cum

2038 3482 2350 3536 venissemus
2390 3478 2458 3533 ad
2491 3478 2853 3542 diversorium,
2897 3476 3197 3546 aperuimus
3233 3472 3471 3528 sacculos
3514 3488 3612 3526 no-

2038 3584 2191 3637 stros,
2224 3581 2272 3626 et
2306 3572 2595 3627 invenimus
2622 3570 2894 3641 pecuniam
2928 3570 2982 3623 in
3009 3584 3098 3622 ore
3129 3583 3424 3631 saccorum,
3452 3581 3616 3635 quant

2040 3680 2177 3718 nunc
2213 3662 2393 3716 eodem
2429 3662 2654 3732 pondere
2690 3660 3082 3730 reportavimus.
3124 3656 3228 3712 Sed
3255 3657 3401 3711 aliud
3433 3657 3619 3710 attuli-

2039 3772 2154 3810 mus
2179 3765 2473 3825 argentum,
2501 3763 2557 3808 ut
2588 3769 2820 3808 emamus
2845 3768 2961 3822 qua:
2991 3751 3283 3806 necessaria
3316 3759 3457 3803 sunt.
3492 3748 3616 3802 Non

2040 3854 2113 3899 est
2144 3844 2198 3897 in
2229 3852 2405 3898 nostra
2439 3844 2749 3898 conscientia
2781 3843 2896 3913 quis
2932 3857 3047 3896 eam
3086 3840 3317 3910 posuerit
3362 3839 3421 3893 in
3467 3855 3615 3892 mar-

2040 3935 2202 4005 supiis
2230 3935 2438 3989 nostris.
2461 3935 2525 3987 At
2551 3933 2638 3987 ille
2678 3933 2972 4002 respondit:
2997 3929 3116 3986 Paa:
3138 3931 3393 3985 vobiscum
3417 3946 3436 3984 :
3454 3931 3617 3983 nolite

2043 4028 2260 4092 timere;
2283 4025 2421 4080 Deus
2454 4033 2635 4086 vester,
2663 4033 2710 4079 et
2734 4024 2873 4079 Deus
2907 4024 3070 4094 patris
3104 4023 3273 4086 vestri,
3298 4021 3440 4075 dedit
3477 4020 3617 4074 vobis

2044 4116 2312 4169 thesauros
2352 4114 2409 4169 in
2438 4114 2659 4169 sacculis
2690 4115 2887 4169 uestris.
2920 4113 3096 4167 ’Nam
3151 4113 3424 4183 pecuniam
3459 4126 3617 4183 quam

2043 4207 2259 4261 dedistis
2280 4205 2427 4270 mihi,
2448 4206 2719 4276 probatam
2740 4222 2833 4275 ego
2863 4205 3045 4259 habeo.
3078 4203 3230 4271 Quod
3265 4217 3296 4256 a
3328 4202 3619 4273 praeposito

2047 4298 2236 4353 domus
2271 4298 2516 4361 audiunt,
2548 4296 2685 4353 Deus
2710 4305 2892 4361 vester,
2929 4307 2975 4349 et
3000 4295 3141 4349 Deus
3172 4302 3381 4365 patrum
3422 4302 3619 4368 uestro-

2050 4403 2165 4464 rum
2187 4386 2325 4440 dedit
2346 4385 2486 4440 vobis
2507 4387 2777 4439 thesauros
2798 4386 2852 4438 in
2873 4383 3095 4439 sacculis
3116 4383 3316 4445 uestris,
3346 4392 3619 4451 argentum

2052 4486 2224 4530 autem
2255 4485 2479 4529 vestrum
2503 4475 2777 4545 probatum
2810 4491 2901 4545 ego
2929 4474 3110 4539 habeo,
3167 4473 3506 4528 mendacium
3540 4473 3619 4526 vi-

2051 4567 2227 4633 detur,
2252 4568 2347 4622 sed
2376 4566 2575 4637 aliquid
2602 4566 2904 4637 signiﬁcare
2932 4565 3255 4621 credendum
3280 4574 3387 4619 est.
3415 4564 3622 4634 Argen-

2054 4667 2169 4713 tum
2207 4660 2350 4713 enim
2376 4658 2518 4728 quod
2556 4666 2611 4712 et
2647 4658 2806 4712 datur
2832 4665 2887 4711 et
2916 4672 3021 4711 non
3061 4656 3341 4719 minuitur,
3378 4655 3523 4724 quod
3570 4661 3624 4709 et

2053 4749 2282 4819 probum
2311 4747 2635 4818 appellatum
2666 4755 2768 4811 est,
2804 4747 3058 4801 nimirum
3101 4746 3230 4799 illud
3280 4743 3619 4814 intelligitur,

2057 4839 2123 4893 de
2146 4853 2253 4908 quo
2279 4837 2405 4891 alibi
2431 4836 2692 4906 legimus:
2718 4834 2943 4905 Eloquia
2967 4834 3181 4889 Domini
3214 4833 3420 4904 eloquia
3446 4843 3621 4887 casta:

2054 4933 2326 4995 argentum
2362 4924 2480 4993 igne
2503 4923 2882 4988 examinatum,
2919 4923 3197 4993 probatum
3234 4932 3409 4979 terra'.
3432 4939 3618 4992 purga-

2054 5022 2165 5067 tum
2195 5014 2486 5084 septuplum
2524 5012 2696 5083 (Psal.
2731 5011 2828 5084 si).
2868 5013 2921 5067 id
2953 5020 3055 5077 est,
3084 5011 3337 5082 perfecte.

2125 5103 2298 5173 Igitur
2326 5104 2588 5172 ingressus
2618 5112 2692 5156 est
2714 5101 2907 5171 Ioseph
2941 5101 3154 5154 domum
3191 5116 3362 5177 suam.
3413 5097 3626 5152 Obtuie-

2057 5198 2288 5258 runtque‘
2309 5193 2357 5246 ei
2393 5210 2611 5247 munera
2649 5203 2876 5247 tenentes
2908 5194 2964 5245 in
3000 5192 3267 5255 manibus,
3300 5200 3347 5243 et
3379 5190 3625 5242 adorare-

2060 5294 2181 5339 runt
2211 5285 2362 5355 proni
2396 5285 2450 5338 in
2488 5294 2647 5337 terra.
2680 5285 2746 5337 At
2776 5283 2866 5336 ille
2895 5283 3171 5337 clementer
3202 5279 3497 5335 resalutatis
3532 5279 3625 5342 eis,

2060 5378 2398 5446 interrogavit
2435 5376 2610 5429 dicens
2638 5392 2655 5430 :
2686 5374 2942 5430 Salvusue
2970 5384 3045 5427 est
3082 5383 3231 5443 pater
3283 5382 3446 5426 vester
3475 5386 3626 5426 sene:

2061 5469 2126 5521 de
2145 5484 2248 5538 quo
2270 5468 2520 5522 dixeratis
2542 5469 2670 5537 mihi
2692 5484 2709 5521 :
2733 5468 2903 5520 adhuc
2929 5467 3087 5520 vivit?
3111 5465 3217 5531 Qui
3239 5464 3622 5535 responderunt.

2065 5558 2253 5629 Sospes
2275 5567 2349 5613 est
2374 5575 2549 5613 servus
2582 5568 2703 5612 tuus
2722 5568 2871 5628 pater
2889 5566 3080 5621 noster,
3107 5556 3281 5610 adhuc
3310 5556 3456 5618 vivit,
3478 5563 3525 5607 et
3547 5553 3624 5605 in-

2064 5651 2262 5705 currati
2323 5650 2670 5705 adoracerunt
2732 5665 2871 5704 eum.
2917 5646 3168 5701 Attollens
3231 5655 3407 5701 autem
3445 5640 3629 5712 Ioseph
