3970 6198
316 271 407 338 6η

1319 275 1670 330 COMMENT.
1711 275 1781 329 1N
1821 272 2139 329 cexesm.
2183 306 2250 316 —
2290 244 2427 331 ua.
2457 278 2543 331 IV.

3457 283 3564 339 853

311 396 513 457 «culos,
538 390 659 447 uidit
690 388 969 459 Benjamin
989 390 1205 459 fratrem
1229 407 1381 443 suum
1407 390 1691 453 uterinum,
1712 399 1760 442 et
1783 389 1892 442 ait:
1920 391 1969 448 Α
1997 389 2264 443 servabat.
2294 389 2464 443 Flevit
2504 388 2719 457 Ioseph,
2757 399 2811 444 et
2851 388 3066 446 catcitas
3115 389 3263 446 Pauli
3296 393 3433 464 (Act.
3462 396 3559 458 vn)

314 485 425 539 Iste
453 493 530 539 est
568 482 733 550 frater
753 490 918 536 uester
948 482 1212 546 minimus,
1238 482 1302 534 de
1320 498 1421 551 quo
1442 481 1695 535 dixeratis
1726 482 1853 534 mihi
1867 482 1892 535 1'

313 584 363 629 et
404 589 614 627 rursum
636 588 657 624 :
680 570 841 634 Deus,
869 571 1062 640 inquit,
1104 571 1415 625 misereatur
1438 571 1537 635 tui,
1559 570 1639 639 ﬁli
1671 570 1762 623 mi.
1789 569 1894 626 Fe-

314 664 647 732 stinavitque,
683 661 807 729 quia
840 669 1098 713 commota
1128 659 1336 729 fuerant
1366 661 1565 714 viscera
1597 661 1710 730 ejus
1737 677 1893 730 super

316 751 483 819 fratre
513 765 627 812 suo,
659 758 706 801 et
740 749 1074 818 erumpebant
1110 748 1390 819 lacryma';
1429 760 1476 804 et
1511 752 1760 806 introiens
1798 768 1893 807 cu—

315 842 548 895 biculum
572 840 741 910 flevit.
770 838 1009 895 Affectus
1034 840 1161 896 boni
1197 843 1361 896 animi
1400 858 1612 913 semper
1638 846 1892 914 proclivis

313 940 399 985 est
427 931 495 984 ad
522 932 776 1000 pietatem
803 948 817 986 :
843 932 984 985 unde
1012 940 1066 986 et
1108 933 1160 987 in
1194 932 1392 1004 Ioseph
1419 936 1676 990 virtutum
1704 952 1892 1006 possu-

316 1036 438 1076 mus
482 1022 826 1076 considerare
878 1022 1109 1091 copiam.
1174 1022 1368 1079 Castus
1424 1039 1554 1093 ergo
1603 1037 1721 1080 erat
1767 1042 1890 1083 cum

316 1111 524 1180 sprevit
569 1111 955 1182 impudicitiam
1003 1114 1261 1179 dominae;
1320 1116 1555 1185 sapiens,
1604 1131 1728 1170 cum
1773 1117 1892 1171 dili-

313 1203 460 1274 genti
502 1203 908 1274 investigatione
948 1204 1178 1261 fratrum
1211 1222 1430 1262 suorum
1464 1209 1675 1263 animos
1702 1209 1890 1279 explo-

318 1292 495 1358 rabat,
523 1293 755 1362 qualiter
793 1295 1058 1349 sentirent
1094 1296 1161 1349 de
1188 1294 1354 1351 fratre
1384 1312 1483 1352 suo
1526 1299 1757 1353 uterino.
1793 1297 1891 1353 Iu-

314 1395 433 1438 stus
460 1391 598 1447 erat,
637 1385 690 1438 in
725 1385 1057 1440 adhibitione
1097 1386 1393 1457 disciplina:
1421 1389 1887 1459 delinquentibus;

314 1473 460 1540 pius,
491 1473 543 1526 in
572 1474 922 1530 «inversione
945 1476 1342 1545 paenitentiam.

389 1559 693 1633 Rursusque
734 1562 841 1617 lota
862 1565 1016 1634 facie,
1065 1582 1303 1636 egressus
1323 1570 1578 1624 continuit
1599 1587 1674 1636 se,
1708 1582 1757 1626 et
1784 1574 1890 1627 ait:

316 1649 508 1704 Ponite
538 1668 715 1720 panes.
766 1651 967 1717 Quibus
1007 1656 1290 1725 appositis,
1331 1674 1564 1713 seorsum
1585 1659 1801 1731 Ioseph,
1843 1672 1893 1717 et

314 1756 550 1794 seorsum
590 1742 864 1811 fratribus,
887 1743 1149 1821 Aigyptiis
1192 1763 1394 1819 quoque
1431 1751 1521 1821 qui
1560 1757 1896 1809 vescebantur

320 1835 481 1889 simul
502 1852 753 1890 seorsum.
777 1837 1029 1893 lllicitum
1060 1851 1134 1895 est
1162 1843 1298 1897 enim
1319 1841 1607 1913 AEgyptiis,
1628 1846 1894 1901 comedere

321 1942 441 1979 cum
465 1925 723 1993 IIebra‘is,
745 1938 792 1982 et
816 1930 1096 2000 profanum
1118 1942 1302 2002 putant
1327 1930 1688 2003 hujuscemodi
1723 1937 1897 1991 conui-

322 2016 484 2070 rium.
516 2015 768 2073 Seorsum
798 2034 927 2088 ergo
965 2022 1194 2090 appositi
1225 2030 1350 2077 sunt
1380 2023 1485 2078 cibi
1514 2024 1712 2094 Ioseph
1743 2026 1896 2095 quasi

324 2104 571 2167 advenze.
597 2114 649 2161 et
677 2122 919 2162 seorsum
946 2109 1228 2176 fratribus,
1250 2113 1402 2181 quasi
1429 2114 1631 2169 exteris
1658 2116 1893 2170 natione.

323 2192 599 2264 A'Egyptiis
621 2209 833 2265 quoque
862 2198 1110 2254 similiter
1138 2212 1381 2257 seorsum
1410 2205 1562 2272 quasi
1611 2204 1894 2276 indigenis,

321 2287 413 2354 qui
449 2287 708 2356 putabant
745 2304 868 2345 cum
911 2291 1209 2362 peregrinis
1234 2292 1519 2363 profanum
1555 2310 1676 2352 esse
1712 2299 1898 2353 convi-

316 2390 493 2443 vium.

392 2464 649 2521 Sederunt
686 2484 806 2539 ergo
845 2486 1023 2525 coram
1059 2488 1142 2537 eo,
1185 2474 1562 2545 primogenitus
1588 2476 1749 2545 juxta
1789 2482 1901 2549 pri-

218 2628 227 2637 _
323 2558 582 2625 mogenita
604 2573 722 2622 sua,
755 2569 802 2612 et
836 2560 1085 2615 minimus
1114 2563 1277 2633 juxta
1297 2574 1503 2620 tetatem
1532 2585 1704 2641 suam,
1730 2580 1778 2624 et
1804 2572 1901 2626 mi-

324 2649 581 2702 rabantur
613 2651 765 2706 nimis
805 2655 1023 2723 sumptis
1064 2656 1300 2724 partibus
1336 2675 1467 2729 quas
1496 2658 1562 2715 ab
1592 2677 1652 2715 eo
1688 2679 1900 2732 accepe-

326 2748 467 2791 runt.
509 2738 782 2811 Majorque
820 2760 943 2811 pars
975 2747 1106 2799 venit
1130 2744 1428 2816 Benjamin,
1469 2750 1545 2804 ita
1586 2760 1643 2804 ut
1678 2752 1903 2823 quinque

324 2829 559 2895 partibus
590 2831 876 2885 excederet.
901 2832 1256 2906 Biberuntque
1294 2847 1343 2891 et
1375 2839 1617 2905 inebriati
1641 2851 1903 2898 suntcum

325 2932 405 2968 eo.
450 2915 706 2989 Pra'cepit
750 2931 923 2976 autem
961 2923 1154 2994 Ioseph
1197 2926 1545 2997 dispensatori
1574 2930 1759 2987 domus
1793 2949 1905 2988 sum

327 3008 504 3063 dicens
531 3027 548 3064 :
571 3010 736 3083 Imple
774 3031 953 3070 saccos
993 3032 1169 3070 eorum
1200 3018 1463 3087 frumento
1494 3032 1748 3091 quantum
1784 3041 1903 3094 pos-

1995 474 2149 531 ﬂetus
2178 485 2258 531 est
2285 477 2507 533 Christi.
2542 478 2710 533 Lavat
2753 478 2942 534 faciem
2974 495 3148 546 suam,
3192 493 3250 536 ut
3290 483 3465 539 lumen
3509 487 3560 540 ei

1992 566 2249 620 amissum
2285 568 2552 621 restituat.
2581 569 2749 624 Lavat
2778 569 2968 625 faciem
2996 587 3148 625 suam
3176 572 3441 638 Christus,
3473 576 3562 633 ubi

1990 655 2296 725 baptizatus
2352 665 2434 711 est
2482 657 2708 724 Paulus,
2756 675 2851 729 per
2892 676 3051 729 quem
3101 662 3357 717 Dominus
3405 661 3564 721 Iesus

1991 756 2026 796 a
2063 743 2309 812 plurimis
2358 745 2651 801 videretur.
2708 748 2911 804 Dehinc
2982 751 3213 821 scyphus
3280 763 3566 825 argenteus

1992 831 2159 886 solius
2186 833 2402 888 sacculo
2431 836 2665 905 junioris
2701 836 2977 891 inseritur.
3024 839 3133 894 Sed
3161 841 3291 910 quid
3319 843 3421 897 sibi
3448 843 3564 900 vult

1992 924 2134 994 quod
2159 923 2406 981 inventus
2430 928 2593 981 estin
2616 943 2781 983 sacco
2803 929 3076 1000 Benjamin
3103 933 3331 1003 scyphus
3342 932 3558 1005 Ioseph,

1992 1014 2095 1068 nisi
2134 1013 2262 1083 quia
2307 1016 2360 1069 in
2399 1031 2624 1086 corpore
2664 1016 2831 1081 Pauli,
2877 1019 2990 1088 jam
3025 1021 3282 1083 doctrinae
3329 1024 3565 1080 ccelestis

1990 1101 2342 1173 praefulgebat
2384 1104 2673 1174 eloquium,
2712 1106 2838 1161 dum
2876 1118 3022 1163 esset
3058 1111 3308 1167 eruditus
3333 1113 3385 1166 in
3416 1112 3564 1183 lege?

1994 1193 2099 1248 Sed
2121 1194 2246 1264 quia
2272 1193 2544 1263 subjectus
2575 1212 2677 1250 non
2709 1205 2846 1262 erat,
2877 1199 3016 1253 intra
3044 1215 3259 1255 saccum
3293 1211 3412 1257 erat
3441 1219 3563 1274 scy-

1991 1285 2149 1354 phus,
2177 1285 2419 1339 doctrina
2457 1286 2595 1340 intra
2626 1287 2818 1358 legem,
2864 1289 3079 1345 lucerna
3132 1292 3269 1346 intra
3302 1294 3562 1349 modium.

1992 1371 2187 1430 Missus
2233 1383 2410 1430 tamen
2438 1376 2671 1431 Ananias
2702 1377 2839 1448 (Act.
2868 1378 2966 1450 ix),
3015 1381 3069 1433 in
3119 1382 3340 1436 Paulum
3373 1399 3566 1439 manus

1990 1466 2186 1538 posuit,
2221 1468 2548 1537 marsupium
2578 1468 2752 1532 solvit,
2783 1472 3052 1541 marsupio
3080 1472 3253 1528 soluto
3281 1483 3564 1544 argentum

1993 1558 2344 1629 resplenduit,
2370 1569 2425 1614 et
2459 1560 2829 1616 decidentibus
2871 1564 3130 1632 squamis,
3162 1565 3304 1619 velut
3339 1566 3565 1634 quibus-

1994 1651 2118 1705 dam
2146 1650 2287 1706 sacci
2318 1651 2563 1717 vinculis,
2592 1652 2765 1708 soluto
2791 1668 2969 1720 sacco,
2998 1655 3049 1721 id
3077 1664 3182 1720 est,
3212 1656 3454 1725 deposito
3486 1656 3567 1712 le-

1922 1727 1969 1787 B
1996 1739 2079 1809 gis
2108 1740 2400 1807 velamine,
2439 1743 2663 1813 adeptus
2698 1752 2780 1799 est
2822 1746 3050 1815 gratiam
3086 1746 3369 1815 libertatis,
3400 1757 3454 1803 et
3482 1764 3565 1804 re-

1994 1830 2169 1885 velata
2198 1830 2335 1886 facie
2361 1834 2627 1887 sermonis
2654 1835 2985 1904 evangelium
3012 1837 3288 1905 prmdicat.

2063 1920 2382 1991 Deprehensi
2417 1938 2538 1993 ergo
2575 1924 2762 1993 fratres
2784 1925 2977 1997 Ioseph
3006 1930 3193 1982 reversi
3230 1938 3353 1999 sunt
3385 1932 3445 1985 in
3477 1948 3569 2002 op—

1994 2010 2195 2080 pidum.
2233 2009 2540 2085 Primusque
2565 2013 2737 2070 Iudas
2772 2032 2888 2070 cum
2919 2017 3170 2087 fratribus
3203 2020 3465 2092 ingressus
3490 2032 3567 2078 est

1996 2102 2065 2155 ad
2085 2102 2299 2174 Ioseph.
2339 2102 2449 2159 Nec
2480 2106 2606 2159 dum
2631 2108 2768 2161 enim
2807 2108 2872 2163 de
2890 2108 3004 2163 loco
3041 2110 3253 2175 abierat,
3295 2130 3568 2184 omnesque

1997 2200 2117 2246 ante
2160 2209 2277 2247 eum
2314 2194 2367 2247 in
2405 2204 2597 2248 terram
2632 2198 2830 2264 pariter
2877 2209 3201 2253 corruerunt.
3235 2201 3433 2266 Quibus
3481 2203 3568 2257 ille

1997 2282 2109 2335 ait:
2132 2281 2241 2336 Cur
2274 2284 2349 2338 sic
2375 2301 2527 2354 agere
2566 2285 2841 2341 voluistis?
2874 2288 2957 2341 An
2997 2289 3270 2358 ignoratis,
3295 2292 3435 2362 quod
3459 2308 3566 2348 non

1997 2376 2065 2429 sit
2096 2375 2282 2429 similis
2322 2377 2423 2430 mei
2468 2378 2522 2429 in
2570 2379 2864 2447 augurandi
2903 2381 3158 2434 scientia?
3214 2381 3393 2454 (Aug.)
3431 2382 3570 2450 Quid

1998 2467 2099 2522 sibi
2129 2467 2256 2521 velit
2281 2467 2449 2538 quaeri
2480 2468 2632 2522 solet.
2679 2468 2762 2524 An
2805 2470 2929 2539 quia
2976 2486 3083 2525 non
3126 2472 3287 2537 serio,
3315 2473 3405 2528 sed
3446 2474 3571 2545 joco

2000 2555 2205 2610 dictum
2253 2563 2356 2621 est,
2404 2565 2465 2610 ut
2511 2558 2688 2612 exitus
2734 2559 2934 2625 docuit,
2983 2575 3087 2614 non
3138 2570 3221 2616 est
3267 2561 3570 2618 habendum

2000 2645 2358 2700 mendacium.
2411 2645 2689 2701 Mendacia
2754 2648 2899 2701 enim
2956 2663 2987 2702 a
3034 2650 3380 2705 mendacibus
3429 2651 3572 2706 serio

2000 2744 2253 2806 aguntur,
2284 2752 2390 2791 non
2420 2735 2565 2804 joco.
2610 2736 2742 2791 Cum
2783 2749 2960 2794 autem
2996 2753 3114 2809 qure
3151 2755 3255 2794 non
3287 2749 3412 2795 sunt
3448 2752 3570 2796 tau-

2002 2842 2160 2897 quam
2181 2827 2309 2898 joco
2339 2827 2609 2895 dicuntur,
2649 2845 2754 2883 non
2786 2830 3108 2899 deputantur
3136 2832 3433 2886 mendacia.
3468 2832 3573 2888 Sed

2002 2918 2175 2984 magis
2214 2927 2393 2972 movet
2425 2918 2551 2988 quid
2597 2918 2699 2972 sibi
2747 2918 2874 2972 velit
2915 2919 3013 2972 ista
3051 2920 3191 2974 actio
3218 2918 3436 2990 Ioseph,
3467 2937 3572 2990 qua

2005 3005 2200 3063 fratres
2234 3024 2360 3064 suos
2383 3008 2551 3064 donec
2586 3010 2665 3064 eis
2693 3010 2927 3079 aperiret
2955 3011 3079 3080 quis
3109 3021 3271 3078 esset,
3306 3014 3461 3067 toties
3496 3014 3575 3067 lu-

655 3069 666 3083 ι
937 3069 942 3070 ⁷
1140 3069 1162 3070 ⁷⁷
1200 3069 1213 3087 1
1257 3069 1454 3074 """""
1495 3069 1747 3091 Ἰ”“”⁷”’⁷”’
1784 3069 1874 3094 t'"

327 3111 447 3154 sunt
480 3117 682 3169 capese,
709 3113 756 3156 et
776 3121 909 3174 pone
927 3108 1200 3175 pecuniam
1239 3109 1564 3179 singulorum
1597 3114 1652 3166 in
1675 3115 1900 3168 summi-

2005 3099 2259 3165 dificavit,
2287 3108 2341 3155 et
2386 3108 2529 3154 tanta
2559 3069 2954 3171 exspectatione
2973 3069 3288 3173 suspendit.
3323 3105 3469 3172 Quid
3508 3106 3572 3160 ιί-

329 3200 434 3245 tate
462 3194 619 3247 sacci.
651 3192 908 3265 Scyphum
939 3208 1115 3252 autem
1144 3215 1315 3253 meum
1350 3212 1674 3270 argenteum,
1702 3215 1749 3259 et
1785 3224 1903 3277 pre-

329 3284 458 3335 tium
479 3283 618 3353 quod
640 3284 779 3338 dedit
809 3287 988 3353 tritici,
1010 3305 1143 3358 pone
1163 3290 1217 3344 in
1240 3307 1328 3345 ore
1356 3293 1498 3347 sacci
1507 3294 1759 3364 junioris.
1786 3296 1901 3352 Fa-

330 3381 569 3441 ctumque
598 3381 672 3426 est
703 3374 799 3439 ita,
837 3385 885 3428 et
914 3386 1029 3430 orto
1056 3394 1206 3431 mane
1229 3380 1430 3435 dimissi
1454 3393 1573 3436 sunt
1596 3401 1714 3438 cum
1740 3389 1902 3442 asinis

329 3463 461 3515 suis.
507 3463 688 3518 Solent
719 3465 844 3519 hinc
878 3467 1076 3521 ebriosi
1105 3469 1360 3533 adhibere
1389 3475 1686 3530 testimonii
1717 3487 1903 3546 patro-

330 3552 553 3619 cinium,
592 3569 696 3608 non
732 3564 952 3625 propter
990 3557 1111 3612 illos
1162 3558 1301 3615 filios
1335 3560 1523 3628 Israel,
1564 3565 1658 3619 sed
1687 3574 1907 3636 propter

330 3643 554 3714 Ioseph,
587 3646 678 3715 qui
704 3646 854 3701 valde
904 3650 1120 3718 sapiens
1164 3656 1588 3710 commendatur.
1642 3657 1748 3713 Sed
1799 3661 1903 3716 hoc

331 3736 583 3799 verbum,
620 3745 674 3790 et
709 3752 809 3806 pro
852 3740 1099 3794 satietate
1135 3740 1307 3797 solere
1339 3744 1462 3813 poni
1507 3746 1562 3800 in
1590 3745 1902 3816 Scripturis,

334 3824 427 3892 qui
473 3824 758 3894 diligenter
803 3828 1096 3883 adverterit
1144 3832 1327 3886 multis
1373 3834 1424 3887 in
1471 3834 1603 3890 locis
1648 3838 1902 3893 inveniet.

336 3914 488 3971 Unde
521 3926 605 3971 est
634 3916 760 3972 illud
785 3936 797 3971 :
835 3916 1064 3974 i’isitasti
1111 3931 1306 3976 terram
1325 3962 1340 3988 ,
1370 3934 1418 3977 et
1448 3925 1716 3980 inebriasti
1755 3928 1905 3995 eam;

332 4008 701 4077 multiplicaslt
723 4009 891 4065 ditare
922 4028 984 4065 ea
1008 4009 1178 4084 (Psal.
1206 4014 1376 4086 1.1m),
1404 4030 1470 4070 eo
1492 4017 1633 4086 quod
1664 4018 1716 4073 in
1751 4018 1908 4076 laude

332 4100 721 4157 benedictionis
747 4097 849 4156 hoc
873 4103 1103 4171 positum
1132 4114 1236 4172 est,
1266 4114 1320 4161 et
1347 4107 1547 4161 donum
1576 4108 1669 4165 Dei
1699 4126 1903 4166 memo-

335 4202 505 4247 ratur.
536 4192 770 4265 Apparet
795 4194 934 4251 hanc
958 4196 1276 4252 ebrietatem
1316 4199 1651 4255 saturitatem
1698 4202 1907 4273 signifi-

334 4301 480 4341 care.
544 4286 678 4340 Nam
736 4287 831 4340 ita'
862 4287 1118 4343 inebriari
1179 4297 1238 4343 ut
1284 4289 1619 4346 inebriantur
1674 4294 1904 4362 ebriosi,

334 4392 435 4431 nec
482 4377 581 4444 ipsi
629 4385 786 4431 terrae
850 4377 983 4434 utile
1031 4387 1154 4444 est,
1207 4380 1461 4450 quoniam
1511 4381 1715 4451 majore
1744 4400 1903 4455 quam
1929 4413 1983 4471 Β

335 4468 571 4522 satietati
636 4467 832 4525 sufﬁcit
889 4471 1115 4527 humore
1163 4474 1557 4555 corrumpitur,
1611 4476 1751 4531 sicut
1793 4478 1904 4535 vita

334 4557 697 4623 clriosorum,
722 4559 812 4627 qui
858 4576 963 4616 non
1011 4562 1242 4617 satietati
1287 4578 1346 4618 se
1378 4563 1604 4634 replent,
1632 4566 1728 4621 sed
1769 4584 1908 4624 mer-

335 4657 537 4718 guntur
563 4649 782 4704 diluvio.

408 4738 558 4811 (Car.
600 4739 769 4811 xuv.)
809 4740 938 4795 Tum
983 4742 1197 4813 Ioseph,
1251 4748 1503 4801 accersito
1554 4749 1908 4819 dispensatore

335 4830 555 4882 domus:
571 4826 757 4899 Surge,
782 4831 970 4900 inquit,
994 4848 1294 4903 persequere
1320 4836 1473 4915 uiros,
1504 4845 1551 4889 et
1578 4838 1908 4906 apprehensis

336 4922 496 4975 dicito
520 4936 538 4974 :
565 4918 739 4983 Quare
765 4920 1061 4975 reddidistis
1081 4921 1276 4976 malum
1313 4939 1408 4994 pro
1446 4925 1621 4980 bono?
1646 4924 1907 4999 Scyphum

334 5028 490 5083 quem
512 5010 676 5081 furati
701 5011 842 5075 estis,
867 5012 975 5080 ipse
995 5022 1067 5065 est
1102 5012 1157 5065 in
1184 5012 1288 5083 quo
1318 5012 1440 5067 bibit
1476 5015 1717 5070 dominus
1738 5034 1905 5086 meus,

333 5113 387 5160 et
424 5119 480 5155 tn
511 5117 613 5173 quo
645 5102 896 5171 augurari
927 5100 1075 5155 solet.
1105 5099 1395 5156 Pessimum
1425 5120 1529 5158 rem
1550 5106 1764 5176 fecistis,
1798 5117 1903 5166 etc.

339 5190 525 5264 (lsid.)
568 5189 788 5260 Mystice
824 5206 972 5257 vero,
1003 5191 1145 5263 quod
1178 5190 1374 5261 Ioseph
1409 5193 1635 5250 intuitus
1663 5206 1748 5252 est
1780 5213 1907 5267 par—

338 5282 522 5336 vulum
550 5280 770 5335 fratrem
798 5296 977 5345 suum,
1015 5280 1281 5352 significat
1305 5283 1445 5349 quod
1472 5282 1730 5339 Dominus
1756 5285 1914 5343 Iesus

337 5372 473 5429 vidit
492 5370 737 5434 Paulum,
760 5372 974 5441 quando
1000 5371 1089 5425 lux
1116 5370 1467 5426 circumfulsit
1492 5387 1616 5427 eum
1643 5373 1780 5445 (Act.
1809 5376 1909 5445 ix).

335 5462 606 5521 Parvulas
642 5462 860 5527 dicitur,
899 5456 1044 5531 quia
1074 5461 1308 5515 nondum
1358 5462 1411 5514 in
1440 5476 1603 5516 carne
1647 5473 1913 5519 maturam

337 5554 463 5610 fidei
492 5563 706 5609 aetatem
731 5553 971 5624 gerebat.
1018 5552 1167 5607 Unde
1200 5553 1360 5605 etiam
1391 5558 1447 5604 et
1479 5550 1788 5607 adolescens
1836 5554 1906 5606 le-

337 5645 504 5714 gitur,
558 5644 772 5715 quando
817 5642 1166 5711 lapidantitnn
1218 5640 1544 5711 Stephanum
1594 5643 1909 5698 vestimenta

2007 3200 2094 3247 cet
2139 3199 2288 3245 tanto
2334 3193 2405 3246 sit
2438 3192 2653 3246 suavius
2701 3206 2823 3247 cum
2868 3192 3080 3261 legitur,
3125 3204 3324 3261 quanto
3362 3195 3469 3249 illis
3506 3197 3577 3251 sit

2004 3280 2333 3350 inopinatius
2373 3296 2494 3335 cum
2536 3280 2729 3351 quibus
2763 3284 2954 3352 agitur,
2980 3292 3160 3337 tamen
3193 3285 3469 3354 sapientia:
3512 3287 3576 3340 il-

2003 3371 2109 3427 lius
2140 3373 2435 3443 gravitate,
2470 3373 2573 3448 nisi
2616 3389 2866 3443 magnum
2897 3374 3095 3444 aliquid
3137 3375 3239 3429 isto
3266 3377 3421 3443 quasi
3451 3376 3575 3433 ludo

2005 3464 2419 3534 significaretur,
2466 3478 2565 3518 nec
2607 3464 2674 3517 ab
2711 3479 2776 3518 eo
2818 3463 2991 3529 ﬁeret,
3034 3480 3131 3519 nec
3171 3464 3263 3518 illa
3296 3464 3573 3538 Scriptura

2005 3557 2399 3620 contineretur,
2418 3557 2470 3609 in
2496 3572 2600 3626 qua
2630 3564 2714 3611 est
2740 3563 2900 3609 tantm
2926 3556 3232 3611 sanctitatis
3259 3558 3573 3623 auctoritas,

2004 3656 2059 3702 et
2093 3648 2582 3717 prophetandorum
2629 3657 2775 3703 tanta
2815 3649 3040 3703 intentio
3078 3648 3400 3705 futurorum.
3455 3651 3572 3707 Non

2004 3738 2335 3809 negligenter
2371 3738 2818 3793 considerandum
2870 3746 3016 3807 puto,
3062 3746 3261 3793 tantam
3301 3741 3574 3797 miseriam

2004 3828 2059 3891 in
2089 3829 2192 3882 hac
2216 3828 2622 3896 perturbatione
2667 3827 2897 3881 fratrum
2936 3845 3153 3883 suorum
3189 3833 3454 3899 quomodo
3482 3832 3576 3887 Io-

2005 3919 2137 3988 seph
2162 3919 2397 3988 quandiu
2422 3918 2611 3983 voluit,
2640 3919 2830 3985 tenuit,
2863 3928 2918 3974 et
2939 3926 3192 3988 quantum
3223 3921 3390 3976 voluit
3427 3938 3576 3979 mora

2004 4010 2276 4079 produxit,
2304 4024 2408 4063 non
2434 4024 2528 4065 eos
2548 4010 2734 4080 utique
2756 4010 2958 4066 faciens
2981 4011 3340 4076 calamitosos,
3364 4015 3577 4082 quando

2004 4100 2169 4155 etiam
2208 4106 2369 4153 tanta:
2409 4100 2644 4170 ipsorum
2684 4100 2877 4156 futurae
2923 4102 3118 4157 laetitiae
3148 4104 3350 4158 exitum
3377 4107 3578 4176 cogita-

2005 4190 2128 4253 bat;
2159 4198 2215 4244 et
2242 4198 2413 4245 totum
2444 4192 2547 4245 hoc
2577 4190 2718 4260 quod
2755 4192 2966 4261 agebat,
3006 4201 3067 4246 ut
3099 4208 3285 4248 eorum
3321 4195 3573 4265 gaudium

2006 4278 2332 4345 differretur,
2375 4280 2442 4334 ad
2484 4280 2586 4335 hoc
2622 4281 2832 4351 agebat,
2866 4290 2925 4335 ut
2959 4282 3146 4337 eadem
3194 4283 3450 4339 dilatione
3491 4301 3580 4341 cu-

2007 4370 2324 4437 mularetur,
2358 4379 2612 4442 tanquam
2651 4386 2757 4426 non
2792 4382 2972 4427 essent
3004 4373 3280 4442 condignae
3303 4376 3578 4444 passiones

2007 4477 2194 4517 eorum
2234 4463 2289 4517 in
2317 4471 2427 4519 toto
2463 4461 2554 4518 illo
2581 4471 2819 4532 tempore
2846 4478 2952 4533 quo
2980 4462 3349 4533 turbabantur,
3389 4468 3457 4521 ad
3489 4467 3575 4523 fu-

2008 4561 2186 4608 turam
2216 4554 2441 4625 gloriam
2485 4554 2880 4620 exsultationis,
2912 4570 3031 4627 quae
3074 4555 3127 4609 in
3155 4557 3233 4612 eis
3269 4556 3442 4614 fuerat
3487 4576 3576 4616 re-

2008 4646 2256 4712 velanda,
2305 4645 2473 4703 fratre
2509 4647 2749 4718 cognito,
2784 4661 2943 4716 quem
2983 4662 3014 4702 a
3054 4662 3115 4702 se
3148 4648 3414 4717 perditum
3459 4666 3579 4709 esse

2010 4738 2431 4793 arbitrabantur.
2572 4720 2583 4733 ’

2083 4829 2180 4884 Cui
2216 4827 2387 4883 Iudas
2413 4845 2432 4883 :
2457 4829 2596 4895 Quid
2638 4829 3077 4900 respondebimus,
3127 4830 3319 4901 inquit,
3366 4831 3578 4886 domino

2013 4935 2147 4984 meo,
2186 4918 2263 4973 vel
2289 4918 2415 4989 quid
2453 4919 2745 4989 loquemur,
2788 4929 2879 4974 aut
2909 4920 3056 4990 justo
3084 4922 3364 4991 poterimus
3401 4921 3577 4975 obien-

2013 5008 2182 5064 dere?
2224 5008 2366 5063 Deus
2427 5009 2618 5063 invenit
2668 5010 2991 5080 iniquita.em
3033 5025 3295 5065 seruorum
3340 5025 3574 5064 suorum.

2015 5097 2098 5152 En
2145 5112 2321 5151 omnes
2358 5096 2491 5150 servi
2539 5113 2719 5151 sumus
2764 5097 2961 5152 domini
2995 5098 3126 5162 mei,
3165 5106 3212 5150 et
3241 5113 3334 5150 nos
3362 5105 3411 5150 et
3436 5097 3578 5166 apud

2013 5204 2164 5258 quem
2202 5188 2437 5240 inventus
2465 5195 2540 5241 est
2580 5186 2824 5257 scyphus,
2851 5196 2955 5243 etc.
2988 5186 3148 5240 Multa
3187 5185 3241 5239 in
3272 5185 3580 5242 narratione

2012 5279 2162 5334 Iudae
2187 5278 2344 5334 aliter
2365 5277 2506 5333 dicta
2538 5286 2663 5333 sunt
2686 5294 2843 5348 quam
2877 5293 2996 5332 cum
3027 5276 3131 5331 illis
3154 5285 3336 5347 egerat
3356 5272 3574 5345 Ioseph,

2013 5368 2261 5439 quamvis
2298 5368 2437 5437 apud
2475 5383 2596 5423 eum
2647 5366 2978 5435 loqueretur,
3023 5374 3084 5420 ut
3127 5367 3345 5421 omnino
3377 5365 3444 5420 de
3490 5365 3611 5421 illa

2012 5456 2413 5513 insimulatione
2448 5457 2588 5525 quod
2625 5457 2997 5525 exploratores
3031 5462 3236 5520 essent,
3273 5452 3409 5509 nihil
3436 5455 3579 5510 dice-

2016 5559 2181 5606 retur.
2210 5548 2361 5615 Quod
2398 5557 2574 5602 utruxn
2616 5546 2861 5601 consulto
2901 5545 3118 5599 tacitum
3156 5546 3247 5608 sit,
3285 5560 3352 5599 an
3393 5543 3580 5600 fecerit

2015 5638 2432 5711 perturbationis
2473 5637 2690 5700 oblivio,
2732 5651 2837 5691 non
2877 5643 3114 5706 apparet.
3176 5635 3308 5691 Nam
3353 5646 3407 5691 et
3453 5634 3580 5690 illud
