3962 6198
300 283 406 340 613

940 271 1004 327 Β.
1045 267 1299 325 RABANi
1340 264 1556 322 Mhlilll
1595 260 1914 316 ARClllEP.
1957 255 2266 315 MOGUNT.
2307 254 2589 313 OPERUM
2628 245 2807 308 PARS
2853 252 2890 304 Ι.

3446 252 3549 309 6“

300 398 443 472 quod
492 395 744 451 dixerunt
787 403 846 444 se
890 387 960 442 ab
994 385 1110 455 ipso
1151 381 1351 450 Ioseph
1403 380 1766 447 interrogatos
1812 386 1879 427 oe
1908 379 1954 435 Α
1985 376 2097 472 qate
2140 365 2450 472 quantocius
2495 363 2769 464 uenientes.
2824 377 2915 415 nec
2963 362 3243 472 dimittatis
3285 361 3573 431 quidquam

296 466 448 562 patre
477 497 530 542 et
560 486 728 539 fratre
754 495 870 545 suo,
902 492 962 534 se
995 484 1175 533 autem
1210 473 1297 527 illa
1336 467 1688 539 interroganti
1734 466 1869 520 indi-

298 558 477 643 casse,
502 577 699 630 mirum
733 573 777 627 si
813 570 897 625 vel
935 568 1003 631 ad
1037 564 1361 622 sententiam
1402 567 1582 629 potest
1621 558 1721 610 ista
1752 570 1876 625 per-

298 670 486 726 venire
543 664 811 727 narratio,
870 669 930 715 ut
982 664 1104 713 eam
1162 661 1375 711 constet
1431 658 1550 706 esSe
1606 662 1877 710 veracem,

299 773 607 832 quanquam
644 763 699 810 et
727 754 773 808 si
813 751 989 819 aliqua
1027 747 1162 802 falsa
1194 746 1246 799 in
1277 759 1341 798 ea
1372 734 1519 805 sunt,
1551 737 1662 793 falli
1699 736 1878 832 potius

301 823 395 924 per
421 823 741 906 oblivionem
785 841 976 915 potuit,
1006 855 1167 911 quam
1215 836 1443 891 auderet
1485 830 1706 909 mentiri
1737 823 1874 898 apud

300 920 421 998 eum
448 939 770 1010 pnesertim,
806 936 894 990 cui
934 948 1039 988 non
1080 932 1218 984 sicut
1267 923 1550 987 nescienti,
1588 923 1682 976 sed
1714 920 1877 974 etiam

302 1034 390 1088 illa
423 1046 543 1102 qua:
580 1036 806 1083 noverat
842 1039 965 1080 eum
992 1022 1151 1085 scire,
1184 1020 1249 1073 ad
1288 1016 1604 1072 ﬂectendum
1633 1013 1749 1084 ejus
1780 1010 1880 1064 mi-

299 1121 671 1186 sericordiam,
704 1115 1003 1172 narrationi
1043 1111 1339 1167 inserebat.

885 1223 1110 1280 CAPUT
1149 1221 1280 1277 Vill.

304 1320 401 1375 Ubi
428 1320 618 1390 Ioseph
652 1318 840 1387 fratres
865 1317 946 1369 sui
973 1322 1283 1384 agnoscunt,
1306 1327 1443 1390 quos
1469 1308 1664 1390 remisit
1690 1322 1761 1390 ‘aa
1785 1322 1880 1390 pa:

370 1403 498 1445 trem
532 1376 704 1449 suum,
747 1397 807 1440 ut
833 1402 951 1440 eum
980 1376 1097 1438 cum
1140 1392 1249 1436 tota
1285 1376 1439 1434 domo
1486 1388 1588 1432 sua
1628 1376 1878 1430 ducerent

370 1462 438 1514 ad
469 1477 523 1515 se
556 1461 611 1514 in
644 1458 957 1527 ngyptum.

374 1574 519 1645 (Car.
557 1569 706 1641 XLV.)
756 1566 868 1639 Ego
924 1582 1060 1631 sum,
1108 1565 1181 1618 ait
1233 1561 1450 1631 Ioseph,
1481 1558 1648 1628 frater
1692 1560 1877 1619 uester,

1980 458 2046 512 de
2082 454 2389 526 supellectili
2417 464 2608 517 vestra,
2634 454 2758 523 quia
2787 468 2965 505 omnes
2996 450 3216 520 ,Ἐπριὶ
3243 467 3364 519 opes
3391 464 3575 505 vesane

1979 556 2148 601 erupit.
2180 545 2305 599 ilmc
2352 546 2514 599 verba
2561 542 2860 597 Pharaonis
2907 556 3028 610 quin
3052 541 3119 595 de
3165 539 3335 595 Iacob
3358 549 3416 595 et
3445 541 3576 596 ﬁliis

1978 638 2189 692 locutus
2214 645 2317 701 est,
2361 634 2666 705 signiﬁcant
2711 631 2964 703 gaudium
3012 631 3228 702 gentilis
3276 631 3454 701 populi
3500 631 3575 686 ob

1978 730 2387 786 eonmmionem
2416 726 2745 782 indecorum.
2776 723 2967 794 Magna
2990 724 3111 776 sine
3150 723 3313 777 dubio
3354 731 3438 776 est
3478 724 3578 777 de-

1979 821 2124 876 votio
2154 818 2409 874 Ecclesiae
2452 816 2716 886 gentium,
2763 814 2907 882 quod
2958 813 3288 868 lsraeliticus
3343 813 3573 883 populus

1978 916 2045 969 ad
2078 914 2236 966 ﬁdem
2265 910 2463 965 Christi
2493 909 2691 964 veniet.
2734 907 2941 974 Quibus
2972 907 3017 960 si
3053 916 3457 972 convertantur,
3510 917 3568 962 et

1979 1004 2101 1058 ﬁdei
2129 1002 2327 1057 Christi
2378 999 2671 1069 participes
2720 997 3042 1061 exstiterint,
3087 998 3356 1066 pronittit
3400 1000 3568 1069 spiri-

1979 1093 2319 1160 tllaksopes
2375 1090 2660 1151 virtutum,
2709 1094 2764 1141 et
2806 1087 3036 1157 gratiam
3090 1087 3322 1156 Spiritus
3370 1090 3565 1154 sancti,

1977 1204 2085 1259 qua
2116 1202 2271 1242 nemo
2297 1185 2385 1255 qui
2416 1182 2655 1254 perfecte
2683 1181 2904 1251 accipit,
2932 1179 3227 1251 indigentia
3249 1180 3376 1235 boni
3411 1182 3567 1235 Iaho-

1980 1281 2146 1335 rabit;

2055 1369 2312 1423 Fecerunt
2338 1366 2439 1436 filii
2477 1363 2650 1420 Israel
2686 1372 2743 1417 ut
2771 1378 2845 1415 ets
2874 1361 3181 1414 mandatum
3214 1359 3405 1427 fuerat.
3435 1358 3569 1422 Qui-

1981 1463 2076 1517 bus
2117 1461 2256 1514 dedit
2287 1457 2482 1528 Ioseph
2528 1455 2765 1526 plaustra
2804 1453 3090 1506 secundum
3134 1450 3427 1503 Pharaonis
3461 1452 3551 1503 ἐτη.

1979 1555 2204 1624 perium,
2230 1560 2277 1604 et
2306 1548 2506 1603 cibaria
2534 1548 2591 1600 in
2617 1545 2818 1611 itinere,
2849 1542 3169 1613 singulisque
3202 1541 3425 1611 proferri
3446 1542 3568 1610 jus-

296 1635 448 1736 quem
470 1635 775 1717 vendidistis
797 1635 849 1713 in
879 1657 1109 1728 Egypto
1131 1674 1150 1721 ;
1180 1654 1337 1708 nolite
1373 1669 1576 1723 pavere,
1619 1666 1708 1704 nec
1734 1648 1877 1701 vobis
1907 1727 1949 1736 _
1982 1648 2048 1700 sit
2077 1645 2226 1698 binas
2256 1641 2450 1736 stolas;
2480 1638 2762 1736 Benjamin
2788 1651 2909 1736 uero
2931 1635 3070 1689 dedit
3100 1643 3353 1736 trecentos
3383 1650 3565 1735 argen-

298 1724 492 1810 durum
518 1769 627 1807 esse
655 1748 891 1806 videatur
1093 1747 1395 1802 vendidistis
1425 1760 1505 1798 me
1528 1745 1581 1797 in
1605 1743 1686 1796 Iris
1712 1741 1878 1811 regio-
1905 1727 1953 1787 Β
1980 1745 2087 1788 tces
2112 1748 2231 1787 cum
2271 1729 2499 1802 quinque
2537 1726 2685 1782 stolis
2711 1726 2937 1797 ept‘imis,
2978 1724 3297 1777 tantumdem
3330 1725 3565 1792 perunire

300 1847 476 1908 uibus,
500 1858 599 1914 pro
614 1840 784 1895 salute
821 1841 958 1893 enim
981 1848 1149 1892 vestra
1178 1837 1316 1891 misit
1347 1851 1428 1888 me
1456 1833 1595 1888 Deus
1627 1840 1746 1886 ante
1768 1840 1873 1886 vos.

299 1934 577 1988 Biennium
601 1940 676 1985 est
715 1930 861 1984 enim
879 1928 1018 1999 quod
1050 1927 1212 1996 fames
1241 1926 1387 1995 coepit
1413 1938 1522 1978 esse
1551 1923 1604 1976 in
1637 1932 1797 1986 terra,
1832 1932 1880 1975 et

298 2027 472 2079 adhuc
507 2024 734 2094 quinque
756 2022 880 2074 anni
909 2028 1120 2081 restant,
1146 2017 1333 2085 quibus
1366 2033 1458 2069 nec
1495 2015 1639 2069 arari
1666 2014 1875 2084 poterit,

299 2130 393 2169 nec
419 2114 561 2169 meti.
591 2111 956 2181 Prtemisitque
982 2124 1061 2163 me
1084 2108 1243 2171 Deus,
1277 2116 1332 2160 ut
1371 2104 1698 2160 reserremini
1726 2118 1881 2174 super

300 2212 514 2266 terram,
539 2212 585 2256 et
625 2216 769 2255 escas
800 2199 873 2254 ad
894 2199 1162 2253 vivendum
1189 2197 1375 2250 habere
1390 2195 1622 2267 possitis.
1652 2194 1776 2247 Non
1798 2210 1881 2247 ves

299 2303 408 2346 stro
434 2290 672 2356 consilio,
708 2289 803 2344 sed.
840 2288 936 2342 Dei
977 2289 1076 2340 huc
1107 2286 1369 2341 voluntate
1413 2285 1600 2337 missus
1624 2297 1760 2347 sum,
1791 2282 1880 2352 qui

301 2380 421 2453 fecit
460 2396 544 2434 me
580 2379 731 2451 quasi
770 2387 968 2449 patrem
1000 2373 1321 2438 Pharaonis,
1370 2382 1415 2427 et
1456 2372 1725 2426 dominum
1764 2370 1882 2424 uni.-

300 2491 458 2532 reme
477 2473 662 2527 damus
691 2472 826 2542 ejus,
866 2487 928 2525 ac
952 2469 1238 2540 principem
1277 2469 1334 2521 in
1374 2468 1516 2521 omni
1542 2477 1682 2520 terra
1712 2464 1882 2536 Egy-

299 2566 395 2635 pti.
450 2562 588 2630 Quid
619 2569 703 2615 est
730 2561 871 2629 quod
895 2560 1027 2614 dicit
1067 2558 1286 2628 Ioseph,
1325 2555 1590 2611 Prcemist't
1613 2572 1694 2609 me
1714 2554 1878 2620 Deus,

300 2668 358 2711 ut
385 2655 708 2711 reservemini
733 2670 888 2725 super
909 2662 1122 2717 terram,
1152 2660 1198 2705 et
1225 2666 1370 2705 escas
1393 2649 1461 2703 ad
1486 2647 1761 2704 vivendum
1785 2648 1884 2701 llat-

303 2749 420 2801 bere
451 2746 700 2817 possitis?
743 2743 894 2811 Quod
936 2743 1087 2813 juxta
1120 2740 1224 2796 alia
1268 2740 1597 2809 exemplaria
1629 2740 1703 2793 ita
1747 2738 1881 2808 legi-

304 2842 393 2887 tur
419 2849 434 2887 :
462 2833 603 2887 Misit
625 2833 762 2887 enim
801 2847 882 2883 me
908 2830 1046 2883 Deus
1091 2838 1210 2883 ante
1239 2845 1346 2893 vos,
1383 2842 1650 2882 remanere
1686 2832 1882 2880 vestras

305 2922 550 2993 reliquias
576 2938 732 2992 super
752 2931 964 2985 terram,
992 2926 1038 2973 et
1085 2919 1315 2972 enutrirc
1360 2928 1586 2972 vestrum
1632 2915 1882 2987 reliquiae

307 3017 462 3080 rium,
493 3017 685 3071 mirum
728 3026 831 3071 est.
874 3015 985 3070 lioc
1013 3016 1155 3070 enim
1199 3031 1307 3070 non
1345 3029 1728 3086 usquequaque
1756 3031 1883 3071 con-

306 3115 484 3171 sonat,
516 3114 573 3160 ut
614 3106 868 3175 reliquias
908 3105 990 3159 vel
1035 3106 1403 3176 reliquiarium
1440 3108 1768 3177 accipiamus
1793 3108 1884 3163 Ja-

305 3200 407 3254 cob
431 3205 486 3252 et
509 3197 646 3251 filios
672 3196 805 3265 ejus,
863 3210 985 3249 cum
1041 3210 1228 3250 omnes
1275 3197 1383 3251 sint
1437 3197 1752 3253 incolumes.
1798 3199 1882 3253 An

306 3287 447 3343 forte
473 3284 742 3356 signiﬁcat
774 3284 931 3357 illud,
964 3284 1072 3338 allo
1096 3293 1410 3356 secretoque
1438 3287 1711 3358 mysterio,
1743 3290 1884 3358 quod

311 3380 388 3434 ait
413 3377 721 3449 Apostolus,
751 3375 1004 3448 Reliquia:
1041 3393 1134 3447 per
1176 3376 1473 3432 electionem
1501 3379 1686 3449 gratiae
1726 3377 1884 3434 salva:

309 3470 464 3540 facta
505 3476 625 3521 sunt
656 3466 829 3537 (Rom.
894 3466 995 3538 lx),
1048 3467 1170 3534 quia
1210 3467 1470 3538 propheta
1518 3470 1881 3539 praedixerat:

307 3559 379 3612 Et
408 3558 454 3612 si
482 3557 637 3627 fuerit
665 3572 910 3611 numerus
941 3555 1172 3624 ﬁliorum
1214 3555 1385 3612 Israel
1423 3558 1556 3612 sicut
1585 3576 1744 3613 arena
1772 3576 1886 3614 mar

308 3651 402 3717 ris,
447 3649 681 3720 reliquias
717 3647 875 3703 salute
912 3647 1038 3717 [ient
1090 3646 1225 3720 (Isa.
1258 3664 1333 3714 x;
1379 3646 1499 3704 Ose.
1548 3648 1612 3721 ι).
1671 3650 1753 3706 Ad
1781 3649 1885 3706 hoc

308 3740 452 3794 enim
477 3739 686 3794 occisus
710 3745 795 3791 est
822 3736 1071 3794 Christus
1106 3751 1149 3789 a'
1176 3735 1377 3793 Iudaeis
1405 3746 1460 3792 et
1495 3739 1724 3794 traditus
1751 3753 1881 3811 gen-

309 3824 472 3888 tibus,
515 3831 769 3891 tanquam
809 3819 1007 3891 Joseph
1055 3821 1386 3892 Egyptiisa
1432 3821 1709 3887 fratribus,
1738 3834 1801 3878 ut
1827 3833 1886 3878 et

307 3915 548 3985 reliquias
570 3910 736 3969 Israel
767 3912 925 3967 salvae
958 3911 1164 3975 tierent,
1210 3911 1351 3967 unde
1393 3913 1523 3967 dicit
1547 3912 1832 3982 Apostolus
1865 3930 1880 3968 :

312 4005 453 4061 Nam
479 4013 642 4075 etego
664 4001 909 4057 Israelita
952 4016 1097 4067 sum,
1143 4010 1193 4056 et
1238 4011 1293 4055 ut
1338 4002 1611 4073 plenitudo
1654 4005 1883 4075 gentium

307 4096 544 4158 intraret,
575 4103 623 4149 et
645 4095 722 4149 sic
747 4094 912 4147 omnis
949 4091 1119 4148 Israel
1163 4092 1339 4148 saluus
1381 4093 1528 4163 ﬁeret
1572 4093 1743 4166 (Rom.
1780 4094 1880 4167 ιι),

308 4187 363 4243 id
390 4182 494 4251 est,
536 4201 604 4241 ex
638 4185 879 4255 reliquiis
900 4184 1069 4240 lorael
1096 4181 1390 4240 secundum
1419 4199 1663 4253 carnem,
1695 4195 1751 4242 et
1773 4187 1885 4256 ple-
1912 4242 1919 4249 ,

306 4277 549 4332 nitudine
572 4276 806 4346 gentium
834 4291 953 4343 quae
980 4276 1033 4330 in
1069 4275 1173 4330 ﬁde
1203 4275 1404 4331 Christi
1448 4278 1741 4332 secundum
1770 4279 1883 4347 spis

308 4365 469 4421 ritum
500 4373 627 4420 sunt
662 4366 845 4420 lsrael.
872 4367 980 4419 Aut
1015 4366 1060 4420 si
1082 4374 1142 4421 et
1176 4367 1319 4437 genti
1352 4366 1427 4421 illi
1453 4367 1761 4423 lsraeliticze
1800 4384 1885 4425 re-

307 4465 415 4512 stat
444 4456 566 4511 ﬁdei
587 4456 879 4525 plenitudo,
917 4471 982 4510 ex
1012 4470 1117 4526 qua
1144 4464 1301 4511 erant
1330 4457 1588 4527 reliquiae,
1613 4460 1668 4514 in
1690 4460 1885 4533 quibus

309 4545 549 4613 reliquiis
591 4554 717 4600 tunc
743 4554 801 4600 et
828 4547 1052 4616 apostoli
1092 4547 1226 4602 salvi
1264 4547 1394 4603 facti
1416 4557 1558 4612 sunt,
1591 4551 1694 4605 hoc
1719 4551 1885 4623 signi:-

308 4634 505 4689 iicatur
530 4649 595 4690 ea
642 4635 971 4704 plenitudine
1016 4636 1348 4692 liberationis
1393 4637 1580 4705 lsrael,
1632 4655 1737 4711 qua
1784 4656 1884 4712 per

309 4722 527 4793 Moysen
554 4737 620 4777 ex
647 4722 879 4794 IEgypto
909 4725 1120 4779 liberati
1149 4735 1293 4780 sunt.

380 4812 731 4885 Auditumque
783 4824 858 4870 est
917 4826 967 4869 et
1008 4814 1194 4870 celebri
1239 4828 1473 4873 sermone
1516 4819 1784 4892 vulgatum
1825 4823 1880 4878 in

310 4901 436 4957 aula
462 4897 636 4972 regis:
692 4902 950 4960 Venerunt
994 4905 1185 4975 fratres
1230 4905 1445 4979 Ioseph,
1474 4919 1525 4963 et
1559 4912 1768 4981 gavisus
1807 4920 1882 4968 est

311 4994 529 5049 Pharao
549 5006 704 5067 atque
724 4999 891 5051 omnis
904 4996 1114 5067 familia
1135 4999 1283 5068 ejus;
1305 4999 1540 5070 dicitque
1570 5001 1641 5054 ad
1669 5001 1880 5075 Ioseph,

313 5096 367 5138 ut
406 5084 682 5155 imperaret
734 5086 990 5157 fratribus
1039 5090 1148 5142 suis
1201 5090 1419 5144 dicens:
1473 5088 1760 5146 Onerantes
1794 5094 1887 5163 ju-

311 5182 509 5240 Inenta,
531 5176 602 5228 ite
625 5176 679 5229 in
704 5185 899 5231 terram
940 5177 1215 5244 Chanaan,
1244 5188 1292 5232 et
1332 5178 1497 5234 tollite
1537 5181 1659 5234 inde
1684 5192 1885 5251 patrem

313 5277 559 5331 vestium,
584 5276 632 5321 et
658 5268 1037 5337 cognationem,
1072 5277 1119 5322 et
1151 5270 1317 5323 uenite
1338 5258 1408 5323 ad
1433 5285 1532 5335 me,
1558 5278 1605 5324 et
1632 5285 1725 5341 ego
1746 5271 1884 5326 dabo

309 5356 455 5412 auiis
475 5359 650 5412 omnia
691 5357 823 5411 bona
869 5356 1109 5427 -Egypti,
1164 5368 1221 5411 ut
1266 5359 1554 5413 comedetis
1601 5360 1885 5414 medullam

310 5445 750 5520 terrre..Pnrcipe
793 5451 952 5504 etiam
1010 5459 1064 5503 ut
1108 5450 1294 5504 tollant
1344 5450 1585 5521 plaustra
1634 5453 1700 5505 de
1743 5462 1886 5507 terra
1928 5490 1939 5495 ι

312 5538 552 5608 Λέῃῃριὶ,
583 5539 652 5593 ad
679 5540 1052 5594 subrectionem
1083 5539 1418 5610 parvulorum
1443 5546 1660 5593 suorum
1686 5550 1734 5594 et
1762 5554 1886 5595 con-

305 5626 515 5695 iugum,
542 5644 604 5682 ac
628 5628 786 5681 dicito
810 5641 828 5677 :
859 5627 1045 5681 Tollite
1083 5638 1282 5698 patrem
1326 5636 1567 5690 restl‘ltm,
1614 5637 1663 5681 et
1705 5645 1887 5698 prope-

1980 1839 2027 1884 et
2054 1833 2271 1883 vestium
2297 1826 2505 1879 mittens
2533 1824 2672 1891 patri
2697 1837 2815 1884 suo,
2845 1820 3042 1873 addens
3069 1820 3143 1872 eis
3166 1819 3341 1871 asinos
3364 1818 3560 1882 decem,

1978 1924 2069 1994 qui
2111 1918 2446 1975 subveherent
2474 1932 2541 1981 ea:
2582 1915 2824 1970 omnibus
2854 1914 3049 1967 divitiis
3089 1911 3305 1981 digypti
3322 1953 3335 1973 ,
3368 1921 3415 1965 et
3444 1913 3564 1965 toti-

1978 2014 2096 2066 dem
2146 2012 2324 2064 asinae
2368 2008 2599 2061 triticum
2638 2007 2692 2060 in
2733 2006 2937 2068 itinere,
2969 2016 3232 2072 partesque
3274 2007 3559 2071 portantes.

1982 2099 2175 2173 (lsid.)
2217 2098 2339 2152 Dali
2390 2105 2515 2151 sunt
2558 2085 2838 2163 Beniamin
2888 2094 3111 2147 trecenti
3154 2092 3394 2162 argentei
3435 2107 3561 2146 cum

1981 2192 2218 2261 quinque
2247 2188 2400 2243 stolis
2427 2186 2665 2256 optimis.
2696 2185 2990 2238 Trecentos
3036 2190 3320 2251 argenteos
3346 2197 3376 2234 a
3405 2179 3563 2235 Chri-

1978 2291 2065 2338 sto
2126 2280 2354 2351 accipit,
2406 2279 2712 2347 quicunque
2761 2277 3020 2345 plarhcat
3076 2274 3395 2330 Trinitatem
3447 2275 3564 2329 sive

1979 2370 2179 2427 Christi
2223 2383 2469 2432 crucem;
2515 2367 2739 2436 ideoque
2785 2365 2986 2421 Paulus
3021 2366 3144 2420 ait:
3194 2365 3377 2437 Neque
3421 2367 3562 2419 enim

1970 2459 2210 2530 judicari
2244 2458 2376 2514 scire
2402 2468 2484 2511 me
2510 2456 2710 2528 aliquid
2737 2456 2871 2510 inter
2898 2470 3009 2521 vos,
3042 2455 3142 2509 nisi
3175 2452 3441 2509 Christum
3468 2455 3564 2510 Ie-

1980 2566 2116 2614 sum,
2144 2558 2190 2603 et
2223 2550 2361 2603 hunc
2397 2547 2707 2615 cruciﬁxum
2748 2545 2799 2618 (ι
2826 2545 2949 2601 Cor.
2980 2545 3059 2618 ll).
3103 2546 3351 2616 Quinque
3395 2546 3567 2602 stolas

1982 2641 2198 2711 accipit,
2224 2640 2280 2695 id
2312 2647 2394 2695 est
2416 2639 2737 2710 sapientium
2762 2639 3109 2709 omniumque
3137 2654 3391 2694 sensuum
3421 2640 3559 2694 mul-

1982 2716 2191 2803 iiplices
2240 2730 2574 2801 disciplinas.
2625 2721 2888 2785 Praecellit
2932 2745 3061 2799 ergo
3111 2729 3329 2795 Paulus,
3374 2731 3565 2801 eisque

1980 2821 2243 2875 exuberat
2286 2819 2466 2889 portio
2512 2819 2847 2873 meritorum.
2895 2817 3002 2874 Sed
3055 2828 3233 2874 tamen
3264 2820 3464 2874 habent
3506 2828 3565 2874 et

1983 2911 2199 2977 fratres,
2222 2911 2276 2966 id
2298 2919 2402 2975 est,
2427 2909 2518 2964 alii
2548 2910 2927 2980 praedicatores
2952 2910 3179 2979 gratiam
3205 2925 3378 2974 suam,
3405 2910 3564 2964 binas

1982 3004 2167 3068 stolas,
2198 3004 2252 3058 id
2280 3012 2383 3069 est,
2409 3010 2470 3056 ut
2491 3001 2849 3057 conﬁteantur
2875 3001 3146 3056 Christum
3165 3011 3225 3055 et
3251 3003 3416 3056 Deum
3440 3015 3565 3055 esse

1983 3103 2041 3150 et
2069 3095 2340 3149 hominem
2365 3092 2518 3161 juxta
2549 3092 2690 3162 quod
2719 3092 2772 3145 in
2801 3091 3111 3146 Proverbiis
3146 3091 3402 3161 loquitur,
3436 3089 3569 3145 0m-

1985 3203 2076 3242 nes
2108 3185 2375 3239 domestici
2400 3184 2516 3254 ejus
2549 3183 2716 3238 vestiti
2743 3186 2865 3237 sunt
2892 3183 3183 3252 duplicibus
3209 3181 3389 3251 (Prov.
3414 3182 3563 3252 ult.),

1984 3279 2040 3335 id
2065 3287 2165 3343 est,
2193 3276 2416 3348 mystica
2448 3275 2531 3330 vel
2563 3275 2752 3330 morali
2796 3274 3158 3344 intelligentia.
3203 3272 3482 3327 Mittuntur
3507 3283 3567 3328 ct

1982 3369 2125 3441 patri
2158 3376 2407 3432 munera,
2431 3366 2598 3421 Filius
2619 3366 2848 3422 honorat
2873 3364 3108 3428 Patrem,
3133 3363 3378 3418 Christus
3395 3376 3571 3432 popu-

1984 3464 2092 3519 lum
2123 3479 2278 3520 suum
2308 3463 2590 3534 promissis
2621 3462 2810 3516 invitat
2838 3460 3168 3514 muneribus.
3199 3458 3421 3513 Portant
3450 3458 3569 3511 hmc

1984 3558 2209 3608 munera
2237 3552 2373 3606 asini
2406 3552 2505 3616 illi,
2530 3552 2755 3622 gentiles
2786 3550 3001 3605 inutiles
3030 3557 3085 3604 et
3121 3549 3394 3613 laboriosi,
3419 3563 3569 3602 nunc
3602 3592 3611 3599 .

1983 3652 2165 3699 autem
2188 3643 2349 3699 utiles
2373 3649 2589 3714 portant
2618 3643 2668 3696 in
2696 3643 2823 3713 typo
2842 3641 3044 3697 Christi
3074 3657 3315 3697 munera.
3340 3641 3570 3697 Portant

1984 3734 2038 3790 in
2057 3733 2365 3805 Evangelia
2391 3738 2674 3789 munerum
2705 3732 3033 3803 largitorem.
3348 3742 3358 3751 '

2054 3823 2266 3878 Dimisit
2293 3839 2415 3894 ergo
2460 3823 2650 3894 fratres
2674 3839 2833 3888 suos;
2862 3822 3310 3893 proﬁciscentibus
3335 3824 3411 3875 ait
3432 3836 3451 3874 :
3481 3821 3566 3876 Ne

1980 3914 2308 3970 irascamini
2328 3915 2384 3968 in
2415 3915 2516 3969 uia.
2544 3913 2649 3979 Qui
2680 3910 3012 3967 ascendentes
3046 3928 3112 3966 ea:
3135 3910 3385 3983 .Egypto,
3414 3916 3569 3965 'vene-

1982 4015 2105 4060 runt
2132 4007 2188 4059 in
2231 4012 2423 4060 terram
2459 4005 2716 4059 Chanaan
2745 4004 2814 4058 ad
2845 4014 3048 4075 patrem
3093 4018 3249 4059 suum
3293 4004 3479 4068 Iacob,
3516 4015 3567 4058 et

1985 4099 2355 4151 nuntiaverunt
2379 4096 2428 4151 ei
2458 4096 2686 4150 dicentes
2720 4109 2739 4148 :
2769 4093 2961 4167 Ioseph
2997 4096 3139 4160 vivit,
3165 4103 3214 4149 et
3252 4097 3359 4166 ipse
3399 4096 3570 4148 donli-

1982 4196 2144 4241 natur
2192 4188 2247 4241 in
2291 4187 2430 4240 omni
2477 4194 2617 4240 terra
2660 4183 2914 4256 zEgypti,
2957 4194 3062 4241 etc.
3108 4185 3324 4240 Dimisit
3367 4183 3567 4255 Ioseph

1984 4278 2183 4333 fratres
2229 4288 2356 4333 suos
2387 4277 2479 4347 qui
2525 4277 2910 4332 nuntiaverunt
2951 4277 3090 4348 patri
3137 4293 3234 4333 suo
3283 4277 3565 4331 dicentes:

1984 4369 2180 4440 Ioseph
2211 4370 2354 4434 vicit,
2380 4379 2433 4423 et
2458 4369 2567 4440 ipse
2592 4373 2669 4423 est
2700 4368 3032 4423 dominus-in
3060 4368 3200 4423 οιηηί
3233 4376 3369 4421 terra
3398 4366 3569 4437 Egy-

1909 4423 1963 4483 D
1986 4423 2533 4531 ριιζίεχρθνίιάυιοὶη
2556 4457 2746 4523 Jacob,
2769 4458 2823 4512 id
2850 4464 2933 4512 est
2960 4457 3112 4528 plebs
3137 4456 3430 4511 inciedula.
3455 4423 3568 4511 ea.

1984 4558 2270 4620 Ροθιίῖιηπι
2303 4548 2507 4605 Chiis“
2554 4555 2701 4619 gesta
2738 4548 3091 4618 cognoverit,
3137 4547 3423 4603 reviviscet
3450 4549 3567 4617 spi-

1984 4643 2121 4696 ritus
2152 4639 2290 4710 ejus,
2317 4649 2371 4696 et
2398 4640 2491 4710 qui
2539 4628 2783 4703 morinos
2811 4639 3119 4706 videbatur,
3163 4640 3270 4696 ﬁde
3316 4654 3568 4695 resurre-

1982 4732 2180 4787 ctionis
2200 4730 2401 4787 Christi
2429 4728 2754 4783 viviﬁeatur.
2784 4729 3022 4784 Vocatur
3049 4745 3179 4801 ergo
3207 4745 3239 4785 a
3268 4729 3393 4784 filiis
3428 4730 3567 4793 suis,

1983 4819 2037 4876 id
2060 4818 2174 4885 est“,
2210 4836 2242 4875 a
2270 4818 2453 4885 Petro,
2502 4818 2687 4884 Paulo,
2723 4817 2953 4886 Joanne,
2991 4821 3217 4891 populus
3258 4819 3565 4876 Judmorum

1985 4910 2246 4965 invitatur
2268 4909 2611 4981 adgratiam.
2637 4907 2890 4965 Occurrit
2929 4909 3005 4965 illi
3034 4909 3201 4966 Iudas
3221 4909 3364 4980 quod
3394 4911 3564 4965 inter-

1983 5007 2250 5069 pretatum
2279 5007 2365 5055 est
2398 4997 2671 5068 confessio,
2697 4999 2834 5068 quia
2852 5001 3106 5069 prmeedit
3129 5000 3239 5070 jam
3274 4998 3564 5063 confessio,

1985 5103 2120 5158 quos
2163 5097 2286 5145 ante
2313 5089 2538 5159 perﬁdia
2578 5090 2923 5160 possidebat;
2952 5098 3009 5146 et
3055 5091 3135 5147 sic
3161 5090 3359 5162 Ioseph
3401 5102 3567 5145 verus

1985 5180 2233 5235 Christus
2257 5178 2523 5244 occurrit,
2566 5178 2657 5249 qui
2700 5183 2882 5235 senem
2927 5178 3036 5249 jam
3080 5188 3239 5237 letale
3271 5180 3564 5251 suscipiat,

1984 5268 2192 5322 ultimis
2220 5268 2557 5339 temporibus
2596 5269 2849 5340 populum
2874 5267 3200 5335 Iudaeorum,
3233 5284 3338 5326 non
3368 5280 3565 5325 secun—

1987 5359 2115 5413 dum
2141 5357 2284 5413 illius
2315 5358 2531 5424 merita,
2569 5360 2663 5414 sed
2708 5360 3000 5415 secundum
3025 5358 3347 5417 electionem
3380 5360 3567 5432 gratia

1988 5463 2119 5511 suae,
2149 5456 2205 5502 et
2232 5447 2459 5519 imponit
2503 5464 2720 5503 manum
2764 5463 2926 5525 super
2948 5448 3137 5505 oculos
3156 5450 3295 5521 ejus,
3323 5457 3376 5504 et
3401 5449 3565 5505 orcei-

1988 5551 2154 5598 tatem
2180 5541 2374 5596 aufert.
2401 5542 2566 5612 Cujus
2594 5545 2735 5600 idem
2774 5546 2983 5601 distth
3026 5543 3341 5610 excitatam,
3385 5552 3445 5599 ut
3470 5558 3568 5614 po-

1987 5643 2219 5688 stremus
2255 5632 2517 5699 crederet,
2550 5635 2640 5704 qui
2666 5644 2789 5691 ante
2812 5651 2916 5692 non
2944 5638 3115 5709 potuit
3143 5652 3265 5694 esse
3291 5635 3563 5694 credulus.
