3970 6198
284 301 385 357 διδ

1303 294 1652 353 COMMENT.
1695 293 1763 350 ΙΝ
1801 295 2123 351 GENESIM.
2166 329 2234 338 —
2270 297 2396 352 LIB.
2438 294 2526 352 ιν.

3444 306 3547 361 (illi

284 413 436 472 Unde
462 418 518 466 et
542 406 832 481 Apostolus
857 404 933 463 ait
958 423 972 460 :
1002 406 1142 472 Quia
1181 409 1386 461 Ctrt'itas
1416 424 1480 461 ex
1511 416 1657 477 parte
1693 402 1746 459 in
1788 406 1872 459 Is-
1899 413 1943 471 Α
1975 423 2094 462 cum
2137 408 2344 463 duobus
2389 409 2511 464 ﬁliis
2550 408 2683 477 ejus.
2732 409 3172 480 Septuagesimus
3216 421 3395 467 autem
3439 417 3561 484 ipse

282 502 392 558 rael
418 502 561 572 facta
582 509 677 561 est,
709 497 875 551 donec
907 496 1175 567 plenitudo
1198 497 1427 567 gentium
1456 499 1695 562 intraret,
1719 505 1767 551 et
1792 499 1868 551 sic

283 595 448 650 omnis
474 588 644 646 Israel
666 588 842 644 saluus
863 589 1013 658 ﬁeret
1036 587 1212 659 (Rom.
1241 587 1339 659 tu).

903 680 1132 736 CAPUT
1160 680 1251 735 IX.

552 773 630 827 De
653 772 988 827 descensione
1011 768 1179 824 Iacob
1205 771 1258 824 in
1288 768 1595 841 .Egyptum.

375 865 506 920 CAP.
532 861 707 933 XLVI.)
733 860 974 914 Surrexit
1003 858 1171 913 Iacob
1203 875 1235 911 a
1261 868 1416 929 puteo
1434 852 1760 922 Jac-amenti;
1789 867 1874 912 tu-

285 956 558 1025 leruntque
582 969 700 1007 eum
742 951 842 1021 ﬁlii
884 966 1002 1004 cum
1046 949 1277 1021 parvulis
1305 960 1353 1004 et
1384 950 1635 1003 uxoribus
1680 950 1789 1003 suis
1820 953 1872 1004 in

285 1047 554 1120 plaustris,
588 1062 706 1116 qua:
742 1044 953 1097 miserat
991 1040 1205 1096 Pharao
1238 1042 1308 1095 ad
1338 1042 1651 1112 portandum
1675 1050 1871 1108 senem,

285 1150 331 1193 et
358 1139 683 1207 omnia'qua:
711 1134 1007 1204 possederat
1038 1128 1093 1187 in
1126 1143 1266 1187 terra
1300 1131 1575 1187 Chanaan.
1624 1130 1875 1204 Venitque

287 1229 339 1280 in
366 1226 658 1296 zEggptum
688 1240 804 1277 cum
835 1225 977 1276 omni
1020 1224 1217 1277 semine
1255 1236 1352 1275 suo
1378 1238 1397 1276 :
1417 1222 1517 1291 ﬁlii
1555 1222 1667 1292 ejus
1695 1232 1743 1276 et
1781 1239 1875 1276 ne-

285 1328 453 1389 potes,
482 1316 613 1385 ﬁlice
637 1324 687 1369 et
712 1324 898 1368 cuncta
929 1313 1086 1368 simul
1119 1315 1408 1383 progenies.
1443 1313 1747 1368 Notandum
1779 1330 1876 1368 au-

288 1419 397 1465 tem
429 1424 551 1464 cum
585 1408 673 1462 hic
714 1406 909 1477 legitur
946 1404 1082 1458 ﬁlias
1110 1402 1277 1459 Iacob
1304 1411 1358 1458 et
1384 1412 1637 1458 cunctam
1675 1419 1873 1475 proge-

287 1502 431 1555 niem
478 1499 639 1553 simul
671 1512 794 1553 cum
825 1494 992 1550 Iacob
1020 1496 1271 1549 introisse
1302 1496 1355 1548 in
1384 1494 1699 1566 )Egyptum,
1733 1498 1876 1566 quod

288 1610 396 1648 non
433 1594 556 1648 ideo
596 1592 776 1663 posuit
826 1588 1180 1658 liliasplurali
1227 1603 1473 1652 numero.
1517 1589 1660 1658 quod
1710 1587 1877 1644 Iacob

287 1683 471 1754 plures
506 1682 732 1736 haberet
771 1693 935 1750 quam
978 1693 1139 1733 unam
1192 1678 1354 1732 ﬁliam
1391 1679 1607 1732 nomine
1647 1677 1872 1743 Dinam,

1972 497 2131 552 fuerit
2162 498 2343 555 Iacob.
2377 500 2526 556 llsnc
2558 512 2669 556 rem
2696 519 2764 558 ne
2790 504 3069 558 videamur
3089 504 3375 559 adversum
3405 505 3555 562 Scri—

1970 596 2143 659 ptum:
2183 591 2564 669 auctoritatem
2591 592 2756 661 loqui,
2786 595 2948 647 etiam
2980 593 3119 648 LXX
3149 596 3473 665 interpretes
3502 597 3556 651 in

1974 683 2388 739 Deutcronomio
2431 687 2854 752 transtulerunt,
2922 689 3062 757 quod
3107 689 3161 742 in
3211 692 3552 761 septuaginta

1974 772 2257 827 animabus
2307 774 2581 845 ingressus
2614 777 2699 831 sit
2746 777 2909 831 Israel
2956 777 3275 850 Egyptum.
3324 779 3381 835 Si
3426 782 3548 850 quis

1974 862 2138 932 igitur
2162 870 2362 918 nostra:
2388 866 2670 920 sententias
2699 864 3019 937 refragatur,
3050 868 3388 939 Scripturam
3419 871 3563 924 inter

1977 967 2035 1006 se
2061 954 2387 1007 contrariam
2422 953 2602 1008 faciet.
2639 954 2741 1024 Ipsi
2772 958 2917 1011 enim
2949 957 3087 1011 LXX
3116 958 3440 1029 interpretes
3467 961 3559 1030 qui

1975 1043 2064 1097 hic
2093 1046 2433 1115 septuaginta
2462 1046 2697 1116 quinque
2732 1049 2941 1103 animas
2987 1064 3084 1117 per
3110 1051 3399 1119 prolepsim
3431 1067 3555 1107 cum

1973 1132 2208 1202 Ioseph,
2252 1144 2304 1188 et
2346 1136 2578 1204 posteris
2615 1136 2761 1205 ejus,
2801 1136 3095 1208 Egyptum
3141 1140 3412 1209 ingressas
3439 1155 3563 1195 esse

1975 1220 2255 1285 dixerunt,
2290 1223 2342 1275 in
2374 1224 2789 1278 Deuteronomio
2832 1226 3170 1295 septuaginta
3218 1235 3424 1280 tantum
3474 1229 3559 1281 in-

1976 1314 2171 1367 troisse
2202 1324 2588 1369 memorarunt.
2615 1316 2769 1383 Quod
2801 1317 2846 1371 si
2876 1332 2906 1371 e
2946 1320 3216 1372 contrario
3246 1319 3402 1373 bonis
3429 1318 3560 1373 illud

1974 1404 2282 1472 opponitur,
2309 1405 2579 1474 quomodo
2611 1407 2663 1458 in
2693 1404 2918 1460 Actibus
2945 1405 3306 1476 apostolorum
3334 1407 3387 1459 in
3427 1422 3561 1461 cou-

1978 1495 2215 1550 tentione
2260 1495 2517 1565 Stephani
2548 1497 2759 1551 dicatur
2801 1498 2864 1551 ad
2895 1497 3175 1568 pupulum,
3219 1497 3559 1566 septuaginta

1976 1585 2214 1656 quinque
2238 1586 2448 1639 animas
2478 1586 2750 1655 ingressas
2779 1599 2897 1639 esse
2927 1584 3220 1657 .tEgyptum
3253 1586 3404 1656 (Car.
3430 1586 3528 1650 vn)
3549 1626 3571 1649 ,

1980 1676 2153 1731 facilis
2176 1677 2453 1748 excusatio
2473 1685 2575 1731 est.
2603 1676 2716 1730 Non
2746 1678 2890 1731 enim
2918 1677 3099 1731 debuit
3126 1685 3346 1731 sanctus
3368 1678 3577 1743 Lucas,.

291 1772 385 1829 sed
416 1786 677 1827 numerus
702 1769 927 1840 pluralis
954 1783 1055 1838 pro
1086 1768 1345 1838 singulari
1369 1767 1576 1837 positus
1598 1774 1704 1834 est,
1735 1770 1877 1822 sicut
1906 1762 1957 1820 B
1979 1770 2071 1837 qui
2118 1768 2283 1838 ipsius
2330 1768 2565 1838 scriptor
2598 1768 2839 1823 historia:
2871 1777 2974 1832 est,
3007 1768 3061 1822 in
3093 1778 3280 1836 gentes
3316 1769 3576 1823 volumen!

290 1862 454 1919 etiam
482 1876 591 1932 pro
612 1858 806 1931 plurali
834 1856 1123 1927 singularis
1147 1856 1300 1911 solet.

364 1953 584 2008 Cunotw
625 1953 816 2005 animo:
856 1964 973 2022 qua:
1016 1950 1265 2021 ingressae
1307 1958 1427 2003 sunt
1465 1966 1583 2003 cum
1615 1948 1781 2003 Iacob
1824 1950 1879 2003 in

292 2044 611 2116 Eggptum,
635 2052 684 2097 et
711 2058 930 2113 egressa:
959 2042 1024 2096 de
1068 2041 1260 2111 femore
1284 2041 1448 2103 illius,
1482 2042 1676 2113 absque
1703 2042 1883 2095 uxori-

293 2136 387 2190 bus
411 2134 646 2205 filiorum
668 2134 806 2204 ejus,
831 2134 1101 2203 sexaginta
1127 2149 1237 2187 sex.
1264 2133 1416 2199 Quod
1444 2133 1574 2188 dicit
1600 2131 1879 2201 Scriptura

290 2216 375 2283 tot
403 2226 619 2281 animas
644 2224 921 2294 peperisse
950 2224 1124 2289 Liam,
1151 2224 1231 2279 vel
1270 2233 1346 2279 tot
1378 2225 1586 2278 animas
1608 2224 1783 2278 exisse
1814 2223 1882 2278 de

291 2318 591 2373 femoribus
640 2315 828 2381 Iacob,
864 2316 1152 2370 videndum
1186 2324 1269 2370 est
1313 2316 1440 2386 quid
1492 2315 1884 2385 respondeatur

290 2408 425 2464 hinc
469 2407 555 2463 eis
579 2408 672 2477 qui
699 2407 804 2461 hoc
837 2406 1144 2459 testimonio
1184 2405 1509 2460 conﬁrmare
1553 2405 1819 2469 nituntur,
1850 2420 1881 2459 a

291 2498 612 2570 parentibus
638 2496 799 2552 simul
816 2496 1033 2551 animas
1061 2510 1182 2550 cum
1221 2496 1537 2566 corporibus
1572 2496 1879 2567 propagari.

292 2589 521 2645 Animas
562 2588 709 2644 enim
739 2588 911 2643 dictas
954 2601 1053 2658 pro
1084 2586 1411 2649 hominibus,
1459 2600 1490 2640 a
1526 2596 1678 2656 parte
1711 2594 1882 2640 totum

296 2680 641 2752 signiﬁcante
663 2678 958 2742 locutione,
986 2677 1162 2732 nullus
1187 2676 1431 2748 ambigit.
1480 2675 1585 2732 Sed
1613 2678 1882 2748 quomodo

297 2770 469 2839 ipsam
507 2777 717 2840 partem
752 2783 819 2823 ex
864 2783 970 2838 qua
1019 2776 1192 2823 totum
1243 2764 1725 2823 cummemoratum
1767 2776 1882 2835 est,

299 2863 402 2917 hoe
429 2869 516 2917 est
559 2861 817 2925 animam,
846 2858 999 2928 cujus
1029 2861 1251 2915 nomine
1279 2868 1429 2914 totus
1472 2860 1635 2914 homo
1676 2859 1884 2929 signiﬁ-

299 2961 454 3007 catus
482 2957 584 3015 est,
617 2950 916 3006 alienemus
954 2950 1022 3005 ab
1062 2964 1129 3005 eo
1170 2950 1312 3019 quod
1339 2950 1539 3005 dictum
1572 2957 1693 3004 est:
1722 2949 1885 3004 Exie-

302 3051 429 3098 mnt
464 3042 543 3099 de
562 3040 859 3099 femoribus
905 3039 1042 3111 ejus,
1089 3050 1147 3097 ut
1194 3056 1388 3097 carnes
1426 3048 1635 3096 tantum
1683 3058 1752 3097 ex
1796 3040 1895 3100 illo

1981 1860 2254 1923 cmittens,
2292 1858 2525 1912 A-ctuum
2575 1859 2939 1929 apostolnrum
2983 1862 3313 1913 contrarium
3362 1859 3565 1929 aliquid

1982 1950 2217 2004 scribere
2248 1950 2529 2003 adversum
2564 1966 2684 2003 eam
2719 1948 3056 2020 Scriptorum
3100 1966 3220 2020 qua:
3250 1949 3363 2018 jam
3391 1950 3570 2006 fuerat:

1982 2040 2039 2094 in
2078 2042 2326 2110 gentibus
2373 2040 2662 2110 divulgata.
2716 2041 2779 2095 Et
2810 2043 2999 2111 utique
3031 2041 3252 2109 majoris
3298 2043 3580 2112 opinionis.

1984 2132 2075 2185 illo
2118 2132 2380 2186 duntaxat
2421 2141 2663 2201 tempore
2692 2131 2832 2185 LXX
2864 2133 3218 2202 interpretum
3268 2134 3583 2189 habebatur-

1984 2226 2294 2288 auctoritas,
2326 2240 2487 2293 quam
2521 2224 2716 2288 Lucas,
2743 2226 2832 2293 qui
2862 2225 3076 2293 ignotus
3112 2234 3166 2280 et
3195 2226 3338 2289 vilis,
3370 2234 3425 2279 et
3463 2244 3578 2281 non-

1987 2330 2193 2387 magure
2238 2313 2359 2367 ﬁdei
2408 2314 2460 2368 in
2511 2315 2820 2368 nationibus
2863 2315 3177 2369 ducebatur.
3230 2315 3341 2371 [loc
3389 2326 3579 2371 autem

1985 2405 2313 2477 generaliter
2372 2405 2798 2471 observandum,
2847 2405 2991 2475 quod
3041 2406 3347 2474 ubicunque
3393 2407 3569 2462 sancti

1985 2495 2259 2567 Apostoli,
2293 2504 2387 2550 aut
2430 2496 2710 2568 apostolici
2750 2496 2851 2549 viri
2895 2496 3184 2565 loquuntur
3210 2499 3275 2551 ad
3322 2498 3581 2568 populos,

1986 2587 2074 2641 his
2115 2587 2434 2658 plerumque
2476 2588 2801 2641 testimoniis
2829 2582 3128 2643 abutuntur
3152 2603 3271 2658 qua:
3295 2588 3409 2657 jam
3459 2589 3581 2643 fuc-

1988 2685 2110 2730 rant
2154 2678 2207 2731 in
2255 2678 2504 2749 gentibus
2546 2677 2850 2745 divulgata,
2898 2677 3027 2732 licet
3065 2678 3310 2749 plerique
3360 2681 3579 2734 tradant

1964 2766 2190 2824 'Lucam
2215 2769 2626 2841 evangelistam,
2662 2778 2720 2823 ut
2760 2770 3113 2847 prosclytum,
3146 2770 3398 2824 Hebraeus
3437 2770 3586 2826 lltteo

1989 2875 2080 2914 ras
2102 2859 2401 2931 ignorasse.

2062 2946 2209 3005 Misit
2235 2959 2408 3005 autem
2431 2950 2628 3005 Iudam
2658 2960 2777 3027 ante
2814 2967 2870 3005 se
2907 2952 2976 3005 ad
2999 2950 3193 3022 Ioseph
3226 2960 3282 3006 ut
3312 2953 3585 3007 nuntiaret

1991 3043 2060 3108 ei,
2091 3054 2139 3097 et
2167 3040 2248 3096 illi
2274 3052 2571 3097 occurreret
2606 3044 2659 3096 in
2697 3041 2906 3097 Gesscn.
2939 3042 3055 3109 Quo
3081 3060 3199 3097 cum
3243 3045 3575 3113 peruenisset,
3614 3110 3615 3113 η

300 3146 475 3199 natas,
501 3136 749 3207 quamvis
770 3134 899 3191 solae
923 3134 1115 3189 animae
1138 3135 1503 3199 nominentur,
1533 3135 1882 3206 accipiamus,
1912 3115 1957 3181 (ἶ
1980 3137 2168 3207 juncta
2188 3134 2381 3205 Ioseph
2408 3151 2567 3187 curru
2592 3151 2710 3198 suo,
2737 3134 2967 3188 ascendit
2998 3135 3199 3189 obviam
3226 3135 3364 3205 patri
3391 3151 3485 3188 suo
3505 3135 3582 3188 ad

299 3226 577 3299 quaerendi
631 3233 758 3281 sunt
809 3224 1140 3281 locutionum
1188 3225 1335 3280 modi
1391 3226 1689 3280 secundum
1737 3224 1887 3282 Scri-

300 3328 513 3390 pturas.

372 3405 508 3460 Filii
520 3415 716 3487 ‘autem
738 3404 934 3476 Ioseph
952 3404 1051 3477 qui
1088 3406 1200 3460 nati
1242 3414 1363 3461 sunt
1390 3406 1439 3461 ei
1469 3406 1523 3461 in
1549 3414 1693 3461 terra
1717 3405 1792 3461 1E
1797 3423 1889 3478 gg-

302 3496 398 3565 pti,
427 3496 619 3549 animus
653 3494 794 3549 duas.
821 3491 1014 3548 Omnes
1043 3496 1233 3549 animo:
1260 3495 1446 3549 domus
1470 3494 1639 3551 Iacob
1662 3514 1781 3568 qua:
1808 3498 1890 3551 in-

303 3601 495 3654 gressa?
531 3592 652 3638 sunt
700 3581 1023 3654 Egyptian,
1073 3583 1220 3651 {uere
1264 3586 1593 3655 septuaginta
1642 3586 1886 3656 quinque.

305 3677 482 3745 Quod,
524 3684 751 3747 excepto
789 3674 991 3746 Ioseph
1041 3685 1103 3731 et.
1144 3675 1269 3731 ﬁliis
1299 3677 1436 3747 ejus,
1482 3679 1763 3750 sexaginta
1795 3692 1890 3733 sex

307 3768 504 3824 animae
525 3783 646 3838 qua:
666 3782 906 3840 egresste
917 3774 1045 3823 sunt
1064 3768 1130 3822 de
1152 3766 1445 3823 femoribus
1465 3766 1653 3834 Iacob,
1670 3768 1893 3823 introie—

305 3866 433 3913 runt
461 3856 777 3928 Egyptum,
806 3856 952 3911 nulla
984 3856 1249 3911 dubitatio
1278 3867 1382 3911 est.
1413 3857 1490 3911 lla
1518 3858 1664 3913 enim
1708 3857 1895 3927 paula-

307 3949 405 4004 tim
444 3964 546 4019 per
568 3948 811 4020 singulos
837 3954 1156 4018 supputatus
1191 3960 1453 4003 numerus
1490 3949 1772 4019 approbat,
1800 3949 1892 4018 qui

308 4040 364 4095 in
393 4040 632 4095 Hebraeis
673 4039 1036 4095 voluminibus
1064 4038 1357 4094 invenitur.
1388 4038 1501 4095 Hoc
1542 4047 1719 4094 autem
1751 4040 1895 4110 quod

310 4131 365 4185 in
396 4129 539 4185 LXX
564 4128 832 4201 legimus:
863 4127 995 4183 Filii
1021 4139 1199 4183 autem
1220 4127 1414 4199 Ioseph
1447 4130 1537 4200 qui
1564 4132 1673 4183 nati
1702 4138 1823 4184 sunt
1846 4132 1894 4185 ei

307 4222 365 4275 in
398 4220 649 4291 Eggpto,
693 4221 886 4275 anima:
940 4236 1143 4275 novem.
1188 4217 1434 4274 Sciamus
1474 4235 1573 4291 pro
1616 4236 1794 4274 novem
1837 4220 1893 4275 in

309 4309 539 4367 Hebraeo
558 4325 679 4367 esse
712 4312 868 4366 duas.
894 4311 1152 4382 Ephraim
1183 4312 1383 4382 quippe
1412 4320 1469 4365 et
1500 4310 1768 4378 Manasse,
1798 4328 1896 4366 an-

310 4411 531 4471 tequam
558 4401 727 4457 Iacob
772 4399 1006 4457 intraret
1045 4400 1361 4473 Egyptum,
1392 4411 1447 4457 et
1484 4401 1643 4457 famis
1680 4412 1893 4473 tempus

309 4461 609 4562 ingrueret,
648 4491 763 4545 nati
803 4498 931 4547 sunt
955 4490 1023 4546 de
1048 4461 1287 4546 Αεέἱὶέιιι
1313 4461 1423 4546 an.
1452 4461 1806 4561 Puthipharis
1832 4493 1887 4547 in
1918 4461 1972 4519 D

309 4577 567 4651 Egypto.
616 4579 725 4636 Sed
767 4588 824 4636 et
866 4580 997 4636 illud
1037 4581 1179 4652 quod
1227 4596 1390 4651 supra
1434 4582 1701 4654 legimus:
1733 4581 1893 4637 Facti

310 4680 434 4726 sunt
466 4681 650 4726 autem
680 4671 792 4741 ﬁlii
842 4672 1088 4728 Manasse
1137 4690 1266 4741 quos
1305 4676 1487 4746 genuit.
1520 4676 1571 4730 ei
1604 4676 1896 4732 concubina

312 4762 481 4834 Syra,
509 4763 738 4830 Μαίων,
761 4775 813 4819 et
847 4764 1057 4819 Machir
1084 4769 1263 4836 genuit
1305 4767 1531 4822 Galaad.
1560 4766 1690 4822 Filii
1718 4778 1893 4823 autem

311 4853 571 4925 Ephraim
606 4856 791 4926 fratris
815 4854 1083 4924 Manasse,
1121 4856 1453 4925 Suthalaam,
1489 4858 1738 4913 Ethaam.
1765 4856 1903 4914 Filii

311 4963 436 5001 vero
458 4946 777 5003 Stultale
804 4948 989 5013 Edent,
1016 4949 1387 5005 additum‘est.
1429 4949 1487 5004 Si
1511 4949 1727 5020 quidem
1757 4948 1903 5019 quod

311 5048 504 5109 postea
550 5038 798 5108 legimus,
852 5041 1008 5110 quasi
1063 5056 1161 5110 per
1216 5042 1652 5111 anticipationem
1697 5041 1902 5096 factum

314 5142 438 5183 esse
479 5126 828 5184 describitur.
872 5130 1061 5201 Neque
1087 5132 1230 5186 enim
1278 5132 1369 5187 illo
1400 5141 1643 5202 tempore
1678 5148 1785 5202 quo
1818 5133 1903 5186 in-

312 5234 530 5292 gressus
577 5231 660 5277 est
702 5220 869 5278 Iacob
913 5224 967 5277 in
1011 5223 1336 5295 Egyptum,
1379 5226 1496 5296 ejus
1529 5226 1704 5281 anatis
1747 5232 1905 5280 erant

310 5312 576 5383 Ephraim
612 5324 669 5369 et
698 5313 964 5381 Manasse,
1013 5323 1071 5368 ut
1111 5315 1246 5370 filios
1294 5329 1555 5385 generare
1597 5314 1899 5384 potuerint;

311 5422 381 5461 ex
413 5420 525 5474 quo
557 5405 905 5462 manifesz
933 5417 1019 5462 est
1042 5422 1231 5462 omnes
1262 5407 1472 5461 animas
1498 5420 1615 5476 quae
1646 5406 1904 5475 ingressae

311 5507 445 5555 sunt
487 5497 778 5571 Aigyptum
802 5500 873 5554 de
903 5498 1205 5555 femoribus
1237 5497 1424 5564 Iacob,
1471 5498 1633 5553 ﬁnisse
1678 5506 1898 5567 septua-

306 5589 491 5657 ginta,
521 5589 648 5644 dum
675 5591 955 5661 sexaginta
994 5607 1089 5646 ses
1136 5599 1322 5661 postea
1359 5598 1485 5645 sunt
1533 5590 1806 5659 ingrcssaz,
1845 5598 1900 5645 ct

313 5691 643 5752 reperertmt
666 5682 724 5740 in
749 5681 984 5755 Egypto
1017 5692 1129 5740 tres
1169 5685 1398 5749 animas,
1425 5681 1622 5752 Ioseph
1650 5682 1896 5738 videlicet

1988 3230 2225 3283 eumdem
2267 3227 2473 3293 locum;
2516 3226 2794 3298 vidensque
2819 3243 2968 3291 cum,
3005 3227 3161 3281 irruit
3190 3242 3346 3296 super
3383 3225 3576 3279 collum

1989 3321 2102 3392 ejus
2123 3331 2169 3376 et
2195 3322 2332 3375 inter
2358 3319 2627 3391 amplexus
2650 3321 2807 3390 ﬂevit,
2833 3320 3066 3391 dixitque
3089 3330 3238 3390 pater
3257 3321 3325 3375 ad
3346 3320 3573 3390 Ioseph:

1964 3404 2112 3466 'Iam
2142 3411 2294 3466 hctus
2330 3413 2545 3476 moriar,
2574 3413 2698 3481 quia
2726 3413 2830 3465 vidi
2860 3412 3047 3482 faciem
3088 3420 3235 3466 tuam
3256 3454 3271 3478 ,
3311 3421 3359 3466 et
3404 3429 3587 3482 super-

1989 3502 2160 3560 stitem
2187 3512 2236 3556 te
2263 3495 2516 3573 relinquo.
2547 3498 2741 3556 Iudam
2773 3518 2904 3557 vero
2947 3502 3092 3557 misit
3138 3511 3261 3557 ante
3291 3516 3350 3557 se
3390 3502 3455 3557 ad
3483 3500 3589 3555 Io-

1990 3591 2145 3661 seph,
2173 3598 2236 3645 ut
2278 3600 2588 3646 occurreret
2614 3590 2662 3645 ei
2690 3592 2757 3646 ad
2786 3592 2976 3646 urbem
3019 3594 3243 3647 heroum
3293 3593 3345 3647 in
3380 3602 3583 3646 terram

1989 3680 2270 3735 Ramesse.
2318 3680 2420 3736 llic
2465 3681 2616 3736 locus
2640 3681 2792 3752 juxta
2833 3679 3183 3752 Septuaginta
3225 3684 3581 3751 interpretum

1992 3771 2283 3826 editionem
2320 3770 2395 3824 ita
2427 3770 2642 3841 legitur.
2675 3769 2731 3824 ln
2779 3769 3007 3825 Hebraeo
3053 3786 3152 3825 nec
3181 3773 3367 3825 urbem
3412 3771 3583 3827 habet

1992 3861 2239 3925 heroum,
2262 3871 2363 3915 nec
2386 3867 2586 3915 terram
2613 3858 2874 3914 Ramesse
2898 3878 2911 3913 :
2936 3860 3028 3915 sed
3052 3860 3425 3916 tantummodo
3450 3859 3590 3916 Ges‘

1993 3965 2120 4017 seu;
2150 3950 2389 4007 nonnulli
2406 3950 2725 4006 Iudaeorum
2753 3961 3004 4006 asserunt
3028 3952 3234 4007 Gessen
3270 3966 3411 4006 nunc
3438 3948 3585 4007 The-

1992 4043 2208 4099 baidam
2247 4041 2463 4107 vocari;
2509 4049 2564 4096 et
2602 4042 2652 4096 id
2694 4043 2835 4112 quod
2880 4051 3064 4111 postea
3102 4042 3346 4109 sequitur
3379 4060 3391 4094 :
3430 4042 3585 4095 Dedit

1993 4135 2069 4189 eis
2103 4144 2157 4188 ut
2184 4133 2506 4205 possiderent
2533 4135 2588 4188 in
2615 4132 2845 4204 Afyypto
2878 4145 3069 4187 terram
3100 4133 3347 4202 optimam
3374 4133 3432 4186 in
3475 4131 3588 4185 Ila-

1995 4238 2177 4289 messe,
2222 4238 2425 4295 pagum
2461 4223 2784 4278 Arsenoiten
2825 4224 2902 4278 sic
2951 4223 3077 4278 olim
3122 4230 3373 4277 vocatum
3420 4231 3581 4277 autu-

1995 4323 2164 4369 mant.

2034 4414 2037 4415 ⁷
2067 4406 2135 4461 Et
2160 4406 2250 4461 ille
2278 4406 2483 4461 locutus
2509 4416 2584 4461 est
2614 4405 2683 4460 ad
2711 4406 2920 4477 fratres,
2948 4415 2999 4461 et
3028 4406 3098 4461 ad
3126 4421 3330 4460 omnem
3366 4407 3576 4460 domum

1994 4498 2160 4569 patris
2197 4497 2282 4551 sui
2316 4510 2334 4549 :
2365 4496 2677 4561 Ascendam,
2710 4505 2757 4549 et
2787 4495 3036 4553 nuntiabo
3068 4494 3360 4559 Pharaoni,
3388 4495 3586 4548 dicam—

1994 4605 2094 4661 que
2143 4589 2230 4644 ei:
2257 4585 2472 4642 Fratres
2510 4589 2631 4653 mei,
2663 4596 2711 4641 et
2748 4587 2932 4641 domus
2960 4588 3126 4657 patris
3151 4588 3281 4650 mei,
3302 4587 3391 4657 qui
3427 4596 3583 4641 erant

1995 4682 2052 4735 in
2090 4689 2231 4734 terra
2277 4677 2551 4743 Chanaan,
2581 4688 2829 4732 venerunt
2871 4678 2939 4731 ad
2968 4692 3066 4743 me,
3104 4687 3152 4732 et
3187 4688 3307 4732 sunt
3345 4679 3438 4731 viri
3484 4695 3584 4747 pa-

1998 4780 2162 4825 stores
2202 4771 2405 4833 ovium,
2450 4784 2731 4840 curamque
2765 4768 2956 4822 habent
2992 4768 3303 4823 alendorum
3345 4783 3589 4839 gregum.

2001 4861 2205 4916 Pecora
2239 4876 2335 4915 sua
2372 4869 2419 4914 et
2453 4869 2709 4923 armenta,
2747 4867 2794 4912 et
2824 4858 2998 4912 omnia
3025 4875 3142 4928 qua:
3175 4858 3365 4911 habere
3405 4867 3588 4927 potue-

2007 4961 2164 5018 runt,
2210 4952 2543 5009 adduxerunt
2588 4965 2783 5005 secum.
2830 4950 3022 5022 (Aug)
3064 4950 3486 5005 Commendatur
3530 4949 3588 5000 in.

2006 5043 2354 5113 patriarchis,
2397 5041 2539 5112 quod
2577 5056 2830 5112 pecorum
2872 5043 3166 5097 nutritores
3209 5048 3365 5094 erant
3391 5054 3420 5091 a
3455 5053 3589 5106 pue-

2007 5137 2132 5191 ritia
2175 5152 2307 5201 sua,
2344 5144 2398 5189 et
2441 5135 2757 5205 parentibus
2792 5135 2922 5199 suis,
2955 5141 3010 5187 et
3043 5133 3254 5187 merito.
3292 5129 3425 5182 Nam
3469 5129 3591 5182 huic

2006 5233 2090 5282 est
2133 5226 2254 5281 sine
2297 5224 2403 5279 ulla
2432 5225 2765 5280 dubitatione
2788 5224 2933 5293 justa
2961 5224 3194 5278 servitus
3231 5229 3286 5275 et
3311 5218 3452 5285 justa
3489 5219 3590 5274 do-

2007 5315 2256 5380 minatio,
2298 5329 2421 5369 cum
2450 5329 2645 5383 pecora
2681 5314 2884 5368 homini
2916 5312 3175 5373 serviunt,
3218 5318 3271 5364 et
3300 5308 3458 5362 homo
3492 5321 3585 5376 pc-

2008 5410 2225 5463 coribus
2251 5406 2577 5460 dominatur.
2624 5404 2715 5460 Sic
2755 5406 2896 5459 enim
2930 5402 3133 5455 dictum
3159 5408 3243 5453 est
3276 5412 3396 5453 cum
3428 5412 3586 5451 crea-

2006 5508 2195 5555 retur:
2226 5494 2512 5551 Faciamus
2559 5495 2815 5549 hominem
2848 5493 2916 5546 ad
2955 5492 3231 5561 imaginem
3265 5501 3311 5543 et
3342 5489 3587 5543 similitu-

2004 5592 2178 5645 dinem
2209 5598 2472 5652 nostram;
2499 5596 2545 5640 et
2574 5587 2758 5639 habeat
2785 5592 3083 5654 potestatem
3110 5583 3331 5652 piscium
3353 5580 3513 5635 maris
3539 5590 3587 5633 et

2004 5679 2293 5735 volatilium
2320 5676 2538 5743 mli,“
2577 5673 2806 5728 omnium
2836 5685 3077 5734 pecorum
3116 5687 3232 5742 qua:
3268 5680 3391 5725 sunt
3434 5683 3589 5737 super
