3970 6198
398 235 499 290 647

1074 225 1134 281 Β.
1175 226 1419 282 RABANI
1460 225 1681 281 MAUR!
1718 224 2034 279 ARtZHlEP.
2074 221 2381 281 MOGUNT.
2415 222 2697 279 OPERUM
2736 222 2914 277 PARS
2953 218 2992 278 Ι.

3537 227 3640 286 658

393 363 587 411 terram
636 348 791 421 (Gen.
815 350 878 419 l).
927 343 1028 401 Ubi
1078 343 1396 406 insinuatur,
1446 341 1708 396 rationem
1765 340 1961 395 debere
1990 348 2038 405 Α
2064 356 2297 394 meorum
2320 340 2509 410 quibus
2535 340 2850 408 peregrinati
2883 350 3023 393 sunt.
3048 339 3185 407 Quid
3215 350 3299 397 est
3327 346 3473 412 quod
3508 345 3645 401 dixit

393 437 654 494 dominari
720 432 1074 489 irrationabili
1132 430 1273 485 vite.
1331 429 1557 484 Servum
1619 438 1799 484 autem
1867 430 1963 485 ho-
2060 428 2226 484 Jacob
2250 428 2538 492 Pharaoni,
2573 428 2693 481 Dies
2730 444 2988 482 annorum
3013 429 3131 482 vita:
3156 447 3283 484 mete
3306 448 3437 502 quos
3470 435 3638 490 incolo

391 526 592 581 minem
638 523 839 579 homini
886 521 970 575 vel
1016 521 1302 589 iniquitas,
1341 520 1424 574 vel
1474 519 1774 575 adversitas
1816 518 1959 573 fecit.

391 614 651 683 luiquitas
684 613 921 682 quidem,
952 611 1091 666 sicut
1116 611 1318 664 dictum
1348 619 1468 665 est:
1501 609 1810 663 Maledictus
1829 607 1969 663 ϐΙιαέ

394 721 532 758 ηααη
558 721 576 758 :
605 706 701 758 erit
729 719 903 756 servus
934 701 1185 771 fratribus
1210 703 1322 755 suis
1346 699 1499 771 (Cen.
1533 704 1629 771 Ix).
1656 700 1968 755 Adversitas

392 806 543 856 vero,
575 793 714 846 sicut
756 790 950 844 accidit
981 789 1077 857 ipsi
1106 788 1304 858 Ioseph
1323 828 1338 854 ,
1376 800 1435 843 ut
1460 791 1708 845 venditus
1731 804 1761 842 a
1788 788 1970 843 fratri-

391 886 511 946 bus,
543 898 730 939 servus
758 881 1072 951 alienigena:
1101 881 1272 943 ﬁeret,
1319 881 1499 949 itaque
1543 880 1745 950 primos
1785 894 1969 935 servos

394 975 587 1044 quibus
638 974 743 1027 hoc
786 987 979 1025 nomen
1024 970 1250 1025 inditum
1295 979 1379 1024 est
1428 971 1480 1024 in
1529 971 1717 1024 Latina
1765 970 1968 1042 lingua,

395 1064 824 1119 bella-fecerunt.
849 1061 948 1129 Qui
979 1062 1123 1115 enim
1157 1063 1320 1117 homo
1343 1062 1410 1117 ab
1440 1063 1655 1118 homine
1688 1071 1972 1133 superatus

390 1154 511 1223 jure
547 1151 667 1206 belli
717 1158 898 1221 posset
941 1149 1142 1212 occidi,
1205 1149 1329 1218 quia
1372 1159 1616 1205 servatus
1653 1159 1738 1205 est
1784 1166 1974 1208 servus

396 1243 690 1313 appellatus
718 1250 819 1296 cst.
858 1240 984 1294 lude
1024 1248 1078 1293 et
1109 1240 1397 1307 mancipia,
1425 1239 1579 1308 quasi
1608 1256 1768 1294 manu
1812 1247 1972 1310 capta

396 1344 539 1389 sunt.
571 1335 662 1388 Est
692 1333 853 1387 etiam
881 1333 1013 1386 ordo
1042 1331 1301 1386 naturalis
1324 1331 1378 1385 in
1415 1332 1740 1396 hominibus,
1769 1341 1827 1385 ut
1862 1346 1975 1386 ser-

397 1428 545 1477 viant
580 1424 711 1477 viris
751 1421 982 1485 feminae,
1019 1428 1073 1474 et
1117 1420 1211 1473 lilii
1242 1420 1574 1489 parentibus,
1608 1420 1731 1489 quia
1767 1429 1823 1475 et
1866 1420 1974 1475 illic

398 1516 512 1569 haec
537 1514 745 1581 justitia
787 1520 899 1576 est,
932 1520 991 1566 ut
1019 1510 1283 1564 inﬁrmior
1316 1510 1453 1563 ratio
1491 1510 1693 1564 serviat
1738 1507 1970 1564 fortiori.

400 1608 524 1660 ll.ec
554 1606 714 1676 igitur
750 1602 1200 1658 dominationibus
1227 1609 1282 1655 et
1326 1600 1677 1655 servitutibus
1704 1600 1848 1655 clara
1887 1599 1976 1669 ju-

2064 518 2165 589 (sic
2204 518 2348 573 enim
2393 518 2592 572 habent
2619 516 2815 587 Graeci)
2861 517 3004 585 quod
3036 517 3215 573 Latini
3262 520 3495 587 habent,
3539 538 3641 593 ago

2063 606 2147 662 vel
2191 607 2376 671 habeo,
2407 606 2489 660 vel
2533 606 2576 661 si
2606 606 2736 675 quid
2772 606 2933 660 aliud.
2969 606 3160 662 Utrum
3190 622 3319 678 ergo
3362 609 3482 664 ideo
3507 610 3641 665 dixit

2063 715 2191 769 quos
2216 697 2407 761 incolo,
2441 697 2585 766 quod
2627 697 2681 750 in
2728 707 2871 751 terra
2901 705 3062 751 natus
3104 706 3189 751 est
3215 713 3376 766 quam
3406 699 3638 754 nondum

2064 788 2295 858 populus
2324 787 2504 843 divina
2546 787 2903 857 promissione
2942 786 3272 842 hmreditatis
3314 799 3637 859 acceperat;

2066 887 2123 933 et
2147 878 2218 934 ibi
2248 878 2410 931 vitam
2439 878 2661 941 ducens,
2689 877 2875 948 utique
2900 877 2954 931 in
2980 878 3155 933 aliena
3182 886 3326 933 terra
3358 889 3499 945 erat,
3538 895 3642 936 non

2068 968 2237 1021 solum
2265 967 2478 1036 quando
2506 967 2958 1036 peregrinabatur
2981 967 3122 1023 sicut
3147 968 3202 1023 in
3235 968 3638 1040 Mesopotamia,

2070 1073 2256 1113 verum
2281 1059 2442 1112 etiam
2471 1059 2688 1127 quando
2713 1058 2788 1113 ibi
2825 1066 2945 1112 erat
2970 1058 3059 1113 ubi
3096 1068 3254 1114 natus
3293 1069 3396 1114 est.
3426 1061 3508 1115 An
3552 1076 3644 1131 po-

2071 1149 2177 1203 tius
2206 1151 2496 1204 secundum
2528 1148 2582 1203 id
2610 1149 2978 1218 accipiendum
3015 1157 3117 1213 est,
3146 1151 3288 1218 quod
3318 1151 3398 1205 ait
3421 1151 3647 1222 Aposto—

2070 1239 2193 1294 lus:
2229 1239 2473 1305 Quandiu
2509 1256 2689 1294 sumus
2709 1241 2764 1294 in
2801 1256 3029 1311 corpore,
3059 1242 3453 1311 peregrinantur
3475 1260 3508 1296 a
3545 1242 3646 1297 Do-

2070 1329 2249 1383 mino?
2277 1328 2362 1400 (II
2396 1327 2518 1383 Cor.
2546 1329 2625 1401 v.)
2655 1329 2961 1385 Secundum
2988 1332 3090 1386 hoc
3120 1339 3175 1387 et
3201 1332 3328 1386 illud
3361 1334 3413 1387 in
3441 1334 3649 1403 psalmo

2072 1417 2273 1473 dictum
2321 1418 2638 1487 intelligitur
2676 1437 2689 1472 :
2733 1417 3032 1486 Inquilinus
3072 1436 3163 1490 ego
3218 1438 3333 1475 sum
3387 1423 3444 1477 in
3486 1432 3645 1489 terra,

2070 1521 2122 1564 et
2150 1502 2463 1581 peregrinus
2506 1510 2639 1563 sicut
2688 1526 2866 1565 omnes
2914 1521 3087 1581 patres
3130 1514 3231 1565 mei
3275 1509 3448 1583 (Psal.
3476 1516 3644 1584 επις).

2072 1598 2207 1652 Nam
2241 1599 2439 1653 iterum
2479 1598 2612 1653 dicit
2649 1599 2716 1655 de
2762 1599 2893 1668 ipsis
2929 1599 3118 1655 diebus
3154 1600 3277 1655 vitae
3316 1617 3429 1657 sua:
3466 1620 3480 1656 :
3528 1600 3648 1656 Non

400 1696 548 1751 saitia
574 1701 691 1758 est,
736 1702 792 1746 ut
820 1693 910 1760 qui
940 1691 1211 1746 excellunt
1255 1690 1484 1753 ratione,
1514 1688 1779 1743 excellant
1808 1688 1976 1743 domi-
2002 1678 2050 1737 Β
2075 1697 2411 1760 pervenerunt
2452 1689 2508 1742 in
2553 1689 2664 1743 dies
2706 1704 2962 1743 annorum
3002 1689 3121 1744 vitae
3163 1699 3376 1760 patrum
3415 1707 3651 1746 meorum

402 1790 638 1842 natione.
683 1785 835 1852 Quod
866 1800 985 1839 cum
1031 1784 1083 1837 in
1131 1785 1235 1839 hoc
1276 1783 1470 1838 smculo
1500 1799 1598 1853 per
1633 1784 1970 1852 iniquitatem

400 1880 679 1935 hominum
716 1874 1079 1947 perturbatur,
1107 1875 1188 1929 vel
1214 1891 1310 1945 per
1333 1884 1644 1930 naturarum
1676 1874 1972 1929 carnalium

403 1970 794 2032 diversitatem,
817 1966 998 2022 ferunt
1018 1965 1149 2035 justi
1174 1966 1519 2034 temporalem
1543 1965 1971 2036 perversitatem,

405 2061 459 2115 in
495 2060 597 2115 ﬁne
627 2058 860 2114 habituri
890 2056 1343 2112 ordinatissimam
1370 2064 1425 2112 et
1452 2056 1832 2127 sempiternam
1854 2054 1975 2110 feli-

406 2153 644 2207 citatam.

475 2241 705 2313 Cumque
753 2240 1007 2295 vocaverit
1054 2256 1140 2294 vos
1183 2248 1230 2293 et
1275 2239 1481 2293 dixerit.
1527 2238 1681 2304 Quod
1731 2246 1805 2291 est
1848 2255 1976 2309 opus

406 2331 674 2388 vestrum?
720 2329 1087 2400 respondebitis
1120 2342 1139 2380 :
1178 2328 1290 2382 Viri
1332 2338 1565 2400 pastores
1607 2344 1807 2395 sumus,
1846 2327 1977 2382 servi

406 2427 484 2479 tui
523 2424 587 2478 ab
632 2421 858 2492 infantia
907 2430 1085 2475 nostra
1137 2437 1295 2490 usque
1328 2421 1382 2473 in
1422 2436 1665 2490 prwsens,
1700 2429 1749 2474 et
1794 2436 1887 2474 nos
1929 2429 1979 2472 et

402 2524 575 2585 patres
615 2512 798 2567 nostri.
827 2509 955 2564 ch
987 2519 1161 2564 autem
1186 2510 1385 2575 dicetis,
1412 2518 1467 2563 ut
1501 2509 1735 2565 habitare
1772 2510 1980 2581 possitis

404 2607 457 2658 in
492 2614 628 2657 terra
666 2599 879 2667 Gessen,
912 2602 1035 2671 quia
1061 2600 1385 2654 detestantur
1412 2598 1649 2670 Egyptii
1683 2615 1859 2653 omnes
1884 2614 1982 2668 pa-

405 2703 568 2748 stores
618 2694 808 2747 ovium.
853 2691 1195 2747 Abominatio
1240 2698 1323 2745 est
1371 2690 1516 2745 enim
1569 2691 1745 2745 omnis
1798 2698 1982 2761 pastor

405 2784 585 2838 ovium
632 2782 916 2855 IEgyptiis.
967 2780 1157 2836 Merito
1183 2780 1453 2851 Egyptiis
1490 2782 1543 2835 in
1578 2781 1774 2851 quibus
1815 2780 1983 2852 ﬁgura

406 2886 489 2932 est
525 2876 805 2945 praesentis
839 2874 1040 2939 saeculi,
1076 2874 1129 2927 in
1168 2889 1275 2943 quo
1321 2874 1557 2929 abundat
1584 2873 1858 2943 iniquitas,
1889 2873 1985 2928 ah-

407 2967 668 3021 ominatio
693 2975 776 3020 est
802 2965 977 3020 omnis
1018 2974 1200 3035 pastor
1228 2978 1502 3034 pecorum.
1530 2963 1871 3020 Abominatio
1900 2974 1985 3019 est

408 3062 554 3116 enim
580 3060 762 3129 iniquo
790 3059 874 3112 vir
894 3058 1089 3126 justus.

492 3149 750 3204 Venerunt
779 3158 950 3202 autem
992 3149 1046 3201 in
1074 3147 1360 3218 Egyptum
1391 3147 1459 3201 ad
1492 3146 1684 3217 Ioseph
1721 3145 1887 3201 Iacob
1937 3156 1987 3201 et

407 3238 505 3309 ﬁlii
533 3237 666 3308 ejus.
692 3237 761 3291 Et
791 3235 989 3290 audivit
1021 3234 1234 3289 Pharao
1271 3251 1361 3290 rex
1382 3234 1622 3307 Egypti,
1655 3244 1703 3290 et
1738 3236 1809 3290 ait
1841 3234 1988 3291 Pha-

410 3345 502 3382 rao
529 3327 597 3381 ad
630 3326 820 3397 Ioseph
862 3326 1036 3380 dicens
1059 3340 1077 3377 :
1103 3322 1269 3379 Pater
1301 3334 1423 3379 tuus
1463 3334 1513 3379 et
1557 3326 1745 3395 fratres
1787 3327 1865 3381 tui
1907 3344 1989 3381 ve-

411 3427 596 3473 nerunt
621 3417 689 3471 ad
729 3426 795 3470 te.
835 3416 968 3471 Ecce
994 3426 1133 3469 terra
1165 3416 1380 3487 zEgypti
1403 3425 1523 3470 ante
1554 3426 1603 3470 te
1630 3426 1724 3471 est.
1752 3415 1818 3471 In
1848 3426 1989 3471 terra

411 3510 606 3579 aptium
640 3508 837 3562 colloca
866 3517 1065 3578 patrem
1096 3517 1243 3560 tuum
1271 3516 1317 3560 et
1357 3506 1547 3576 fratres
1577 3519 1714 3562 tuos.
1744 3507 1870 3562 Haec
1907 3523 1992 3563 re-

409 3599 621 3668 petitio,
670 3615 777 3654 non
807 3598 1182 3668 praetermissa:
1228 3599 1308 3652 rei
1336 3598 1404 3652 ad
1432 3614 1590 3667 quam
1621 3613 1762 3668 saepe
1789 3613 1884 3669 per
1911 3616 1992 3655 re-

411 3690 849 3759 capitulationem
889 3689 1102 3744 obscuri
1148 3690 1373 3744 reditur.
1420 3688 1514 3745 sed
1557 3692 1776 3745 omnino
1805 3700 1989 3761 aperta

411 3789 512 3835 est.
541 3779 658 3835 Jam
684 3780 826 3835 enim
859 3779 1070 3834 dixerat
1107 3777 1407 3849 Scriptura,
1449 3780 1716 3850 quomodo
1748 3781 1991 3835 venerint

412 3872 479 3926 ad
526 3871 874 3926 Pharaonem-
906 3870 1100 3927 fratres
1140 3869 1369 3941 Josepb,
1417 3882 1473 3927 et
1504 3872 1632 3941 quid
1670 3873 1751 3927 eis
1797 3873 1994 3929 dixerit

411 3961 498 4016 vel
543 3963 610 4016 ab
643 3961 724 4016 eis
757 3961 1005 4015 audierit.
1053 3959 1161 4014 Sed
1209 3961 1312 4016 hoc
1357 3976 1500 4015 nunc
1542 3961 1690 4016 velut
1734 3962 1801 4017 ab
1839 3963 1993 4018 initio

412 4057 693 4127 repetivit,
739 4064 798 4111 ut
842 4055 967 4111 inde
1024 4064 1335 4112 contexeret
1380 4058 1745 4113 narrationem
1793 4057 1864 4113 ab
1908 4059 1993 4114 bis

410 4150 592 4227 verbis
635 4165 755 4219 quae
784 4148 881 4204 soli
927 4146 1125 4219 Ioseph
1164 4148 1374 4204 Pharao
1401 4149 1537 4204 dixit
1570 4164 1585 4203 :
1616 4165 1847 4219 quorum
1877 4165 1993 4203 om-

413 4241 562 4296 nium
604 4240 878 4296 codicibus
919 4237 1144 4306 Gmcis,
1191 4239 1343 4309 quia
1387 4238 1815 4309 diligentioribus
1857 4254 1991 4295 con-

412 4330 599 4398 scripti
633 4336 775 4393 sunt,
803 4328 1048 4396 quaedam
1074 4327 1336 4383 obeliscos
1362 4327 1580 4392 habent,
1609 4336 1664 4382 et
1684 4328 1991 4396 signiﬁcant

413 4434 478 4472 ea
509 4434 628 4488 quae
661 4418 716 4472 in
752 4418 976 4472 Hebraeo
1020 4432 1126 4471 non
1160 4418 1522 4483 inveniuntur,
1560 4426 1617 4473 et
1657 4420 1712 4473 in
1738 4417 1880 4473 LXX
1910 4420 1992 4474 in-

414 4508 719 4561 veniuntur.
767 4505 1024 4571 Quaedam
1078 4506 1384 4570 asteriscos,
1431 4506 1625 4574 quibus
1667 4523 1732 4560 ea
1781 4507 1991 4574 signiﬁ-

415 4606 611 4653 cantur
653 4610 772 4665 qua:
820 4596 1019 4650 habent
1064 4595 1272 4651 Hebraei
1298 4636 1312 4663 ,
1366 4613 1466 4653 nec
1512 4597 1712 4653 habent
1759 4597 1989 4669 Septua-

416 4688 584 4758 ginta.

1044 4775 1271 4833 CAPUT
1309 4775 1376 4832 X.

419 4890 497 4946 De
514 4904 583 4959 ρο
610 4888 747 4959 quod
773 4886 969 4959 Ioseph
997 4890 1177 4943 statuit
1214 4889 1378 4944 Iacob
1407 4899 1608 4959 patrem
1640 4908 1793 4947 suum
1822 4909 1997 4947 coram

420 4994 425 4999 -
497 4957 800 5031 Pharaone,
823 4961 905 5013 cui
929 4958 1016 5013 ille
1039 4976 1132 5030 per
1150 4959 1341 5031 Ioseph
1366 4957 1506 5014 dedit
1539 4962 1784 5030 optimam
1806 4973 1999 5017 terram

493 5028 534 5084 (ἱ
541 5046 706 5083 essen.

490 5140 639 5213 (CAP.
667 5140 861 5212 XLVII.)
909 5138 1034 5196 Post
1079 5142 1188 5196 htec
1233 5142 1523 5197 introduxit
1562 5141 1755 5211 Ioseph
1798 5151 1997 5212 patrem

416 5250 570 5288 suum
598 5233 667 5288 ad
704 5249 904 5304 regem,
937 5243 984 5288 et
1014 5234 1194 5288 statuit
1222 5251 1339 5288 eum
1381 5250 1560 5287 coram
1587 5250 1666 5287 eo.
1697 5231 1801 5297 Qui
1850 5235 2000 5287 benc-

418 5323 593 5378 dicens
650 5324 764 5385 illi.
809 5334 858 5380 et
896 5326 1245 5396 interrogatus
1284 5325 1348 5378 ab
1386 5341 1496 5379 eo:
1541 5324 1678 5389 Quot
1721 5336 1842 5379 sunt
1889 5327 1999 5380 dies

423 5432 678 5470 annorum
717 5418 838 5472 vita:
884 5427 987 5472 tua:
1009 5418 1034 5470 ?
1063 5417 1344 5487 Respondit
1373 5416 1539 5469 Iacob
1564 5430 1582 5467 .'
1613 5416 1737 5471 Dies
1774 5420 2004 5489 peregri-

423 5502 650 5556 nationis
699 5506 813 5558 nitas
857 5521 982 5559 mea:
1040 5517 1245 5558 centum
1305 5504 1516 5573 triginta
1572 5521 1827 5558 annorum
1882 5514 2002 5559 sunt

424 5591 565 5657 parvi
608 5601 654 5646 et
704 5593 857 5659 muli,
905 5605 951 5647 et
1005 5610 1105 5647 non
1152 5603 1489 5663 pervenerunt
1530 5592 1597 5647 ad
1636 5593 1746 5647 dies
1790 5606 2001 5665 patrum

2019 4388 2068 4446 D

2072 1793 2200 1848 quos
2245 1777 2354 1831 dies
2400 1775 2746 1830 incoluerunt.
2792 1776 2908 1831 Non
2955 1776 3101 1833 enim
3153 1778 3243 1833 hic
3290 1778 3440 1834 aliud
3483 1779 3650 1835 voluit

2073 1866 2316 1937 intelligi,
2348 1881 2512 1937 quam
2543 1866 2595 1921 id
2625 1866 2770 1935 quod
2796 1865 2974 1922 Latini
3004 1868 3220 1923 codices
3258 1869 3481 1933 habent,
3514 1870 3653 1924 uia-e-

2074 1968 2227 2024 runt;
2266 1974 2330 2014 ac
2357 1973 2453 2028 per
2481 1944 2585 2013 hoc
2613 1957 2937 2028 signiﬁcavit
2980 1956 3122 2012 hanc
3170 1958 3335 2012 vitam
3389 1958 3653 2014 iaculatus

2074 2064 2192 2104 esse
2219 2063 2381 2119 super
2413 2057 2633 2113 terram,
2661 2048 2714 2102 id
2749 2056 2851 2114 est,
2881 2047 3330 2119 peregrinationis
3358 2047 3650 2104 habitatio-

2074 2153 2221 2194 nem.
2254 2138 2359 2193 Sed
2396 2138 2557 2194 credo
2592 2136 2793 2192 sanctis
2816 2138 2919 2192 hoc
2937 2138 3247 2202 convenire,
3275 2138 3472 2207 quibus
3493 2139 3654 2193 aliam

2075 2229 2308 2300 patriam
2341 2236 2598 2286 aeternam
2634 2228 2892 2283 Dominus
2923 2227 3226 2298 pollicetur.
3274 2226 3431 2284 Unde
3475 2229 3656 2284 viden-

2078 2319 2205 2381 dum
2232 2327 2315 2374 est
2338 2318 2786 2389 quemadmodum
2812 2318 3014 2374 dictum
3053 2318 3225 2374 estde
3254 2318 3436 2389 impiis
3462 2334 3477 2373 :
3509 2318 3659 2374 Inco-

2079 2410 2184 2465 lent
2211 2420 2258 2464 et
2286 2409 2634 2475 abscondent;
2660 2409 2757 2480 ipsi
2783 2408 3082 2465 calcaneum
3116 2425 3289 2463 meum
3317 2409 3657 2464 observabant

2082 2499 2254 2573 (Psal.
2282 2499 2389 2573 ιν).
2416 2501 2492 2557 De
2514 2501 2599 2556 his
2624 2501 2768 2555 enim
2796 2501 3203 2557 convenientius
3237 2501 3504 2571 accipitur
3525 2543 3543 2567 ,
3569 2503 3659 2572 qui

2082 2600 2142 2647 ut
2167 2592 2498 2648 abscondant
2527 2592 2787 2658 incolunt,
2826 2592 2879 2646 id
2912 2601 3015 2657 est,
3060 2603 3119 2647 ut
3145 2593 3472 2649 insidientur
3494 2592 3617 2648 ﬁliis
3642 2632 3657 2658 ,

2081 2697 2190 2737 non
2216 2690 2433 2736 manent
2455 2682 2509 2736 in
2534 2682 2692 2737 domo
2725 2682 2780 2737 in
2810 2691 3092 2739 aeternum.

2153 2772 2355 2844 Ioseph
2394 2790 2511 2828 vero
2551 2776 2690 2845 patri
2718 2784 2765 2828 et
2794 2774 3047 2843 fratribus
3077 2775 3186 2830 suis
3213 2776 3357 2830 dedit
3380 2778 3665 2847 possessio-

2087 2882 2203 2921 nem
2246 2866 2301 2919 in
2339 2865 2568 2936 {Egypto
2621 2867 2677 2919 in
2723 2867 2915 2936 Optimo
2961 2877 3113 2923 terra:
3140 2867 3253 2922 solo
3278 2867 3580 2934 Ramesscs,
3607 2879 3663 2923 ut

2088 2966 2403 3027 prwceperat
2432 2954 2679 3022 Pharao;
2710 2966 2756 3011 et
2784 2955 2954 3011 alebat
2994 2973 3080 3012 eos
3119 2975 3424 3029 omnemque
3451 2960 3666 3014 domum

2010 3045 2055 3107 C
2085 3045 2247 3116 patris
2263 3048 2365 3111 sui,
2379 3045 2611 3116 pra'bens
2633 3047 2830 3100 cibaria
2854 3047 3090 3117 singulis.
3107 3049 3464 3115 Quaerendum
3486 3060 3667 3107 utrum

2089 3149 2233 3193 terra
2269 3137 2529 3193 Ramasse
2562 3140 2676 3208 ipsa
2722 3139 2792 3194 sit
2839 3138 3063 3214 Gessen.
3096 3141 3269 3210 Ipsam
3311 3144 3456 3197 enim
3495 3145 3666 3214 petie-

2090 3237 2233 3294 rant,
2274 3237 2330 3284 ct
2366 3229 2536 3299 ipsam
2567 3231 2647 3285 eis
2672 3213 3038 3286 Pharao‘dari
3066 3243 3402 3303 praeceperat
3452 3213 3665 3305 (lbid.).

2090 3318 2334 3375 Tradidit
2385 3320 2583 3391 Ioseph
2637 3323 2949 3391 parentibus
2991 3332 3046 3379 et
3102 3323 3362 3381 fratribus
3410 3326 3670 3394 optimam

2090 3420 2291 3464 terram
2340 3410 2543 3466 Gessen
2570 3451 2586 3478 ,
2643 3414 2887 3481 praebens
2919 3414 2998 3468 eis
3047 3414 3249 3469 cibaria
3279 3454 3296 3481 ,
3334 3415 3462 3483 quia
3498 3414 3670 3472 fames

2089 3512 2431 3573 oppresserat
2451 3513 2669 3558 terram.
2701 3503 2791 3559 Sic
2815 3514 2869 3561 et
2892 3507 3151 3569 Dominus
3177 3507 3382 3578 eligens
3404 3509 3669 3578 optimam

2091 3603 2289 3650 terram
2328 3596 2663 3665 parentibus,
2703 3596 2759 3651 id
2791 3605 2895 3663 est,
2929 3600 3254 3668 patriarchis
3278 3609 3335 3656 et
3365 3602 3667 3671 prophetis,

2092 3703 2159 3744 ex
2189 3688 2386 3757 quibus
2416 3686 2663 3743 Christus
2695 3689 2986 3744 secundum
3014 3705 3255 3756 carnem,
3279 3693 3393 3746 sive
3417 3693 3672 3749 omnibus

2093 3782 2316 3846 sanctis,
2347 3781 2416 3836 de
2441 3780 2634 3850 quibus
2673 3782 2727 3835 in
2773 3780 3060 3851 Evangelia
3097 3782 3231 3837 dicit
3260 3801 3274 3836 :
3307 3782 3380 3837 Hi
3407 3795 3529 3838 sunt
3559 3785 3671 3854 fra-

2089 3882 2191 3928 tres
2239 3874 2358 3938 mei,
2403 3874 2493 3944 qui
2547 3872 2748 3942 faciunt
2802 3872 3116 3927 voluntatem
3145 3889 3312 3927 meam
3343 3872 3496 3944 (Luc.
3524 3875 3666 3947 vin).

2091 3968 2187 4023 llis
2216 3969 2379 4038 igitur
2406 3968 2499 4022 dat
2543 3976 2743 4023 terram
2772 4008 2787 4033 ,
2839 3969 3045 4024 scilicet
3097 3970 3472 4038 promissionis
3518 3971 3669 4042 regni

2091 4057 2208 4123 Dei,
2240 4058 2306 4112 de
2332 4072 2438 4127 qua
2466 4059 2598 4113 dicit
2632 4058 2897 4128 Propheta
2928 4077 2942 4112 :
2979 4058 3148 4115 Credo
3188 4060 3359 4114 videre
3393 4061 3532 4117 bona
3565 4063 3673 4118 Do—

2090 4149 2239 4212 mini,
2275 4149 2327 4201 in
2356 4158 2499 4202 terra
2536 4149 2809 4203 viventium
2845 4150 3015 4220 (Psat.
3048 4150 3219 4223 sxw).
3247 4151 3433 4223 (Aug)
3458 4153 3529 4208 Et
3556 4169 3671 4208 me-

2092 4237 2327 4291 tiebatur
2352 4235 2549 4308 Joseph
2585 4238 2821 4313 triticum
2868 4241 3007 4309 patri
3053 4255 3152 4296 suo
3182 4281 3196 4306 ,
3244 4250 3301 4295 et
3339 4249 3522 4298 tamen
3550 4258 3675 4299 eum

2091 4334 2248 4395 pater
2277 4341 2377 4381 nec
2402 4328 2615 4396 quando
2647 4327 2781 4382 vidit
2822 4329 3067 4383 adoravit
3088 4369 3102 4392 ,
3132 4345 3232 4385 nec
3254 4331 3473 4400 quando
3494 4333 3567 4386 sb
3588 4332 3675 4388 illo

2095 4418 2330 4473 triticum
2379 4417 2607 4486 accepit.
2654 4416 2932 4485 Quomodo
2985 4433 3115 4491 ergo
3162 4419 3362 4490 Ioseph
3403 4423 3674 4477 somnium

2094 4509 2254 4562 modo
2284 4507 2561 4577 impletum
2590 4510 2935 4578 putabimus,
2986 4518 3043 4564 et
3081 4524 3188 4564 non
3231 4511 3412 4580 potius
3452 4511 3679 4581 majoris

2094 4598 2173 4652 rei
2200 4598 2481 4653 continere
2505 4599 2887 4669 prophetiam?

2163 4688 2231 4743 In
2260 4698 2368 4742 toto
2401 4690 2539 4743 enim
2579 4689 2698 4745 orbe
2722 4691 2872 4759 panis
2898 4690 3075 4746 deerat
3099 4730 3115 4755 ,
3147 4703 3195 4746 et
3223 4704 3558 4763 oppresserat
3597 4694 3679 4765 fa-

2096 4796 2200 4833 mes
2236 4789 2455 4845 terram,
2491 4782 2717 4834 maxime
2737 4780 2956 4851 Αἴθρη)ιί
2991 4794 3039 4837 et
3078 4781 3352 4838 Chanaan.
3398 4783 3445 4837 Ε
3490 4784 3677 4855 quibus

2100 4886 2302 4925 omnem
2328 4872 2600 4940 pecuniam
2624 4875 2945 4943 congregavit
2974 4890 3069 4944 pro
3087 4874 3379 4930 venditione
3403 4874 3673 4945 frumenti,

2100 4971 2146 5016 et
2177 4961 2351 5016 intulit
2398 4979 2513 5016 eam
2542 4965 2594 5017 in
2637 4966 2882 5020 aerarium
2932 4966 3086 5036 regis.
3125 4967 3389 5022 Pertiuuit
3427 4969 3501 5023 ad
3528 4968 3675 5024 Scri-

2100 5060 2310 5121 pturam
2344 5092 2359 5118 ,
2388 5052 2442 5107 in
2473 5054 2573 5108 hac
2601 5057 2763 5109 etiam
2801 5069 2861 5109 re
2892 5059 3269 5113 commendare
3299 5057 3463 5114 ﬁdem
3493 5057 3677 5113 famuli

2104 5141 2216 5196 Dei.

2173 5229 2401 5303 Cumque
2422 5231 2689 5303 defecisset
2716 5237 3032 5306 emptoribus
3058 5239 3304 5309 pretium,
3326 5239 3463 5296 venit
3492 5249 3676 5295 cuncta

2101 5319 2363 5389 /I'.'ggptus
2394 5323 2462 5374 ad
2492 5322 2687 5389 Ioseph
2717 5325 2893 5380 dicens
2919 5341 2938 5379 :
2960 5327 3043 5381 Da
3080 5328 3228 5383 nobis
3270 5346 3454 5399 panes.
3506 5331 3676 5396 Quare

2101 5412 2358 5466 morimur
2402 5430 2577 5468 coram
2622 5425 2690 5481 te,
2737 5417 3004 5487 deﬁciente
3047 5420 3309 5489 pecunia?
3341 5419 3547 5486 Quibus
3591 5418 3677 5473 ille

2104 5505 2385 5572 respondit.
2437 5507 2694 5563 Adducite
2741 5527 2928 5582 pecora
2983 5524 3149 5567 vestra
3173 5552 3189 5580 ,
3232 5526 3278 5568 et
3308 5514 3447 5570 dabo
3483 5531 3578 5583 pro
3605 5514 3678 5566 eis

2104 5595 2243 5652 vobis
2290 5598 2451 5666 cibos,
2499 5601 2544 5655 si
2593 5601 2817 5671 pretium
2867 5619 2970 5658 non
3013 5604 3231 5660 habetis.
3261 5603 3393 5671 Quc
3423 5621 3543 5662 cum
3586 5602 3679 5658 ad-
