3970 6198
236 313 337 369 6ιῦ

1260 307 1614 366 COMMENT.
1654 306 1720 361 IN
1761 305 2084 362 GENESIM.
2123 338 2191 350 -
2229 309 2356 363 LIB.
2399 307 2488 362 IV.

3385 309 3490 365 650

232 430 525 492 nutrissent,
548 426 689 480 dedit
718 426 791 479 eis
820 424 1069 480 alimenta
1096 440 1191 494 pro
1216 425 1361 494 equis
1387 464 1404 491 ,
1447 440 1496 477 et
1543 424 1741 489 ovibus,
1767 430 1817 474 et
1846 427 1894 482 A
1920 422 2302 493 dispensantur
2327 439 2425 492 pro
2455 423 2678 478 meritis.
2732 421 2841 477 Hoc
2886 432 2939 478 et
2971 424 3168 479 Paulus
3191 425 3339 490 fecit,
3369 442 3491 483 cum

232 525 427 587 bobus,
472 531 521 576 ct
550 521 750 585 asinis;
806 518 1213 588 sustentavitque
1261 533 1347 572 eos
1393 516 1487 570 illo
1537 533 1678 571 anno
1719 530 1814 585 pro

233 612 643 669 commutatione
679 623 944 680 pecorum.
972 667 975 669 ἓ
1000 606 1264 661 Venerunt
1307 622 1510 676 quoque
1552 619 1691 659 anno
1725 624 1816 661 sev-

156 752 169 760 .
232 704 430 767 eundo,
455 712 503 758 et
529 702 773 756 dixerunt
805 700 852 754 ei
892 696 1063 753 :Non
1100 697 1331 752 celamus
1380 697 1592 752 domino
1640 704 1819 752 nostra

233 796 372 866 quod
408 794 680 863 deﬁciente
711 790 955 862 pecunia,
984 799 1033 843 et
1078 805 1267 860 pecora
1311 786 1469 843 simul
1497 786 1815 854 defecerunt,

236 904 326 942 nec
357 885 495 939 clam
523 894 571 938 te
617 892 692 937 est
718 881 857 952 quod
888 880 1079 950 absque
1107 878 1408 949 corporibus
1434 889 1481 931 et
1506 887 1669 941 terra,
1692 875 1819 929 nihil

235 978 544 1031 habeamus.
593 971 704 1027 Cur
729 988 851 1041 ergo
888 970 1144 1024 morimur
1185 979 1235 1022 te
1286 968 1525 1022 vidente?
1549 976 1598 1019 et
1628 982 1723 1018 nos
1770 972 1819 1017 et

241 1081 381 1125 terra
409 1077 590 1121 nostra
625 1065 702 1118 tui
732 1064 944 1118 erimus.
976 1061 1108 1116 Eme
1147 1077 1240 1115 nos
1283 1062 1338 1114 in
1384 1060 1679 1113 servitutem
1734 1072 1819 1109 re-

235 1162 397 1231 giam,
426 1168 474 1212 et
504 1156 677 1228 prirbe
702 1153 920 1217 semina,
952 1168 1034 1217 ne,
1071 1160 1316 1221 pereunte
1342 1147 1562 1211 cultore,
1618 1145 1822 1215 rediga-

235 1262 321 1306 tur
356 1259 501 1306 terra
528 1250 583 1302 in
611 1246 965 1301 solitudinem.
1016 1242 1196 1310 Qumri
1244 1249 1440 1311 potest,
1473 1256 1596 1295 cum
1621 1237 1821 1307 Ioseph

234 1341 510 1395 frumenta
550 1336 848 1407 collegerit,
880 1335 1021 1389 unde
1051 1333 1297 1388 homines
1325 1332 1590 1395 viverent,
1624 1343 1822 1399 pecora

238 1430 383 1485 unde
408 1429 679 1491 vivebant,
703 1442 827 1481 cum
852 1434 1000 1479 tanta
1029 1422 1198 1478 fames
1220 1420 1618 1476 invalesceret?
1653 1419 1826 1474 matri-

238 1538 325 1577 me
370 1522 498 1590 quia
543 1519 741 1574 fratres
788 1516 986 1586 Ioseph
1034 1512 1301 1569 Pharaoni
1349 1511 1598 1566 dixerant
1638 1523 1653 1562 :
1700 1506 1825 1562 Non

237 1622 357 1666 sunt
391 1611 528 1664 enim
558 1623 755 1677 pascua
781 1605 1050 1676 pecoribus
1080 1617 1362 1673 puerorum
1396 1610 1644 1663 tuorum;
1675 1599 1823 1651 inca-

1919 513 2067 568 illum
2097 514 2188 584 qui
2231 513 2481 583 indignus
2513 523 2820 569 sanctomm
2848 518 3126 571 consortio
3151 517 3251 573 fuit
3274 520 3497 575 tradidit

1919 603 2132 659 Sataua:
2179 605 2231 676 (1
2267 604 2387 659 Cor.
2421 605 2494 677 v).
2529 606 2699 661 Nemo
2728 607 2910 677 itaque
2935 609 3081 664 dicat
3108 610 3332 667 Paulum
3363 613 3497 669 dure

1918 696 2095 764 egisse
2118 734 2133 757 ,
2166 696 2258 764 qui
2299 697 2575 752 hominem
2598 699 2663 752 de
2691 698 2930 755 Ecclesia
2959 700 3137 772 eiecit,
3167 710 3223 756 ut
3244 703 3505 775 expulsus

1919 785 2150 839 disceret
2187 800 2293 841 non
2324 787 2720 857 blasphemare.
2766 790 3011 848 Hominis
3054 794 3197 849 enim
3247 795 3500 853 voluntas

1920 874 2102 942 iniqua
2131 886 2235 941 est,
2265 892 2389 932 cum
2415 894 2603 935 atuaus
2626 888 2863 947 terrena,
2885 882 3087 938 deserit
3120 885 3359 942 coelestia
3388 928 3403 953 ,
3442 898 3500 945 et

1918 975 2139 1035 propter
2172 969 2455 1023 avaritiam
2482 985 2542 1025 se
2564 970 2782 1042 subiicit
2808 974 3042 1030 diabolo.
3078 975 3289 1032 Domini
3315 989 3499 1034 autem

1920 1063 2004 1110 est
2032 1058 2318 1126 promissio
2339 1059 2505 1130 justa,
2535 1076 2656 1115 cum
2677 1076 2800 1116 eum
2829 1064 2939 1133 qui,
2969 1080 3230 1134 spernens
3253 1068 3498 1136 meliora,

1921 1145 2085 1216 elegit
2130 1149 2334 1218 pejora,
2376 1150 2601 1205 dimittit
2640 1153 2869 1209 arbitrio
2895 1170 2997 1210 suo
3022 1163 3081 1211 ut
3128 1157 3308 1224 cadat,
3355 1169 3409 1215 et
3446 1162 3500 1214 in

1923 1234 2207 1291 desideriis
2237 1238 2573 1295 inﬁrmorum
2612 1243 2925 1299 subruatur.
2956 1245 3107 1322 Quod
3139 1257 3318 1304 autem
3359 1250 3497 1307 dici-

1924 1334 2032 1392 tur,
2069 1329 2375 1385 sacerdotes
2397 1346 2504 1385 non
2532 1335 2839 1403 compulsos
2868 1350 2988 1391 esse
3017 1338 3251 1393 vendere
3289 1354 3504 1409 posses-

1924 1416 2105 1472 siones
2147 1433 2274 1474 suas
2304 1459 2320 1485 ,
2370 1421 2496 1489 quia
2533 1422 2638 1478 illis
2678 1433 2881 1479 statuta
2929 1427 3132 1482 cibaria
3179 1444 3246 1483 ex
3290 1430 3502 1487 horreis

1924 1507 2153 1575 publicis
2181 1510 2556 1579 praebebantur
2582 1553 2597 1578 ,
2647 1514 2915 1585 signiﬁcat
2960 1526 3159 1573 terram
3202 1520 3458 1576 Ecclesiae
3486 1563 3500 1587 ,

1926 1611 2034 1666 qua
2063 1598 2174 1653 veri
2199 1608 2325 1654 sunt
2354 1603 2687 1669 sacerdotes,
2713 1604 2937 1661 liberam
2963 1623 3083 1663 esse
3108 1624 3331 1666 accessu
3355 1629 3507 1667 mun-

236 1702 333 1755 iuit
364 1702 504 1755 enim
535 1699 704 1769 fames
734 1698 787 1751 in
818 1707 957 1750 terra
1000 1693 1276 1759 Chanaan,
1321 1702 1375 1746 et
1421 1699 1641 1762 propter
1686 1687 1827 1742 hanc
1863 1764 1896 1769 _
1927 1687 2075 1754 diali,
2103 1690 2229 1760 quia
2258 1691 2427 1747 verbo
2454 1694 2639 1748 divino
2663 1696 3030 1752 indesinenter
3074 1702 3317 1769 pascitur
3343 1742 3357 1766 ,
3405 1718 3506 1759 nec

239 1794 405 1848 etiam
432 1764 667 1860 inopiam
718 1801 1038 1857 pascuorum
1065 1825 1079 1849 ,
1112 1799 1172 1838 se
1205 1784 1415 1838 venisse
1440 1793 1824 1836 commemora-
1859 1764 1904 1824 Β
1932 1777 2195 1836 damnum
2236 1779 2398 1837 famis
2447 1784 2745 1853 spiritualis
2789 1786 2954 1841 ullum
3000 1764 3306 1846 sustinebit.
3334 1764 3510 1848 Aliter

240 1890 449 1939 verant.
474 1880 705 1935 Proinde
730 1879 773 1933 si
796 1895 856 1932 ea
885 1876 1026 1930 l‘ame
1052 1890 1249 1946 pascua
1275 1873 1587 1930 defecerant
1608 1872 1661 1927 in
1682 1880 1828 1926 terra

240 1974 543 2036 Chanaan,
596 1986 691 2025 cur
728 1970 779 2022 in
829 1967 1062 2038 Egypto
1112 1982 1217 2020 non
1265 1963 1595 2029 defecerant,
1639 1961 1830 2017 eadem

243 2075 371 2118 tunc
403 2061 549 2116 laute
578 2061 776 2128 ubique
803 2057 1205 2112 invalesceute?
1231 2055 1312 2109 An
1351 2055 1490 2109 sicut
1515 2052 1830 2124 perhibetur

242 2157 311 2210 ab
356 2156 439 2210 eis
476 2153 569 2224 qui
599 2152 712 2205 loca
744 2151 957 2215 sciunt,
991 2150 1044 2204 in
1078 2148 1261 2203 multis
1296 2145 1515 2217 (Egypti
1545 2144 1830 2216 paludibus

242 2254 502 2318 poterant
536 2259 731 2313 pascua
774 2257 879 2295 non
908 2242 1119 2305 deesse,
1141 2239 1304 2292 etiam
1326 2251 1448 2291 cum
1491 2234 1662 2290 fames
1688 2242 1832 2289 esset

244 2337 662 2396 frumentorum,
695 2347 814 2401 quae
842 2330 1015 2385 solent
1058 2328 1161 2382 Nili
1197 2326 1433 2381 ﬂaminis
1480 2323 1832 2379 inundatione

242 2425 573 2498 provenire?
602 2423 767 2493 Magis
796 2422 939 2475 enim
992 2420 1246 2474 dicuntur
1285 2417 1506 2487 paludes
1549 2414 1655 2470 illae
1691 2413 1832 2469 lera-

246 2519 361 2573 eius
409 2529 614 2585 pascua
655 2515 875 2583 gignere
901 2554 915 2576 ,
957 2511 1175 2582 quando
1210 2525 1347 2579 aqua
1391 2507 1495 2563 Nili
1528 2506 1707 2562 minus
1739 2519 1832 2561 ex-

246 2607 462 2663 crescit.

852 2692 1078 2749 CAPUT
1120 2691 1210 2747 XI.

251 2789 326 2844 De
353 2803 415 2842 eo
449 2786 592 2859 quod
634 2785 829 2859 Ioseph
882 2784 1151 2859 acquisivit
1202 2790 1360 2859 totam
1393 2791 1587 2834 terram
1615 2776 1836 2851 ngypti

682 2853 982 2909 Pharaonis
1009 2853 1405 2923 possessionem.

317 2976 466 3031 Emit
492 2975 655 3045 igitur
679 2971 871 3041 Ioseph
896 2984 1098 3023 omnem
1139 2977 1332 3021 terram
1355 2964 1592 3035 /Egypti,
1614 2962 1835 3018 venden-

246 3072 384 3127 tibus
402 3065 628 3136 singulis
646 3063 991 3135 possessiones
1008 3076 1130 3114 suas
1150 3073 1258 3127 pra:
1280 3056 1638 3127 magnitudine
1653 3054 1831 3124 famis.

249 3159 589 3232 Subjecitqtte
612 3172 728 3212 eam
761 3153 1047 3217 Pharaoni,
1078 3158 1129 3204 et
1155 3158 1367 3202 cunctos
1394 3145 1611 3217 populos
1639 3146 1777 3215 ejus,
1804 3161 1837 3198 a

249 3250 545 3307 novissimis
585 3247 818 3301 terminis
849 3242 1088 3312 Ᾰῖρῃρῑί,
1130 3254 1293 3309 usque
1324 3238 1391 3292 ad
1419 3245 1673 3291 extremos
1704 3237 1835 3304 ﬁnes

247 3344 365 3413 ejus
407 3350 602 3412 praeter
646 3347 841 3391 terram
877 3333 1205 3388 sacerdotum
1230 3370 1243 3394 ,
1278 3346 1396 3401 qua:
1433 3346 1465 3381 α
1498 3344 1611 3397 rege
1642 3327 1837 3380 tradita

249 3436 424 3506 fuerat
455 3432 556 3497 eis,
582 3429 767 3502 quibus
791 3437 836 3481 et
859 3435 1055 3481 statuta
1076 3423 1273 3478 cibaria
1301 3439 1365 3477 ea:
1391 3421 1590 3476 horreis
1616 3420 1836 3491 publicis

248 3523 641 3595 praebebantur,
686 3530 734 3573 et
772 3518 967 3571 idcirco
1010 3532 1113 3570 non
1165 3523 1286 3569 sunt
1322 3511 1575 3583 compulsi
1619 3512 1839 3566 vendere

248 3614 605 3686 possessiones
658 3627 782 3664 suas
813 3649 829 3674 ,
880 3617 986 3664 etc.
1016 3606 1077 3661 In
1100 3620 1166 3661 eo
1194 3602 1577 3683 quotl‘Ioscph
1622 3616 1839 3657 omnem

252 3715 461 3762 terram
511 3703 729 3775 Egypti
758 3701 908 3766 emit,
961 3698 1294 3769 subjecitque
1319 3711 1438 3750 eam
1467 3695 1756 3759 Pharaoni,
1786 3702 1842 3748 et

251 3805 490 3855 cunctos
530 3794 762 3867 populos
806 3793 944 3863 ejus,
983 3806 1090 3845 non
1122 3786 1398 3858 iujustitia:
1424 3786 1510 3842 vel
1537 3785 1840 3857 iniquitatis

252 3889 411 3961 argui
441 3893 647 3958 potest,
676 3883 913 3938 maxime
952 3896 1076 3936 cum
1117 3878 1347 3934 ﬁdelitas
1379 3877 1496 3948 ejus
1538 3876 1660 3931 inde
1694 3888 1842 3929 com-

254 3977 567 4041 mendetur,
601 3974 726 4044 quia
761 3971 962 4029 nullius
1004 3984 1249 4041 persona:
1289 3967 1520 4037 gratiam
1563 3964 1838 4034 suscepit,

253 4070 349 4126 sed
370 4070 531 4141 juxta
561 4064 820 4135 emptoris
853 4061 1109 4133 pretium,
1135 4075 1290 4130 aequo
1322 4057 1608 4113 libramine
1648 4055 1842 4124 stipem

254 4164 468 4234 regiam
527 4156 889 4227 indigentibus
943 4151 1329 4223 compensavit.
1384 4149 1605 4219 Mystice
1661 4154 1841 4201 autem

254 4252 535 4325 signiﬁcat
560 4263 749 4305 omnes
794 4247 888 4318 qui
940 4246 994 4299 iu
1036 4243 1274 4315 JEgypto
1304 4240 1568 4311 spirituali
1612 4247 1759 4305 sunt,
1789 4245 1846 4293 et

254 4339 488 4413 Egypti
516 4354 648 4409 Opes
679 4338 951 4400 ambiunt,
980 4349 1165 4390 servos
1186 4348 1325 4388 esse.
1353 4331 1475 4386 Iam
1502 4331 1644 4384 enim
1669 4329 1845 4384 nullus

1931 1876 2110 1924 autem
2160 1872 2363 1941 emptio
2406 1870 2605 1944 Ioseph
2659 1891 2763 1945 qua
2818 1876 3061 1949 frugibus
3116 1882 3247 1936 emit
3307 1893 3508 1939 terram

1931 1956 2187 2030 Egypti,
2242 1961 2514 2031 signiﬁcat
2562 1963 2839 2020 Christum
2885 1982 2981 2021 sua
3019 1968 3261 2025 doctrina
3314 1981 3371 2026 et
3424 1975 3508 2028 sui

1931 2050 2209 2121 sanguinis
2259 2053 2434 2122 pretio
2501 2054 2812 2111 universum
2894 2059 3149 2113 mundum
3222 2050 3523 2118 redimere.

1931 2142 2191 2212 Quodque
2213 2143 2342 2200 dicit
2376 2164 2390 2199 :

2001 2234 2228 2305 Accipite
2245 2235 2446 2291 semina
2457 2245 2503 2289 et
2523 2247 2677 2291 serite
2696 2254 2866 2307 agros,
2887 2251 2938 2292 ut
2954 2239 3129 2311 fruges
3146 2241 3333 2297 habere
3344 2247 3512 2314 possi-

1932 2325 2043 2380 tis:
2076 2325 2313 2395 quintam
2356 2335 2557 2395 partem
2608 2329 2714 2398 regi
2751 2329 2974 2395 dabitis,
3014 2341 3243 2401 quatuor
3280 2333 3508 2405 reliquas

1931 2417 2173 2486 permitto
2209 2417 2349 2472 vobis
2379 2418 2432 2472 in
2458 2430 2759 2483 sementem,
2809 2430 2856 2475 et
2882 2422 2935 2475 in
2960 2422 3101 2477 cibos
3126 2422 3342 2492 familiis
3370 2435 3415 2478 et
3446 2425 3512 2478 li-

1934 2507 2067 2562 beris
2095 2508 2297 2573 vestris,
2340 2509 2589 2579 accipere
2627 2510 2848 2565 mandat
2906 2525 3111 2578 semen,
3145 2513 3249 2567 hoc
3274 2521 3359 2568 est
3386 2529 3509 2569 ver-

1934 2599 2061 2654 bum
2104 2600 2220 2665 Dei,
2263 2609 2318 2655 et
2358 2616 2541 2657 serere
2586 2617 2763 2673 agros,
2814 2620 3048 2674 corpora
3094 2606 3343 2661 videlicet
3390 2624 3511 2674 sua,

1935 2706 2056 2761 qua:
2098 2706 2318 2748 vomere
2358 2693 2671 2763 evangelico
2715 2705 2960 2761 exarata,
3017 2704 3072 2750 et
3108 2696 3314 2752 semine
3348 2699 3513 2767 spiri-

1938 2782 2066 2837 tuali
2116 2784 2402 2850 seminata,
2459 2783 2669 2841 fructus
2719 2785 2982 2841 virtutum
3031 2788 3356 2856 germinant.
3410 2789 3516 2844 Per

1935 2873 2178 2943 quintam
2206 2882 2413 2945 partem
2453 2891 2575 2944 quae
2612 2875 2827 2945 regibus
2850 2877 3100 2944 dabatur,
3125 2879 3362 2948 quinque
3391 2895 3514 2934 sen-

1936 2979 2091 3020 suum
2119 2980 2339 3032 census,
2384 2967 2527 3037 quod
2572 2966 2790 3023 Christo
2829 2983 2958 3023 vero
3001 2970 3112 3040 regi
3140 2970 3272 3024 solvi
3296 2970 3515 3036 debeat,

1943 3058 2242 3112 intimatur.
2273 3059 2519 3124 Quatuor
2546 3073 2676 3114 vero
2718 3059 2912 3128 reliqui
2958 3060 3011 3114 in
3052 3070 3349 3123 sementem
3380 3071 3437 3117 et
3461 3062 3520 3117 in

1942 3154 2092 3208 cibos
2114 3154 2519 3222 possessoribus
2543 3155 2956 3224 permittuntur,
2980 3156 3107 3226 quia
3134 3157 3363 3213 actualis
3397 3159 3522 3213 vitae

1944 3260 2072 3299 usus
2114 3244 2406 3315 unicuique
2435 3246 2776 3312 conceditur,
2802 3255 3072 3317 quatenus
3098 3248 3329 3304 seminet
3356 3264 3523 3319 opera

1942 3337 2227 3401 virtutum,
2272 3347 2332 3391 ut
2360 3338 2569 3418 fruetus
2602 3337 2831 3407 iustitia)
2876 3348 3046 3395 mctat
3073 3341 3127 3394 in
3158 3341 3326 3395 vitam
3353 3350 3517 3397 aeter-

1942 3443 2069 3481 nam
2099 3445 2112 3481 :
2140 3427 2282 3497 quod
2303 3443 2333 3482 a
2364 3426 2647 3483 Salvatore
2688 3440 2875 3484 nostro
2917 3431 3191 3486 veraciter
3225 3431 3382 3501 nobis
3423 3433 3525 3488 tri-

1942 3519 2141 3573 buitur.
2174 3519 2327 3575 Unde
2353 3516 2552 3590 Ioseph
2594 3519 2835 3591 Egyptii
2881 3521 3106 3576 dicunt:
3136 3521 3299 3577 Salus
3344 3532 3526 3578 nostra

1941 3610 1995 3664 in
2044 3626 2203 3663 manu
2253 3621 2345 3663 tua
2391 3620 2490 3676 est,
2535 3611 2663 3679 quia
2710 3610 3053 3666 manifestum
3087 3620 3172 3666 est
3195 3613 3338 3682 quod
3378 3613 3526 3668 salus

1942 3704 2129 3759 mundi
2152 3703 2204 3757 in
2240 3702 2441 3759 Christi
2470 3712 2739 3773 potestate
2764 3712 2849 3759 est
2874 3705 3188 3760 constituta.

2554 3810 2780 3869 CAPUT
2819 3812 2933 3867 ΧΠ.

2017 3900 2116 3955 Ubi
2162 3901 2327 3955 Iacob
2367 3901 2559 3972 Ioseph
2598 3919 2700 3986 pro
2722 3903 2992 3986 sepultura
3021 3921 3119 3958 sua
3150 3904 3452 3975 jaramento

2557 3982 2886 4027 constrinxit.

2016 4064 2283 4121 Habitavit
2311 4082 2434 4136 ergo
2456 4065 2625 4121 Israel
2644 4068 2701 4120 in
2721 4066 2978 4137 zEgypto,
2992 4068 3048 4122 id
3061 4078 3156 4132 est,
3172 4068 3225 4122 in
3245 4078 3383 4121 terra
3405 4066 3531 4122 Ges-

1943 4166 2116 4222 sen,et
2130 4157 2356 4227 possedit
2378 4174 2491 4212 eam
2509 4175 2528 4223 ;
2548 4167 2833 4229 auctusque
2856 4168 2951 4223 est,
2976 4168 3024 4214 et
3045 4157 3420 4228 multiplicatus
3449 4162 3531 4215 ni-

1944 4248 2062 4311 mis,
2079 4257 2125 4301 et
2149 4247 2273 4301 vixit
2294 4247 2348 4302 in
2369 4264 2429 4300 ea
2456 4248 2629 4301 decem
2648 4256 2697 4301 et
2719 4256 2911 4317 septem
2937 4249 3111 4302 annis.
3139 4246 3390 4319 Factique
3404 4240 3530 4304 sunt

1947 4355 2124 4393 omnes
2169 4337 2279 4392 dies
2322 4337 2441 4392 vitm
2489 4337 2632 4392 illius
2681 4347 2887 4392 centum
2938 4338 3290 4410 quadraginta
3336 4348 3528 4410 septem

253 4446 342 4490 est
393 4434 533 4488 liber
577 4430 885 4502 Egyptias.
922 4427 1169 4483 Carnalis
1199 4435 1377 4481 autem
1420 4433 1523 4490 est,
1557 4432 1610 4478 et
1641 4439 1845 4478 venun-
1876 4449 1925 4508 Β
1950 4445 2229 4484 annorum.
2294 4426 2528 4500 Cumque
2588 4429 3004 4500 appropinquare
3068 4439 3297 4484 cerneret
3348 4431 3533 4485 morti;

255 4529 422 4582 datus
453 4525 557 4581 sub
587 4531 830 4593 peccato.
864 4520 1076 4574 Pharao
1105 4518 1248 4572 enim
1289 4532 1384 4573 eos
1436 4516 1538 4571 sibi
1583 4513 1840 4582 subiicit;

253 4632 309 4675 et
336 4618 577 4673 fortasse
598 4616 722 4669 ideo
747 4613 871 4667 alibi
903 4612 1102 4667 dictum
1129 4619 1213 4666 est
1245 4628 1258 4662 :
1306 4608 1419 4680 Ego
1443 4624 1560 4664 sum
1589 4607 1848 4662 Dominus

253 4711 406 4766 Deus
453 4719 599 4772 tuus,
630 4707 719 4778 qui
755 4706 884 4760 duxi
932 4714 981 4758 te
1009 4704 1073 4758 de
1118 4714 1261 4757 terra
1287 4702 1536 4773 /Egypti,
1581 4701 1646 4755 de
1690 4699 1845 4753 domo

252 4799 529 4855 servitutis
557 4797 754 4869 (Exod.
794 4812 923 4861 xm;
968 4795 1126 4849 Deut.
1153 4810 1202 4859 v,
1236 4809 1310 4860 vr,
1339 4790 1457 4863 vn).
1501 4791 1655 4847 Unde
1698 4790 1846 4860 Apo-

254 4890 437 4945 stolus
472 4886 721 4942 ﬁdelibus
761 4885 1002 4956 praecipit
1041 4884 1227 4938 dicens
1270 4897 1285 4936 :
1339 4882 1463 4936 Non
1496 4898 1619 4952 ergo
1674 4889 1849 4950 regnet

253 4988 537 5051 peccatum
567 4978 622 5030 in
652 4987 817 5031 uestro
846 4973 1060 5030 mortali
1088 4990 1303 5044 corpore
1328 5013 1344 5039 ,
1390 4972 1459 5026 ad
1507 4972 1850 5027 obediendum

256 5066 544 5123 desideriis
572 5065 687 5136 ejus
714 5062 892 5136 (Rom.
924 5062 1022 5132 γι).
1058 5063 1124 5116 Et
1151 5063 1278 5117 item
1315 5079 1328 5114 :
1374 5062 1454 5114 An
1484 5061 1730 5125 nescitis,
1774 5060 1856 5113 in-

257 5158 692 5230 quit,quoniam
739 5157 823 5210 cui
858 5155 1109 5210 exhibetis
1158 5171 1245 5208 vos
1282 5170 1456 5207 servos
1505 5153 1573 5205 ad
1622 5152 1859 5206 obedien-

257 5252 419 5315 dum,
459 5249 594 5303 servi
643 5248 766 5301 estis
811 5246 928 5316 ejus
966 5246 1050 5299 cui
1096 5244 1369 5308 obedistis,
1416 5244 1519 5297 sive
1561 5243 1760 5313 peccati
1802 5244 1856 5295 in

256 5352 512 5405 mortem,
542 5339 647 5395 sive
672 5339 981 5399 obeditionis
1007 5337 1078 5393 ad
1090 5338 1359 5408 justitiam
1381 5334 1429 5408 (1
1437 5335 1569 5407 bid.)
1591 5335 1614 5388 ?
1639 5333 1760 5389 Iam
1791 5335 1858 5390 de

258 5430 520 5488 Hebraeis
560 5430 825 5500 scriptum
872 5438 959 5495 est
1001 5427 1145 5499 quod
1176 5427 1434 5481 violenter
1462 5426 1516 5480 in
1542 5425 1858 5480 servitutem

259 5520 484 5579 redacti
516 5529 659 5575 sunt.
693 5520 1009 5591 ngyptium
1044 5534 1173 5574 vero
1202 5517 1454 5588 populum
1483 5515 1638 5572 facile
1661 5517 1715 5571 in
1745 5530 1862 5573 ser-

258 5614 505 5668 vitutctu
555 5612 762 5683 redegit
807 5610 1042 5669 Pharao.
1072 5609 1444 5667 Vendidcrunt
1476 5608 1620 5664 enim
1665 5618 1863 5665 semet-

266 5707 447 5778 ipsos.
480 5701 595 5758 Non
626 5720 755 5776 ergo
784 5703 1174 5774 dispensatoris
1202 5700 1360 5772 culpa
1384 5708 1467 5758 est
1499 5741 1516 5769 ,
1562 5701 1653 5758 ubi
1702 5700 1864 5774 digna

728 5796 1003 5858 PATGOL.
1058 5782 1247 5855 CVII.

1952 4517 2114 4582 diem,
2143 4518 2344 4572 uocauit
2381 4516 2553 4587 ﬁlium
2593 4533 2747 4572 suum
2789 4515 3008 4588 Ioseph,
3037 4527 3084 4572 et
3112 4518 3244 4575 dixit
3281 4519 3349 4572 ad
3373 4535 3491 4574 eum
3513 4532 3533 4572 :

1954 4608 2016 4665 Si
2036 4610 2205 4664 inveni
2225 4611 2450 4680 gratiam
2475 4611 2533 4664 in
2552 4619 2829 4680 conspectu
2853 4620 2966 4676 tuo,
2990 4627 3122 4681 pone
3145 4627 3361 4666 manum
3387 4621 3535 4666 tuam

1952 4703 2048 4757 sub
2073 4701 2271 4771 femore
2300 4720 2434 4767 meo,
2462 4712 2512 4757 et
2535 4704 2699 4774 facies
2722 4704 2856 4757 mihi
2880 4701 3297 4757 misericordiam
3322 4711 3371 4757 et
3396 4702 3532 4757 ueri-

1953 4804 2135 4859 tatem,
2165 4804 2222 4847 ut
2252 4810 2356 4848 non
2382 4793 2601 4864 sepelias
2638 4811 2720 4849 me
2758 4795 2812 4848 in
2850 4793 3103 4864 Egypto,
3141 4791 3234 4847 sed
3273 4792 3536 4847 dormiam

1956 4898 2075 4936 cum
2110 4882 2346 4951 patribus
2379 4884 2528 4947 meis,
2569 4893 2618 4939 et
2644 4884 2856 4953 auferas
2886 4900 2966 4938 me
2990 4883 3054 4937 de
3083 4893 3223 4937 terra
3258 4882 3378 4949 hac,
3409 4898 3537 4936 con-

1956 4971 2154 5042 dasque
2175 4974 2229 5026 in
2249 4972 2485 5043 sepulcro
2523 4973 2805 5043 majorum.
2854 4971 3146 5028 Moriturus
3188 4969 3376 5035 Iacob,
3426 4969 3539 5024 ﬁlio

1959 5078 2058 5117 suo
2083 5061 2283 5132 Ioseph
2306 5061 2436 5117 dicit
2464 5082 2476 5115 :
2510 5062 2572 5119 Si
2596 5064 2766 5118 inveni
2786 5065 3012 5134 gratiam
3037 5064 3093 5116 in
3117 5070 3392 5129 conspectu
3421 5069 3538 5124 tuo,

1959 5153 2157 5223 subjice
2189 5169 2402 5206 manum
2440 5163 2586 5208 tuam
2618 5153 2712 5208 sub
2740 5154 2934 5223 femore
2961 5168 3094 5215 meo,
3120 5159 3167 5205 et
3197 5148 3355 5218 facies
3379 5149 3434 5201 in
3455 5164 3539 5202 me

1960 5244 2373 5300 misericordiam
2416 5256 2462 5299 et
2500 5247 2787 5300 veritatem.
2819 5244 2893 5303 Ea
2920 5244 3088 5298 ﬁlium
3111 5240 3385 5311 iuratione
3409 5254 3540 5294 con-

1962 5337 2219 5406 stringit,
2274 5349 2381 5403 qua
2430 5350 2647 5391 servum
2700 5333 3025 5390 constrinxit
3076 5330 3348 5385 Abraham
3387 5346 3402 5381 :
3453 5327 3544 5384 ille

1963 5429 2225 5484 mandans
2254 5428 2397 5485 unde
2424 5443 2562 5483 uxor
2593 5428 2818 5483 ducatur
2858 5423 2967 5478 ﬁlio
3010 5436 3129 5485 suo,
3176 5419 3279 5475 iste
3307 5417 3545 5488 sepultu-

1965 5538 2083 5577 ram
2134 5524 2518 5579 commendans
2566 5519 2810 5590 corporis
2849 5518 2951 5573 sui.
2996 5517 3053 5571 lu
3092 5514 3320 5583 utraque
3359 5522 3543 5568 tamen

1967 5629 2131 5670 causa
2175 5612 2452 5670 nominata
2499 5620 2626 5668 sunt
2664 5610 2770 5664 duo
2803 5608 2914 5672 illa,
2942 5623 3060 5677 qum
3096 5602 3272 5675 magni
3300 5603 3546 5658 habenda

1972 5714 2130 5775 atque
2170 5703 2449 5774 pendenda
2492 5710 2617 5759 sunt
2647 5701 2700 5755 in
2736 5699 3029 5770 Scripturis
3081 5696 3362 5759 omnibus,
3413 5709 3548 5764 qua-

3074 5790 3145 5849 εει
