3970 6198
443 347 538 405 651

1110 340 1170 394 Β.
1212 336 1464 394 ΒΑΒᾹΝΙ
1504 333 1721 393 ΜΛΠΒΙ
1758 332 2022 390 AllClllE}

2130 331 2421 391 iIOGUN'l‘.
2461 334 2745 394 OPERUM
2785 337 2963 394 PARS
3001 338 3041 393 Ι.

3616 337 3722 393 652

440 478 656 537 cunque
693 461 978 532 dispersim
1018 458 1270 530 leguntur
1309 453 1682 525 misericordia
1712 458 1767 507 et
1789 449 2023 520 jnstitia,
2059 449 2103 509 Α
2132 463 2237 503 non
2261 461 2701 509 contemnuntur.
2738 452 2930 508 Valent
2958 454 3105 510 enim
3132 455 3200 510 ad
3228 441 3737 527 magnam'discm.

441 556 527 611 vel
561 551 931 609 misericordia
962 557 1019 605 et
1036 549 1321 620 judicium,
1358 546 1442 602 vel
1465 543 1834 600 misericordia
1863 550 1918 597 et
1941 556 2030 595 vc-

445 649 597 702 ritas.
643 642 1090 713 Quandoquidem
1139 640 1371 710 quodam
1422 639 1541 694 loco
1596 636 1855 706 scriptum
1902 642 2024 687 est:

443 739 710 794 Universae
750 736 849 790 vite
897 734 1102 788 Domini
1139 731 1501 787 misericordia
1541 740 1591 799 ct
1621 729 1811 801 veritas
1851 724 2026 798 (Psal.

444 830 615 901 xvtv).
658 828 739 883 ita
782 828 897 883 haec
942 826 1048 880 duo
1088 824 1321 879 multum
1365 821 1759 883 commendata,
1801 817 2028 871 multum

442 921 836 978 consideranda
866 927 1012 974 sunt.
1047 917 1252 973 Servus
1279 924 1460 969 autem
1497 914 1729 968 Abrahae
1773 911 2025 966 dixerat:

445 1015 651 1069 Facitis
679 1015 734 1068 in
761 1013 1045 1067 Dominum
1096 1026 1266 1065 meum
1319 1007 1733 1071 misericordiam
1775 1014 1824 1059 et
1863 1002 2028 1074 justi—

442 1105 592 1158 tiam.
637 1103 790 1158 Sicut
826 1110 882 1157 et
922 1102 1024 1156 iste
1062 1099 1174 1155 ﬁlio
1208 1114 1307 1154 suo
1340 1098 1512 1153 dicit:
1549 1095 1615 1151 Ut
1661 1095 1831 1165 facias
1864 1095 1920 1149 in
1948 1111 2032 1148 me

440 1193 855 1247 misericordiam
882 1202 932 1245 et
959 1194 1242 1246 veritatem.
1284 1190 1422 1256 Quid
1459 1188 1561 1243 sibi
1614 1196 1797 1242 autem
1843 1184 1974 1240 velit
1998 1201 2027 1239 a

446 1293 594 1338 anno
625 1284 743 1337 viro
788 1292 898 1339 tam
942 1282 1171 1338 sollicita
1217 1281 1463 1351 corporis
1507 1278 1937 1344 commendatio,
1972 1286 2032 1332 ut

442 1396 549 1435 non
602 1379 655 1434 in
704 1378 941 1449 Egypto
986 1376 1300 1446 sepeliatur,
1344 1375 1439 1430 sed
1482 1374 1536 1429 in
1583 1381 1727 1429 terra
1773 1372 2028 1428 Chanaan

435 1472 587 1540 juxta
623 1478 806 1541 patres
852 1469 1015 1524 suos?
1054 1467 1249 1521 Mirum
1298 1466 1513 1520 videtur
1545 1472 1601 1518 et
1640 1463 1791 1533 quasi
1838 1462 2031 1518 absur-

443 1564 594 1626 dum,
620 1576 719 1615 nec
745 1560 1075 1616 conveniens
1111 1566 1273 1613 tanta:
1312 1556 1646 1613 excellentia:
1682 1554 1880 1611 mentis
1906 1570 2032 1625 pro-

442 1655 692 1726 pheticus,
721 1654 764 1708 si
787 1654 893 1708 hoc
910 1668 977 1708 ex
1000 1652 1279 1707 hominum
1303 1650 1695 1706 consuetudine
1717 1649 2028 1703 metiamur.

445 1746 503 1800 Si
551 1752 733 1799 autem
779 1743 834 1797 in
882 1742 970 1797 his
1014 1742 1265 1796 omnibus
1308 1747 1649 1796 sacramenta
1695 1745 2026 1809 quaerantur,

2136 544 2358 608 tionem,
2385 545 2634 614 quamvis
2667 553 2723 599 et
2761 559 2922 599 unam
2954 546 3074 617 plus
3103 545 3342 602 litteram
3369 546 3576 604 habere
3605 564 3727 619 pos-

2132 643 2214 717 set
2254 635 2296 691 si
2333 643 2481 691 esset
2520 651 2651 701 sum,
2685 643 2742 691 et
2771 653 2875 692 non
2901 645 3045 692 esset
3077 640 3261 704 αὐτοῦ,
3291 640 3385 694 sed
3413 641 3623 696 ἑαυτοῦ.
3648 639 3726 699 Ac

2131 744 2228 798 per
2254 728 2358 782 hoc
2393 729 2585 782 merito
2613 729 2876 798 quasritur
2913 730 3041 798 quid
3081 731 3153 786 sit
3191 733 3336 802 quod
3382 733 3593 789 dictum
3621 744 3722 790 est.

2131 818 2265 872 Nam
2314 817 2473 874 facile
2518 819 2837 892 intelligitur
2884 836 3070 877 senem
3108 823 3200 892 qui
3242 824 3450 895 virgam
3492 824 3724 892 ferebat,

2130 925 2195 964 eo
2217 925 2368 965 more
2394 925 2502 979 quo
2531 911 2617 965 illa
2651 921 2786 967 :etas
2815 912 3067 967 baculum
3113 915 3252 970 solet
3288 925 3537 987 portare,
3577 926 3637 971 nt
3669 933 3727 973 se

2131 1001 2417 1057 inclinaret
2446 1002 2513 1057 ad
2542 1001 2834 1058 Dominum
2869 1005 3224 1070 adorandum,
3260 1007 3315 1061 id
3344 1008 3537 1077 utique
3581 1008 3722 1064 fece-

2132 1094 2203 1149 rit
2250 1108 2414 1165 super
2452 1109 2717 1150 cacumen
2740 1095 2905 1166 virgaa
2936 1112 3070 1163 sum,
3101 1112 3264 1167 quam
3291 1099 3372 1155 sic
3398 1099 3632 1166 ferebat,
3668 1110 3726 1155 ut

2129 1201 2294 1255 super
2335 1201 2457 1240 eam
2497 1194 2661 1256 caput
2703 1186 3033 1252 inclinando,
3070 1191 3327 1245 adoraret
3357 1190 3556 1246 Deum.
3581 1192 3722 1259 Quid

2130 1284 2211 1331 est
2237 1292 2387 1347 ergo,
2417 1276 2667 1331 Adorarit
2712 1294 2869 1349 super
2891 1294 3142 1334 cacumen
3164 1281 3322 1352 uirga:
3353 1282 3490 1353 ejus,
3532 1283 3589 1337 id
3619 1294 3720 1345 est.

2130 1376 2224 1432 ﬁlii
2281 1377 2364 1431 sui
2404 1375 2642 1447 Ioseph?
2687 1377 2772 1431 An
2822 1376 2963 1433 forte
3007 1378 3208 1434 tulerat
3250 1379 3320 1434 ab
3371 1394 3440 1435 eo
3483 1381 3718 1450 virgam,

2129 1469 2424 1541 quandoei
2463 1469 2683 1539 jurabat
2730 1468 2872 1524 idem
2918 1469 3096 1524 ﬁlius?
3136 1479 3193 1526 et
3233 1471 3362 1526 dum
3394 1486 3518 1527 eam
3557 1482 3716 1537 tenet,

2129 1570 2252 1633 post
2281 1561 2445 1617 verba
2470 1560 2732 1631 iurantis,
2780 1560 3020 1616 nondum
3052 1560 3145 1615 illa
3191 1561 3426 1627 reddita,
3466 1577 3595 1617 mox
3624 1564 3714 1619 ad-

2129 1655 2305 1712 oravit
2326 1654 2536 1711 Deum?
2554 1656 2673 1710 Non
2700 1655 2845 1711 enim
2874 1655 3110 1725 pudebat
3134 1671 3260 1712 eum
3289 1655 3435 1713 ferre
3458 1658 3714 1728 tantisper

2135 1748 2345 1821 insigne
2378 1748 2663 1818 potestatis
2702 1748 2797 1805 ﬁlii
2831 1749 2939 1816 sui,
2973 1748 3065 1805 ubi
3092 1749 3262 1820 ﬁgura
3292 1764 3507 1823 magna:
3536 1750 3611 1806 rei
3639 1748 3715 1804 t'u-

444 1834 671 1903 majoris
726 1830 1103 1886 admirationis
1149 1831 1407 1901 gaudium
1459 1830 1561 1900 ipsi
1615 1830 1710 1900 qui
1763 1828 2022 1884 invenerit

2138 1808 2272 1896 tura;
2297 1808 2678 1913 praesignatur.

443 1928 668 1982 orietur.
720 1924 1086 1979 Cadaveribus
1133 1922 1332 1993 quippe
1380 1931 1718 1978 mortuorum
1746 1962 1762 1988 ,
1813 1929 2032 1993 peccata

444 2017 734 2091 signiﬁcari
762 2017 817 2071 in
845 2015 965 2087 lege
993 2029 1099 2070 non
1126 2014 1348 2069 dubium
1379 2023 1484 2081 est,
1512 2030 1634 2071 cum
1652 2013 1914 2083 jubentur
1937 2015 2034 2070 ho-

446 2112 624 2166 mines
662 2116 785 2180 post
830 2123 1019 2163 eorum
1063 2107 1528 2173 contractionem,
1582 2106 1696 2162 sive
1740 2106 2031 2176 qualecun-

447 2220 556 2274 que
585 2209 946 2268 contractum,
979 2209 1233 2270 tanquam
1264 2200 1334 2254 ab
1362 2199 1703 2254 immunditia
1730 2197 2027 2269 puriﬁcari,

441 2308 498 2351 ct
545 2296 671 2351 hinc
720 2293 808 2348 illa
853 2293 1122 2349 sententia
1170 2292 1313 2348 dicta
1353 2302 1478 2347 est:
1513 2290 1617 2357 Qui
1661 2290 1959 2361 baptizatur
1997 2308 2028 2345 a

442 2396 671 2451 mortuo,
713 2394 761 2439 et
805 2385 996 2439 iterum
1031 2384 1197 2455 tangit
1232 2382 1404 2449 illum,
1444 2381 1572 2454 quid
1592 2381 1799 2453 proﬁcit
1835 2381 2028 2436 lavatio

439 2478 556 2547 ejus
574 2477 599 2529 ?
636 2474 727 2531 Sic
750 2483 800 2529 et
823 2475 913 2545 qui
944 2474 1155 2545 jejunat
1198 2490 1356 2545 super
1390 2483 1601 2545 peccata
1627 2490 1744 2538 sua,
1771 2481 1819 2526 et
1842 2472 2028 2525 iterum

445 2565 720 2621 ambulans
756 2565 869 2620 Iuro
893 2566 1072 2619 eadem
1095 2564 1223 2635 facit
1250 2564 1440 2637 (Eccli.
1489 2564 1697 2635 xxxw).
1741 2562 2026 2633 Sepultnra

441 2673 571 2729 ergo
594 2664 929 2712 mortuorum
958 2656 1336 2711 remissionem
1358 2656 1633 2727 signiﬁcat
1655 2661 2026 2726 peccatorum,

440 2767 506 2806 eo
530 2750 807 2820 pertinens
834 2747 976 2818 quod
1002 2748 1204 2803 dictum
1234 2756 1349 2803 est:
1378 2747 1530 2803 Beati
1554 2763 1778 2816 quorum
1798 2744 2029 2799 remissa:

440 2852 559 2898 sunt
590 2841 916 2912 iniquitates,
948 2848 996 2894 et
1024 2856 1249 2911 quorum
1288 2849 1421 2894 tecta
1456 2848 1576 2894 sunt
1614 2847 1825 2909 peccata
1851 2834 2023 2906 (Psal.

439 2934 616 3005 xxxi).
660 2932 763 2989 Ubi
803 2947 932 3002 ergo
961 2931 1268 3001 scpelicnda
1318 2939 1476 2985 erant
1519 2930 1623 2985 hac
1667 2927 2025 2999 signiﬁcantia

440 3027 874 3097 patriarcharum
925 3027 1211 3090 cadavera,
1257 3023 1360 3079 nisi
1401 3023 1454 3077 in
1501 3039 1566 3079 ea
1615 3031 1759 3078 terra
1804 3022 1895 3077 ubi
1938 3021 2027 3078 ille

439 3118 734 3173 cruciﬁxus
782 3127 906 3182 est,
960 3116 1113 3187 cujus
1165 3114 1428 3185 sanguine
1488 3113 1634 3169 facta
1683 3122 1768 3169 est
1833 3113 2025 3169 remis-

441 3211 522 3265 sio
596 3208 984 3279 peccatorum?
1048 3206 1311 3262 Mortibus
1369 3204 1513 3259 enim
1585 3204 2023 3274 patriarcharum

441 3309 662 3369 peccata
684 3299 963 3354 hominum
994 3296 1221 3369 ﬁgurata
1251 3304 1396 3351 sunt.
1430 3295 1627 3350 Dicunt
1649 3303 1831 3349 autem
1861 3295 1931 3350 ab
1958 3307 2025 3350 eo

443 3391 583 3456 loco,
608 3391 755 3461 quod
778 3388 1167 3444 Abrahemium
1206 3395 1450 3452 vocatur,
1492 3386 1581 3440 ubi
1618 3393 1744 3440 sunt
1774 3385 1875 3439 ista
1904 3399 2025 3439 cor-

440 3496 594 3552 pora,
631 3482 822 3535 abesse
845 3478 1022 3533 locum
1053 3477 1144 3531 ubi
1170 3475 1463 3532 cruciﬁxus
1487 3484 1571 3530 est
1592 3475 1872 3539 Dominus,
1910 3473 2026 3529 fere

444 3575 664 3645 triginta
696 3571 954 3637 millibus,
991 3577 1052 3623 ut
1083 3569 1245 3625 etiam
1278 3570 1393 3638 ipse
1423 3582 1683 3622 numerus
1705 3581 1827 3621 eum
1859 3565 2024 3635 signi-

441 3670 607 3723 ﬁcare
655 3664 986 3735 intelligatur
1015 3662 1106 3731 qui
1147 3662 1202 3716 in
1247 3660 1517 3729 baptismo
1558 3658 1808 3729 apparuit
1851 3657 2024 3712 ferme

440 3760 659 3833 triginta
703 3774 1000 3822 annorum;
1038 3762 1093 3809 et
1146 3755 1192 3810 si
1238 3753 1365 3823 quid
1411 3752 1556 3807 aliud
1582 3752 1651 3806 de
1678 3766 1737 3806 re
1765 3758 1913 3805 tanta
1941 3749 2024 3804 vel

439 3855 543 3908 hoc
573 3852 733 3907 modo
752 3849 837 3906 vel
868 3848 1153 3904 sublimius
1184 3845 1409 3916 intelligi
1438 3852 1639 3916 potest,
1680 3845 1808 3899 dum
1842 3851 2019 3897 tamen

437 3958 544 3997 non
592 3941 791 3996 frustra
844 3938 1198 4002 arbitremur,
1253 3935 1390 3990 tales
1434 3950 1499 3991 ac
1549 3943 1727 3989 tantos
1776 3933 2023 3988 homines

437 4033 530 4087 Dei
556 4040 761 4086 tantam
786 4028 1019 4101 gessisse
1051 4042 1236 4083 curam
1279 4041 1380 4096 pro
1421 4026 1743 4095 sepeliendis
1776 4024 2022 4095 corpori-

436 4124 538 4179 bus
582 4124 719 4187 snis,
770 4137 897 4178 cum
938 4119 1011 4176 sit
1039 4126 1202 4189 atque
1231 4134 1354 4174 esse
1400 4119 1594 4174 debeat
1634 4118 1869 4173 ﬁdelium
1918 4118 2021 4173 ista

437 4217 725 4281 securitas,
756 4214 899 4285 quod
942 4213 1253 4283 ubicunque
1279 4198 1506 4282 corpora
1535 4224 1722 4266 eorum
1751 4209 2021 4281 sepelian-

380 4318 383 4327 '
436 4317 544 4371 tur,
576 4306 660 4363 vel
688 4305 954 4378 insepulta
997 4305 1164 4361 etiam
1208 4303 1279 4361 ob
1320 4304 1662 4359 inimicorum
1704 4301 1909 4357 rabiem
1938 4316 2023 4356 re-

436 4399 775 4468 linquantur,
819 4403 915 4451 aut
953 4410 1054 4466 pro
1084 4409 1272 4450 eorum
1303 4394 1525 4449 libidine
1548 4390 1839 4448 dilacerata
1862 4393 2024 4446 absu-

435 4497 674 4553 mantur,
722 4503 829 4542 non
881 4488 1001 4541 ideo
1029 4485 1111 4540 vel
1153 4485 1332 4540 minus
1374 4484 1660 4555 integram,
1709 4482 2017 4537 vel'minus

434 4579 722 4650 gloriosam
749 4593 937 4632 eorum
968 4576 1422 4631 resurrectionem
1451 4573 1709 4628 futuram.
1921 4575 1928 4581 '

504 4666 606 4724 Cui
650 4666 915 4737 respondit
948 4664 1184 4735 Ioseph:
1233 4664 1348 4736 Ego
1390 4663 1581 4728 faciam
1619 4656 1760 4734 quod
1786 4662 2017 4732 jussisti.

434 4761 503 4815 Et
526 4758 633 4827 ille,
656 4759 788 4830 jura
813 4773 957 4824 ergo,
979 4756 1166 4826 inquit.
1190 4754 1310 4821 Quo
1326 4754 1561 4824 iurante,
1590 4754 1826 4808 adoravit
1851 4753 2023 4808 Israel

432 4854 623 4918 Deum,
650 4866 924 4907 conversus
944 4848 1014 4903 ad
1037 4846 1214 4902 lectuli
1236 4857 1411 4919 caput.
1466 4845 1703 4902 Sanctus
1731 4847 1933 4918 quippe
1965 4855 2021 4901 et

432 4947 545 5002 Deo
586 4943 801 5000 deditus
838 4941 943 5007 vir,
987 4954 1280 5011 oppressus
1327 4945 1626 4999 senectute,
1669 4937 1748 4993 sic
1785 4937 2022 4993 habebat

430 5036 687 5095 lectulum
716 5034 975 5106 positum,
1018 5038 1079 5086 ut
1122 5030 1237 5101 ipse
1268 5029 1503 5101 jacentis
1548 5023 1766 5085 habitus
1812 5031 2016 5101 absque

430 5130 751 5187 diﬁicultate
783 5126 892 5183 ulla
931 5125 1000 5181 ad
1051 5123 1352 5179 orationem
1381 5131 1527 5177 esset
1549 5129 1788 5191 paratus.
1832 5119 2015 5191 (Aug)

430 5225 581 5291 Quod
607 5224 806 5279 habent
830 5219 1049 5291 quidam
1076 5215 1255 5271 Latini
1286 5213 1502 5271 codices
1530 5231 1542 5266 :
1572 5211 1639 5265 Et
1663 5211 1900 5267 adoravit
1926 5228 2017 5266 su-

428 5333 514 5383 per
542 5323 701 5385 caput
747 5311 909 5383 uirga:
944 5310 1080 5381 ejus,
1122 5305 1365 5363 nonnulli
1404 5303 1740 5360 emendatius
1770 5303 2009 5358 habent:

429 5405 668 5458 adoravit
713 5418 870 5473 super
911 5411 1067 5472 caput
1116 5398 1274 5470 virgae
1315 5412 1446 5462 suat,
1496 5396 1549 5452 id
1591 5402 1696 5459 est,
1745 5395 1800 5449 in
1838 5395 2014 5464 capite

432 5494 600 5561 virtue
626 5507 759 5559 sua,
803 5493 918 5547 sive
946 5491 999 5544 in
1038 5503 1325 5552 cacumen,
1369 5487 1484 5542 sive
1528 5499 1691 5556 super
1731 5500 2010 5541 cacumen.

430 5584 592 5642 Fallit
614 5584 763 5640 enim
793 5598 890 5640 eos
915 5579 1164 5637 Grtecum
1192 5579 1435 5643 verbum,
1463 5577 1605 5647 quod
1629 5577 1831 5632 eisdem
1870 5577 2014 5632 litte-

433 5676 511 5729 ris
535 5673 810 5733 scribitur.
839 5675 953 5728 sive
978 5670 1097 5741 ejus
1128 5672 1243 5726 sive
1272 5685 1405 5735 suta,
1429 5668 1522 5724 sed
1546 5676 1801 5724 accentus
1829 5670 2011 5739 dispa-

436 5781 525 5825 res
564 5773 708 5830 sunt,
749 5772 804 5820 et
839 5770 909 5818 ab
947 5765 1025 5818 eis
1055 5765 1146 5834 qui
1195 5765 1294 5819 ista
1325 5772 1588 5819 noverunt
1634 5765 1687 5819 in
1733 5764 2010 5822 codicibus

2709 1971 2941 2030 CAPUT
2980 1973 3116 2029 Xlll.
3494 2030 3499 2034 .

2306 2062 2383 2119 De
2409 2080 2470 2120 eo
2496 2063 2638 2135 quod
2673 2063 2839 2119 Jacob
2872 2063 3011 2134 filios
3036 2062 3233 2137 Ioseph
3266 2065 3544 2120 benedixit.

2204 2172 2354 2246 (CAP.
2385 2172 2603 2240 XLVIII.)
2631 2172 2732 2228 His
2762 2174 2837 2227 ita
2867 2175 3171 2239 transactis,
3200 2174 3501 2229 nuntiatum
3526 2185 3599 2229 est
3626 2174 3719 2229 Jo-

2129 2265 2251 2335 seph
2291 2264 2432 2335 quod
2460 2273 2736 2334 a'grotaret
2776 2274 2928 2334 pater
2962 2266 3098 2334 ejus.
3133 2265 3240 2330 Qui
3274 2267 3558 2336 assumptis
3589 2266 3717 2321 duo-

2128 2357 2222 2410 bus
2264 2354 2389 2424 ﬁliis
2432 2356 2580 2420 suis,
2626 2354 2873 2410 Manasse
2907 2364 2954 2408 et
2996 2355 3274 2425 Ephraim,
3320 2357 3397 2410 ire
3443 2358 3693 2427 perrexit.

2128 2448 2438 2518 Dictumque
2475 2456 2551 2500 est
2585 2446 2735 2501 seni:
2762 2445 2897 2500 Ecce
2936 2446 3083 2517 ﬁlius
3112 2457 3233 2502 tuus
3259 2446 3455 2519 Ioseph
3486 2450 3623 2503 venit
3652 2450 3718 2502 ad

2127 2549 2195 2593 te.
2223 2538 2326 2606 Qui
2348 2538 2693 2609 confortatus,
2719 2537 2851 2592 sedit
2878 2538 2936 2592 in
2965 2536 3189 2603 lectulo;
3213 2548 3260 2592 et
3284 2539 3520 2609 ingresso
3564 2540 3634 2592 ad
3668 2556 3718 2593 se

2127 2634 2203 2687 ait
2228 2646 2245 2683 :
2271 2632 2412 2686 Deus
2444 2630 2769 2700 omnipotens
2792 2628 3035 2700 apparuit
3068 2629 3197 2682 mihi
3219 2629 3276 2683 in
3303 2628 3472 2695 Laza,
3501 2645 3618 2700 qutz
3643 2638 3719 2683 est

2128 2725 2184 2779 in
2227 2734 2366 2777 terra
2413 2718 2693 2784 Chanaan,
2736 2718 3097 2789 bcnedixitque
3144 2719 3277 2772 mihi
3300 2728 3349 2772 et
3373 2719 3445 2771 ait
3470 2737 3489 2772 :
3514 2718 3627 2789 Ego
3671 2729 3720 2772 te

2129 2819 2326 2887 augebo
2355 2824 2401 2867 et
2432 2811 2814 2881 multiplicabo,
2858 2821 2908 2865 et
2945 2810 3139 2881 faciam
3178 2811 3233 2863 in
3272 2810 3455 2864 turbas
3495 2809 3717 2880 populo-

2129 2924 2265 2962 rum.
2293 2906 2467 2960 Etiam
2490 2905 2577 2959 hic
2600 2913 2995 2967 commemorat
3017 2899 3184 2957 Jacob
3205 2902 3597 2972 promissiones
3624 2903 3715 2958 Dei

2125 3014 2252 3071 erga
2279 3013 2338 3053 se
2367 2996 2557 3061 factas,
2594 2997 2727 3052 dicit
2769 2995 2871 3050 sibi
2914 2996 3118 3051 dictum
3147 3012 3160 3049 :
3191 2992 3414 3051 Faciam
3442 3005 3492 3049 te
3515 2997 3566 3048 in
3590 3011 3715 3049 con-

2126 3089 2452 3163 gregationes
2477 3088 2729 3159 gentium.
2776 3086 2985 3154 Quibus
3028 3086 3211 3143 verbis
3256 3087 3431 3159 magis
3479 3085 3716 3142 ﬁdelium

2051 3170 2095 3233 C
2127 3183 2467 3243 vocationem
2512 3179 2785 3253 signiﬁcat
2826 3194 2989 3251 quam
3021 3180 3255 3236 carnalis
3279 3180 3493 3251 generis
3516 3194 3715 3252 propa-

2127 3275 2423 3347 gationcm.

2194 3389 2313 3443 Duo
2337 3389 2500 3460 igitur
2522 3387 2624 3459 ﬁlii
2660 3388 2737 3443 tui
2760 3388 2850 3460 qui
2881 3387 2993 3443 nati
3012 3397 3134 3443 sunt
3169 3386 3264 3441 tibi
3288 3387 3345 3441 in
3372 3395 3513 3441 terra
3545 3386 3717 3457 Egy-

2123 3484 2219 3554 pti,
2243 3493 2523 3553 antequam
2543 3483 2766 3538 venirem
2795 3483 2897 3537 huc
2919 3482 2990 3536 ad
3016 3491 3086 3547 te,
3116 3482 3223 3536 mei
3248 3490 3423 3547 erunt,
3458 3481 3715 3551 Ephraim

2123 3585 2172 3629 et
2216 3575 2523 3640 Manasses,
2559 3576 2695 3628 sicut
2737 3573 2920 3629 Ruben
2961 3585 3010 3627 et
3053 3571 3298 3635 Simeon,
3339 3572 3719 3642 reputabuntur

2126 3665 2273 3719 mihi.
2325 3663 2574 3736 Reliquos
2623 3674 2798 3718 autem
2838 3680 2968 3734 quos
3015 3663 3258 3734 genucris
3310 3670 3426 3733 post
3469 3678 3578 3727 eos,
3634 3662 3719 3715 tui

2124 3765 2296 3821 erunt,
2326 3765 2374 3808 et
2406 3756 2616 3809 nomine
2647 3755 2878 3825 fratrum
2906 3770 3126 3808 suorum
3165 3753 3491 3807 vocabuntur
3518 3753 3572 3805 in
3596 3768 3719 3821 pos-

2122 3845 2440 3900 sessionibus
2476 3844 2606 3900 suis.
2654 3844 2712 3899 Si
2753 3832 2875 3914 quis
2919 3844 3262 3915 ambigebat,
3313 3844 3458 3913 quod
3501 3851 3715 3913 septua-

2123 3937 2270 4009 ginta
2320 3937 2514 3992 animzn
2561 3936 2879 3992 introissent
2923 3935 3219 4007 zEgyptum
3262 3934 3495 3989 ﬁliorum
3524 3931 3711 3996 Israel,

2123 4036 2178 4085 et
2205 4030 2347 4099 quod
2373 4028 2571 4098 Josepb
2601 4043 2666 4082 eo
2697 4036 2939 4098 tempore
2962 4042 3070 4097 quo
3101 4026 3380 4097 ingressus
3408 4032 3495 4079 est
3521 4022 3709 4085 Jacob,

2126 4135 2231 4175 non
2277 4134 2470 4174 novem
2516 4119 2611 4174 sed
2654 4119 2788 4172 duos
2834 4116 2973 4172 ﬁlios
3012 4124 3222 4171 tantum
3268 4115 3541 4179 habuerit,
3571 4127 3712 4184 prte-

2124 4211 2265 4265 senti
2294 4209 2528 4280 capitulo
2553 4208 2925 4264 conﬁrmatur.
2969 4207 3249 4279 Siquidem
3274 4207 3390 4276 ipse
3422 4200 3591 4264 Jacob
3628 4203 3707 4258 lo-

2123 4302 2332 4371 quitur,
2362 4301 2499 4356 duos
2528 4315 2652 4356 eum
2684 4300 2823 4355 ﬁlios
2858 4299 3136 4364 habuisse,
3170 4314 3277 4354 non
3306 4313 3524 4363 novem.
3556 4297 3710 4364 Quod

2125 4399 2301 4445 autem
2346 4389 2515 4445 dicit:
2551 4389 2805 4460 Epitraitn
2848 4399 2897 4443 et
2946 4387 3212 4455 Manassc,
3258 4388 3394 4443 sicut
3442 4386 3624 4441 Ruben
3662 4394 3711 4441 et

2127 4482 2363 4547 Simeon,
2387 4492 2536 4535 erunt
2572 4482 2723 4547 mihi,
2757 4480 2887 4536 illud
2921 4480 3190 4551 signiﬁcat
3219 4498 3232 4534 ε
3265 4481 3405 4536 sicut
3438 4478 3630 4535 Ruben
3660 4486 3713 4533 et

2047 4544 2102 4605 Β
2126 4576 2346 4633 Simeon
2396 4577 2513 4632 dum
2551 4579 2724 4632 tribus
2761 4586 2942 4643 erunt,
2975 4587 3031 4631 et
3058 4593 3125 4631 ex
3152 4576 3268 4632 suis
3295 4575 3576 4632 vocabulis
3618 4591 3711 4647 ap-

2123 4667 2605 4738 pellabuntur,.sic
2646 4667 2903 4736 Ephraim
2951 4675 3006 4721 et
3049 4665 3326 4721 Manasses
3368 4666 3490 4721 duae
3542 4665 3710 4719 tribus
3744 4684 3749 4691 '

2123 4771 2304 4825 erunt,
2344 4762 2587 4831 duosque
2623 4760 2850 4830 populos
2875 4760 3262 4830 procreabant,
3286 4766 3345 4814 et
3371 4758 3711 4815 sic'haaredi-

2123 4856 2316 4911 tabunt
2367 4848 2570 4910 terram
2629 4855 3068 4925 repromissionis
3119 4856 3262 4911 sicut
3311 4864 3369 4910 et
3417 4854 3515 4908 ﬁlii
3568 4854 3706 4908 mei.

2123 4948 2371 5021 Reliquos
2393 4957 2584 5009 autent,
2606 4947 2704 5012 ait,
2726 4947 2885 5016 ﬁlios,
2900 4964 3031 5017 quos
3051 4957 3165 5017 post
3184 4957 3403 5000 mortem
3429 4961 3600 4999 meum
3627 4960 3710 5014 ge-

2121 5040 2319 5103 nueris,
2351 5038 2654 5093 ostendens
2686 5037 2915 5097 necdum
2954 5036 3045 5090 illo
3085 5045 3332 5107 tempore
3374 5044 3705 5105 procreatos.

2120 5130 2197 5183 tui
2249 5137 2419 5192 erunt,
2467 5137 2516 5181 et
2563 5128 2616 5182 in
2652 5128 2865 5203 nomine
2899 5126 3125 5196 fratrum
3148 5142 3365 5180 suorum
3391 5124 3709 5181 vocabuntur

2118 5220 2172 5273 in
2203 5218 2510 5273 Iucrcditate
2550 5200 2681 5271 sna.—
2706 5216 2849 5283 Non,’
2891 5217 3084 5286 inquit,
3123 5215 3393 5286 accipient
3417 5213 3704 5284 separatim

2119 5319 2343 5373 terram,
2375 5324 2473 5364 nec
2500 5308 2768 5363 funiculus
2798 5307 3076 5362 habebunt
3102 5306 3377 5378 proprios,
3404 5315 3465 5359 ut
3490 5305 3705 5372 reliqua!

2119 5402 2311 5466 tribus,
2352 5400 2444 5456 scd
2485 5401 2537 5454 in
2584 5399 2828 5455 tribubus
2860 5398 3116 5468 Ephraim
3151 5405 3206 5452 et
3242 5396 3517 5461 Manassc,
3555 5394 3702 5465 quasi

2114 5492 2441 5562 appendices
2466 5490 2646 5561 populi
2676 5489 3192 5545 commiscebuntnr.

2190 5583 2323 5637 Mihi
2374 5594 2550 5637 autem
2600 5582 2814 5653 quando
2861 5582 3124 5637 ueniebam
3177 5580 3243 5634 de
3289 5578 3701 5650 HesOpotamia,

2115 5685 2324 5729 mortua
2351 5684 2427 5729 est
2460 5672 2651 5728 Rachel
2688 5674 2744 5728 in
2779 5682 2920 5728 terra
2948 5667 3227 5735 Chanaan,
3259 5672 3315 5724 in
3343 5671 3458 5739 ipso
3489 5671 3702 5727 itinere:

2115 5777 2330 5835 cratque
2368 5781 2576 5821 rcrnrrm
2620 5775 2820 5835 tempus
2856 5774 2904 5819 ct
2947 5761 3275 5835 ingrediebar
3316 5758 3624 5830 Ephratmn,
3655 5769 3703 5808 ρι
