3970 6198
290 332 395 389 653

289 448 498 520 sepelivi
541 463 658 503 eam
686 456 846 517 juxta
882 448 1023 501 viam
1065 445 1335 517 prratte,
1372 464 1489 519 quia
1524 447 1630 502 alio
1669 450 1877 504 nomine
1904 463 1955 521 Α
2033 446 2041 457 ’

289 537 658 609 appellabatur
705 535 1024 591 Bethleltem.
1076 524 1358 610 Quomodo
1401 536 1570 593 Iacob
1615 538 1726 594 filio
1775 556 1876 595 suo

286 625 495 698 Joseph
544 636 803 696 tanquam
853 627 1142 694 nescienti,
1190 627 1360 683 voluit
1405 627 1647 683 indicare
1692 629 1781 684 ubi
1821 638 1877 686 et

290 716 508 787 quando
555 715 831 785 sepelierit
860 723 1091 769 matrem
1127 713 1269 782 ejus,
1309 729 1432 770 cum
1474 722 1529 770 et
1563 715 1681 786 ipse
1716 717 1876 771 simul

293 808 457 863 fuerit
484 822 607 861 cum
634 805 895 861 fratribus
935 805 1088 861 suis?
1145 804 1252 861 Sed
1296 813 1352 860 et
1394 806 1438 860 si
1475 813 1593 861 erat
1618 814 1727 863 tam
1753 823 1878 876 par-

291 915 394 954 vus
416 908 600 965 aetate,
625 906 685 953 ut
711 899 841 953 illud
867 898 951 954 vel
978 913 1171 953 curare
1198 897 1283 952 vel
1309 899 1490 954 animo
1514 898 1747 954 retinere
1768 915 1876 955 non

291 999 499 1061 posset,
548 1005 673 1059 qua:
712 1004 800 1044 res
838 988 1100 1059 compulit
1126 989 1288 1043 modo
1315 989 1441 1054 dici,
1487 988 1593 1044 nisi
1630 988 1769 1044 forte
1807 990 1876 1046 ad

292 1097 408 1136 rem
457 1080 722 1152 pertinuit
765 1094 1195 1134 commemorare
1228 1079 1302 1133 ibi
1334 1079 1603 1149 sepultam
1642 1087 1874 1141 matrem

289 1169 516 1241 «Ioseph,
547 1171 638 1225 ubi
659 1168 910 1227 Christus
938 1169 1116 1223 fuerat
1144 1169 1475 1224 nasciturus.

370 1279 569 1334 Videas
590 1288 765 1332 autem
784 1277 924 1347 ﬁlios
938 1279 1058 1343 eius
1079 1278 1214 1333 dixit
1234 1280 1305 1333 ad
1318 1296 1470 1346 eum:
1486 1279 1591 1345 Qui
1610 1289 1732 1334 sunt
1749 1280 1877 1335 isti?

290 1371 560 1441 respondit
590 1384 609 1422 :
638 1368 769 1423 Filii
816 1372 917 1425 mei
950 1381 1097 1435 sunt,
1132 1387 1263 1443 quas
1289 1372 1433 1428 dedit
1476 1373 1606 1426 mihi
1647 1372 1786 1427 Deus
1818 1374 1876 1427 in

288 1460 390 1513 hoc
425 1459 563 1514 loco.
606 1459 792 1513 Adduc
831 1477 942 1527 eos,
976 1462 1183 1533 inquit,
1225 1462 1294 1516 ad
1339 1479 1439 1529 me,
1477 1473 1536 1516 ut
1577 1464 1875 1518 benedicam

289 1550 388 1603 eis.
421 1547 575 1603 Oculi
600 1550 736 1602 enim
758 1548 929 1603 Israel
951 1549 1249 1621 caligabunt
1269 1567 1379 1621 pra:
1402 1552 1565 1605 nimia
1592 1561 1872 1617 senectute,

290 1651 338 1694 et
385 1638 530 1693 clare
567 1640 741 1694 videre
776 1657 883 1694 non
915 1650 1137 1711 poterat.
1169 1641 1572 1713 Applicatosque
1603 1643 1672 1696 ad
1701 1659 1757 1697 se
1784 1642 1875 1695 de-

292 1731 562 1787 osculatus
598 1742 694 1798 est,
733 1743 782 1787 et
823 1732 1211 1803 circumplexus.
1230 1735 1365 1787 dixit
1407 1735 1475 1788 ad
1499 1734 1669 1804 ﬁlium
1695 1751 1714 1788 :
1745 1733 1871 1789 Non

1225 380 1229 385 .
1322 332 1674 423 COMMENT.
1713 336 1781 391 IN
1817 337 2138 396 GENESIM.
2180 371 2245 383 —
2285 342 2410 398 LIB.
2451 343 2533 399 Π.

3448 352 3551 409 655

2555 455 2783 514 CAPUT
2828 458 2964 514 XIV.

2053 541 2129 596 De
2161 545 2432 613 prophetia
2458 545 2645 611 Jacob,
2673 565 2775 617 qua
2802 547 3035 616 ﬁliorum
3063 549 3234 604 Israel
3261 560 3484 607 reditum

2654 618 2920 687 pra'dia'it.

2049 724 2120 779 Et
2146 727 2219 782 ait
2249 727 2318 781 ad
2346 728 2537 800 Ioseph
2576 729 2746 799 ﬁlium
2774 748 2927 786 suum
2953 746 2970 783 :
3001 733 3084 788 En
3122 751 3215 806 ego
3250 734 3468 805 moriar,
3505 747 3556 795 et

1978 818 2079 870 erit
2104 816 2245 871 Deus
2274 818 2557 886 vobiscum,
2589 822 2893 894 reducetque
2918 840 3003 878 eos
3030 827 3100 879 ad
3129 833 3322 881 tetram
3346 839 3557 899 patrum

1977 916 2287 962 vestrorum.
2326 909 2409 963 Do
2437 911 2529 965 tibi
2554 921 2755 982 partem
2791 930 2951 967 unam
2990 925 3138 969 extra
3184 904 3375 985 fratres
3415 928 3555 985 tuos,

1976 1012 2139 1066 quam
2182 997 2281 1051 tuli
2310 998 2374 1052 de
2411 1016 2573 1053 manu
2603 1001 2899 1057 Amorrluei
2938 1004 2996 1057 in
3031 1003 3208 1074 gladio
3246 1016 3294 1059 et
3332 1008 3385 1061 in
3426 1024 3556 1079 arcu

1977 1103 2114 1141 mea.
2168 1088 2368 1165 Arcum
2420 1090 2508 1145 hic
2550 1102 2603 1146 et
2647 1092 3190 1165 gladiumjustitiam
3242 1107 3418 1163 vocat,
3459 1114 3558 1169 per

1978 1195 2141 1251 quam
2189 1182 2391 1235 meruit
2438 1183 2757 1254 peregrinus
2799 1193 2854 1239 et
2876 1186 3106 1253 advena,
3155 1188 3440 1244 interfecto
3470 1188 3558 1245 Si-

1978 1271 2133 1325 chem
2166 1278 2222 1326 et
2246 1271 2431 1337 Emor,
2476 1274 2542 1329 de
2570 1275 2811 1343 periculo
2837 1275 3079 1331 liberari.
3126 1278 3330 1334 Timuit
3372 1281 3551 1348 enim,

1977 1370 2038 1416 ut
2075 1379 2236 1433 supra
2281 1364 2363 1436 leg
2391 1380 2529 1431 mus,
2575 1382 2643 1421 ne
2683 1368 2858 1422 vicina
2887 1371 3085 1440 oppida
3114 1379 3276 1442 atque
3304 1375 3551 1438 castella.

1976 1453 2047 1509 ob
2087 1457 2427 1512 eversionem
2455 1457 2730 1515 fmderatae
2774 1462 2945 1527 urbis,
2995 1464 3283 1520 adversum
3322 1481 3382 1522 se
3422 1483 3545 1523 eon-

1977 1556 2279 1616 surgerent,
2305 1556 2360 1603 et
2387 1549 2645 1605 Dominus
2667 1568 2772 1607 non
2809 1554 2954 1608 dedit
2979 1555 3058 1609 eis
3084 1565 3142 1609 ut
3168 1567 3428 1613 nocerent
3452 1558 3549 1613 illi.

1977 1635 2075 1691 Vel
2116 1646 2265 1691 certe
2309 1638 2387 1692 sic
2430 1638 2871 1707 intelligendum:
2904 1641 3050 1697 Dabo
3091 1643 3185 1697 tibi
3230 1643 3548 1709 Sichimam,

1978 1745 2141 1799 quam
2183 1731 2288 1786 emi
2323 1732 2376 1786 in
2404 1731 2719 1787 fortitudine
2763 1749 2906 1800 mea,
2950 1736 3052 1789 hoc
3090 1745 3175 1791 est
3222 1737 3274 1790 in
3320 1739 3551 1808 pecunia

291 1839 409 1878 sum
435 1822 719 1892 fraudatus
749 1838 782 1875 a
816 1833 1091 1893 conspectu
1120 1832 1232 1889 tuo,
1261 1825 1475 1895 insuper
1498 1825 1720 1879 ostendit
1746 1824 1874 1878 mihi
1906 1810 1949 1869 Β
1978 1837 2119 1889 mea,
2163 1839 2325 1894 quam
2369 1823 2538 1877 multo
2580 1824 2763 1880 labore
2798 1833 2851 1879 et
2882 1826 3078 1881 sudore
3116 1829 3356 1897 quaesivi.
3399 1828 3551 1897 Quod

288 1913 438 1969 Deus
462 1932 635 1968 semen
656 1924 825 1968 tuum.
854 1915 1086 1988 Cumque
1114 1915 1315 1970 tulisset
1341 1934 1426 1972 eos
1453 1917 1644 1987 Joseplt
1667 1917 1731 1971 de
1756 1933 1872 1987 gre-

290 2007 400 2060 mio
436 2006 605 2076 patris
630 2044 647 2071 ,
693 2006 931 2060 adoravit
978 2024 1174 2078 pronus
1216 2009 1273 2061 in
1320 2018 1553 2073 terram,
1598 2017 1659 2063 .et
1698 2007 1870 2077 posuit

290 2094 553 2168 Ephraim
577 2095 645 2150 ad
665 2095 931 2151 dexteram
951 2114 1120 2162 suam,
1157 2098 1211 2151 id
1241 2107 1337 2164 est,
1379 2099 1447 2153 ad
1483 2099 1751 2152 sinistram
1782 2098 1868 2151 ls-

291 2187 426 2253 rael,
482 2188 767 2242 Manassen
809 2203 930 2241 vero
975 2189 1030 2240 in
1067 2188 1281 2243 sinistra
1322 2206 1443 2255 sua,
1493 2189 1562 2243 ad
1601 2190 1868 2243 dexteram

289 2283 491 2343 scilicet
512 2284 698 2354 patris,
723 2282 1075 2354 applicuitque
1107 2282 1284 2336 ambos
1307 2283 1539 2339 adeum.
1571 2280 1676 2347 Qui
1698 2293 1872 2338 exten-

289 2375 421 2428 dens
452 2392 668 2429 manum
711 2375 979 2429 dexteram
1017 2375 1188 2445 posuit
1225 2391 1382 2446 super
1422 2385 1576 2446 caput
1602 2375 1870 2446 'Epltraim

280 2465 523 2535 junioris
563 2466 770 2536 fratris,
811 2466 1081 2519 sinistram
1127 2475 1301 2519 autem
1353 2483 1507 2538 super
1555 2476 1709 2538 caput
1751 2466 1870 2521 Ha-

290 2573 471 2623 nasse,
500 2557 590 2628 qui
616 2557 789 2627 major
814 2566 942 2610 natu
983 2565 1116 2622 erat,
1158 2567 1488 2612 commutans
1516 2575 1744 2624 manus;
1785 2558 1870 2612 be-

289 2648 473 2700 nedixi
495 2663 594 2717 que
623 2646 737 2716 ﬁlio
766 2663 862 2701 suo
888 2646 1107 2718 Joseplt,
1139 2656 1242 2703 etc.
1280 2649 1463 2720 (Aug.)
1495 2649 1648 2718 Quod
1673 2649 1748 2705 ita
1773 2649 1871 2707 be-

288 2738 497 2792 nedicit
539 2747 764 2808 nepotes
802 2752 931 2793 suos
969 2738 1152 2804 Israel,
1208 2746 1267 2793 ut
1313 2740 1593 2807 dexteram
1648 2757 1868 2797 manum

286 2827 489 2882 minori
520 2828 780 2896 imponat,
836 2827 1026 2897 majori
1079 2836 1258 2884 autem
1311 2829 1607 2897 sinistram,
1657 2839 1714 2885 et
1764 2832 1870 2888 hoc

288 2919 402 2973 tilio
445 2934 543 2973 suo
584 2917 783 2988 Joseph
834 2919 1033 2974 volenti
1078 2920 1353 2991 corrigere
1398 2922 1552 2992 quasi
1593 2930 1868 2979 errantem

284 3020 454 3080 atque
483 3011 817 3065 nescientem
841 3011 915 3065 ita
944 3011 1262 3081 respondit:

340 3123 492 3189 Scio,
502 3122 583 3193 fili
596 3124 686 3189 mi,
702 3123 829 3189 scio,
847 3136 889 3178 et
907 3124 990 3177 hic
1004 3124 1102 3177 erit
1115 3124 1167 3177 in
1180 3123 1452 3195 populum,
1466 3135 1513 3179 et
1526 3125 1863 3192 exaltabitur,
1894 3164 1936 3225 Ο

284 3216 379 3272 sed
404 3216 574 3285 frater
616 3214 727 3284 ejus
770 3215 960 3284 junior
988 3215 1162 3285 major
1185 3213 1276 3268 illo
1306 3217 1426 3281 erit,
1469 3225 1517 3269 et
1546 3232 1720 3269 semen
1747 3215 1863 3283 eius

284 3311 382 3363 erit
408 3310 465 3362 in
496 3307 830 3362 multitudine
853 3308 1102 3379 gentium.
1133 3306 1408 3363 Hactenus
1428 3307 1496 3363 de
1520 3308 1736 3363 Christo
1767 3324 1858 3364 ac-

282 3399 595 3470 cipiendum
623 3408 722 3465 est,
742 3392 1021 3470 quatenus
1048 3400 1209 3454 etiam
1240 3400 1308 3454 de
1342 3399 1459 3470 ipso
1479 3397 1645 3453 Jacob
1671 3407 1725 3454 et
1747 3397 1861 3452 fra-

284 3498 370 3544 tre
389 3490 509 3560 ejus
531 3490 731 3544 dictum
767 3484 890 3545 est:
917 3488 1058 3555 Quia
1093 3489 1269 3558 major
1304 3489 1488 3544 serviet
1520 3491 1731 3545 minori.
1766 3490 1862 3545 Se-

283 3584 523 3639 cundum
550 3584 654 3637 hoc
674 3581 818 3636 enim
842 3577 1166 3651 significavit
1196 3580 1397 3651 aliquid
1422 3581 1734 3652 prophetico
1756 3581 1861 3635 hoc

281 3669 532 3726 faciendo
581 3671 770 3738 Israel,
811 3672 956 3742 quod
993 3672 1222 3741 populus
1262 3671 1532 3742 posterior
1566 3686 1666 3741 per
1703 3660 1860 3726 Chri-

282 3769 426 3815 stum
474 3761 721 3823 futurus,‘
750 3760 1162 3834 regeneratione
1195 3760 1464 3835 spirituali
1506 3766 1859 3831 superaturus

280 3860 399 3907 erat
440 3851 697 3924 pupulum
733 3855 991 3925 priorem,
1029 3854 1096 3908 de
1135 3850 1337 3909 carnali
1380 3858 1593 3923 patrum
1617 3864 1858 3920 genera-

282 3946 430 3999 tione
476 3945 819 4016 gloriantem.
868 3944 1050 4017 (lsid.)
1091 3944 1229 3999 Nam
1258 3943 1432 4012 major
1463 3942 1606 3997 filius
1633 3940 1854 4004 Joseph.

280 4037 384 4091 hoc
425 4046 511 4091 cst
552 4035 847 4102 Manasses,
892 4037 983 4107 qui
1010 4037 1399 4107 interpretatur
1425 4034 1632 4098 oblivio,
1673 4043 1856 4106 typum

277 4124 770 4198 gerit'Judzeorum,
794 4129 884 4198 qui
912 4129 1112 4184 oblitus
1132 4137 1218 4183 est
1238 4128 1407 4183 Deum
1429 4137 1585 4182 suum
1605 4127 1699 4197 qui
1724 4126 1857 4182 fecit

278 4236 435 4284 eum;
474 4221 654 4274 minor
672 4212 854 4274 autem
880 4219 1332 4291 Christianorum,
1357 4219 1449 4290 qui
1471 4218 1854 4274 fecunditatem

277 4320 473 4377 sonat,
503 4314 648 4383 quod
688 4322 773 4368 est
810 4315 1087 4385 proprium
1116 4313 1298 4384 populi
1320 4312 1574 4383 junioris,
1606 4313 1697 4383 qui
1718 4304 1848 4368 cor-

275 4420 379 4475 pus
422 4414 508 4459 est
549 4403 785 4472 Christi,
831 4406 922 4474 qui
970 4406 1289 4462 fecundatus
1332 4411 1416 4461 est
1465 4406 1520 4460 in
1570 4404 1853 4460 latitudine

276 4497 483 4551 mundi.
557 4496 666 4551 llos
725 4498 942 4566 quidem
991 4512 1114 4553 cum
1172 4498 1493 4554 benedicere
1545 4497 1706 4553 vellet
1759 4496 1849 4552 Ja-
1874 4514 1927 4572 ι)

275 4587 396 4660 cob,
421 4584 829 4661 posuit‘Joseph
857 4581 1115 4660 Ephraim
1149 4589 1218 4644 ad
1264 4589 1567 4655 sinistram,
1601 4587 1847 4655 Manasse

273 4685 457 4730 autem
498 4677 569 4730 ad
606 4674 888 4741 dexteram
914 4679 1219 4751 constituit.
1275 4679 1348 4732 At
1396 4678 1489 4733 ille
1536 4677 1848 4733 caneellatis

273 4771 528 4825 manibus
550 4770 729 4824 crucis
757 4770 1073 4841 mysterium
1100 4770 1470 4841 praefigurans,
1494 4770 1767 4827 «translata
1793 4771 1848 4825 in

272 4856 485 4917 minore
525 4861 769 4927 dextera,
808 4862 1001 4931 majori
1038 4862 1311 4918 sinistram
1336 4863 1709 4933 superposuit,
1743 4862 1850 4916 sic.

270 4970 380 5027 que
411 4938 589 5010 crucis
614 4955 912 5010 similitudo
938 4969 1100 5025 super
1140 4955 1319 5025 capita
1353 4969 1544 5011 eorum
1591 4954 1847 5009 denotata

268 5046 473 5103 Judaris
498 5047 826 5111 scandalum,
858 5046 1180 5103 Christianis
1202 5047 1437 5102 futuram
1460 5047 1687 5118 gloriam
1708 5061 1847 5116 prae-

270 5137 538 5208 signavit;
566 5138 941 5208 senioremque
962 5153 1061 5209 per
1090 5138 1275 5193 crucis
1301 5139 1613 5209 mysterium
1643 5136 1845 5192 factum

269 5231 339 5284 de
374 5230 601 5285 dextero
646 5231 952 5295 sinistrum,
1006 5239 1063 5284 et
1096 5230 1370 5300 juniorem
1396 5230 1645 5284 dextrum
1672 5228 1740 5284 de
1765 5229 1843 5285 si-

267 5321 469 5387 nistro,
521 5322 647 5392 quia
696 5321 896 5377 Judaeis
932 5322 986 5377 in
1018 5331 1205 5377 nostra
1257 5323 1467 5399 deserta
1515 5321 1844 5399 labentibus,

268 5425 372 5466 nos
401 5399 619 5472 illorum
654 5413 886 5483 gratiam
927 5413 1104 5483 adepti
1139 5428 1371 5468 sumus:
1422 5394 1626 5482 talique
1665 5427 1849 5468 sacra-

271 5512 458 5557 mento
494 5503 688 5571 majori
725 5503 923 5574 populo
952 5504 1258 5560 indecorum
1286 5504 1608 5575 praapositus
1632 5513 1717 5559 est
1746 5504 1848 5559 mio

270 5609 374 5648 nor
405 5593 635 5663 populus
661 5595 923 5666 gentium.
961 5594 1111 5652 Unde
1138 5603 1193 5650 et
1223 5596 1364 5650 idem
1394 5594 1705 5663 patriarcha
1733 5584 1841 5648 ait:

278 5683 377 5738 Hic
398 5683 608 5754 quidem
643 5686 740 5740 erit
770 5685 824 5739 in
849 5684 1117 5757 populum,
1143 5686 1233 5742 sed
1262 5686 1345 5740 hic
1374 5684 1708 5740 exaltabitur.

1978 1921 2160 1967 autem
2185 1930 2343 1983 super
2364 1914 2555 1983 fratres
2586 1924 2701 1969 tuos
2735 1917 2831 1981 ait,
2863 1917 3139 1986 respondit
3172 1918 3377 1990 absque
3405 1933 3553 1976 sorte

1972 2001 2185 2058 dedisse
2225 2018 2347 2057 eam
2388 2004 2552 2059 tribui
2584 2004 2801 2076 Joseph.
2837 2006 2894 2061 Si
2932 2008 3150 2077 quidem
3196 2011 3386 2066 eodem
3429 2012 3549 2068 loco

1973 2093 2215 2163 sepultus
2258 2105 2343 2150 est
2378 2093 2595 2167 Ioseph,
2638 2106 2693 2153 et
2736 2099 3069 2154 mausoleum
3118 2102 3234 2172 ejus
3272 2103 3345 2158 ibi
3390 2104 3551 2160 hodie

1973 2188 2232 2240 cernitur.
2283 2185 2403 2240 Alia
2450 2195 2631 2241 autem
2678 2188 2913 2244 editione
2954 2191 3029 2244 ita
3069 2190 3401 2262 legitur:Et
3454 2211 3548 2266 ego

1969 2276 2091 2329 dedi
2113 2277 2206 2329 tibi
2228 2275 2511 2331 Sic/rimam
2525 2280 2842 2350 prmcipuam
2865 2297 3020 2351 super
3036 2283 3229 2353 fratres
3250 2293 3390 2350 tuos,
3409 2286 3552 2356 plus-

1970 2381 2128 2435 quam
2164 2365 2417 2434 fratribus
2447 2365 2574 2432 tuis,
2610 2382 2769 2437 quam
2798 2369 2972 2440 accepi
2997 2369 3061 2424 de
3090 2370 3330 2427 manibus
3354 2372 3546 2428 Amor-

1973 2459 2233 2512 rlta'orum
2263 2459 2327 2513 in
2347 2458 2524 2530 gladio
2571 2475 2683 2514 meo
2729 2469 2779 2515 et
2823 2463 3034 2533 sagitta.
3086 2462 3347 2533 Sichima,
3387 2466 3547 2538 juxta

1971 2546 2217 2603 Graecam
2245 2558 2300 2604 et
2325 2548 2574 2605 Latinam
2620 2552 3098 2622 consuetudinem,
3146 2557 3414 2613 declinata
3441 2568 3546 2627 est,

1972 2641 2210 2711 alioquin
2251 2640 2516 2697 Hebraice
2551 2640 2769 2699 Sichem
2818 2644 3037 2711 dicitur,
3066 2654 3126 2701 ut
3146 2644 3384 2704 Joannes
3412 2665 3549 2720 quo-

1971 2746 2075 2801 que
2090 2730 2419 2801 evangelista
2444 2739 2674 2786 testatur
2694 2730 2876 2803 (Joan.
2894 2732 2993 2806 IV),
3012 2733 3135 2790 licet
3156 2736 3351 2792 vitiose
3375 2744 3435 2791 ut
3460 2737 3549 2793 Si-

1971 2822 2105 2876 char
2148 2820 2357 2893 legatur
2405 2836 2562 2877 error
2606 2821 2844 2888 inolevit,
2895 2832 2950 2879 et
2985 2831 3071 2880 e‘st
3096 2842 3238 2882 nunc
3267 2827 3543 2899 Neapolis,

1970 2915 2100 2969 urbs
2129 2911 2614 2969 Samaritanorum.
2644 2913 2778 2982 Quia
2827 2932 2958 2990 ergo
2987 2915 3201 2974 Sichem
3230 2919 3410 2989 lingua
3439 2921 3548 2979 lle-

1969 3004 2115 3059 braaa
2167 3002 2496 3058 transfertur
2534 3004 2590 3059 in
2641 3005 2945 3073 humerum,
2998 3008 3222 3078 pulchre
3271 3010 3452 3066 allusit
3475 3013 3544 3067 ad

1973 3110 2168 3150 nomen
2214 3084 2438 3150 dicens:
2469 3093 2538 3148 Et
2572 3112 2665 3166 ego
2706 3095 2842 3151 dabo
2887 3097 2981 3153 tibi
3031 3101 3307 3155 humerum
3357 3120 3540 3158 unum.

1968 3183 2148 3252 Quaeri
2189 3192 2367 3239 tamen
2412 3200 2520 3240 non
2561 3185 3005 3243 inconvenienter
3039 3198 3247 3260 potest,
3284 3194 3546 3261 quemad-

1967 3277 2187 3332 modum
2240 3276 2416 3331 valeat
2450 3276 2519 3333 ad
2567 3276 2802 3332 litteram
2850 3283 3158 3337 convenire.
3206 3283 3352 3338 Emit
3395 3286 3541 3341 enim

1964 3376 2182 3423 centum
2228 3369 2381 3438 agnis
2426 3369 2821 3438 possessionem
2871 3370 3033 3436 illam,
3092 3388 3198 3426 non
3225 3375 3387 3443 coepit
3418 3376 3543 3445 jure

1962 3458 2205 3512 victoria:
2232 3458 2460 3513 bellicae.
2498 3458 2582 3513 An
2611 3459 2737 3529 quia
2767 3458 2944 3515 Salem
2972 3460 3245 3517 civitatem
3275 3463 3544 3519 Sichimo-

1962 3564 2081 3604 rum
2110 3548 2206 3603 filii
2228 3547 2347 3618 ejus
2371 3558 2835 3620 expugnaverunt,
2859 3557 2915 3606 et
2934 3551 3057 3623 jure
3077 3552 3200 3609 belli
3227 3556 3402 3625 potuit
3426 3555 3542 3624 ejus

1962 3632 2101 3703 fieri,
2124 3647 2185 3693 ut
2202 3637 2410 3707 justum
2433 3639 2634 3694 bellum
2663 3655 2785 3695 cum
2807 3641 2887 3696 eis
2914 3642 3161 3698 videatur
3180 3654 3415 3715 gestum,
3445 3652 3541 3719 qui

1868 3758 1873 3763 ~
1962 3736 2166 3783 tantam
2193 3729 2403 3799 priores
2434 3729 2687 3800 injuriam
2716 3730 2961 3787 fecerunt
2986 3734 3040 3787 in
3067 3733 3184 3802 ejus
3212 3736 3323 3791 filia
3352 3751 3540 3795 conta-

1959 3819 2257 3873 minanda?
2294 3818 2402 3873 Cur
2424 3834 2529 3874 non
2552 3834 2681 3893 ergo
2704 3819 2811 3874 illis
2832 3819 2976 3874 illam
3014 3832 3215 3878 terram
3245 3825 3411 3894 dedit,
3438 3830 3536 3897 qui

1961 3911 2065 3971 hoc
2099 3918 2573 3980 perpetraverunt,
2622 3910 2726 3967 hoc
2760 3921 2843 3968 est
2882 3913 3179 3985 majoribus
3218 3914 3344 3973 filiis
3390 3919 3538 3974 suis?

1962 4001 2179 4063 Deinde,
2229 4002 2273 4057 si
2304 4002 2464 4059 modo
2489 4017 2558 4058 ex
2586 4002 2678 4058 illa
2710 4004 2935 4060 victoria
2978 4007 3234 4075 glorians,
3279 4009 3372 4064 dat
3412 4026 3535 4067 eam

1956 4103 2161 4151 terram
2195 4094 2306 4147 lilio
2335 4108 2435 4149 suo
2466 4093 2686 4165 Ioseph,
2735 4111 2834 4151 cur
2880 4098 2930 4151 ei
2980 4099 3370 4168 displicuerunt
3407 4110 3535 4158 tunc

1960 4185 2051 4240 filii
2089 4186 2180 4256 qui
2211 4185 2317 4241 huc
2348 4186 2772 4241 commiserunt?
2808 4185 2916 4241 Cur
2948 4188 3179 4259 denique
3204 4191 3368 4246 etiam
3391 4209 3531 4250 nunc

1955 4293 2078 4332 cum
2108 4293 2203 4332 eos
2228 4277 2593 4345 benediceret,
2610 4280 2988 4355 exprobrando
3016 4281 3068 4334 id
3090 4287 3533 4340 commemoravit

1956 4370 2009 4424 in
2037 4368 2195 4425 factis
2221 4370 2447 4425 eorum?
2481 4369 2675 4425 Procul
2704 4368 2866 4426 dubio
2890 4386 3019 4443 ergo
3048 4372 3261 4444 aliquod
3284 4375 3373 4431 hic
3400 4376 3534 4433 latet

1955 4456 2343 4531 propheticum
2369 4451 2790 4528 sacramentum,
2836 4464 2960 4534 quia
2994 4473 3050 4520 et
3074 4463 3271 4537 Ioseph
3298 4469 3532 4538 quadam

1953 4553 2223 4622 prtecipua
2258 4553 2651 4624 significatione
2679 4556 2955 4612 ChriStum
2990 4557 3377 4632 praefiguravit.
3404 4564 3532 4620 etei

1955 4645 2116 4698 datur
2141 4644 2232 4700 illa
2254 4655 2396 4701 terra
2423 4647 2515 4702 ubi
2535 4647 2932 4719 disperdidcrat
2950 4651 3228 4708 obrucndo
3249 4656 3378 4710 deos
3400 4655 3533 4712 alie-
3580 4673 3588 4680 ’

1953 4752 2055 4792 nos
2075 4737 2263 4803 Jacob,
2298 4747 2357 4792 ut
2386 4738 2637 4795 Christus
2666 4740 2997 4812 intelligatur
3016 4759 3368 4815 possessurus
3395 4763 3528 4818 gen-

1957 4834 2038 4881 tes
2073 4826 2176 4881 diis
2200 4836 2414 4896 patrum
2452 4842 2672 4895 suorum
2719 4834 3112 4902 renuntiantes,
3154 4844 3210 4890 et
3246 4837 3530 4894 credentes

1955 4930 2010 4971 In
2037 4930 2180 4971 eum.

2023 5003 2123 5058 His
2149 5006 2437 5076 completis,
2467 5009 2661 5063 vocavit
2688 5008 2853 5065 Iacob
2880 5011 3021 5082 ﬁlios
3051 5030 3170 5069 suos
3189 5050 3203 5074 .
3232 5026 3286 5066 ut
3315 5016 3527 5070 benedi-

1952 5106 2087 5151 ceret
2126 5114 2235 5151 eos.
2282 5097 2504 5169 Mystico
2534 5099 2723 5156 ordine
2753 5100 2999 5172 loquens,
3034 5114 3286 5175 tanquam
3318 5104 3527 5161 futuro-

1952 5200 2137 5240 rorum
2174 5201 2296 5240 vere
2322 5188 2602 5257 praescius,
2646 5191 2783 5246 dixit
2821 5193 2900 5249 eis
2935 5209 3054 5264 quae
3077 5193 3406 5264 temporibus
3429 5211 3528 5251 no-

1953 5276 2193 5333 vissimis
2236 5276 2417 5334 futura
2457 5289 2635 5345 erant,
2674 5297 2793 5351 quae
2818 5291 2995 5337 tamen
3028 5294 3083 5339 et
3110 5284 3402 5339 secundum
3441 5285 3526 5340 ht-

1953 5367 2178 5426 storiam
2202 5368 2269 5425 de
2297 5369 2562 5427 divisione
2586 5380 2747 5428 terra:
2774 5372 3228 5441 repromissionis,
3255 5376 3526 5443 quomodo

1953 5457 2237 5514 dividenda
2264 5457 2428 5515 fuerit
2458 5463 2744 5532 nepotibus
2771 5462 3003 5527 illorum,
3036 5463 3347 5534 accipienda
3377 5475 3519 5527 sunt.

1952 5554 2007 5601 et
2030 5549 2324 5604 secundum
2347 5549 2659 5621 allegoriam
2696 5552 2762 5606 de
2791 5549 3008 5606 Christo
3031 5560 3086 5606 et
3114 5551 3355 5608 Ecclesia
3383 5569 3524 5626 prae-

1950 5638 2097 5693 dieta
2137 5640 2440 5694 certissime
2485 5640 2665 5695 veraci
2707 5640 2981 5695 intellectu
3025 5643 3362 5698 sentiendum
3411 5656 3515 5700 est.

1954 5720 2059 5785 Sed
2086 5731 2235 5801 prius
2282 5733 2519 5789 historiae
2565 5731 2911 5789 fundamenta
2948 5735 3199 5808 ponenda
3247 5744 3371 5794 sunt
3388 5734 3429 5804 ,‘
3462 5747 3523 5795 ut
