3970 6198
399 315 503 401 cas

1065 339 1126 392 Β.
1170 335 1418 391 usum
1461 299 1677 391 MAllﬂl
1713 334 2029 390 ARCHlEP.
2075 334 2381 392 uocum.
2425 333 2707 391 omnem
2750 333 2931 390 psus
2970 334 3009 389 ι.

3548 341 3649 396 656

399 461 578 532 aptius
635 455 906 528 allegoria;
966 452 1176 507 culmen
1234 451 1404 521 priori
1464 460 1746 507 structura:
1788 464 1977 521 supcr-
2004 453 2051 511 Λ
2081 448 2265 505 Ιεαιηα.
2301 448 2429 516 Quis
2452 449 2724 503 suscitabit
2746 451 2904 504 eum?
2927 449 3062 517 Quia
3090 449 3225 504 Juda
3252 453 3522 509 confessio
3551 456 3665 512 sive

562 571 645 607 ιη’.

562 571 592 607 ιι
631 593 645 607 .

396 564 867 717 p0gt‘ttngrregamini
898 650 946 696 et
979 641 1178 704 audite,
1221 639 1321 708 ﬁcii
1362 639 1547 703 Iacob,
1594 639 1774 694 audite
1803 636 1975 692 Israel

395 751 594 814 patrem
626 747 868 793 uestrum.
896 732 1092 806 (Θήρ.)
1124 730 1230 788 Sed
1268 731 1500 788 fortasse
1537 731 1785 801 requiras
1798 744 1977 820 quare

398 833 491 887 lilii
527 828 695 886 Jacob
722 828 977 883 dicuntur
1004 824 1095 895 qui
1122 824 1471 890 conveniunt,
1495 820 1662 878 Israel
1690 837 1820 877 vero
1848 820 1979 876 dici-

404 932 491 977 tur
518 922 609 992 qui
636 917 909 974 benedicit
935 930 1049 971 eos.
1092 912 1228 969 Vide
1274 929 1342 967 ne
1375 912 1514 969 forte
1548 914 1653 968 hoc
1686 910 1974 977 indicetur,

395 1015 538 1084 quod
554 1013 625 1067 illi
643 1011 877 1066 nondum
890 1021 1127 1077 eousque
1138 1004 1501 1077 profecerant,
1518 1004 1753 1062 utlsrael
1767 1005 1977 1060 meritis

395 1111 763 1176 aquarentur,
787 1110 843 1155 et
864 1101 987 1157 ideo
1011 1099 1087 1154 illi
1119 1098 1214 1153 ﬁlii
1240 1097 1409 1156 Iacob
1435 1099 1690 1155 dicuntur
1715 1106 1975 1170 tanquam

396 1197 718 1261 inferiores;
744 1193 833 1249 ille
859 1205 987 1246 vero
1012 1190 1104 1260 qui
1132 1188 1248 1261 jam
1271 1190 1545 1260 perfectus
1572 1198 1707 1254 erat,
1730 1198 1787 1247 et
1810 1192 1977 1247 bene-

395 1287 662 1342 dictiones
710 1286 1014 1345 futurorum
1064 1286 1312 1344 conscius
1354 1283 1517 1340 dabat
1591 1283 1758 1340 Israel
1792 1283 1977 1355 appel-

395 1380 555 1434 latur.

992 1471 1221 1528 CAPUT
1262 1470 1378 1525 XV.

398 1568 471 1621 De
507 1564 947 1620 benedictionibus
994 1562 1268 1617 duodecim
1304 1562 1749 1632 patriarcharum,
1786 1560 1972 1630 quibus

710 1635 968 1688 benedixit
1007 1632 1112 1687 illis
1138 1642 1285 1704 pater
1305 1630 1439 1686 suus
1468 1630 1656 1686 Iacob.

440 1745 596 1811 (CAP.
628 1745 801 1815 χιιι.)
825 1743 1006 1798 Ruben
1036 1744 1413 1813 primogenitus
1441 1757 1605 1805 meus,
1633 1751 1689 1794 tu
1717 1740 1971 1809 fortitudo

2080 539 2198 595 laus
2226 539 2634 609 interpretatur,
2658 547 2805 594 recte
2823 540 3081 595 scribitur
3107 557 3121 591 :
3152 539 3320 607 Iuda,
3348 544 3666 613 conﬁtebun-

2079 639 2165 683 tur
2185 629 2278 683 tibi
2313 628 2527 698 fratres,
2565 627 2642 683 vel
2666 627 2958 682 laudabunt
2993 637 3060 682 te.
3104 628 3171 683 Et
3196 628 3321 684 licet
3357 632 3424 685 de
3449 633 3667 691 Christo

2079 720 2281 791 grande
2328 720 2645 791 mysterium
2696 719 2806 785 sit,
2859 728 3041 774 tamen
3089 722 3383 776 secundum
3427 722 3667 780 litteram

2080 811 2373 883 signiﬁcat,
2409 811 2550 882 quod
2572 828 2668 882 per
2690 812 2856 867 David
2891 813 3113 883 stirpem
3134 823 3463 885 generantur
3484 832 3661 889 reges,

2079 910 2133 957 et
2169 903 2311 972 quod
2349 903 2580 960 adorent
2618 919 2743 960 eum
2786 919 2978 960 omnes
3016 904 3210 959 tribus.
3243 904 3361 961 Non
3388 907 3533 964 enim
3564 910 3664 976 ait,

2078 993 2174 1048 lilii
2221 995 2411 1050 matris
2458 1002 2593 1059 tute,
2645 996 2739 1052 sed
2788 994 2884 1050 ﬁlii
2932 996 3105 1066 patris
3151 996 3261 1062 tui;
3302 1004 3358 1052 et
3392 1000 3537 1068 quod
3572 1016 3662 1058 se-

2078 1085 2262 1157 quitur
2279 1104 2292 1141 :

2148 1177 2229 1231 Ad
2241 1178 2495 1248 pradam,
2511 1177 2593 1248 ﬁli
2612 1180 2705 1245 mi,
2728 1179 3030 1244 ascendisti,
3051 1181 3287 1236 ostendit
3301 1195 3424 1237 eum
3436 1184 3667 1255 populos

2077 1269 2316 1338 captivos
2357 1284 2479 1326 esse
2526 1271 2832 1336 ducturum,
2864 1279 2919 1325 et
2958 1271 3113 1341 juxta
3144 1271 3551 1345 intelligentiam
3581 1291 3666 1332 sa-

2076 1360 2366 1417 cratiorem
2389 1402 2405 1427 ,
2460 1363 2771 1418 ascendisse
2804 1362 2857 1418 in
2887 1363 3055 1418 altum
3078 1403 3093 1429 ,
3138 1365 3411 1435 captivam
3444 1368 3664 1424 duxisse

2074 1454 2442 1526 captivitatem
2467 1471 2482 1521 ;
2513 1455 2644 1521 sive,
2669 1456 2814 1527 quod
2837 1455 3029 1512 melius
3053 1464 3203 1527 puto,
3219 1458 3513 1528 captivitas
3539 1475 3662 1531 pas-

2075 1546 2304 1611 sionem,
2335 1561 2591 1602 ascensus
2616 1547 3068 1603 resurrectionem
3097 1548 3383 1620 signiﬁcat.

2145 1639 2381 1711 Alligans
2412 1639 2481 1693 ad
2531 1640 2733 1695 vineam
2761 1639 2963 1709 pullum
2989 1656 3165 1707 suum,
3192 1650 3243 1695 et
3266 1641 3337 1696 ad
3370 1642 3525 1696 vitem
3552 1646 3661 1697 asi-

2074 1748 2198 1786 nam
2226 1749 2401 1787 suam.
2430 1730 2584 1800 Quod
2612 1732 2859 1788 videlicet
2885 1733 3089 1803 pullum
3110 1734 3277 1790 asina:
3294 1735 3381 1791 cui
3414 1750 3659 1806 super-sev

392 1856 535 1905 mea,
560 1848 608 1893 et
630 1803 944 1908 principium
967 1803 1162 1888 doloris
1188 1803 1288 1887 mei
1302 1850 1320 1899 ;
1349 1832 1495 1903 prior
1515 1833 1570 1885 in
1593 1803 1769 1896 donis,
1797 1831 1971 1900 major
2002 1803 2046 1862 Β
2075 1822 2154 1876 dit
2172 1821 2349 1888 Jesus,
2381 1828 2482 1878 hoc
2516 1832 2603 1879 est
2636 1822 2914 1894 gentilium
2942 1824 3217 1895 populum,
3250 1826 3419 1883 vineae
3447 1803 3660 1898 aposto-

391 1932 628 2001 imperio.
650 1927 864 1997 Effusas
880 1943 931 1981 es
950 1926 1083 1980 sicut
1104 1940 1263 1996 aqua,
1287 1940 1389 1978 non
1413 1939 1633 1986 crescas,
1651 1922 1776 1993 quia
1789 1938 1971 1976 ascen-

390 2024 515 2076 disti
554 2020 722 2075 cubile
758 2018 925 2090 patris
968 2017 1084 2080 tui,
1136 2024 1183 2069 et
1225 2013 1503 2068 maculasti
1553 2021 1780 2068 stratum
1829 2013 1963 2082 ejus.

391 2112 488 2166 Est
534 2119 712 2164 autem
751 2123 942 2163 sensus
986 2106 1118 2161 hic:
1154 2104 1231 2158 Tu
1274 2118 1335 2159 es
1377 2102 1765 2174 primogenitus
1792 2117 1965 2167 meus,

390 2198 565 2268 major
592 2199 645 2253 in
668 2197 875 2262 liberis,
908 2204 965 2251 et
997 2194 1233 2250 debebas
1254 2190 1409 2261 juxta
1435 2193 1681 2247 ordinem
1714 2191 1968 2247 nativita-

394 2296 462 2349 tis
490 2304 612 2356 tuze,
642 2301 698 2347 et
728 2288 1097 2346 luereditatem
1124 2302 1244 2358 qua:
1273 2284 1783 2358 primogenitisjure
1813 2285 1969 2341 debes
2006 2338 2018 2347 ,

391 2395 501 2449 tur,
534 2381 898 2439 sacerdotium
947 2379 1195 2449 accipere
1242 2389 1297 2432 et
1342 2393 1586 2449 regnum.
1633 2376 1747 2435 Hoc
1769 2377 1967 2447 quippe

386 2479 441 2532 in
468 2474 731 2547 portando
754 2487 919 2529 onere
938 2480 992 2527 et
1010 2469 1299 2542 pmvalido
1325 2469 1518 2522 robore
1543 2467 1962 2523 demonstratur.

390 2550 590 2626 Verum
618 2568 741 2638 quia
771 2564 1028 2637 peccasti,
1072 2561 1227 2633 quasi
1271 2577 1411 2631 aqua
1448 2576 1568 2631 quae
1609 2560 1829 2616 vasculo
1856 2576 1964 2615 non

388 2670 624 2725 tenetur,
671 2657 959 2728 voluptatis
997 2653 1199 2709 eﬁ'usus
1227 2667 1287 2708 es
1324 2654 1548 2724 impetu,
1595 2651 1796 2708 idcirco
1821 2666 1960 2722 pra:—

381 2756 522 2826 cipio
563 2753 659 2808 tibi
707 2760 766 2806 ut
806 2749 955 2807 ultra
988 2763 1095 2802 non
1147 2761 1372 2818 pecces,
1415 2744 1598 2816 sisque
1638 2744 1691 2798 in
1734 2742 1960 2799 fratrum

383 2862 610 2903 numero
647 2858 836 2914 pinnas
867 2841 1073 2913 peccati
1120 2839 1294 2903 luens,
1326 2836 1467 2917 quod
1502 2836 1844 2908 primogeniti
1875 2850 1963 2890 or-

383 2940 561 2993 dinem
589 2932 891 3006 perdidisti.
918 2929 1145 3004 (Ambr.)
1197 2928 1528 2999 Principium
1556 2927 1961 2983 autemdoloris

382 3041 467 3084 cst
493 3027 672 3083 cattus
717 3022 1130 3095 primogenitus,
1175 3020 1300 3090 quia
1336 3033 1436 3089 pro
1465 3034 1529 3073 co
1556 3026 1962 3072 commoventur

382 3121 619 3191 primum
643 3117 851 3171 viscera
876 3122 1184 3184 parentum.

452 3210 636 3266 Simon
669 3217 716 3260 et
756 3204 877 3260 Levi
906 3204 1135 3274 fratres,
1176 3219 1299 3256 vasa
1345 3201 1633 3272 iniquitatis
1680 3198 1949 3253 bellantia.

380 3304 449 3358 1n
478 3300 717 3363 consilia
741 3313 920 3352 eorum
960 3313 1022 3350 ne
1056 3296 1227 3349 ueniat
1262 3295 1439 3348 anima
1475 3310 1613 3359 mea,
1644 3301 1692 3347 et
1733 3294 1787 3346 in
1828 3301 1959 3346 coetu

379 3393 591 3448 illorum
636 3407 737 3444 non
764 3389 830 3442 sit
857 3386 1024 3457 gloria
1062 3403 1197 3450 mea,
1242 3385 1365 3457 quia
1402 3385 1456 3438 in
1496 3383 1674 3451 furore
1702 3398 1798 3437 suo
1831 3383 1962 3435 occi-

379 3484 568 3538 derunt
592 3481 782 3543 virum,
810 3490 856 3533 et
881 3479 932 3531 in
958 3476 1224 3531 voluntate
1250 3492 1347 3530 sua
1375 3474 1700 3544 su/foderunt
1726 3488 1955 3526 murum.

378 3572 660 3645 Signiﬁcat
700 3578 881 3627 autem
928 3586 1036 3625 non
1086 3569 1165 3624 sui
1211 3568 1376 3623 fuisse
1418 3567 1654 3631 consilii,
1690 3565 1835 3637 quod
1874 3562 1960 3618 Si-

377 3670 533 3723 chem
557 3675 611 3720 et
636 3666 801 3720 Emor
828 3663 1116 3718 fuaderatos
1139 3661 1285 3713 viros
1312 3657 1716 3719 interfecerunt,
1746 3663 1959 3709 contra—

376 3776 483 3830 que
521 3758 610 3829 jus
657 3758 806 3827 pacis
844 3764 898 3809 et
947 3752 1312 3808 amicitiarum
1361 3750 1677 3821 sanguinem
1725 3748 1959 3801 fuderint

376 3852 749 3914 innocentem,
781 3857 835 3902 et
865 3845 1019 3915 quasi
1046 3843 1277 3913 quodam
1303 3842 1503 3906 furore,
1535 3841 1613 3895 sic
1640 3838 1960 3893 crudelitate

376 3943 597 4010 raptati,
646 3955 828 3995 muros
877 3936 1103 4004 hospitia
1151 3933 1391 3988 civitatis
1432 3931 1751 3986 everterint.
1807 3929 1958 3985 Unde

382 4032 626 4101 sequitur
648 4039 703 4083 et
725 4028 856 4083 dicit
882 4045 892 4078 :

447 4122 758 4176 Malcdictus
781 4120 931 4189 furor
952 4133 1153 4180 eorum,
1177 4117 1300 4184 quia
1325 4131 1553 4184 procax;
1578 4124 1625 4167 et
1647 4114 1726 4167 ira
1754 4129 1955 4175 eorum,

373 4216 494 4286 quia
540 4216 696 4269 dura.
727 4213 968 4267 Dividam
996 4226 1081 4264 eos
1110 4212 1163 4263 in
1191 4206 1358 4261 Jacob
1378 4248 1391 4271 ,
1439 4216 1485 4259 et
1532 4205 1829 4275 dispergam
1869 4219 1957 4257 eos

374 4310 429 4361 in
461 4305 647 4360 Israel.
676 4304 800 4359 Levi
834 4304 981 4360 enim
1013 4300 1382 4357 ltmreditatem
1410 4298 1686 4368 propriam
1726 4312 1832 4351 non
1867 4310 1958 4350 ac-

377 4397 540 4466 cepit,
570 4397 663 4449 sed
689 4396 742 4449 in
771 4395 1021 4449 omnibus
1061 4392 1315 4463 sceptris,
1364 4405 1562 4459 paucas
1593 4389 1755 4444 urbes
1785 4388 1853 4443 ad
1876 4387 1957 4441 in—

2074 1912 2245 1968 lorum
2271 1913 2360 1984 qui
2387 1931 2455 1970 ex
2482 1913 2682 1970 ludatis
2732 1924 2858 1971 sunt
2897 1915 3253 1986 copulaverit,
3273 1926 3330 1973 et
3363 1919 3434 1974 ad
3461 1919 3622 1974 vitem
3642 1962 3654 1983 ,

2072 2007 2202 2071 sive,
2235 2015 2292 2062 ut
2322 2008 2376 2062 in
2420 2006 2646 2063 Hebrteo
2680 2008 2863 2073 habet,
2898 2008 2965 2063 ad
3003 2022 3179 2074 sorec,
3214 2009 3267 2065 id
3293 2019 3397 2076 est,
3429 2009 3656 2067 electam

2070 2099 2258 2164 vitem,
2289 2100 2592 2171 alligaverit
2618 2100 2825 2155 asinam
2851 2100 2938 2156 cui
2967 2100 3273 2170 supersedit
3293 2141 3310 2169 ,
3356 2100 3657 2159 Ecclesiam

2069 2206 2134 2246 ex
2185 2192 2491 2248 nationibus
2534 2200 2939 2264 congregatam.
2973 2192 3128 2261 Quod
3172 2204 3355 2250 autem
3399 2192 3553 2264 dicit,
3579 2199 3663 2268 ﬁli

2066 2303 2160 2349 ml,
2185 2288 2547 2357 apostrophen
2581 2287 2646 2341 ad
2685 2286 2861 2357 ipsum
2904 2284 3099 2341 ludam
3148 2285 3300 2353 facit,
3331 2290 3474 2358 quod
3504 2290 3657 2346 Chri-

2070 2384 2185 2432 stus
2241 2377 2353 2432 haec
2405 2378 2478 2431 sit
2514 2378 2769 2434 nniversa
2813 2378 3076 2435 facturus.
3122 2378 3276 2447 Quod
3312 2389 3494 2437 autem
3525 2382 3656 2438 dici—

2068 2477 2155 2524 tur
2183 2487 2196 2523 :

2141 2559 2263 2615 Non
2293 2561 2561 2631 auferetur
2595 2572 2857 2633 sceptrum
2911 2563 2976 2616 de
3012 2561 3190 2628 Iuda,
3242 2572 3289 2618 et
3319 2564 3431 2618 dua:
3464 2564 3531 2620 tle
3572 2566 3649 2635 fe-

2065 2654 2294 2727 moribus
2318 2654 2454 2724 ejus,
2487 2655 2650 2709 donec
2686 2657 2854 2711 ueniat
2886 2654 2974 2711 ille
3005 2656 3095 2727 qui
3136 2657 3422 2712 mittendus
3443 2668 3559 2724 est;
3603 2669 3648 2712 et

2063 2744 2171 2813 ipse
2197 2744 2295 2797 erit
2326 2746 2643 2813 exspectatio
2670 2746 2920 2816 gentium,
2948 2745 3219 2817 significat
3256 2748 3400 2818 quod
3427 2764 3534 2804 non
3558 2749 3646 2805 de-

2065 2832 2288 2889 ﬁcerent
2323 2835 2595 2906 priscipes
2623 2835 2689 2892 de
2730 2837 2871 2893 tribu
2900 2836 3035 2893 Juda
3058 2880 3075 2905 ,
3125 2854 3298 2909 usque
3344 2841 3413 2895 ad
3444 2846 3669 2913 templis

2062 2940 2170 2996 quo
2210 2937 2370 2983 natus
2410 2937 2495 2984 est
2516 2928 2787 2997 Christus,
2814 2930 2930 3000 qui,
2958 2931 3155 2986 missus
3180 2948 3210 2987 a
3241 2930 3425 2997 Patre,
3456 2948 3646 3006 exspe-

2065 3020 2233 3074 ctatio
2261 3029 2339 3075 est
2368 3021 2627 3090 gentium.

2137 3108 2375 3165 Zabulon
2398 3112 2452 3165 in
2488 3110 2662 3167 littore
2690 3116 2851 3167 maris
2899 3114 3194 3181 habitabit,
3242 3126 3292 3170 et
3342 3115 3397 3170 in
3433 3119 3647 3172 statione

2066 3202 2299 3269 navium,
2322 3204 2619 3274 pertingens
2665 3222 2827 3276 usque
2852 3206 2922 3260 ad
2946 3204 3213 3262 Sidonem.
3248 3207 3501 3264 Issachar
3546 3212 3647 3265 asi-

2066 3311 2163 3348 nus
2191 3294 2365 3363 fortis,
2387 3296 2647 3352 accubans
2672 3298 2810 3353 inter
2834 3300 3104 3366 terminos,
3122 3300 3248 3355 vidit
3266 3303 3491 3373 requiem
3511 3303 3644 3373 quod

2063 3396 2192 3440 esset
2220 3387 2373 3451 bona,
2407 3398 2453 3442 et
2478 3399 2671 3444 terram
2702 3390 2843 3461 quod
2871 3392 3099 3462 optima,
3146 3395 3420 3464 supposuit
3470 3396 3643 3450 hume-

2064 3495 2179 3531 rum
2220 3495 2372 3533 suum
2401 3496 2467 3532 aa
2506 3482 2819 3550 portandum
2840 3523 2855 3547 ,
2914 3482 3188 3554 factusque
3208 3494 3286 3539 est
3315 3484 3524 3541 tributis
3544 3503 3645 3541 ser-

2063 3569 2221 3623 viens.
2249 3570 2384 3637 Quia
2430 3585 2592 3640 supra
2642 3570 2710 3627 de
2758 3571 2998 3627 Zabulon
3040 3574 3252 3630 dixerat
3293 3576 3436 3644 quod
3486 3577 3644 3631 maris

2063 3658 2243 3729 magni
2280 3659 2455 3714 littora
2479 3669 2625 3716 esset
2649 3676 3018 3732 possessurus,
3053 3662 3313 3720 Sidonem
3352 3680 3566 3736 quoque
3587 3673 3641 3721 et

2062 3751 2299 3821 reliquas
2324 3752 2608 3809 Pluenices
2628 3752 2793 3809 urbes
2819 3756 3178 3824 contingeret,
3205 3772 3349 3811 nunc
3379 3757 3446 3813 ad
3481 3756 3642 3813 medi-

2063 3851 2365 3899 terraneam
2403 3844 2736 3913 provinciam
2783 3846 2942 3913 redit,
2972 3856 3028 3902 et
3099 3848 3317 3905 lsachar
3357 3848 3451 3918 qui
3491 3848 3639 3920 juxta

2062 3933 2403 4005 Nephthalim
2428 3935 2846 4007 pulcherrimam
2888 3936 2942 3990 in
2966 3934 3187 3993 Galiltea
3219 3938 3493 4008 regionem
3523 3951 3640 4007 pos-

2059 4041 2308 4083 sessurus
2344 4035 2462 4091 est,
2512 4028 2885 4085 benedictione
2930 4042 3026 4082 sua
3073 4028 3437 4084 habitatorem
3494 4027 3633 4083 facit.

2061 4121 2283 4176 Asinum
2316 4129 2496 4176 autem
2525 4134 2741 4176 osseum
2772 4120 2856 4174 vel
2883 4118 3081 4176 fortem
3108 4128 3270 4177 vocat
3293 4162 3308 4185 ,
3358 4129 3415 4177 et
3453 4122 3635 4177 hume-

2059 4228 2179 4267 rum
2204 4212 2268 4266 ad
2295 4213 2616 4282 portandum
2645 4212 2903 4276 debitum,
2928 4212 3053 4282 quia
3084 4212 3139 4266 in
3174 4212 3361 4269 labore
3390 4220 3564 4279 terrae,
3587 4221 3636 4268 et

2059 4305 2316 4360 vehendis
2336 4305 2403 4360 ad
2441 4319 2592 4360 mare
2635 4320 2757 4374 qua:
2784 4304 2837 4359 in
2875 4303 3073 4359 finibus
3102 4302 3216 4360 suis
3258 4303 3632 4363 nascebantur,

2056 4397 2344 4468 plurimum
2372 4396 2658 4459 laboravit,
2682 4396 2898 4467 regibus
2926 4410 3140 4466 quoque
3170 4396 3370 4451 tributa
3394 4410 3631 4467 compor-

377 4489 724 4542 habitandum
770 4488 976 4542 habuit.
1016 4488 1090 4540 De
1135 4485 1355 4540 Simeon
1392 4499 1520 4537 vero
1561 4482 1613 4536 in
1652 4481 1791 4536 libro
1827 4478 1955 4535 Jesu
1980 4510 2036 4572 Β
2061 4500 2201 4546 rans,
2233 4490 2399 4544 Aiunt
2426 4489 2634 4545 Hebmi
2656 4505 2753 4560 per
2773 4488 3144 4559 metaphoram
3174 4485 3469 4558 signiﬁcari
3499 4482 3630 4557 quod

377 4580 636 4647 scriptum
674 4586 777 4640 est,
805 4579 947 4646 quod
977 4585 1031 4629 et
1068 4576 1180 4644 ipse
1211 4574 1487 4644 proprium
1522 4574 1815 4629 funiculum
1846 4590 1952 4629 non

376 4671 539 4725 fuerit
574 4676 916 4732 consecutus,
961 4666 1055 4720 sed
1083 4665 1150 4720 de
1183 4665 1325 4720 tribu
1351 4663 1485 4717 Juda
1511 4664 1764 4732 quiddam
1802 4678 1955 4718 acce-

374 4770 551 4834 perat.
580 4760 635 4814 In
660 4758 1087 4828 Paralipomenis
1114 4764 1294 4818 autem
1331 4753 1671 4811 manifestius
1701 4755 1955 4812 scribitur

374 4853 519 4923 quod
558 4866 679 4906 cum
715 4848 1100 4918 multiplicatus
1127 4845 1335 4911 fuisset,
1365 4857 1418 4901 et
1441 4862 1545 4901 non
1583 4848 1807 4902 haberet
1826 4863 1951 4917 pos-

374 4941 636 4999 sessionis
679 4940 877 5004 locum,
918 4938 1114 4993 exierit
1164 4938 1217 4992 in
1261 4937 1554 4993 desertum.
1593 4938 1821 5005 Quidam
1852 4938 1953 4993 hoc

373 5035 516 5106 quod
547 5034 601 5088 in
633 5032 985 5104 Septuaginta
1023 5031 1220 5102 legitur
1248 5049 1259 5083 :
1293 5029 1358 5083 In
1401 5030 1577 5100 furore
1604 5048 1698 5085 suo
1736 5031 1951 5099 interfe-

373 5136 558 5183 cerunt
599 5124 855 5187 homines,
907 5133 954 5176 et
990 5123 1042 5176 in
1079 5121 1337 5176 desiderio
1374 5138 1469 5175 suo
1514 5122 1953 5175 subnervaverunt

371 5228 606 5283 taurum,
645 5215 960 5287 prophetiae
1002 5210 1316 5268 interfectos
1365 5211 1612 5266 homines
1659 5210 1950 5281 apostolos,

372 5316 428 5362 et
456 5308 842 5363 subnervatum
874 5313 1087 5359 taurum
1111 5300 1388 5359 Christum
1419 5300 1863 5370 interpretantur.

441 5398 608 5464 Juda,
625 5408 673 5453 te
693 5396 982 5452 laudabunt
1004 5395 1192 5466 fratres
1212 5393 1311 5449 tui.
1332 5391 1523 5446 Manus
1545 5402 1649 5445 tua:
1669 5393 1722 5445 in
1744 5392 1955 5446 cervici-

374 5494 466 5547 bus
496 5493 827 5546 inimicorum
858 5478 1091 5544 tuorum.
1128 5486 1440 5542 Adorabunt
1471 5495 1517 5538 te
1540 5485 1640 5553 ﬁlii
1662 5484 1828 5555 patris
1851 5485 1947 5538 tui.

372 5580 596 5637 Catulus
628 5581 790 5636 lectis
828 5579 991 5635 Iuda.
1024 5579 1106 5633 Ad
1130 5579 1385 5649 pra‘dam,
1412 5575 1493 5649 [ili
1514 5576 1606 5640 nti,
1646 5576 1949 5640 ascendisti,

373 5668 510 5733 sive,
543 5678 603 5723 ut
633 5670 689 5725 in
725 5668 952 5726 Hebraeo
978 5668 1238 5736 scriptum
1278 5675 1380 5730 cst,
1429 5665 1492 5719 de
1520 5665 1834 5736 captivitate,
1871 5665 1949 5732 ﬁli

374 5760 468 5827 mi,
500 5760 817 5825 ttsccudisti;
852 5763 1170 5831 requiescam
1203 5761 1494 5821 accubuisti
1518 5769 1570 5814 ut
1595 5763 1696 5827 (eo,
1723 5770 1770 5816 et
1796 5764 1949 5830 quasi

2060 4579 2367 4649 Scripturas
2403 4588 2621 4634 sanctas
2648 4578 2735 4633 die
2782 4593 2847 4634 ac
2900 4586 3059 4633 nocte
3088 4576 3378 4640 meditans,
3405 4575 3629 4629 studium

2059 4688 2213 4727 suum
2244 4672 2450 4727 dederit
2484 4671 2551 4725 ad
2605 4670 2991 4735 laborandum;
3046 4678 3105 4723 et
3150 4668 3354 4723 idcirco
3380 4667 3430 4722 ei
3454 4680 3633 4722 omnes

2058 4763 2232 4817 tribus
2258 4761 2514 4821 serviant.
2545 4760 2699 4830 quasi
2724 4760 2984 4832 magistro
3015 4758 3155 4815 dona
3181 4765 3481 4827 portantes.

2129 4851 2248 4905 Dan
2263 4851 2524 4921 judicabit
2550 4849 2798 4920 populum
2824 4866 2997 4913 suum,
3026 4850 3160 4904 sicut
3188 4859 3238 4902 et
3258 4847 3367 4902 alia
3393 4848 3554 4903 tribus
3581 4848 3630 4899 in

2057 4943 2246 4998 Israel.
2279 4941 2403 4995 Fiat
2442 4941 2562 4995 Dan
2594 4941 2803 4996 coluber
2823 4942 2879 4996 in
2905 4942 2986 4996 via
3006 4983 3021 5005 ,
3078 4950 3303 4996 cerastes
3352 4940 3409 4994 in
3433 4941 3628 5003 semita,

2054 5032 2298 5087 mordens
2323 5031 2544 5101 ungulas
2581 5032 2719 5102 equi,
2751 5041 2806 5084 ut
2852 5032 3005 5085 cadat
3053 5045 3298 5084 ascensor
3337 5030 3453 5099 ejus
3483 5038 3627 5081 retro.

2057 5125 2301 5180 Salutare
2347 5133 2495 5178 tuum
2541 5124 2865 5195 exspectabo.
2903 5123 3140 5177 Domine.
3198 5122 3428 5178 Samson
3474 5121 3628 5190 judcx

2054 5217 2219 5273 Israel
2241 5258 2255 5283 ,
2288 5217 2353 5272 de
2379 5216 2519 5272 tribu
2548 5216 2665 5271 Dan
2699 5215 2817 5271 fuit.
2867 5214 2980 5271 Hoc
3006 5230 3134 5287 ergo
3162 5214 3293 5270 dicit
3319 5255 3334 5279 ,
3388 5227 3530 5269 nunc
3555 5210 3628 5265 vi-

2055 5311 2188 5365 dens
2215 5310 2268 5364 in
2297 5309 2488 5380 spiritu
2504 5323 2715 5365 comam
2738 5309 2945 5365 nutrire
2966 5306 3283 5364 Samsonem
3300 5306 3627 5368 Nazaraeum,

2055 5399 2316 5470 caesisque
2341 5400 2587 5456 hostibus
2617 5400 2970 5470 triumphare,
2986 5400 3128 5470 quod
3154 5399 3209 5453 in
3232 5397 3625 5454 similitudinem

2055 5490 2263 5547 colubri
2319 5492 2599 5563 regulique
2646 5492 2946 5549 obsidentis
2986 5490 3102 5547 vias
3144 5490 3349 5546 nullum
3394 5506 3491 5562 per
3523 5498 3625 5544 ter-

2055 5596 2170 5636 ram
2215 5580 2379 5636 Israel
2407 5582 2640 5645 transire
2673 5582 2975 5651 permittat,
3005 5582 3100 5637 sed
3126 5582 3289 5637 etiam
3339 5583 3386 5636 si
3417 5581 3536 5652 quis
3557 5588 3626 5632 tc-

2054 5669 2323 5726 merarius
2371 5670 2570 5726 virtute
2621 5684 2738 5735 sua,
2763 5670 2920 5739 quasi
2948 5670 3234 5727 velocitate
3278 5670 3440 5740 equi.
3469 5665 3626 5725 confl-

2054 5776 2167 5829 sus,
2196 5775 2319 5818 eam
2352 5763 2583 5817 voluerit
2604 5763 2874 5832 pratdonis
2896 5775 3043 5820 more
3077 5766 3345 5834 populari,
3379 5775 3482 5816 non
3501 5755 3626 5815 ellu—
