3970 6198
218 330 404 411 ,δεῖ

1345 322 1697 381 COMMENT.
1740 323 1806 380 ΙΝ
1842 321 2164 381 GENESIM.
2205 350 2277 364 -—
2310 321 2436 378 LIB.
2478 320 2563 376 IV.

3454 325 3557 380 658

295 458 426 515 gere
452 441 668 497 valebit.
711 440 904 495 Totum
928 446 1107 495 autem
1130 453 1226 509 per
1251 440 1625 509 metaphoram
1654 452 1875 507 serpen-
1905 445 1951 503 Α
1979 432 2087 488 lata
2130 441 2276 488 sunt.
2308 432 2515 504 Lupum
2563 432 2997 504 sanguinarium,
3042 434 3223 504 lupum
3276 452 3556 505 voracem,

298 537 371 591 tis
398 544 453 590 ct
476 534 674 603 equitis
702 532 957 601 loquitur.
986 531 1182 585 Videns
1206 538 1386 585 autem
1418 540 1528 585 tam
1554 528 1748 585 fortem
1779 528 1878 583 Na-

295 642 531 683 zarzeuiu
590 634 768 690 tuum,
820 623 963 694 quod
1007 632 1063 678 et
1110 624 1223 694 ipse
1267 634 1486 695 propter
1537 625 1877 680 meretricem

293 720 544 779 utoftuus
565 730 672 786 est,
698 729 752 776 et
774 720 1010 776 moriens
1032 726 1247 775 nostros
1267 718 1468 773 occidit
1490 717 1760 782 inimicos,
1786 733 1881 777 ou-

295 814 430 879 tavi,
455 828 490 868 o
508 813 673 877 Deus,
700 812 873 882 ipsum
902 825 1023 865 esse
1066 809 1338 865 Christum
1361 809 1556 864 Filium
1581 819 1749 864 tuum.
1779 810 1882 864 Ve-

291 920 419 961 rum
440 905 564 975 quia
593 911 837 958 mortuus
861 910 944 958 est
963 911 1018 956 et
1039 915 1145 956 non
1177 900 1436 965 surrexit,
1466 911 1522 955 et
1550 915 1763 954 rursum
1791 914 1882 954 ca-

289 998 476 1068 ptivus
502 997 695 1053 ductus
720 1004 804 1051 est
828 995 1015 1059 lsrael,
1032 994 1172 1049 alius
1200 994 1331 1048 mihi
1355 993 1610 1048 Salvator
1631 992 1811 1046 mundi
1827 1003 1881 1046 et

291 1088 405 1144 mei
433 1087 646 1158 generis
693 1085 1083 1157 praestolandus
1120 1095 1224 1151 est,
1250 1093 1309 1139 ut
1333 1086 1514 1141 veniat
1542 1086 1627 1141 cui
1675 1085 1880 1149 reposi-

294 1189 414 1234 tum
443 1188 566 1235 est:
598 1178 667 1233 Et
695 1179 803 1247 ipse
837 1178 937 1232 erit
967 1178 1277 1247 exspectatio
1309 1178 1559 1247 gentium.

370 1270 490 1327 Gad
533 1271 797 1325 accinctus
823 1269 1153 1340 prwliabitur
1176 1279 1299 1325 ante
1329 1286 1470 1335 eum,
1495 1280 1541 1325 et
1570 1271 1676 1339 ipse
1702 1269 1880 1323 accin-

293 1373 452 1433 getur
477 1371 781 1416 retrorsum.
813 1360 1099 1432 Signiﬁcat
1139 1361 1282 1431 quod
1334 1370 1459 1417 ante
1487 1360 1678 1416 Ruben
1717 1369 1771 1416 et
1798 1361 1882 1415 di-

294 1452 523 1509 midiam
555 1453 754 1507 tritum
784 1452 1051 1517 Manasse,
1077 1454 1143 1508 ad
1174 1453 1312 1508 filios
1347 1469 1484 1523 quos
1515 1463 1663 1508 trans
1694 1452 1884 1509 Jorda-

295 1560 427 1600 nem
456 1544 509 1598 in
553 1544 947 1615 possessionem
978 1544 1273 1609 dimiserat,
1305 1553 1427 1613 post
1477 1542 1883 1615 quatuordeéim

295 1652 475 1692 annos
521 1646 793 1693 revertens
820 1678 837 1702 ,
883 1636 1125 1708 praelium
1176 1638 1461 1693 adversum
1506 1652 1600 1691 eos
1644 1638 1884 1706 gentium

296 1729 599 1784 vicinarum
626 1728 830 1799 grande
858 1729 1140 1798 repererit,
1172 1737 1226 1782 et
1248 1729 1408 1783 victis
1438 1728 1704 1787 hostibus.
1736 1726 1885 1782 forti-

1982 541 2143 597 super
2171 526 2357 582 altaris
2381 529 2825 598 interpretatione
2872 538 3151 600 ponentes,
3184 541 3237 585 et
3264 532 3559 600 spoliorum

1980 616 2298 671 divisionem
2326 632 2487 687 super
2507 619 2895 685 sacerdotibus,
2920 620 3033 689 qui,
3058 621 3357 675 servientes
3381 621 3558 683 altari,

1980 706 2167 760 vivunt
2200 707 2267 761 de
2290 706 2466 761 altari.
2506 706 2630 763 Hanc
2676 709 2969 764 secundum
3026 711 3306 765 historiam
3333 711 3565 780 qualiter

1981 796 2288 866 accipienda
2312 798 2441 863 sint,
2476 799 2618 854 dicta
2667 797 2951 855 suﬂicient.
2981 800 3204 871 Mystice
3233 813 3408 857 autem
3429 818 3565 872 qua-

1981 887 2104 943 liter
2130 888 2533 946 benediciiones
2572 890 2688 945 iste
2733 893 3161 961 patriarcharum
3206 894 3565 966 intelligenda:

1982 977 2108 1044 sint,
2138 977 2391 1048 deinceps
2431 980 2693 1036 dicemus.
2749 980 2929 1036 Ruben
2970 985 3345 1055 primogenitus
3396 1002 3563 1051 meus,

1980 1077 2086 1124 etc.
2122 1069 2179 1125 In
2226 1070 2416 1126 Ruben
2475 1074 2672 1143 prioris
2733 1076 2912 1144 populi
2965 1077 3214 1131 videatur
3263 1080 3567 1135 ostendisse

1982 1177 2290 1233 personam,
2319 1165 2405 1219 cui
2429 1166 2591 1220 etiam
2619 1183 2647 1221 a
2681 1167 2910 1223 Domino
2952 1183 3048 1238 per
3088 1172 3403 1240 prophetam
3433 1172 3569 1227 dici-

1986 1264 2111 1310 tur:
2151 1254 2322 1310 Israel
2351 1258 2723 1328 primogenitus
2767 1276 2931 1313 meus.
2991 1261 3198 1316 Etenim
3242 1260 3394 1330 juxta
3423 1265 3568 1332 quod

1985 1347 2373 1419 primogenitus
2400 1349 2716 1415 debebatur,
2748 1350 2918 1420 ipsius
2948 1358 3066 1405 erat
3098 1353 3458 1407 sacerdotium
3489 1363 3570 1407 at-

1986 1454 2093 1511 que
2124 1456 2366 1510 regnum.
2421 1441 2687 1497 Additur:
2733 1442 2808 1496 Tu
2834 1445 2997 1499 virtus
3034 1461 3169 1509 mea,
3202 1446 3407 1515 utique,
3439 1446 3568 1515 quia

1986 1544 2051 1583 ex
2103 1530 2218 1599 ipso
2244 1530 2438 1600 populo
2483 1524 2889 1584 fundamentum
2932 1530 3090 1596 lidei,
3145 1546 3209 1586 ex
3254 1532 3369 1601 ipso
3398 1533 3571 1588 virtus

1988 1619 2103 1686 Dei,
2129 1621 2217 1690 qui
2255 1631 2339 1676 est
2375 1620 2642 1686 Christus,
2667 1622 2899 1676 advenit.
2945 1622 3225 1689 Quomodo
3253 1632 3430 1678 autem
3457 1625 3569 1695 ipse

1989 1713 2059 1768 sit
2088 1713 2411 1783 principium
2456 1714 2720 1779 dolorum,
2748 1715 2850 1768 nisi
2884 1716 3008 1770 dum
3040 1715 3187 1769 Patri
3219 1716 3327 1770 Deo
3353 1732 3566 1787 semper

297 1823 389 1868 teg-
408 1813 695 1870 dimicaru.
726 1813 869 1885 Lege
888 1814 1084 1869 librum
1110 1812 1236 1868 Jcsu
1265 1812 1411 1869 Nave
1434 1822 1488 1869 et
1517 1813 1882 1884 Paralipoule.
1914 1811 1963 1869 B
1991 1802 2188 1873 irroget
2212 1802 2481 1871 injuriam,
2511 1804 2636 1857 dum
2675 1804 2941 1858 COHVCI‘lil
2983 1806 3051 1858 ad
3077 1821 3198 1860 eum
3249 1806 3469 1861 dorsum
3512 1817 3568 1861 (ξι

297 1919 437 1958 non.

374 1993 716 2065 Nephtltalim
729 2011 905 2050 cervus
918 1996 1156 2061 emissus,
1172 2006 1217 2050 et
1230 1995 1364 2050 dans
1377 1995 1583 2066 eloquia
1604 1995 1891 2068 pulchritu-

296 2086 464 2151 dinis,
487 2087 601 2142 sive
625 2085 963 2156 Nephthalim
980 2101 1107 2157 ager
1127 2086 1378 2156 irriguus.
1406 2084 1685 2156 Signiﬁcat
1710 2095 1888 2142 autem

298 2176 448 2245 quod
474 2174 844 2246 aqumcalida:
870 2177 924 2230 in
953 2177 1068 2245 ipsa
1094 2185 1384 2231 nascantur
1420 2176 1581 2240 tribu,
1606 2177 1721 2232 sive
1747 2176 1890 2247 quod

300 2283 470 2337 super
497 2267 672 2323 lacum
703 2266 1034 2323 Geuesareth
1062 2267 1261 2323 ﬂuento
1296 2266 1547 2323 Jordanis
1575 2268 1775 2339 irrigua
1798 2268 1887 2324 sit.

303 2357 364 2411 ιιι
385 2358 519 2412 b'mi
566 2367 744 2412 autem
777 2358 961 2412 volunt
986 2366 1207 2427 propter
1233 2357 1574 2414 Tiberiadem
1600 2374 1720 2428 qua:
1761 2360 1894 2430 legis

300 2451 590 2506 videbatur
631 2451 830 2506 habere
875 2450 1139 2514 nelitiam,
1168 2466 1353 2522 agrum
1402 2451 1664 2522 irriguum
1693 2459 1751 2507 et
1777 2453 1894 2507 elo—

302 2544 430 2613 quia
460 2541 875 2611 pulchritudinis
902 2541 1228 2612 prophetari.
1261 2540 1464 2597 Cervus
1510 2550 1687 2597 autem
1733 2543 1894 2598 emis-

303 2650 403 2689 sus
420 2642 800 2703 temporaneas
833 2631 1014 2701 fruges
1037 2640 1094 2686 et
1112 2632 1452 2688 velocitatem
1494 2641 1653 2688 terrm
1678 2634 1895 2689 uberio-

303 2728 384 2781 ris
413 2727 670 2781 ostendit.
704 2725 812 2781 Sed
850 2726 1042 2782 melius
1075 2726 1119 2780 si
1150 2726 1218 2780 ad
1262 2727 1565 2782 doctrinam
1597 2725 1895 2782 Salvatoris

304 2823 501 2870 cuncta
532 2813 855 2877 referamus,
874 2815 1016 2885 quod
1041 2816 1112 2872 ibi
1134 2816 1217 2870 vel
1240 2817 1475 2870 maxime
1498 2815 1744 2871 docuerit
1770 2815 1894 2871 Sal-

303 2917 484 2972 vator,
516 2916 578 2961 ut
607 2907 661 2961 in
684 2907 972 2978 Evangelio
999 2923 1213 2978 quoque
1255 2908 1514 2979 scriptum
1543 2919 1645 2964 est.

380 2996 555 3052 Filius
586 3014 883 3053 accrescens
911 2998 1125 3068 Joseplt,
1156 2998 1299 3069 ﬁlius
1332 3016 1652 3065 accrescens,
1674 3010 1721 3053 et
1747 2998 1897 3052 deco-

303 3108 398 3145 rus
428 3103 664 3162 aspectu.
691 3088 846 3145 Filia:
866 3091 1224 3146 discurrerunt
1254 3108 1411 3162 super
1429 3108 1659 3157 murum,
1692 3090 1784 3145 sed
1802 3107 1892 3145 ea:-

1991 1907 2098 1947 non
2146 1890 2374 1946 faciem?
2413 1891 2518 1946 Iste
2550 1894 2695 1963 prior
2724 1893 2778 1946 in
2813 1894 2996 1959 donis,
3040 1896 3164 1964 quia
3201 1896 3333 1965 ipsis
3384 1898 3574 1967 primis

1992 1982 2114 2037 data
2146 1991 2270 2038 sunt
2301 1982 2511 2052 eloquia
2548 1982 2662 2047 Dei,
2703 1985 2893 2053 primis
2934 1986 3063 2054 ipsis
3094 1986 3358 2055 lcgislatio
3393 1998 3446 2045 et
3472 1989 3574 2044 Te-

1992 2085 2340 2141 stamentum,
2372 2076 2485 2131 sive
2513 2077 2815 2147 promissio.
2854 2077 2963 2132 Iste
3003 2079 3175 2149 major
3204 2080 3442 2150 imperio,
3472 2084 3577 2138 uti-

1992 2179 2097 2234 que
2130 2178 2228 2234 pro
2253 2165 2622 2236 magnitudine
2651 2166 2872 2233 virium,
2902 2169 3027 2238 quia
3064 2169 3336 2240 copiosius
3364 2175 3576 2228 caeteris

1992 2253 2134 2307 idem
2159 2254 2386 2324 populus
2422 2255 2670 2326 regnavit
2726 2255 2779 2309 in
2826 2257 2928 2311 hoc
2979 2258 3194 2313 smculo.
3227 2259 3440 2315 Eliusus
3494 2270 3578 2317 est

1994 2353 2170 2398 autem
2201 2345 2342 2401 sicut
2375 2361 2513 2415 aqua
2560 2346 2833 2416 peccando
2862 2347 2914 2401 in
2950 2347 3165 2402 Christo
3186 2389 3201 2413 ,
3248 2351 3405 2419 quasi
3432 2368 3574 2420 aqua

1993 2451 2112 2505 qua:
2135 2436 2352 2492 vasculo
2396 2453 2500 2492 non
2548 2446 2779 2503 tenetur,
2804 2438 3093 2510 voluptatis
3114 2440 3316 2496 eli‘usus
3357 2450 3441 2497 est
3475 2444 3575 2497 im-

1994 2539 2153 2599 petu;
2191 2537 2244 2583 et
2275 2529 2474 2584 idcirco
2509 2528 2694 2584 addit:
2731 2529 2881 2584 Ultra
2926 2548 3028 2585 non
3073 2548 3296 2599 crescas,
3324 2533 3449 2603 quia
3476 2550 3576 2604 po-

1993 2621 2152 2691 pulus
2184 2622 2286 2676 iste
2331 2628 2617 2691 postquam
2651 2622 2704 2676 in
2733 2623 2986 2677 universo
3012 2606 3144 2677 orbe
3172 2623 3448 2693 dispersus
3468 2635 3572 2691 est,

1994 2710 2149 2766 valde
2196 2711 2514 2766 imminutus
2556 2721 2718 2781 atque
2753 2712 3102 2768 abbreviatus
3132 2722 3234 2768 est.
3269 2713 3376 2769 Sed
3405 2731 3575 2786 quare

1996 2803 2120 2856 talia
2151 2802 2367 2870 meruit,
2394 2803 2467 2857 ita
2492 2802 2721 2872 subjecit
2746 2819 2761 2858 :
2794 2805 2932 2871 Quia
2958 2806 3240 2860 ascendisti
3289 2806 3456 2863 cubile
3483 2826 3577 2877 pa-

1994 2893 2089 2946 tris
2111 2893 2207 2945 tui.
2235 2891 2348 2948 Non
2376 2894 2517 2949 sicut
2533 2894 2703 2949 Iudaei
2735 2895 3058 2966 intelligunt,
3090 2896 3194 2951 hoc
3234 2898 3461 2967 proinde
3489 2899 3574 2953 di-

1994 2992 2138 3037 ctum
2184 2992 2287 3047 est,
2327 2999 2393 3038 eo
2418 2985 2561 3055 quod
2604 3001 2727 3041 cum
2780 2985 2907 3041 Bala
2939 2988 3241 3043 concubina
3286 2991 3458 3058 patris
3493 2991 3576 3045 sui

1995 3074 2366 3129 concubuerit.
2408 3074 2695 3145 Prophetia
2739 3077 2884 3132 enim
2930 3077 3109 3134 futura
3158 3082 3576 3149 pronuntiabat,

303 3156 677 3253 asperaverunt
720 3199 840 3237 eum
883 3191 933 3237 et
958 3183 1165 3254 jurgati
1210 3156 1354 3249 sunt,
1379 3183 1773 3252 invideruntque
1815 3182 1889 3235 illi

1999 3182 2101 3220 non
2135 3184 2253 3235 qum
2280 3167 2494 3222 fuerant
2520 3176 2691 3239 gesta,
2718 3170 2835 3240 ipso
2861 3172 3167 3240 patriarcha
3195 3174 3407 3228 dicente
3431 3191 3446 3230 :
3474 3174 3579 3228 An-

304 3273 553 3328 habentes
567 3272 776 3343 jacula.
811 3272 960 3329 Sedit
991 3274 1045 3327 in
1068 3273 1194 3344 forti
1222 3291 1376 3329 arcus
1393 3274 1531 3344 ejus,
1560 3282 1609 3328 et
1632 3272 1892 3329 dissoluta

302 3376 425 3421 sunt
448 3366 660 3421 vincula
691 3366 1020 3420 brachiorum
1060 3376 1108 3421 et
1136 3382 1385 3421 manuum
1414 3365 1550 3437 ejus,
1574 3382 1668 3437 per
1705 3382 1892 3421 manus

301 3457 526 3527 potentis
551 3456 738 3511 Iacob.
770 3456 904 3512 Inde
945 3467 1124 3527 pastor
1147 3475 1381 3528 egressus
1408 3467 1504 3524 est,
1533 3458 1667 3528 lapis
1701 3456 1886 3511 Israel.

302 3547 350 3603 Ο
372 3547 596 3617 Ioseph,
626 3548 717 3618 qui
762 3548 881 3603 ideo
907 3549 985 3603 sic
1012 3550 1249 3615 vocaris,
1280 3549 1403 3619 quia
1432 3548 1654 3603 adauxit
1680 3557 1731 3604 te
1762 3548 1890 3603 mihi

305 3639 567 3694 Dominus
586 3681 601 3705 ,
641 3640 754 3694 sive
776 3642 902 3711 quia
937 3641 1078 3696 inter
1106 3640 1300 3696 fratres
1335 3649 1455 3696 tuos
1481 3641 1654 3711 major
1682 3640 1893 3695 futurus

303 3743 367 3785 es
402 3729 721 3802 (fortissima
749 3730 1014 3799 siquidem
1046 3732 1218 3786 tribus
1266 3732 1365 3786 fuit
1408 3732 1697 3802 Ephraim,
1730 3743 1788 3787 ut
1838 3733 1890 3786 in

306 3822 616 3894 Regnorum
640 3832 694 3877 et
722 3822 1168 3892 Paralipomenon
1214 3822 1366 3879 libris
1392 3822 1679 3894 legimus);
1723 3838 1776 3889 ο,
1814 3825 1893 3877 in-

306 3930 495 3984 quam,
517 3914 590 3968 ﬁli
634 3914 707 3968 mi
744 3912 963 3985 Ioseph,
991 3914 1083 3984 qui
1113 3924 1220 3969 tam
1267 3914 1490 3985 pulcher
1513 3928 1596 3979 es,
1622 3922 1679 3967 ut
1705 3922 1755 3969 te
1780 3922 1887 3969 tota

306 4006 377 4062 de
402 4006 571 4061 muris
597 4013 654 4059 ct
676 4007 916 4061 turribus
944 4021 1007 4061 ac
1033 4004 1286 4062 fenestris
1327 4004 1626 4076 puellarum
1678 4003 1894 4075 (Egypti

307 4098 465 4154 turba
488 4097 799 4167 prospiciat,
824 4097 1129 4153 inviderunt
1154 4099 1272 4163 tibi,
1302 4106 1357 4153 et
1387 4106 1439 4153 te
1466 4097 1533 4151 ad
1559 4097 1895 4153 iracundiam

308 4196 739 4258 provocaverunt
782 4187 979 4244 fratres
1010 4188 1110 4254 tui,
1136 4188 1396 4242 habentes
1425 4187 1608 4242 livoris
1649 4187 1893 4258 sagittas,

307 4290 365 4334 et
390 4280 489 4334 zeli
517 4278 716 4349 jaculis
743 4280 1028 4335 vulnerati.
1070 4280 1267 4335 Verum
1312 4289 1365 4334 tu
1420 4295 1606 4335 arcum
1647 4288 1797 4333 tuum
1841 4287 1898 4334 et

307 4386 460 4425 arma
489 4370 767 4441 pugnandi
811 4371 1041 4442 posuisti
1069 4370 1121 4425 in
1155 4372 1264 4426 Deo
1288 4410 1305 4436 ,
1355 4371 1446 4440 qui
1476 4369 1631 4426 fortis
1658 4379 1741 4426 est
1765 4386 1892 4441 pro-

306 4470 596 4532 pugnator,
619 4469 676 4516 et
700 4461 911 4517 vincula
952 4469 1041 4516 tua
1064 4460 1261 4532 quibus
1294 4468 1345 4516 te
1371 4460 1570 4517 fratres
1597 4461 1896 4532 ligaverant

308 4551 379 4605 ab
403 4550 521 4622 ipso
548 4550 721 4605 soluta
744 4559 946 4606 suntet
969 4550 1234 4620 disrupta,
1264 4558 1324 4605 ut
1345 4566 1410 4605 ex
1446 4562 1537 4605 tuo
1560 4551 1768 4606 semine
1796 4551 1893 4605 tri-

305 4642 412 4697 bus
443 4649 701 4696 nascatur
726 4641 981 4712 Ephraim
1007 4640 1162 4696 fortis
1184 4649 1240 4697 et
1265 4641 1495 4707 stabilis,
1526 4649 1581 4697 et
1609 4642 1783 4697 instar
1808 4642 1889 4695 la-

306 4731 449 4801 pidis
478 4731 714 4786 durioris
748 4731 972 4797 invicta,
1000 4732 1269 4803 imperans
1310 4746 1525 4802 quoque
1558 4733 1743 4787 decem
1789 4732 1889 4786 tri-

307 4821 482 4877 bubus
506 4820 693 4876 Israel.

377 4913 659 4983 Benjamin
681 4913 836 4983 lupus
863 4931 1029 4985 rapax
1056 4955 1071 4981 ,
1116 4932 1267 4971 mane
1297 4916 1526 4971 comedet
1563 4918 1815 4985 praedam,
1841 4924 1887 4969 et

306 5020 516 5075 uespere
542 5003 733 5058 dividet
761 5003 950 5074 spolia.
996 5005 1314 5075 Quanquam
1352 5006 1419 5061 de
1452 5004 1621 5061 Paulo
1646 5005 1891 5076 apostolo

307 5093 754 5149 manifestissima
785 5095 855 5150 sit
881 5096 1182 5166 prophetia,
1208 5096 1461 5152 omnibus
1482 5104 1632 5165 patet
1656 5096 1799 5165 quod
1837 5096 1892 5150 in

308 5186 670 5241 adolescentia
691 5197 1012 5256 persecutus
1031 5186 1350 5253 Ecclesium,
1376 5186 1429 5240 in
1458 5193 1731 5242 senectute
1759 5201 1896 5257 pne-

307 5279 517 5333 dicator
544 5276 822 5349 Evangelii
853 5277 1033 5333 fuerit.
1081 5277 1293 5333 Hebrtci
1348 5287 1526 5331 tamen
1570 5277 1647 5331 ita
1687 5276 1892 5331 edisse—

306 5377 434 5423 runt
463 5388 476 5424 :
508 5368 696 5425 Altare
742 5370 797 5423 in
841 5383 949 5439 quo
999 5368 1414 5423 immolabantur
1446 5362 1660 5430 hustim,
1717 5374 1771 5421 et
1813 5365 1895 5419 vi-

306 5460 598 5515 ctimarum
650 5460 870 5531 sanguis
905 5460 973 5515 ad
1020 5461 1203 5516 basem
1249 5458 1392 5513 illius
1437 5457 1790 5523 fundebatur,
1840 5458 1893 5513 in

305 5559 462 5621 parte
490 5551 661 5606 tribus
688 5549 969 5620 Benjamin
1013 5550 1133 5604 fuit.
1188 5548 1322 5615 Hoc,
1350 5548 1623 5618 inquiunt,
1653 5563 1784 5621 ergo
1822 5550 1897 5605 si-

306 5639 534 5712 gnificat
556 5641 698 5711 quod
726 5642 1036 5696 sacerdotes
1065 5640 1347 5697 immolant
1386 5655 1545 5696 mane
1573 5641 1800 5706 hostias,
1826 5640 1894 5696 ad

308 5745 592 5803 vesperam
617 5733 859 5789 dividant
884 5749 950 5788 ea
979 5748 1096 5804 qua:
1123 5732 1222 5789 sibi
1266 5750 1294 5788 a
1324 5733 1519 5804 populo
1542 5750 1609 5790 ex
1643 5735 1756 5806 lege
1785 5735 1895 5791 col-

1997 3260 2178 3313 nuntio
2208 3261 2347 3315 vobis
2380 3277 2497 3332 qua:
2528 3270 2742 3315 ventura
2781 3273 2900 3316 sunt
2930 3260 3220 3319 novissimis
3257 3267 3471 3330 diebus;
3523 3278 3579 3322 et

1997 3352 2117 3408 ideo
2143 3352 2195 3406 in
2219 3352 2493 3422 praeterito
2532 3368 2636 3407 non
2664 3362 2746 3408 est
2775 3353 3115 3409 referendum
3141 3356 3285 3426 quod
3328 3357 3415 3413 ille
3434 3357 3579 3413 futu—

1997 3459 2115 3497 rum
2142 3444 2411 3521 praedixit.
2456 3443 2789 3501 Prredicabat
2814 3446 2957 3500 enim
3000 3446 3209 3502 Domini
3246 3449 3574 3517 passionem,

1995 3546 2050 3592 et
2074 3537 2445 3608 primogenita“:
2467 3538 2642 3608 plebis
2663 3539 2966 3605 audaciam,
2983 3540 3107 3610 quia
3134 3543 3378 3598 ascendit
3401 3542 3578 3597 cubile

1995 3629 2090 3684 Dei
2122 3629 2317 3695 Patris,
2362 3639 2417 3686 et
2454 3631 2745 3687 maculavit
2775 3640 3005 3687 stratum
3043 3632 3179 3700 ejus,
3203 3635 3418 3704 quando
3456 3650 3577 3690 cor-

1996 3737 2097 3791 pus
2123 3722 2359 3790 Domini,
2389 3725 2443 3779 in
2475 3740 2581 3794 quo
2604 3724 2883 3793 plenitudo
2930 3726 3225 3780 divinitatis
3268 3726 3574 3796 requiesce-

1998 3817 2109 3879 bat,
2138 3824 2348 3886 raptum
2388 3817 2442 3870 in
2490 3833 2651 3871 cruce
2679 3817 2980 3886 suspendit,
3011 3825 3058 3870 et
3089 3816 3234 3871 ferro
3263 3832 3574 3872 commacu-

1998 3907 2147 3962 lavit.
2175 3906 2305 3961 Post
2347 3908 2460 3962 hmc
2490 3908 2826 3963 convertitur
2865 3908 2934 3962 ad
2963 3908 3183 3963 Simeon
3223 3918 3278 3963 et
3308 3908 3460 3972 Levi,
3494 3909 3573 3963 di~

1997 4013 2167 4055 cens:

2070 4088 2287 4144 Simeon
2311 4096 2357 4142 et
2385 4087 2504 4142 Levi
2545 4088 2736 4157 fratres
2755 4130 2770 4155 ,
2818 4106 2943 4144 vasa
2972 4090 3263 4159 iniquitatis
3311 4089 3577 4146 bellantia.

1999 4181 2102 4236 Per
2129 4180 2349 4235 Simeou
2394 4189 2450 4235 et
2486 4180 2650 4247 Levi,
2683 4180 2888 4236 Scribae
2931 4190 2987 4236 et
3031 4183 3343 4237 sacerdotes
3369 4180 3579 4239 Judaici

1998 4271 2175 4343 populi
2216 4270 2606 4342 intelliguntur.
2643 4273 2715 4325 De
2744 4269 2995 4326 Simeone
3022 4272 3167 4326 enim
3192 4281 3350 4327 erant
3377 4272 3579 4328 Scriba.-

1998 4367 2337 4431 Judacorum;
2370 4365 2437 4421 de
2457 4364 2599 4419 tribu
2625 4380 2754 4420 vero
2767 4364 2891 4419 Levi
2915 4365 3184 4436 principes
3211 4365 3576 4432 sacerdotum,

1999 4460 2066 4514 de
2094 4458 2287 4528 quibus
2332 4458 2588 4526 scriptum
2633 4465 2717 4512 est
2758 4456 2884 4527 quia
2928 4456 3204 4512 consilium
3246 4457 3477 4527 fecerunt
3524 4469 3580 4512 ut

1998 4548 2180 4603 Iesum
2207 4547 2363 4601 morti
2383 4546 2647 4601 traderent
2694 4544 2909 4617 (Matth.
2942 4545 3113 4617 xxvn).
3161 4546 3239 4600 De
3267 4561 3377 4614 quo
3402 4547 3581 4602 consi—

2000 4639 2071 4693 lio
2101 4638 2203 4693 iste
2230 4635 2559 4707 patriarcha,
2582 4633 2804 4706 quijam
2836 4644 3015 4691 mente
3036 4636 3253 4691 videbat
3278 4636 3468 4702 Deum,
3499 4637 3580 4691 di-

1998 4732 2110 4787 cit:
2147 4729 2215 4784 In
2237 4728 2513 4783 consilium
2562 4744 2743 4782 eorum
2782 4721 2889 4780 non
2919 4728 3087 4781 veniat
3116 4728 3294 4781 anima
3324 4744 3474 4793 mea,
3525 4737 3583 4782 et

1998 4821 2224 4890 reliqua.
2278 4820 2545 4875 Horrebat
2589 4820 2733 4874 enim
2779 4817 2892 4887 jam
2946 4819 3038 4874 illo
3087 4828 3326 4890 tempore
3360 4827 3581 4874 sanctus

1999 4915 2100 4970 iste
2129 4913 2438 4984 patriarcha
2470 4912 2656 4967 videre
2704 4919 2976 4966 tantorum
3018 4912 3283 4968 scelerum
3330 4911 3577 4975 consilia,

1994 5021 2115 5075 qua:
2137 5006 2190 5059 in
2221 5003 2530 5059 novissimis
2557 5003 2892 5072 temporibus
2938 5000 3133 5058 facturi
3179 5010 3336 5055 erant
3382 4998 3575 5055 Iudici.

1997 5094 2256 5164 Sequitur
2284 5111 2297 5146 :
2330 5091 2468 5158 Quia
2514 5092 2568 5145 in
2610 5091 2789 5160 furore
2816 5109 2912 5147 suo
2953 5092 3253 5147 occiderunt
3286 5091 3485 5151 virum,
3526 5090 3579 5144 id

1996 5195 2117 5249 est,
2166 5183 2476 5247 Christum,
2523 5182 2677 5253 iuxta
2724 5183 2869 5252 quod
2932 5182 3101 5237 Isaias
3140 5181 3216 5235 ait
3250 5178 3395 5252 (Isa.
3453 5194 3577 5245 tta;

2000 5277 2128 5348 Sap.
2156 5276 2216 5347 η)
2245 5290 2259 5329 :
2305 5273 2392 5329 Va:
2418 5275 2609 5328 anima:
2653 5274 2906 5344 ipsorum,
2925 5274 3049 5343 quia
3076 5270 3320 5342 cogitatio
3337 5270 3576 5340 ipsorum

1999 5367 2278 5423 consilium
2328 5365 2587 5419 malorum
2613 5404 2628 5431 ,
2680 5364 2953 5418 adversum
2984 5379 3039 5417 se
3065 5361 3294 5417 dicentes
3317 5373 3336 5412 :
3376 5359 3567 5430 Alliga-

1998 5478 2114 5515 mus
2123 5460 2351 5530 justum,
2379 5460 2503 5531 quia
2527 5459 2727 5514 inutilis
2748 5467 2823 5512 est
2852 5456 3020 5510 nobis.

2074 5552 2138 5606 Et
2168 5552 2223 5606 in
2251 5551 2430 5606 dolore
2451 5568 2546 5606 suo
2580 5548 2909 5619 stt/foderunt
2932 5563 3162 5611 murum,
3192 5543 3412 5615 quando
3461 5542 3573 5596 laus

2000 5659 2095 5699 cca
2124 5643 2480 5700 confoderunt
2509 5642 2635 5696 illud
2660 5639 2940 5711 spirituale
2964 5647 3021 5693 et
3064 5637 3415 5693 fortissimum
3448 5651 3576 5706 pro-

1999 5736 2355 5806 pugnaculum
2406 5736 2547 5804 quod
2586 5732 2821 5787 custodit
2863 5730 3047 5787 Israel.
3083 5729 3395 5786 Maledictus
3425 5728 3578 5797 [utor
