3970 6198
400 319 505 379 659

1035 316 1096 372 Β.
1139 314 1394 372 BABANI
1429 312 1650 371 MAUPJ
1686 310 2004 369 ARCHIEP.
2048 309 2357 369 MOGUNT.
2398 304 2685 369 OPERUM
2718 294 2901 365 PARS
2934 307 2978 364 Ι.

3565 306 3667 362 060

396 410 577 489 eorum
603 430 729 502 quia
749 428 1014 502 pertinax,
1043 428 1229 499 utique
1256 426 1324 483 ad
1366 434 1575 482 tantum
1603 423 1815 480 facinus
1859 436 1985 493 per-
2011 421 2060 482 Α
2088 435 2188 477 suo
2211 420 2349 477 dixit
2380 439 2393 476 :
2424 418 2618 493 Sqlvite
2649 422 2748 476 hoc
2769 418 3019 491 templum
3046 458 3062 485 ,
3117 427 3164 473 et
3193 421 3251 474 in
3280 416 3458 472 triduo
3505 421 3669 474 susci-

395 521 719 597 petrandum
749 519 965 590 quando
991 516 1175 575 furore
1200 518 1415 574 accensi
1444 526 1501 573 et
1529 517 1633 584 ira,
1662 514 1984 597 obtulerunt

395 593 675 671 Christum
705 609 899 666 Pontio
920 610 1113 675 Pilato,
1136 610 1378 665 dicentes
1406 608 1481 663 illi
1507 626 1520 662 :
1555 593 1831 677 Cruciﬁge,
1862 620 1985 658 cru—

396 704 580 775 ciﬁgc;
619 710 715 758 et:
748 699 806 756 Si
837 702 974 756 hunc
1016 700 1258 766 dimittis,
1291 716 1394 754 non
1419 716 1473 754 es
1516 699 1718 753 amicus
1757 695 1985 752 Cwsaris

395 791 612 864 (Matth.
653 789 846 864 xxv").

467 881 536 937 Et
558 882 852 953 indignatio
868 897 1066 945 coram,
1096 881 1221 951 quia
1245 880 1400 945 dura,
1436 879 1561 934 dum
1579 877 1875 933 Barrabam
1899 875 1982 930 la-

393 982 606 1029 tronem
653 983 926 1044 peterent,
966 981 1022 1028 et
1066 973 1366 1045 principem
1388 974 1513 1027 vitae
1558 969 1984 1042 cruciﬁgendum

390 1064 752 1134 postularent.
790 1064 1033 1118 Dividam
1057 1081 1144 1118 eos
1169 1065 1222 1118 in
1251 1063 1439 1128 Jacob,
1466 1072 1515 1116 et
1542 1063 1836 1133 dispergam
1862 1060 1982 1114 illos

390 1155 448 1208 in
477 1154 666 1209 Israel.
702 1154 804 1210 Hic
830 1157 934 1211 duo
976 1156 1342 1217 nominantur,
1374 1154 1566 1208 divisio
1592 1162 1647 1208 et
1675 1152 1940 1223 dispersio
1965 1168 1979 1207 :

392 1243 616 1308 idcirco,
645 1246 770 1316 quia
797 1244 1037 1299 nonnulli
1067 1258 1133 1298 ex
1174 1244 1307 1315 ipsis
1354 1244 1583 1299 Domino
1610 1244 1979 1310 crediderunt,

391 1335 612 1405 quidam
637 1337 689 1390 in
710 1335 1028 1391 infidelitate
1048 1345 1478 1407 permanserunt.
1513 1336 1678 1391 Divisi
1720 1337 1864 1391 enim
1895 1337 1981 1392 di-

391 1434 612 1493 cuntur,
642 1426 769 1498 quia
804 1426 872 1483 ab
900 1426 978 1482 eis
1007 1435 1345 1497 separantur,
1368 1434 1424 1481 et
1446 1427 1670 1481 veniunt
1697 1426 1765 1481 ad
1796 1426 1977 1482 fidem.

391 1516 631 1587 Dispersi
661 1528 840 1573 autem
867 1519 923 1573 hi
959 1534 1189 1589 quorum
1214 1519 1390 1590 patria
1419 1516 1724 1590 teniploque
1753 1519 1980 1574 subver-

389 1627 472 1677 so,
499 1627 600 1682 per
636 1611 825 1666 orbem
875 1620 1033 1667 terra:
1077 1613 1412 1668 iucredulmu
1467 1628 1638 1685 genus
1688 1614 1979 1683 spargitur.

388 1702 558 1769 Inda,
576 1712 627 1757 te
661 1702 951 1757 laudabunt
980 1703 1171 1773 fratres
1196 1705 1294 1759 tui.
1324 1704 1430 1759 Per
1451 1706 1594 1760 hunc
1622 1706 1765 1761 enim
1786 1705 1982 1760 Judam

2084 513 2205 568 tabo
2235 511 2369 567 illud
2404 510 2620 585 (Matth.
2652 510 2789 585 xvr).

2158 601 2285 657 Non
2302 602 2504 673 deﬁciet
2525 605 2763 675 princeps
2789 603 2855 658 de
2888 601 3080 674 populo
3122 602 3302 667 Iuda,
3346 617 3441 657 nec
3462 601 3577 657 dua:
3609 602 3675 658 de

2085 692 2370 763 femoribus
2395 694 2529 763 ejus,
2552 694 2716 747 donec
2739 693 2908 749 ueniat
2928 695 3018 762 qui
3043 692 3323 748 mittendus
3353 701 3464 758 est;
3486 700 3538 746 et
3566 692 3674 762 'qrse

2083 787 2181 840 erit
2208 785 2523 856 exspectatio
2576 785 2826 855 gentium.
2880 782 2978 838 Hic
3023 783 3179 838 locus
3229 781 3675 838 manifestissime

2085 874 2153 929 ad
2173 872 2365 928 Judam
2388 871 2638 928 refertur.
2658 873 2791 926 Tam
2813 873 2904 927 diu
2934 872 3078 927 enim
3108 871 3211 926 fuit
3227 887 3293 927 ex
3324 873 3534 949 semine
3558 870 3675 941 ejus

2083 965 2224 1034 apud
2246 961 2461 1019 Judaeos
2492 963 2809 1018 intemerata
2835 963 3105 1018 successio
3124 962 3486 1033 regni,douec
3511 962 3675 1019 Chri-
3762 1026 3775 1035 ἱ

2085 1067 2201 1114 stus
2229 1058 2297 1113 ad
2351 1056 2773 1126 redemptionem
2823 1056 3011 1111 mundi
3044 1065 3381 1110 nasceretur.
3433 1056 3674 1112 Probant

2081 1151 2189 1207 hoc
2229 1150 2469 1205 historiae
2495 1147 2825 1214 Iudaeorum,
2855 1147 3051 1217 quibus
3089 1148 3394 1203 ostenditur
3435 1149 3674 1219 primum

2082 1242 2437 1313 alienigenam
2483 1256 2662 1312 regem
2692 1241 2748 1295 in
2785 1248 2946 1312 gente
2972 1239 3280 1295 Iudaeorum
3308 1238 3476 1295 fuisse
3503 1239 3673 1296 Hero-

2082 1333 2230 1398 dem,
2256 1347 2365 1403 quo
2388 1340 2631 1402 tempore
2660 1330 2911 1387 Christus
2961 1338 3121 1386 natus
3166 1339 3248 1385 est
3275 1349 3287 1384 :
3320 1331 3464 1402 quod
3488 1332 3536 1386 si
3576 1347 3672 1401 pu-

2083 1432 2204 1480 tant
2224 1423 2391 1480 Judaei
2419 1439 2524 1479 non
2547 1424 2759 1480 venisse
2787 1422 3230 1494 Christum,ergo
3259 1424 3327 1479 de
3357 1424 3503 1479 tribu
3533 1423 3666 1480 Juda

2082 1533 2254 1589 usque
2299 1519 2459 1574 hodie
2491 1516 2800 1573 Judaeorum
2852 1524 3145 1586 permanet
3164 1532 3427 1588 regnum,
3489 1516 3562 1571 ita
3612 1526 3670 1572 ut

2083 1624 2191 1665 non
2231 1608 2400 1664 defuit
2452 1623 2548 1664 rex
2581 1608 2647 1663 de
2682 1607 2881 1677 populo
2908 1606 3238 1673 Iudaeorum,
3265 1608 3441 1662 donec
3465 1608 3670 1663 veniret

2083 1702 2170 1758 cui
2200 1701 2493 1773 repositum
2515 1708 2620 1756 est.
2650 1698 2758 1755 Sed
2787 1716 2894 1755 non
2924 1699 3098 1754 solum
3126 1697 3325 1755 Iudaeis
3346 1698 3551 1770 profuit
3578 1700 3666 1768 qui

387 1808 554 1848 verus
583 1790 861 1848 confessor
887 1794 1211 1863 exprimitur
1231 1794 1503 1862 Christus,
1526 1796 1617 1865 qui
1646 1811 1715 1851 ex
1737 1797 1855 1866 ejus
1884 1797 1981 1851 tri-
2008 1786 2056 1848 Β
2084 1793 2382 1849 mittendus
2405 1801 2545 1849 erat.
2575 1792 2700 1848 Ideo
2725 1793 3004 1863 sequitur:
3035 1790 3103 1846 Et
3128 1793 3237 1861 ipse
3274 1793 3372 1846 erit
3404 1802 3669 1862 exspecta-

387 1886 461 1941 bu
495 1886 790 1942 secundum
832 1901 1052 1941 carnem
1080 1896 1165 1942 est
1198 1888 1430 1958 genitus.
1454 1887 1634 1959 Ipsum
1680 1889 1979 1946 laudabunt

388 1978 586 2033 fratres
630 1977 753 2042 sui,
802 1978 1029 2048 apostoli
1080 1978 1289 2033 scilicet
1331 1989 1388 2034 et
1431 1996 1622 2039 omnes
1667 1985 2005 2040 cohwredes,

388 2062 525 2141 ejus,
558 2071 649 2140 qui
678 2086 776 2141 per
814 2071 1156 2140 adoptionem
1183 2072 1275 2126 lilii
1305 2073 1417 2128 Deo
1436 2073 1587 2129 Patri
1616 2074 1791 2131 effecti
1831 2084 1975 2143 sunt,

386 2173 445 2221 et
470 2166 670 2221 Christi
690 2165 894 2222 fratres
930 2183 1029 2237 per
1054 2169 1307 2239 gratiam,
1336 2180 1564 2239 quorum
1587 2168 1701 2239 ipse
1723 2169 1980 2226 Dominus

386 2267 472 2314 est
499 2274 599 2329 per
621 2267 891 2314 naturam.
911 2259 1103 2314 Manus
1132 2262 1316 2315 tumin
1339 2261 1622 2316 cervicibus
1647 2262 1980 2316 inimicorum

386 2360 618 2405 tuorum.
648 2351 841 2406 Iisdem
872 2352 1120 2407 manibus
1141 2360 1306 2423 atque
1348 2353 1537 2409 eodem
1568 2353 1748 2409 crucis
1778 2362 1980 2423 tropaeo

385 2450 441 2496 et
462 2457 590 2497 suos
615 2442 769 2508 texit,
806 2450 861 2497 et
910 2442 1160 2499 inimicos
1212 2451 1266 2498 et
1292 2443 1633 2500 adversarias
1685 2453 1982 2514 potestates

386 2531 654 2598 curvavit,
680 2531 834 2603 juxta
863 2531 1009 2603 quod
1051 2540 1106 2588 et
1164 2532 1327 2587 Pater
1355 2533 1625 2604 promittit
1668 2535 1717 2588 ei
1749 2534 1977 2590 dicens:

387 2620 525 2678 Sede
552 2621 621 2678 ad
647 2623 915 2679 dexteram
937 2629 1139 2690 meam,
1156 2624 1320 2679 donec
1351 2641 1544 2695 ponam
1589 2624 1826 2680 inimicos
1864 2633 1981 2680 tuos

386 2718 667 2775 scabellum
688 2720 876 2790 pedum
902 2729 1112 2797 tuorum
1139 2718 1311 2793 (Psal.
1344 2722 1477 2794 (ΠΧ).

458 2808 767 2865 Adorabunt
808 2820 858 2866 te
884 2810 984 2881 ﬁlii
1017 2812 1183 2882 patris
1213 2813 1327 2878 tui;
1356 2812 1613 2883 quoniam
1646 2812 1800 2867 multi
1826 2828 1889 2868 ex
1923 2812 1982 2867 li-

385 2898 475 2954 liis
497 2899 664 2955 Jacob
686 2900 990 2957 adorabunt
1017 2917 1141 2957 eum
1169 2918 1267 2972 per
1293 2903 1615 2959 electionem
1640 2903 1827 2974 gratiae
1848 2904 1981 2960 salvi

386 2989 538 3044 facti.
563 2989 784 3045 Catulus
817 2991 982 3045 leonis
1003 2991 1168 3057 Iuda,
1186 2993 1440 3062 quoniam
1474 2992 1747 3048 nascendo
1780 3008 1981 3063 parvu-

387 3078 473 3134 lus
518 3080 714 3146 factus,
744 3080 887 3135 sicut
938 3081 1199 3152 scriptum
1246 3092 1368 3138 est:
1400 3080 1664 3138 Parvulas
1703 3094 1857 3138 natus
1905 3094 1981 3138 est

387 3169 539 3224 nobis
563 3169 701 3242 (Isa.
727 3169 828 3243 lx).

461 3262 540 3316 Ad
564 3263 820 3333 prazdam,
847 3263 928 3334 ﬁli
956 3265 1052 3331 mi,
1076 3267 1379 3334 ascendisti,
1404 3267 1456 3323 id
1483 3278 1587 3335 est,
1609 3270 1905 3324 ascendens
1931 3270 1985 3324 in

386 3369 571 3422 cruce,
596 3355 839 3426 captivos
872 3358 1098 3428 populos
1143 3360 1443 3428 redemisti,
1488 3370 1543 3419 et
1582 3378 1719 3434 quos
1766 3363 1857 3418 ille
1902 3363 1987 3418 leo

389 3448 698 3504 contrarius
734 3448 1044 3516 invaserat,
1089 3459 1146 3507 tu
1201 3453 1440 3509 moriens
1464 3455 1732 3525 eripuisti.
1782 3455 1987 3512 Deinde

390 3539 608 3595 rediens
628 3540 698 3595 ab
720 3539 925 3608 inferis,
943 3545 1238 3600 ascendens
1258 3545 1312 3600 in
1341 3546 1529 3613 altum,
1547 3549 1813 3619 captivam
1833 3551 1987 3605 duxi-

389 3628 461 3683 sti
504 3629 892 3700 captivitatem.
926 3632 1268 3706 Requiescens
1296 3638 1587 3695 accubuiin
1622 3650 1679 3695 ut
1713 3641 1835 3696 leo:
1871 3659 1988 3699 ma-

391 3718 744 3777 nifestissime
791 3722 844 3777 in
876 3728 1130 3795 passione
1177 3726 1427 3785 Christus
1461 3731 1733 3797 recubuit,
1773 3736 1988 3803 quando

390 3812 652 3869 inclinato
677 3814 854 3885 capite
885 3817 1107 3873 tradidit
1134 3820 1416 3888 spiritum;
1440 3823 1554 3878 sive
1577 3826 1795 3895 quando
1817 3825 1871 3881 in
1902 3843 1987 3882 se-

392 3903 586 3975 pulcro
612 3920 861 3974 securus,
889 3908 1036 3965 velut
1059 3911 1293 3980 quodam
1324 3896 1570 3985 corporis
1612 3931 1802 3972 somno
1839 3919 1991 3989 quie-

395 3996 492 4051 vit.
528 3994 636 4051 Sed
689 4013 862 4069 quare
892 4007 949 4054 ut
999 3999 1085 4056 leo
1134 4010 1189 4056 et
1229 4002 1377 4059 velut
1422 4005 1632 4063 Catulus
1683 4006 1895 4064 leonis?
1929 4008 1986 4065 In

393 4102 587 4143 somno
606 4089 750 4143 enim
777 4105 875 4147 suo
902 4090 988 4147 leo
1019 4090 1140 4158 fuit,
1164 4095 1255 4164 qui
1286 4111 1390 4151 non
1424 4099 1747 4154 necessitate
1776 4101 1871 4155 sed
1895 4116 1990 4171 po-

393 4186 592 4236 testate
617 4181 721 4237 hoc
743 4182 919 4254 ipsum
957 4184 1220 4254 implevit,
1243 4187 1400 4257 juxta
1424 4198 1479 4245 et
1507 4192 1650 4260 quod
1676 4192 1792 4263 ipse
1840 4193 1991 4248 dixe-

396 4280 518 4329 rat:
559 4270 880 4331 Potestatem
926 4276 1091 4333 habeo
1125 4281 1353 4351 ponendi
1404 4283 1638 4338 animam
1685 4301 1887 4351 meam,
1939 4296 1989 4341 et

395 4381 547 4421 nemo
593 4383 708 4422 eam
756 4368 899 4423 tollet
927 4385 960 4422 a
1000 4386 1102 4438 me,
1125 4372 1217 4426 sed
1242 4390 1335 4444 ego
1365 4390 1482 4429 eam
1516 4392 1653 4446 pono
1693 4375 1875 4449 (Joan.
1908 4375 1987 4448 χ),

397 4457 551 4524 Quod
579 4474 709 4514 vero
737 4459 945 4515 addidit
974 4479 987 4514 :
1028 4461 1096 4517 Et
1132 4472 1188 4518 ut
1216 4463 1424 4519 catulus
1451 4464 1638 4532 leonis,
1685 4466 1810 4522 inde
1842 4468 1987 4522 enim

397 4559 665 4616 mortuus,
705 4553 846 4607 unde
874 4561 931 4607 et
971 4563 1153 4608 natus.
1207 4553 1425 4626 Physici
1475 4564 1653 4611 autem
1702 4557 1768 4611 de
1812 4558 1991 4614 catulo

397 4643 572 4700 leonis
600 4643 864 4711 scribunt,
888 4646 1031 4716 quod
1060 4661 1183 4701 cum
1213 4656 1374 4702 natus
1396 4647 1580 4714 fuerit,
1604 4649 1778 4703 tribus
1803 4651 1993 4707 diebus

399 4745 454 4791 et
477 4736 649 4791 tribus
672 4737 920 4792 noctibus
945 4738 1162 4793 dormit.
1194 4738 1346 4794 Tune
1363 4739 1555 4795 deinde
1578 4741 1752 4810 patris
1775 4740 1993 4798 fremitu

398 4828 486 4885 vel
513 4828 715 4900 rugitu,
754 4829 918 4884 veluti
959 4829 1308 4886 tremefactus
1341 4831 1534 4887 cubilis
1580 4831 1769 4901 locus,
1816 4836 1993 4891 susci-

400 4930 520 4976 tare
559 4917 761 4974 diCitur
788 4919 1025 4975 catulum
1078 4920 1434 4978 dormientem
1460 4941 1473 4976 :
1505 4925 1648 4994 quod
1682 4924 1837 4981 valde
1866 4942 1996 4981 con-

399 5009 685 5067 venienter
705 5011 772 5067 de
807 5010 1075 5081 passionis
1102 5020 1279 5069 morte
1306 5022 1526 5085 aptatur
1551 5016 1604 5070 in
1636 5015 1873 5083 Christo,
1903 5019 1995 5089 qui

401 5095 576 5158 tribus
604 5100 795 5159 diebus
818 5110 874 5157 et
903 5102 1080 5159 tribus
1107 5104 1359 5161 noctibus
1388 5106 1442 5161 in
1471 5107 1634 5162 cubili
1666 5109 1894 5179 sepulcri
1912 5110 1998 5181 ja-

400 5209 552 5259 cens,
586 5208 836 5249 somnum
865 5193 1059 5250 mortis
1098 5193 1358 5266 implevit.
1394 5195 1541 5253 Bene
1566 5213 1696 5269 ergo
1745 5197 1997 5255 Christus

402 5291 462 5338 ut
487 5282 574 5339 leo
606 5283 890 5354 requievit,
917 5284 1007 5356 qui
1053 5299 1160 5340 non
1192 5286 1367 5342 solum
1419 5288 1612 5342 mortis
1644 5288 1995 5344 acerbitatem

402 5391 509 5429 non
539 5374 737 5445 timuit,
766 5377 859 5431 sed
881 5377 1045 5432 etiam
1074 5377 1126 5432 in
1160 5377 1273 5449 ipsa
1298 5386 1472 5435 morte
1494 5379 1684 5435 mortis
1710 5379 1995 5451 imperium

404 5463 551 5518 vicit.
580 5463 723 5519 Bene
750 5465 889 5520 idem
921 5466 1118 5522 iterum
1150 5480 1208 5523 ut
1234 5469 1445 5525 catulus
1485 5469 1691 5535 leonis,
1733 5470 1860 5540 quia
1911 5470 1997 5526 die

406 5555 565 5611 tertia
594 5558 915 5612 resurrexit.
950 5557 1100 5615 Unde
1131 5567 1186 5614 et
1214 5559 1294 5616 sic
1318 5560 1630 5633 adjungitur
1655 5562 1720 5616 de
1747 5576 1995 5618 resurre-
2028 5560 2041 5575 '

406 5651 584 5706 ctione
613 5653 770 5723 ejus:
808 5651 940 5719 Quis
980 5651 1253 5708 suscitabit
1281 5652 1440 5706 eum?
1465 5651 1571 5708 hoc
1610 5660 1696 5708 est
1718 5653 1843 5723 quia
1873 5652 1996 5709 nul-

407 5737 491 5798 ius
516 5740 794 5798 hominum
820 5743 922 5798 nisi
956 5743 1088 5812 ipse,
1122 5746 1276 5816 juxta
1306 5742 1451 5813 quod
1480 5742 1622 5800 idem
1674 5744 1740 5800 de
1770 5762 1996 5818 corpore

2083 1886 2155 1939 tio
2180 1886 2430 1956 gentium.
2454 1882 2691 1954 Alligans
2721 1883 2790 1936 ad
2812 1883 3012 1937 vineam
3031 1880 3232 1953 pullum
3255 1898 3432 1947 suum,
3455 1896 3523 1937 ex
3545 1897 3667 1952 geu-

2084 1976 2226 2033 tibus
2259 1975 2510 2046 populum
2534 1975 2620 2030 cui
2650 1976 2825 2031 adhuc
2863 1990 3151 2045 nunquam.
3166 1972 3345 2029 fuerat
3373 1974 3510 2045 legis
3535 1991 3667 2031 onus

2082 2067 2390 2137 impositum
2423 2066 2694 2137 copulavit
2730 2067 2797 2122 ad
2825 2066 3035 2122 vineam
3071 2067 3463 2137 apostolorum,
3485 2067 3576 2138 qui
3603 2082 3667 2123 ex

2081 2156 2283 2214 Judteis
2304 2167 2448 2213 sunt.
2482 2157 2624 2212 Nam
2647 2158 2795 2213 vinea
2811 2158 3021 2215 Domini
3043 2157 3274 2214 Sabaoth
3288 2159 3477 2213 domus
3501 2157 3669 2215 Israel

2082 2261 2159 2306 est
2187 2250 2324 2322 (Isa.
2356 2250 2432 2323 v).

2154 2342 2223 2396 Et
2249 2342 2318 2396 ad
2358 2342 2532 2409 vitem,
2561 2358 2593 2397 ο
2632 2342 2713 2413 ﬁli
2741 2344 2833 2409 mi,
2875 2344 3083 2398 asinam
3135 2359 3308 2397 suam.
3340 2342 3461 2412 Ipse
3500 2342 3665 2397 dicit:

2082 2434 2197 2506 Ego
2232 2452 2348 2489 sum
2378 2434 2493 2489 vitis
2517 2452 2636 2489 vera
2663 2433 2846 2507 (Joan.
2885 2435 2997 2507 xv).
3039 2434 3121 2489 Ad
3175 2435 3318 2490 hanc
3343 2449 3477 2507 ergo
3509 2435 3668 2489 vitem

2083 2527 2268 2599 alligat
2308 2527 2517 2583 asinam
2547 2544 2702 2584 suam
2744 2528 2830 2584 cui
2868 2528 3209 2598 supersedit,
3259 2528 3558 2584 Ecclesiam
3602 2544 3668 2584 ex

2083 2621 2393 2676 nationibus
2418 2630 2816 2694 congregatum.
2848 2622 2999 2678 Hanc
3040 2624 3221 2694 itaque
3249 2624 3320 2679 ad
3352 2624 3519 2679 vitem
3552 2639 3671 2679 eor-

2083 2714 2230 2784 poris
2279 2715 2364 2769 sui
2394 2714 2632 2784 alligavit
2658 2714 2871 2770 vinculo
2912 2715 3199 2770 charitatis
3224 2757 3239 2781 ,
3288 2724 3343 2771 et
3378 2716 3670 2785 disciplina:

2083 2805 2407 2876 evangelicae
2437 2815 2691 2872 nexu,~ut
2721 2806 2789 2860 de
2814 2805 3113 2866 imitatione
3160 2806 3302 2862 illius
3329 2807 3538 2872 vivens,
3562 2805 3670 2860 effl-

2084 2897 2261 2955 ciatur
2298 2898 2470 2953 haeres
2505 2898 2596 2953 Dei
2637 2905 2694 2953 et
2735 2899 2979 2955 cohaeres
3023 2891 3244 2954 Christi.
3286 2899 3391 2953 Alii
3442 2911 3670 2969 namque

2086 2981 2228 3044 hanc
2252 2989 2459 3043 asinam
2473 2988 2814 3061 Synagogam
2833 2989 3280 3060 interpretantur,
3309 2990 3666 3062 tardigradam

2086 3080 2294 3135 scilicet
2314 3088 2367 3135 et
2389 3081 2538 3150 gravi
2565 3082 2807 3151 pondere
2836 3080 2970 3151 legis
3008 3096 3343 3152 oppressam.
3375 3081 3590 3137 Lami-it
3618 3083 3669 3136 in

2089 3171 2205 3224 riuo
2244 3169 2434 3224 stolam
2471 3187 2624 3225 suam
2649 3211 2665 3237 ,
2713 3172 2829 3227 sive
2853 3186 3076 3226 carnem
3103 3187 3257 3228 suam
3309 3172 3364 3226 in
3415 3172 3672 3242 sanguine

2087 3263 2388 3334 passionis;
2433 3264 2547 3319 sive
2572 3274 2811 3320 sanctam
2841 3264 3141 3320 Ecclesium
3174 3265 3264 3320 illo
3288 3265 3415 3319 vino
3461 3266 3551 3335 qui
3578 3278 3672 3334 pro

2087 3353 2273 3409 multis
2294 3353 2586 3409 ell‘unditur
2625 3355 2679 3409 in
2705 3354 3077 3410 remissionem
3113 3364 3480 3424 peccatorum.
3509 3354 3579 3409 Et
3618 3356 3671 3408 in

2085 3447 2344 3517 sanguine
2391 3464 2506 3501 uvae
2555 3446 2773 3517 pallium
2803 3464 2976 3502 suum.
3018 3446 3247 3502 Pallium
3297 3456 3487 3518 gentes
3526 3456 3670 3512 sunt,

2087 3553 2221 3607 quas
2249 3538 2462 3607 corpori
2491 3554 2589 3594 suo
2617 3538 2917 3607 conjunxit,
2951 3539 3090 3593 sicut
3117 3538 3376 3608 scriptum
3399 3547 3484 3593 est
3509 3556 3522 3591 :
3554 3535 3670 3592 Vivo

2086 3646 2180 3699 ego
2217 3629 2343 3683 dicit
2374 3628 2650 3695 Dominus,
2688 3630 2789 3683 nisi
2834 3629 2929 3683 ltos
2959 3646 3137 3683 omnes
3186 3630 3403 3683 induam
3434 3632 3568 3684 sicut
3595 3644 3672 3683 ue—

2087 3723 2388 3776 stimentum
2420 3721 2555 3794 (lsa.
2582 3722 2753 3795 χιιι).
2799 3721 2908 3777 Hos
2945 3723 3144 3793 quippe
3164 3722 3414 3778 Christus
3469 3722 3525 3776 in
3554 3737 3675 3777 san-

2088 3814 2249 3883 guine
2276 3830 2393 3869 uvae
2440 3815 2749 3880 mandavit,
2794 3816 3014 3885 quando
3044 3818 3184 3870 sicut
3228 3817 3421 3873 botrus
3449 3816 3504 3870 in
3534 3815 3675 3887 ligno

2089 3906 2269 3961 crucis
2293 3905 2567 3976 pependit.
2603 3906 2754 3961 Tunc
2779 3906 2922 3960 enim
2947 3920 3014 3960 ex
3044 3906 3223 3961 latere
3240 3905 3357 3975 ejus
3382 3907 3601 3977 sanguis
3623 3912 3678 3961 et

2090 4011 2231 4067 aqua
2253 3996 2526 4067 proﬂuxit.
2556 3995 2661 4051 Sed
2690 4012 2830 4067 aqua
2855 4013 2956 4053 nos
2983 3998 3171 4064 abluit,
3206 3999 3427 4070 sanguis
3452 4014 3555 4055 nos
3595 4012 3676 4053 re-

2090 4088 2276 4143 demit.
2328 4086 2668 4144 Pulchriores
2724 4091 2862 4145 oculi
2919 4092 3032 4161 ejus
3088 4093 3227 4145 vino.
3278 4091 3434 4147 Oculi
3475 4092 3674 4148 Christi

2090 4182 2316 4254 apostoli
2339 4191 2461 4237 sunt
2492 4193 2548 4239 et
2570 4184 2931 4253 evangelista},
2957 4184 3049 4255 qui
3072 4185 3311 4240 scientiae
3342 4184 3526 4241 lumen
3560 4187 3679 4241 uni—

2089 4289 2247 4330 verso
2266 4276 2478 4345 corpori
2508 4276 2762 4332 Ecclesia:
2787 4284 3063 4348 przestant.
3096 4276 3160 4331 Hi
3188 4277 3528 4348 pulchriores
3553 4280 3677 4333 vino

2090 4367 2411 4438 probantur,
2437 4368 2562 4438 quia
2590 4383 2777 4425 eorum
2800 4368 3045 4425 doctrina
3080 4370 3456 4425 austeritatem
3482 4372 3678 4427 veteris

2090 4458 2200 4513 vini
2247 4468 2566 4531 exsuperat,
2608 4460 2661 4516 id
2710 4469 2826 4525 est,
2882 4461 3075 4530 prisca:
3127 4459 3260 4531 legis
3309 4461 3676 4518 traditionem.

2022 4529 2068 4589 Π
2096 4529 2417 4622 Evangelica
2458 4552 2601 4606 enim
2630 4529 2899 4622 praecepta
2920 4552 3078 4623 longe
3098 4529 3330 4607 clariora
3368 4561 3495 4608 sunt
3520 4569 3680 4625 quam

2101 4645 2310 4701 Veteris
2360 4644 2694 4700 Testamenti
2744 4645 3016 4700 mandata.
3055 4645 3124 4698 Et
3166 4644 3345 4700 dentes
3391 4646 3529 4702 lacte
3560 4664 3683 4702 cano

2094 4736 2343 4792 didiorcs.
2374 4736 2594 4802 Dentes,
2616 4737 3000 4807 praedicatores
3041 4746 3169 4792 sunt
3198 4740 3396 4806 sancti,
3428 4740 3520 4809 qui
3548 4756 3684 4812 prat-

2095 4829 2284 4885 cidunt
2312 4829 2381 4884 ab
2405 4814 2683 4884 erroribus
2715 4829 2981 4895 homines,
3005 4838 3061 4884 et
3089 4845 3183 4885 eos
3211 4832 3365 4901 quasi
3397 4833 3684 4891 comeden-

2097 4922 2165 4978 do
2186 4922 2240 4976 in
2279 4919 2477 4976 Christi
2509 4936 2734 4990 corpore
2756 4919 3108 4976 transferunt.
3141 4921 3369 4978 Nomine
3388 4932 3574 4979 autem
3607 4924 3684 4980 la-

2095 5014 2199 5069 ctis
2227 5012 2474 5068 doctrina
2508 5010 2641 5081 legis
2666 5010 3023 5086 significatur,
3052 5028 3177 5082 qua:
3205 5013 3483 5070 carnalem
3514 5031 3684 5086 popu-

2095 5103 2205 5159 lum
2242 5113 2498 5174 tanquam
2548 5101 2801 5172 parvulos
2842 5101 2999 5157 lactis
3053 5102 3247 5173 poculo
3295 5102 3494 5159 alebat.
3520 5103 3684 5175 Cujus

2093 5196 2310 5267 quidem
2349 5194 2690 5250 candidiores
2717 5192 2891 5253 elTecti
2944 5202 3072 5249 sunt
3115 5193 3372 5250 doctores
3407 5194 3683 5261 Ecclesia,

2094 5289 2222 5359 quia
2254 5289 2447 5343 fortem
2473 5296 2530 5343 et
2556 5286 2793 5343 validum
2825 5287 2976 5341 verbi
3005 5287 3187 5343 cibum
3215 5286 3483 5343 mandunt
3524 5296 3685 5359 atque

2099 5380 2470 5443 distribuunt,
2513 5378 2579 5433 de
2616 5378 2813 5448 quibus
2845 5377 2978 5433 dicit
3026 5376 3319 5448 Apostolus
3362 5377 3417 5433 in
3450 5377 3685 5449 Epistola

2099 5485 2197 5527 sua
2224 5471 2292 5526 ad
2334 5469 2589 5526 Hebraeos
2632 5467 2788 5541 (Cap.
2817 5468 2910 5540 v):
2958 5465 3319 5538 Perfectorum
3356 5478 3533 5524 autem
3565 5468 3690 5524 soli-

2098 5560 2198 5615 dus
2243 5558 2407 5615 cibus.
2448 5558 2518 5613 Et
2553 5559 2690 5614 bene
2739 5556 3082 5612 candidiores
3125 5557 3264 5614 lacte
3304 5557 3469 5624 dicit;
3501 5570 3691 5612 omnes

2099 5652 2243 5708 enim
2288 5651 2380 5723 qui
2416 5648 2639 5721 perfecti
2688 5656 2836 5714 sunt,
2863 5656 2919 5702 et
2962 5647 3055 5717 qui
3091 5646 3499 5718 Scripturar‘um
3543 5646 3694 5701 cibos

2099 5744 2474 5815 explanantes,
2500 5741 2751 5799 subtilem
2788 5750 2844 5798 et
2879 5740 3149 5798 minutum
3180 5738 3512 5796 intellectum
3534 5780 3550 5803 ,
3600 5736 3695 5808 qui
