3970 6198
275 292 365 347 lilii

1335 286 1693 345 COMMENT.
1735 286 1803 343 lN
1841 285 2163 345 GENESIM.
2202 320 2271 330 —
2307 244 2565 347 Lis/1v.

3447 296 3552 353 603

212 444 221 455 .
273 400 572 474 spiritualis
595 400 812 464 dicitur,
845 398 1102 469 Ecclesia:
1148 399 1383 469 corpori,
1424 398 1858 465 subministrant,
1889 401 1937 460 A
1965 400 2142 457 Ionem
2169 411 2346 457 castra
2385 410 2622 458 metatus
2648 410 2749 467 est,
2796 402 2940 459 illum
2968 404 3170 462 scilicet
3214 408 3432 478 signans
3458 412 3549 480 qui

272 492 489 549 candidi
519 505 641 547 esse
664 490 864 545 debent
885 497 942 543 et
966 489 1111 559 puri,
1138 496 1302 559 atque
1335 489 1404 543 ab
1454 489 1602 544 omni
1653 488 1865 544 macula

271 583 449 640 liberi.
476 580 727 637 Issachar
764 583 946 636 asinus
996 579 1171 650 fortis.
1223 579 1490 647 lssachar,
1517 580 1660 650 quod
1697 580 1868 637 inter-

270 683 522 747 pretatur
546 658 765 737 merces,
785 669 1023 727 refertur
1047 670 1115 726 ad
1136 670 1390 742 populum
1427 672 1687 742 gentium,
1705 686 1865 749 quem

273 766 539 824 Dominus
561 763 841 836 sanguinis
871 762 956 818 sui
996 762 1172 833 pretio
1193 771 1277 817 est
1317 774 1612 817 mercatus.
1658 762 1757 817 Hic
1785 761 1866 817 ls-

273 860 494 925 sachar,
523 857 706 913 asinus
759 855 917 912 fortis
953 856 1242 922 scribitur,
1283 856 1408 926 quia
1453 856 1606 926 prius
1651 854 1868 927 gentilis

272 952 505 1022 populus
546 949 702 1021 quasi
726 949 948 1005 brutum
992 957 1048 1004 et
1083 948 1421 1004 luxuriosum
1476 947 1675 1003 animal
1726 955 1869 1014 erat,

273 1042 532 1112 nullaque
572 1041 783 1096 ratione
812 1041 1133 1096 subsistens.
1181 1040 1335 1096 Nunc
1380 1056 1509 1095 vero
1556 1039 1713 1095 fortis
1759 1046 1863 1104 est,

272 1116 546 1189 Salvatori
576 1142 762 1187 nostro
783 1133 983 1186 mentis
1009 1130 1223 1186 occulta
1256 1130 1528 1203 subigens,
1549 1145 1613 1184 ac
1623 1130 1868 1184 Redem-

271 1225 451 1298 ptoris
480 1224 719 1281 dominio
746 1223 883 1279 colla
926 1220 1283 1291 subjicienda,
1322 1221 1513 1293 jugum
1569 1221 1867 1291 disciplinae

275 1317 606 1389 evangelicae
626 1315 922 1387 perferens.
951 1314 1047 1370 Hic
1060 1314 1331 1370 accubans
1359 1315 1498 1383 inter
1515 1313 1775 1369 terminos
1791 1312 1869 1367 vi-

272 1412 355 1466 dit
379 1410 624 1480 requiem
650 1407 791 1479 quod
817 1415 963 1464 esset
983 1408 1144 1471 bona,
1171 1414 1226 1462 et
1249 1416 1449 1462 terram
1469 1406 1613 1476 quod
1638 1404 1863 1473 optima.

273 1502 425 1558 later
446 1501 708 1556 terminos
723 1514 955 1569 namque
966 1499 1233 1554 accubare
1254 1497 1657 1568 estprzestolato
1683 1494 1867 1549 mundi

272 1591 383 1644 ﬁne
412 1589 780 1659 requiescere,
831 1587 1077 1657 nihilque
1097 1587 1162 1642 de
1193 1586 1278 1641 bis
1321 1602 1442 1656 quae
1472 1601 1618 1641 nunc
1644 1601 1869 1640 versan-

274 1694 365 1738 tur
390 1684 445 1736 iu
469 1682 647 1737 medio
673 1666 945 1751 quaerere,
967 1678 1062 1735 sed
1094 1678 1283 1738 ultima
1307 1678 1636 1733 desiderare.
1668 1677 1736 1731 Et
1764 1676 1869 1731 for-

200 1774 213 1782 “
274 1776 345 1830 tis
391 1775 577 1830 asinus
606 1777 847 1843 requiem
893 1780 949 1828 et
991 1779 1193 1827 terram
1219 1770 1479 1853 optimam
1525 1769 1688 1835 vidit,
1740 1784 1861 1823 cum
1894 1756 1939 1814 Β

272 1868 502 1938 simplex
532 1866 808 1939 gentilitas
868 1865 1072 1923 idcirco
1123 1879 1183 1920 se
1215 1864 1284 1918 ad
1314 1863 1478 1918 robur
1528 1862 1655 1917 boni
1685 1860 1867 1931 operis

271 1960 458 2030 erigit,
487 1959 613 2028 quia
662 1957 730 2012 ad
782 1964 999 2011 aeternae
1041 1955 1167 2017 vitae
1213 1953 1446 2025 patriam
1492 1952 1677 2008 tendit.
1715 1950 1868 2006 Unde

273 2048 440 2103 etiam
482 2046 703 2119 apponit
744 2047 1028 2100 humerum
1053 2060 1208 2099 suum
1238 2043 1305 2098 ad
1327 2044 1649 2113 mrtandum
1674 2083 1690 2107 ,
1740 2042 1869 2112 quia

272 2137 406 2194 dum
455 2136 521 2192 ad
570 2136 894 2206 promissam
948 2135 1191 2204 requiem
1237 2134 1522 2204 pervenire
1575 2133 1866 2199 desiderat,

273 2238 472 2287 cuneta
501 2228 877 2284 mandatorum
908 2243 1070 2284 onera
1101 2227 1336 2283 libenter
1379 2235 1578 2298 portat.
1617 2226 1770 2283 Unde
1814 2236 1870 2281 et

274 2323 453 2380 factus
475 2332 563 2379 est
606 2323 824 2378 tributis
848 2322 1115 2387 serviens,
1155 2322 1259 2377 hoc
1298 2330 1384 2377 est
1411 2323 1523 2394 regi
1569 2330 1625 2377 et
1650 2322 1869 2377 Christo

182 2429 195 2435 '
259 2432 376 2473 'suo
425 2415 549 2471 ﬁdei
601 2417 744 2471 bona
789 2430 1123 2485 operumque
1166 2414 1431 2470 bonorum
1470 2430 1694 2470 munera
1743 2415 1871 2472 oﬁ'e-

276 2523 426 2564 rens.
455 2507 698 2563 Zabulon
750 2508 801 2560 in
849 2506 1030 2561 littore
1070 2507 1239 2562 maris
1267 2506 1556 2571 habitabit,
1583 2515 1636 2563 el
1668 2508 1722 2562 in
1760 2515 1871 2563 sta-

279 2599 426 2654 tione
466 2598 707 2652 navium.
746 2596 1009 2663 Zabulon,
1040 2597 1132 2668 qui
1170 2597 1562 2667 interpretatur
1593 2598 1873 2654 habitacu-

276 2688 388 2744 lum
416 2687 772 2753 fortitudinis,
797 2687 1091 2744 Ecclesiam
1116 2687 1403 2758 signiﬁcat,
1432 2688 1779 2744 fortissimam
1803 2691 1871 2745 ad

277 2795 494 2835 omnem
519 2778 864 2849 tolerantiam
911 2779 1200 2850 passionis.
1238 2777 1366 2834 Hmc
1404 2779 1456 2833 in
1486 2774 1674 2835 littore
1703 2780 1871 2835 maris

278 2871 507 2936 habitat,
538 2880 594 2927 et
622 2871 674 2925 in
698 2870 930 2926 statione
959 2871 1200 2936 navium,
1231 2879 1292 2924 ut
1317 2871 1665 2926 credentibus
1691 2871 1762 2925 sit
1788 2884 1872 2925 re-

280 2965 576 3035 fugium,et
599 2963 1031 3034 periclitantibus
1049 2963 1444 3018 demonstraret
1475 2962 1596 3018 ﬁdei
1626 2970 1866 3032 portum.

279 3058 407 3113 llaec
432 3065 621 3114 contra
652 3071 840 3111 omnes
869 3055 1114 3111 turbines
1161 3056 1341 3111 smculi
1384 3056 1647 3112 immobili
1686 3064 1741 3112 et
1786 3057 1871 3111 in-

278 3147 543 3205 concussa
594 3148 848 3207 ﬁrmitate
900 3149 1163 3214 solidata,
1203 3158 1482 3219 exspectat
1529 3151 1870 3221 naufragium

276 3240 614 3305 Iudaeorum,
636 3247 691 3295 et
720 3240 1101 3295 haereticorum
1128 3240 1416 3309 procellas,
1448 3241 1540 3312 qui
1568 3250 1622 3295 et
1642 3242 1874 3296 circum—

282 3332 536 3390 feruntur
558 3336 705 3392 omni
735 3344 898 3391 vento
931 3336 1207 3391 doctrinae.
1232 3335 1471 3403 Quorum
1505 3338 1607 3393 etsi
1632 3339 1874 3393 tunditur

281 3425 555 3491 ﬂuctibus,
586 3426 786 3499 frangit
816 3435 994 3481 tamen
1026 3427 1141 3497 ipsa
1170 3425 1398 3492 ﬂuctus,
1453 3437 1507 3482 et
1538 3444 1642 3482 non
1673 3427 1872 3500 frangi-

280 3527 392 3583 tur,
422 3533 523 3573 nec
559 3517 681 3573 ullis
708 3519 994 3575 hteresium
1022 3520 1435 3590 tempestatibus
1460 3521 1629 3587 cadit,
1657 3537 1756 3577 nec
1779 3522 1871 3577 ulli

283 3619 447 3665 vento
499 3610 853 3667 schismatum
900 3606 1172 3667 commota
1223 3614 1546 3667 succumbit.
1596 3613 1872 3669 Pertendit

283 3710 465 3757 autem
495 3716 669 3771 usque
710 3702 779 3757 ad
802 3701 1078 3768 Sidoncm,
1110 3703 1211 3757 hoc
1239 3712 1321 3758 est
1370 3720 1541 3774 usque
1592 3705 1658 3759 ad
1685 3715 1874 3776 gentes

281 3794 554 3864 pervenit.
612 3792 836 3865 Legitur
861 3795 1025 3849 etiam
1080 3795 1134 3849 in
1163 3795 1456 3864 Evangelio
1504 3797 1626 3851 inde
1666 3812 1875 3851 assam—

282 3892 408 3952 ptos
445 3898 567 3939 esse
599 3884 812 3954 aliquos
852 3885 1244 3955 apostolorum,
1273 3894 1328 3940 et
1357 3886 1411 3940 in
1443 3886 1576 3955 ipsis
1605 3887 1738 3942 locis
1774 3888 1875 3943 Do-

287 3975 499 4028 minum
537 3988 682 4045 sirpe
721 3975 1001 4039 docuisse,
1057 3976 1199 4031 sicut
1239 3976 1500 4046 scriptum
1554 3986 1675 4032 est:
1713 3977 1875 4032 Terra

287 4063 529 4121 Zabulon
572 4076 620 4120 et
671 4076 811 4120 terra
842 4065 1201 4137 Nephthalim.
1236 4068 1318 4121 via
1349 4069 1511 4122 maris
1556 4078 1702 4123 trans
1744 4068 1874 4124 Jor-

287 4157 476 4210 danem
498 4153 737 4211 Galitrcae
767 4141 1021 4228 gentium,
1049 4156 1272 4228 populus
1311 4157 1403 4228 qui
1427 4158 1637 4212 sedebat
1657 4160 1711 4212 in
1735 4169 1877 4215 tene-

289 4248 417 4313 bris,
457 4248 585 4303 ridit
638 4248 806 4311 luserit
861 4266 1103 4320 magnam
1155 4249 1290 4323 (lsa.
1324 4249 1425 4320 ιχ).
1460 4251 1573 4306 Dan
1612 4250 1876 4320 judicabit

288 4338 541 4409 pupulum
592 4354 748 4401 suum
784 4340 936 4417 gsicut
966 4349 1020 4395 et
1056 4340 1160 4395 alia
1196 4342 1370 4397 tribus
1412 4343 1467 4396 in
1508 4343 1694 4398 Israel.
1748 4343 1875 4401 Fiat

287 4429 408 4485 Dan
442 4430 655 4485 coluber
687 4431 741 4485 in
792 4432 890 4495 ria,
929 4441 1152 4486 cerastes
1197 4434 1251 4487 in
1290 4435 1499 4501 semita,
1527 4444 1632 4492 etc.
1662 4435 1768 4491 Alii
1794 4437 1876 4492 di-

286 4530 418 4578 t'uut
456 4521 855 4579 Antichristum
896 4539 996 4592 per
1038 4524 1155 4580 haec
1190 4525 1354 4580 verba
1399 4528 1617 4597 praedici
1652 4530 1720 4584 de
1771 4529 1873 4585 ista

290 4612 433 4667 tribu
480 4612 742 4669 futurum.
789 4615 894 4669 Alii
940 4615 1007 4671 de
1048 4614 1217 4683 Iuda,
1268 4633 1299 4672 a
1341 4633 1449 4688 quo
1504 4620 1732 4675 traditus
1792 4630 1879 4678 est

287 4702 558 4769 Christus,
592 4704 706 4759 hazc
722 4701 932 4775 scripta
961 4708 1333 4776 pronuntiant,
1362 4717 1420 4764 et
1451 4711 1685 4779 equitem
1713 4721 1877 4782 atque

284 4808 485 4865 equum
516 4794 802 4850 Dominum
833 4812 956 4851 cum
988 4812 1155 4854 carne
1198 4808 1444 4870 suscepta
1472 4802 1759 4869 designare
1776 4820 1875 4859 vo-

287 4884 425 4938 lunt.
442 4883 763 4940 Retrorsum
776 4893 957 4941 autem
970 4886 1188 4953 cadere,
1204 4888 1332 4955 utin
1351 4898 1551 4945 terram
1570 4900 1877 4953 revertatur

289 4979 433 5035 unde
457 4987 708 5050 sumptus
734 4988 836 5035 est.
856 4980 963 5036 Sed
985 4981 1241 5050 quoniam
1262 4982 1350 5039 die
1377 4984 1535 5039 tertia
1558 4985 1877 5051 resurrexit,

289 5071 520 5141 ideoque
546 5070 657 5126 ait:
688 5071 933 5126 Salutare
953 5081 1102 5127 tuum
1121 5076 1445 5145 exspectabo,
1468 5076 1714 5143 Domine,
1741 5078 1885 5133 sicut

290 5179 387 5233 per
417 5165 588 5220 David
615 5183 628 5219 :
663 5165 787 5221 Non
821 5166 1080 5237 relinques
1110 5168 1342 5222 animum
1369 5186 1538 5223 nteant
1579 5168 1633 5223 in
1672 5169 1880 5237 inferno

289 5254 465 5327 lPsal.
493 5258 609 5330 xv),
641 5258 756 5313 bzec
785 5259 1013 5328 quidam,
1034 5259 1109 5327 ita
1140 5267 1435 5329 exponunt.
1463 5259 1569 5314 Alii
1590 5275 1719 5315 vero
1739 5260 1881 5317 hanc

288 5347 625 5418 prophetiam
674 5350 742 5404 ad
778 5348 1171 5405 Autichristum
1211 5348 1561 5405 transferunt.
1607 5350 1684 5406 De
1737 5352 1878 5406 tribu

285 5437 431 5493 enim
464 5440 579 5494 Dan
609 5440 793 5495 venire
820 5439 1212 5495 Antichristum
1263 5438 1461 5504 ferunt,
1507 5454 1604 5509 pro
1631 5455 1697 5495 eo
1736 5441 1877 5510 quod

288 5528 390 5584 hoc
418 5529 540 5586 loco
568 5531 681 5585 Dan
704 5540 758 5585 et
787 5529 1007 5586 coluber
1040 5530 1302 5585 asscritur
1330 5538 1384 5584 et
1413 5531 1686 5585 mordens.
1727 5530 1878 5587 Unde

238 5616 243 5625 ’
286 5630 341 5674 et
368 5637 476 5679 non
511 5621 784 5677 inuuerito
813 5620 1143 5677 lsraeliticus
1171 5620 1418 5692 populus,
1451 5620 1577 5674 dum
1610 5629 1782 5676 terras
1818 5620 1874 5675 in

286 5712 578 5781 partitione
608 5722 910 5774 castrorum
946 5714 1266 5783 susciperet,
1290 5712 1439 5785 prius
1467 5713 1578 5767 Dan
1609 5713 1675 5767 ad
1706 5710 1843 5785 Aqui
1854 5741 1876 5753 ο

1902 4476 1952 4534 D

1968 494 2020 548 in
2051 494 2214 549 corde
2240 511 2337 550 suo
2372 494 2546 549 dixit:
2596 493 2797 551 Sedabo
2838 497 2891 549 in
2933 506 3107 551 monte
3133 502 3447 565 tesfamenti,
3499 503 3552 555 in

1966 583 2229 639 lateribus”
2243 585 2555 655 Aquilonis;
2591 587 2868 641 ascendam
2893 604 3038 657 super
3085 588 3420 646 altitudinem
3458 574 3568 645 nu;

1966 675 2128 740 bium,
2169 675 2357 731 similis
2398 694 2488 731 ero
2534 676 2799 749 Altissimo
2845 676 3018 750 (Psal.
3044 678 3176 749 xw).
3227 676 3304 734 De
3348 696 3456 749 quo
3502 690 3556 736 ct

1965 780 2061 837 per
2089 768 2405 837 prophetam
2433 767 2668 824 dicitur:
2714 768 2758 821 A
2802 769 2919 823 Dan
2962 770 3174 825 auditus
3200 780 3275 825 est
3315 771 3556 842 fremitus

1965 875 2213 930 equorum
2244 860 2361 931 ejus
2392 860 2613 932 (Jerem.
2638 861 2758 935 vm)
2786 880 2800 929 ;
2850 864 2939 933 qui
2970 880 3074 917 non
3108 863 3280 920 solum
3311 865 3553 930 coluber,

1966 949 2060 1004 sed
2089 950 2251 1004 etiam
2285 959 2521 1006 cerastes
2544 961 2791 1017 vocatur,
2825 955 3013 1030 κέρατα
3051 955 3193 1009 enim
3216 954 3403 1011 Graece
3436 972 3556 1009 cor—

1967 1057 2072 1095 nua
2098 1041 2383 1106 dicuntur;
2427 1058 2760 1117 serpensque
2793 1044 2881 1100 hic
2924 1054 3184 1100 curmttus
3222 1061 3343 1101 esse
3371 1046 3557 1116 perhi-

1964 1134 2144 1199 betur,
2165 1151 2263 1205 per
2285 1151 2444 1205 quem
2467 1136 2625 1207 digne
2653 1138 2913 1192 adventus
2935 1138 3251 1195 Antichristi
3275 1139 3554 1195 asseritur.

1966 1225 2100 1293 Quia
2150 1234 2339 1280 contra
2381 1226 2544 1281 vitam
2589 1228 2845 1294 ﬁdelium,
2889 1246 3009 1287 eum
3057 1246 3237 1284 morsu
3290 1230 3559 1302 pestifera:

1966 1318 2386 1387 prauiicationis,
2414 1320 2718 1375 armabitur
2759 1322 2923 1375 etiam
2954 1322 3208 1378 cornibus
3248 1323 3553 1393 potestatis.

1967 1411 2098 1478 Quis
2125 1422 2303 1466 autem
2343 1414 2546 1468 nesciat
2572 1414 2817 1470 semitam
2848 1415 3216 1483 angustiorem
3244 1428 3364 1468 esse
3394 1428 3557 1482 quam

1965 1500 2148 1553 viam?
2175 1500 2261 1554 Fit
2281 1517 2413 1572 ergo
2442 1502 2662 1557 coluber
2691 1503 2743 1556 in
2782 1504 2889 1568 via,
2922 1503 3048 1573 quia
3080 1504 3131 1557 in
3172 1504 3455 1574 ptmsentis
3480 1503 3561 1558 vi—

1968 1599 2037 1645 ta:
2084 1589 2420 1647 latitudinem
2449 1607 2544 1648 eos
2588 1593 2866 1648 ambulare
2906 1602 3183 1663 provocat,
3215 1595 3411 1665 quibus
3438 1611 3562 1665 par-

1968 1681 2139 1736 cendo
2166 1683 2322 1752 quasi
2349 1682 2645 1738 blanditur.
2693 1683 2799 1739 Sed
2839 1685 2894 1739 in
2924 1686 3008 1740 via
3038 1687 3270 1753 mordet,
3313 1688 3441 1758 quia
3468 1684 3563 1749 eos

1967 1771 2160 1840 quibus
2196 1771 2500 1828 libertatem
2532 1774 2718 1829 tribuit
2754 1776 2957 1835 erroris
2985 1776 3066 1831 sui
3108 1792 3316 1832 veneno
3364 1793 3561 1833 consu-

1969 1863 2086 1918 mit.
2118 1863 2205 1917 Fit
2232 1864 2429 1919 iterum
2456 1873 2694 1921 cerastes
2720 1865 2775 1920 in
2806 1867 3021 1933 semita,
3049 1868 3174 1937 quia
3203 1883 3340 1937 quos
3375 1867 3565 1925 ﬁdeles

1970 1954 2190 2023 reperit,
2229 1961 2286 2008 et
2306 1969 2427 2010 sese
2457 1954 2526 2010 ad
2561 1956 2801 2011 etelestis
2828 1958 3080 2027 praecepti
3118 1970 3346 2028 angusta
3371 1960 3565 2013 itinera

1968 2042 2424 2117 constringentes,
2451 2061 2556 2100 non
2604 2046 2775 2102 solum
2822 2047 3060 2117 nequitia
3108 2048 3314 2104 callidae
3342 2065 3567 2119 persua-

1969 2138 2139 2194 sionis
2162 2138 2409 2209 impedit,
2451 2139 2548 2194 sed
2576 2140 2740 2194 etiam
2781 2147 2990 2195 terrore
3030 2142 3315 2211 potestatis
3344 2143 3563 2211 premit,

1967 2240 2023 2287 et
2052 2233 2105 2286 in
2140 2233 2534 2303 persecutionis
2562 2248 2786 2303 angore,
2809 2241 2934 2302 post
2970 2232 3231 2289 beneﬁcia
3276 2235 3411 2288 lictis
3455 2234 3567 2289 dul-

1969 2323 2445 2390 eedinis,_exercet
2464 2339 2668 2379 cornua
2692 2325 2997 2394 potestatis.
3025 2325 3142 2392 Quo
3171 2326 3223 2380 in
3248 2325 3366 2381 loco
3397 2342 3569 2395 equus

1971 2413 2115 2469 hunc
2158 2415 2417 2469 mundum
2461 2414 2717 2480 insinuat,
2742 2417 2834 2486 qui
2877 2432 2976 2487 per
3005 2417 3294 2471 elationem
3323 2434 3479 2473 suam
3506 2420 3559 2474 in

1971 2522 2135 2562 cursu
2158 2494 2455 2583 labentium
2496 2515 2800 2578 temporum
2845 2517 3079 2580 spumat.
3118 2510 3196 2569 Et
3241 2511 3367 2580 quia
3413 2509 3566 2566 Anti-

1971 2595 2209 2651 christus
2252 2604 2499 2652 extrema
2551 2598 2735 2652 mundi
2783 2598 3183 2669 apprehendere
3228 2600 3440 2665 nititur,
3478 2616 3569 2657 ce-

1973 2695 2153 2766 rastes.
2174 2689 2278 2744 iste
2303 2690 2429 2759 equi
2456 2690 2684 2762 ungulas
2730 2689 2978 2753 mordere
3016 2690 3348 2761 perhibetur.
3383 2691 3561 2762 Ungu-

1971 2776 2051 2833 las
2071 2777 2268 2849 quippe
2299 2779 2424 2849 equi
2456 2780 2707 2835 mordere
2739 2787 2822 2841 est
2849 2788 3091 2835 extrema
3119 2780 3300 2835 saeculi
3323 2780 3565 2839 feriendo

1973 2871 2306 2941 contingere.
2341 2870 2409 2926 Ut
2454 2873 2609 2926 cadat
2663 2889 2907 2927 ascensor
2953 2873 3069 2943 ejus
3106 2884 3260 2927 retro.
3297 2872 3568 2927 Ascenscr

1973 2964 2097 3033 equi
2136 2972 2221 3019 est
2263 2965 2507 3035 quisquis
2553 2965 2831 3020 extollitur
2884 2966 2938 3020 in
2982 2965 3333 3037 dignitatibus
3358 2965 3563 3020 mundi.

1976 3053 2077 3120 Qui
2129 3062 2279 3109 retro
2305 3055 2499 3109 cadere
2546 3050 2764 3119 dicitur,
2813 3064 2868 3110 et
2918 3065 3024 3110 non
3085 3057 3138 3109 in
3173 3056 3386 3120 faciem,
3427 3057 3568 3111 sicut

1979 3146 2176 3203 Saulth
2202 3149 2465 3205 cecidisse
2507 3157 2860 3204 memoratur.
2905 3149 2964 3207 In
3010 3148 3147 3203 facie
3175 3149 3318 3205 enim
3348 3150 3564 3214 cadere,

1975 3250 2061 3296 est
2082 3242 2133 3296 in
2156 3242 2259 3296 bac
2277 3241 2386 3295 vita
2410 3257 2536 3296 suas
2557 3256 2992 3311 unumquemque
3011 3241 3196 3311 culpas
3218 3257 3565 3309 cognoscere,

1976 3345 2175 3402 easque
2201 3331 2512 3401 paenitendo
2561 3331 2778 3387 dellere.
2813 3331 2982 3387 Retro
3010 3348 3138 3387 vero
3173 3333 3314 3403 quod
3352 3349 3456 3386 non
3496 3334 3570 3389 vi-

1976 3424 2134 3479 detur
2164 3423 2378 3488 cadere,
2406 3432 2490 3479 est
2533 3439 2597 3479 ex
2643 3425 2747 3479 hac
2787 3425 2897 3479 vita
2937 3434 3160 3495 repente
3186 3425 3467 3490 decedere,
3514 3432 3570 3479 et

1976 3514 2043 3568 ad
2068 3530 2190 3583 qua:
2216 3514 2475 3584 supplicia
2523 3514 2751 3570 ducatur
2785 3516 3055 3586 ignorare.
3092 3516 3159 3571 Et
3193 3516 3320 3586 quia
3359 3515 3567 3580 Judzca,

1975 3606 2180 3660 erroris
2205 3607 2287 3660 sui
2322 3605 2530 3675 laqueis
2575 3615 2751 3677 capta,
2781 3623 2877 3678 pro
2908 3608 3128 3663 Christo
3173 3608 3566 3664 Antichristum

1974 3706 2276 3766 exspectat,
2326 3696 2464 3752 bene
2496 3695 2665 3752 Jacob
2706 3699 2897 3753 eodem
2948 3698 3065 3752 loco
3097 3706 3316 3767 repente
3355 3697 3409 3752 in
3457 3697 3569 3752 ele-

1975 3797 2186 3844 ctorum
2234 3804 2366 3845 voce
2402 3804 2698 3843 conversus
2726 3798 2809 3843 est
2847 3789 3069 3844 dicens:
3126 3786 3375 3843 Salutare
3420 3798 3567 3844 tuum

1974 3880 2304 3951 exspectabo,
2336 3880 2579 3945 Domine,
2623 3880 2673 3934 id
2703 3888 2811 3944 est,
2838 3895 2944 3934 non
2971 3880 3111 3934 sicut
3138 3878 3379 3933 inﬁdeles
3410 3878 3565 3935 Anti-

1977 3972 2258 4034 christum,
2311 3972 2406 4028 sed
2447 3987 2570 4026 eum
2615 3971 2707 4042 qui
2756 3971 2809 4026 in
2858 3971 3281 4040 redemptionem
3326 3978 3566 4027 nostram

1975 4072 2240 4121 venturus
2272 4072 2376 4130 est,
2407 4070 2595 4120 verum
2623 4065 2787 4119 credo
2829 4063 3061 4118 fideliter
3101 4061 3397 4117 Christum.
3448 4060 3566 4114 Cat

1976 4154 2240 4210 accinctus
2284 4152 2613 4223 prmliabilur
2657 4163 2778 4211 ante
2823 4171 2963 4208 eum.
3003 4151 3107 4207 Isle
3137 4151 3253 4207 Gad
3291 4152 3567 4206 accinctus

1973 4260 2261 4316 personam
2308 4244 2509 4301 Christi
2551 4244 2823 4313 exprimit,
2872 4243 2960 4312 qui
3018 4243 3073 4298 in
3116 4242 3291 4313 primo
3335 4244 3564 4297 adventa

1975 4335 2297 4395 humilitatis
2325 4350 2456 4400 suae,
2502 4342 2628 4389 ante
2667 4334 2958 4389 adventum
3005 4333 3324 4390 Antichristi
3357 4333 3571 4402 plueba-

1976 4436 2134 4483 turus
2157 4428 2418 4492 occurrit,
2441 4427 2715 4487 accinctus
2738 4425 2915 4498 gladio
2940 4426 3087 4481 verbi
3113 4426 3196 4481 sui
3225 4427 3370 4481 circa
3394 4424 3570 4482 l‘muur

1980 4519 2370 4593 potentissime,
2420 4532 2529 4589 quo
2576 4516 2780 4573 amicos
2829 4516 3029 4580 divisit,
3084 4515 3136 4572 id
3186 4524 3292 4581 est,
3346 4515 3567 4571 liliuma

1982 4622 2151 4685 patre,
2202 4613 2365 4668 ﬁliam
2408 4627 2438 4666 a
2471 4618 2661 4674 matre,
2706 4625 2902 4666 nurum
2941 4625 2972 4663 a
3008 4624 3190 4675 socru,
3220 4608 3376 4679 juxta
3422 4609 3568 4678 «iuni

1982 4705 2250 4777 legiturin
2278 4702 2606 4773 Evangelia:
2640 4699 2764 4755 Non
2789 4701 2901 4756 veni
2930 4716 3111 4771 pacem
3152 4701 3354 4754 mittere
3380 4702 3435 4754 in
3465 4711 3567 4753 ter-
3624 4728 3631 4733 ι

1982 4804 2119 4862 ra'm,
2140 4796 2229 4850 sed
2257 4793 2491 4865 gladium
2512 4791 2729 4865 (Matth.
2767 4790 2845 4863 Χ).
2877 4790 3030 4858 Quod
3054 4799 3240 4846 autem
3270 4792 3365 4855 ait,
3390 4800 3437 4844 et
3462 4791 3567 4860 ipse

1982 4889 2282 4959 accingetur
2322 4896 2626 4948 retrorsum,
2677 4884 2898 4939 claritas
2928 4883 3142 4939 Domini
3173 4884 3343 4938 nostri
3392 4884 3444 4937 in
3477 4898 3568 4936 se-

1982 4981 2160 5039 cundo
2190 4994 2353 5051 regno
2377 4978 2699 5041 ostenditur,
2741 4977 2868 5047 quia
2894 4992 3017 5032 cum
3058 4975 3267 5031 venerit
3292 4974 3567 5029 Antichri-

1982 5080 2121 5137 stus,
2147 5071 2275 5125 item
2316 5076 2558 5124 recurret
2594 5076 2914 5131 retrorsum,
2960 5065 3015 5121 id
3055 5074 3155 5129 est,
3188 5072 3307 5133 post
3339 5063 3455 5130 ejus
3478 5077 3567 5117 ve-

1981 5162 2140 5234 stigia
2162 5160 2413 5218 Christus
2440 5160 2670 5214 adventu
2696 5157 3010 5228 procedens,
3037 5164 3097 5210 ut
3123 5153 3413 5208 interﬁciat
3439 5170 3565 5209 eum

1983 5253 2160 5325 gladio
2180 5252 2292 5308 oris
2312 5252 2416 5307 sui.
2450 5251 2602 5307 Unde
2631 5260 2687 5306 et
2711 5251 2849 5305 bene
2890 5248 3032 5302 idem
3069 5244 3184 5300 Gad
3230 5244 3567 5298 latrunculos

1984 5346 2389 5415 interpretatur,
2417 5358 2482 5397 eo
2510 5342 2652 5413 quod
2693 5337 2981 5411 posterior,
3012 5335 3064 5390 id
3090 5342 3192 5397 est,
3220 5348 3378 5389 secus
3402 5334 3568 5405 pedes

1983 5435 2136 5505 quasi
2182 5435 2536 5498 latrunculus,
2584 5433 2770 5503 rapido
2808 5438 2970 5499 atque
3013 5428 3306 5499 improviso
3335 5428 3566 5483 adventu

1982 5527 2216 5592 exsiliat,
2248 5534 2437 5582 contra
2464 5534 2707 5595 apertam
2743 5520 3061 5600 Antichristi
3091 5520 3563 5592 oppugnationem.

1985 5619 2122 5674 llinc
2153 5626 2239 5673 est
2262 5616 2401 5686 quod
2427 5614 2714 5685 Apostolus
2735 5612 3002 5687 exclamat
3024 5611 3207 5666 dicens
3230 5627 3244 5666 :
3285 5610 3425 5677 Quia
3456 5611 3566 5663 dies

1986 5707 2197 5789 Domini
2226 5710 2359 5764 sicut
2385 5708 2473 5777 [ur
2498 5708 2549 5762 in
2574 5714 2738 5771 nocte,
2764 5707 2836 5761 ita
2854 5705 3014 5761 veniet
3042 5703 3093 5775 (Ι
3121 5703 3298 5760 Thess.
3322 5704 3571 5773 v).Cbri-
