3970 6198
421 277 526 336 653
588 308 591 319 λ

1058 272 1117 325 Β.
1157 269 1409 325 RABAM
1451 215 1672 324 MAlJlll
1715 263 2034 325 ABCHIEP.
2073 263 2382 322 MOGUNT.
2424 261 2709 321 OPERUM
2745 259 2925 318 PARS
2961 261 3005 316 l.

3572 263 3682 321 664

416 406 534 454 stus
559 407 688 466 ergo
720 402 777 446 et
801 399 925 445 ante
953 395 1010 444 et
1051 396 1198 442 retro
1234 384 1469 457 pmliari
1499 392 1684 438 contra
1728 379 2000 436 Antichri-
2028 383 2077 441 Α
2103 378 2212 449 puli
2239 376 2629 449 cogitaverunt.
2684 373 2993 431 lnviderunt
3046 372 3120 429 illi
3175 374 3436 432 habentes
3485 376 3687 449 jacula.

416 497 563 544 stum
591 482 863 540 scribitur.
895 478 1035 535 Ante
1063 494 1185 533 eum
1207 491 1439 546 namque
1469 475 1520 529 in
1544 474 1757 529 occulto
1778 474 2007 527 adventu

331 625 336 629 .
416 574 756 639 humilitatis,
774 579 897 643 post
916 585 1038 626 eum
1063 567 1379 624 manifestus
1406 566 1459 619 in
1487 564 1657 635 gloria
1684 561 2003 632 majestatis.

417 669 763 726 Demonstrat
787 672 842 719 et
871 663 1079 736 Moyses
1105 668 1288 731 aperte
1308 656 1644 729 prophetiam
1684 653 2008 725 patriarchae

418 760 581 831 hujus
606 756 914 828 specialiter
954 753 1226 823 pertinere
1270 751 1337 806 ad
1390 749 1684 804 Christum.
1723 745 1815 801 Sic
1861 746 2005 799 enim

418 854 532 907 ait:
561 849 894 914 Benedictus,
939 846 1131 917 inquit,
1159 844 1213 899 in
1240 843 1516 897 latitudine
1561 837 1697 893 Gad.
1742 838 1906 905 Quasi
1927 835 2005 891 (eo

420 943 666 1015 requievit
687 958 708 1007 ;
731 940 979 1011 coepitque
1001 937 1268 991 brachium
1291 944 1339 989 et
1364 934 1625 998 verticem,
1647 939 1694 986 et
1716 930 1838 985 vidit
1864 929 2007 1000 prin-

404 1020 648 1105 cipatum
672 1047 846 1087 suum.
872 1028 1179 1100 Agnoscunt
1210 1026 1391 1096 itaque
1412 1024 1534 1095 quis
1570 1022 1832 1092 requievit
1870 1021 2009 1075 sicut

419 1121 507 1179 leo
552 1121 656 1176 nisi
702 1120 949 1175 Christus
984 1118 1039 1172 in
1089 1115 1334 1186 sepulcro
1377 1114 1523 1168 suo?
1565 1112 1697 1179 Quis
1742 1107 2008 1177 confregit

419 1213 677 1269 verticem
721 1207 1046 1278 brachiaque
1073 1205 1394 1277 potentium,
1422 1203 1525 1257 nisi
1556 1200 1885 1269 Redemptor
1909 1214 2006 1253 no-

420 1311 553 1369 ster,
606 1301 698 1371 qui
751 1298 1054 1354 humiliavit
1102 1298 1355 1351 virtutem
1401 1304 1456 1349 et
1485 1294 1789 1365 superbiam
1820 1291 2003 1347 excel-

423 1386 651 1443 sorum?
696 1384 828 1452 Quis
868 1384 1006 1439 vidit
1049 1382 1409 1454 principatum
1452 1395 1630 1444 suum,
1663 1378 1764 1433 nisi
1799 1378 1888 1432 ille
1914 1377 2004 1432 cui

421 1479 580 1533 datus
601 1485 684 1533 est
709 1477 1041 1547 principatus
1080 1482 1136 1529 et
1171 1475 1343 1529 honor
1363 1480 1420 1528 et
1446 1472 1703 1543 regnum?
1742 1469 1873 1523 Aser
1890 1470 2007 1539 pin-

419 1570 535 1641 guis
571 1569 724 1641 panis
766 1568 897 1638 ejus,
945 1576 992 1621 et
1040 1564 1283 1635 prcvbebit
1327 1563 1543 1619 delicias
1576 1561 1798 1632 regibus.
1849 1560 2004 1625 Aser,

419 1659 573 1729 cujus
601 1672 797 1714 nomen
847 1656 1112 1727 significat
1151 1655 1385 1719 divitias,
1434 1653 1573 1708 idem
1625 1651 1871 1707 Christus
1900 1658 2003 1714 est,

2108 469 2294 538 Neque
2338 467 2482 523 enim
2529 469 2813 537 quisquam
2840 468 2894 522 in
2946 466 3146 539 Ioseph
3176 471 3409 541 conjecit
3460 472 3692 539 sagittas

2105 561 2190 617 vel
2218 560 2431 631 aliquod
2459 561 2698 616 vulneris
2725 560 2912 627 telum,
2950 562 3043 618 sed
3081 562 3389 632 specialiter
3424 563 3606 620 evenit
3631 566 3691 620 in

2103 652 2397 708 Christum.
2447 650 2592 707 Sedit
2620 651 2675 706 in
2707 652 2831 723 forti
2878 668 3034 707 arcus
3082 653 3218 723 ejus.
3270 653 3524 710 Christus
3543 657 3691 710 enim

2105 760 2289 800 arcum
2329 759 2484 799 suum
2518 743 2713 813 posuit,
2758 751 2815 798 et
2850 758 2999 797 arma
3030 744 3302 815 pugnandi
3345 745 3399 800 in
3432 745 3564 812 Deo,
3595 747 3691 817 qui

2106 835 2267 891 fortis
2287 844 2369 891 est
2391 844 2773 906 propugnator,
2801 835 2956 907 cujus
2985 838 3185 892 virtute
3225 838 3542 893 concidetur
3568 854 3690 893 om-

2106 928 2191 983 nis
2219 928 2456 997 nequitia
2497 927 2843 995 pertldorum.
2898 925 2968 981 Et
3017 928 3274 984 dissoluta
3320 939 3438 985 sunt
3484 931 3691 985 t-incuta

2107 1019 2433 1073 brachiorum
2458 1018 2594 1088 ejus,
2625 1019 2819 1088 quibus
2858 1017 3055 1075 fratres
3088 1034 3211 1075 eum
3241 1021 3479 1075 vinctum
3508 1021 3575 1074 ad
3603 1019 3695 1074 l‘i-

2105 1111 2271 1166 latum
2296 1111 2580 1175 duxerunt,
2614 1110 2697 1164 vel
2727 1109 2920 1180 quibus
2957 1125 3079 1166 eum
3117 1126 3441 1182 suspensum
3471 1112 3526 1166 in
3549 1110 3691 1183 ligno

2107 1201 2509 1256 crncitixerunt.
2537 1200 2787 1256 Rescissa
2808 1209 2934 1255 sunt
2955 1201 3099 1256 enim
3120 1204 3217 1272 per
3248 1217 3468 1256 manum
3503 1201 3686 1266 Iacob,

2106 1294 2211 1348 hoc
2234 1301 2319 1347 est
2343 1307 2441 1364 per
2469 1307 2686 1347 manum
2709 1292 3091 1363 omnipotentis
3113 1293 3208 1348 Dei
3234 1291 3424 1359 Iacob,
3448 1310 3517 1350 ex
3540 1294 3690 1364 cujus

2108 1384 2314 1441 femore
2350 1398 2463 1456 Ipse
2502 1383 2762 1440 Dominus
2786 1385 2959 1441 bonus
2988 1395 3174 1456 pastor
3200 1401 3454 1457 egressus
3479 1396 3583 1452 est,
3611 1387 3687 1441 la-

2106 1476 2190 1546 pis
2219 1484 2273 1530 et
2299 1475 2527 1530 firmitas
2552 1476 2887 1531 credentium
2926 1478 2981 1532 in
3024 1476 3209 1532 Israel.
3242 1476 3383 1532 Deus
3412 1479 3584 1547 patris
3618 1479 3690 1531 tui

2105 1569 2201 1622 erit
2231 1568 2602 1639 adjutortuus.
2635 1567 2766 1635 Quis
2796 1564 2999 1635 adjuvit
3017 1567 3212 1622 Filium
3243 1567 3345 1622 nisi
3376 1567 3527 1622 solus
3554 1567 3693 1622 Deus

2107 1655 2287 1723 Pater,
2318 1656 2407 1727 qui
2461 1657 2633 1711 dixit:
2684 1654 2851 1710 Iacob
2906 1673 3037 1727 puer
3077 1673 3241 1722 meus,
3296 1657 3555 1726 suscipiat
3579 1672 3692 1710 eum

421 1749 588 1821 Cujus
620 1748 842 1804 altitudo
884 1748 1184 1801 divitiarum
1238 1746 1505 1815 sapientia.-
1552 1753 1598 1797 et
1644 1742 1873 1797 scientiae
1913 1740 2011 1797 Dei
2039 1742 2085 1801 Β
2113 1748 2290 1801 anima
2313 1748 2469 1802 mea?
2507 1745 2577 1801 Et
2621 1748 2942 1818 omnipotens
2968 1746 3227 1801 benedicet
3267 1747 3359 1800 tibi
3382 1745 3694 1801 benedictio-

426 1843 607 1915 (Rom.
632 1839 743 1912 x1);
776 1840 868 1911 qui
921 1846 1141 1909 propter
1172 1852 1271 1892 nos
1307 1850 1511 1907 pauper
1540 1834 1712 1888 factus
1752 1841 1837 1887 est
1884 1846 2007 1887 cum

421 1933 572 1990 dives
593 1940 770 1998 esset;
798 1928 953 1999 cujus
972 1939 1056 1985 est
1085 1929 1240 2000 panis
1273 1927 1486 1998 pinguis
1514 1924 1707 1990 factus,
1748 1940 1875 1980 caro
1904 1923 2009 1979 sci-

419 2026 550 2094 ]icet
575 2025 692 2096 ejus
724 2038 844 2094 quae
889 2029 973 2079 est
1020 2036 1142 2078 esca
1197 2029 1542 2076 sanctorum:
1598 2031 1759 2088 quam
1789 2016 1836 2072 si
1887 2016 2009 2086 quis

419 2115 850 2181 manducaverit,
874 2130 982 2170 non
1011 2113 1271 2168 morietur
1296 2110 1349 2165 in
1378 2118 1658 2165 aeternum.
1695 2107 1801 2163 lste
1842 2108 2008 2163 etiam

419 2205 680 2278 praebebit
704 2203 924 2260 delicias
944 2200 1219 2273 sapientiae
1246 2200 1481 2270 regibus,
1514 2197 1569 2253 id
1618 2202 1721 2261 est,
1751 2195 1845 2266 qui
1886 2209 2007 2250 sen-

421 2314 515 2356 sus
540 2298 788 2370 proprios
838 2296 975 2351 bene
1017 2301 1228 2364 regunt,
1256 2292 1345 2363 qui
1383 2292 1729 2348 dominantur
1754 2289 2007 2345 vitiorum

421 2404 663 2453 suorum,
695 2388 787 2460 qui
813 2387 1080 2459 castigant
1105 2400 1330 2455 corpora
1373 2399 1469 2439 sua
1508 2392 1565 2439 et
1607 2382 1662 2438 in
1691 2382 2007 2438 servitutem

423 2480 739 2551 subjiciunt.
763 2476 1129 2548 Nephthalim,
1165 2474 1305 2545 quod
1328 2474 1714 2543 interpretatur
1738 2470 2005 2537 dilatatio,

423 2571 697 2643 apostolos
721 2578 778 2626 et
804 2568 1187 2641 praedicatores
1214 2574 1431 2623 sanctos
1461 2564 1750 2636 significat,
1775 2578 2006 2636 quorum

425 2664 671 2721 doctrina
698 2662 753 2718 in
779 2661 1114 2716 latitudinem
1145 2658 1310 2715 totius
1349 2657 1532 2714 mundi
1564 2655 1755 2712 diffusa
1796 2662 1900 2711 est.
1926 2655 2006 2710 Ex

423 2757 527 2812 hac
552 2756 695 2812 enim
721 2752 861 2808 tribu
904 2752 1121 2806 fuerunt
1164 2749 1407 2822 apostoli,
1435 2748 1526 2819 qui
1570 2755 1695 2803 sunt
1737 2746 2007 2819 principes

420 2846 808 2910 Ecclesiarum,
839 2854 893 2900 et
912 2844 1093 2909 duces,
1125 2850 1178 2897 ct
1201 2842 1470 2914 principes
1492 2840 1754 2904 Zabulon,
1783 2848 1839 2895 et
1858 2838 2009 2909 prius

422 2938 572 3009 cipes
596 2935 934 3007 Nepbtbalim
961 2952 977 3001 ;
1009 2935 1101 3004 qui
1133 2933 1250 2988 sine
1289 2932 1450 2988 dubio
1476 2931 1542 2985 ad
1588 2944 1875 3000 personam
1922 2944 2005 2983 rc-

423 3028 675 3085 feruntur
727 3024 1114 3095 apostolorum.
1172 3022 1277 3092 Ipsi
1324 3029 1450 3076 sunt
1504 3018 1596 3073 filii
1647 3031 2001 3073 excussorum

2069 1836 2261 1892 ‘nibus
2317 1836 2432 1892 creti
2477 1836 2718 1908 desuper,
2773 1836 3213 1890 benedictionibus
3250 1835 3427 1905 abyssi
3469 1834 3697 1905 jacentis

2107 1929 2371 1984 deorsum.
2396 1929 2657 1986 Universa
2684 1930 2827 1984 enim
2860 1927 3090 1998 subjecit
3112 1929 3185 1994 ei,
3210 1928 3456 1983 cmlestia
3485 1943 3587 1998 per
3608 1928 3699 1983 be-

2109 2020 2470 2076 nedictionem
2493 2020 2617 2076 cmli
2646 2021 2895 2091 desuper,
2926 2027 2981 2075 et
3009 2028 3220 2074 terrena
3245 2033 3341 2089 per
3366 2019 3698 2073 benedictio-

2110 2126 2230 2167 nem
2257 2111 2435 2183 abyssi
2469 2111 2699 2182 jacentis
2740 2113 3010 2175 deorsum,
3053 2120 3114 2164 ut
3138 2110 3389 2165 omnibus
3418 2109 3629 2179 angelis
3649 2117 3700 2164 et

2108 2202 2415 2259 hominibus
2440 2202 2825 2257 dominaretur.
2875 2200 3326 2255 Beneatctionibus
3366 2199 3613 2262 uberum,
3647 2198 3699 2252 id

2107 2300 2209 2358 est,
2238 2293 2351 2348 sive
2391 2293 2619 2349 duorum
2648 2299 3115 2357 testamentorum,
3143 2305 3371 2360 quorum
3416 2289 3595 2344 altero
3620 2295 3698 2342 est

2105 2384 2404 2449 nuntiatus,
2436 2382 2605 2438 altero
2633 2383 3060 2448 demonstratus;
3087 2382 3199 2437 sive
3226 2380 3697 2435 benedictionibus

2107 2475 2334 2530 uberum
2357 2472 2557 2539 Mariae,
2583 2488 2701 2542 quin
2722 2487 2849 2528 vere
2866 2472 3145 2528 benedicta
3166 2479 3341 2535 erant,
3357 2470 3486 2539 quia
3509 2467 3697 2523 iisdem

2107 2577 2296 2621 sancta
2323 2564 2487 2636 Virgo
2534 2563 2764 2620 Domino
2793 2572 2978 2635 potum
3010 2563 3168 2618 lactis
3216 2560 3499 2617 immulsit.
3550 2558 3700 2615 Unde

2107 2662 2163 2708 et
2188 2653 2279 2708 illa
2305 2653 2499 2708 mulier
2526 2654 2581 2707 in
2626 2654 2913 2724 Evangelio
2954 2652 3066 2707 ait:
3109 2650 3306 2707 Beatus
3340 2660 3515 2706 venter
3538 2652 3699 2721 quite

2105 2744 2346 2813 portavit,
2378 2754 2426 2798 et
2450 2745 2607 2799 ubera
2628 2760 2745 2815 qua:
2767 2743 2957 2798 suxisti
2985 2743 3137 2815 (Luc.
3160 2741 3262 2812 XI).

2178 2835 2629 2891 Benedictionibus
2652 2836 2867 2890 uberum
2895 2845 2942 2890 et
2969 2835 3153 2889 vulvte.
3197 2835 3374 2889 Etiam
3408 2835 3498 2889 hic
3525 2835 3696 2889 bene-

2107 2928 2213 2983 dici
2240 2943 2305 2982 ur
2332 2927 2491 2983 vulva
2520 2926 2759 2997 ejusdem
2790 2926 2997 2993 matris,
3040 2925 3128 2981 illa
3175 2927 3365 2997 utique
3391 2926 3691 2997 virginalis,

2107 3033 2228 3089 qua:
2257 3017 2412 3073 nobis
2444 3016 2715 3072 Christum
2766 3017 3051 3072 Dominum
3081 3016 3283 3082 edidit;
3336 3017 3407 3071 de
3451 3031 3555 3086 qua
3599 3032 3697 3086 per

424 3116 598 3191 (Psal.
622 3115 811 3186 uvu),
842 3113 892 3168 id
924 3122 1027 3178 est,
1050 3114 1458 3184 prophetarum,
1499 3110 1589 3181 qui
1619 3110 1674 3164 in
1714 3124 1877 3165 manu
1903 3124 2003 3179 po-
2031 3103 2074 3165 C
2104 3109 2393 3166 Ieremiam
2413 3111 2732 3181 prophetam
2755 3110 2983 3166 dicitur:
3006 3107 3325 3182 Priusquam
3343 3119 3394 3164 te
3414 3108 3694 3179 formarem

423 3209 589 3265 tentis
614 3207 709 3262 Dei
731 3204 914 3277 positi,
938 3212 993 3259 et
1016 3212 1270 3273 tanquam
1290 3203 1500 3274 sagittae
1522 3216 1786 3267 excussae,
1812 3215 2004 3270 perve-

420 3306 622 3354 nerunt
651 3310 820 3366 usque
849 3296 917 3351 ad
961 3294 1097 3350 lines
1127 3301 1303 3349 teme.
1339 3293 1492 3349 Unde
1520 3300 1574 3348 et
1612 3293 1748 3348 bene
1771 3292 1862 3347 hic
1899 3291 2002 3346 Ne-

419 3387 686 3459 pbtbalim
745 3400 937 3441 cervus
985 3385 1215 3440 emissus
1261 3384 1533 3449 scribitur,
1588 3397 1694 3451 qua
1747 3382 2000 3437 nimirum
2072 3436 2077 3441 ,

421 3476 657 3548 apostoli
698 3476 814 3531 sive
848 3474 1250 3544 prtedicatores,
1300 3472 1473 3528 veloci
1522 3472 1659 3527 saltu
1686 3472 2001 3528 exsilientes

426 3581 584 3622 more
625 3579 931 3630 cervorum,
977 3565 1363 3619 transcendunt
1389 3563 1786 3633 implicamenta
1818 3562 1998 3618 sazculi

421 3657 615 3728 hujus;
652 3658 836 3728 sicque
861 3656 1075 3712 excelsa
1118 3670 1181 3711 ac
1207 3656 1453 3711 sublimia
1501 3657 1842 3722 meditantes,
1870 3657 2000 3711 dant

419 3750 635 3820 eloquia
660 3748 1093 3820 pulchritudinis,
1121 3748 1175 3803 id
1199 3756 1302 3813 est,
1331 3749 1627 3818 praedicant
1645 3750 1854 3804 cunctis
1878 3764 2000 3820 gen-

419 3841 567 3897 tibus
594 3839 893 3896 doctrinam
917 3839 1130 3893 Domini
1159 3836 1473 3893 Salvatoris.
1506 3836 1680 3893 Filius
1704 3855 1999 3894 accrescens

419 3928 636 4001 Ioseph.
663 3928 789 3983 Haec
829 3928 1110 3998 prophetia
1155 3936 1275 3998 post
1313 3929 1616 3998 passionem
1651 3929 1861 3985 Domini
1901 3946 1999 4000 pa-

422 4032 591 4077 terna:
618 4019 769 4076 vocis
808 4018 1098 4089 imaginem
1136 4018 1394 4088 prmtulit,
1425 4018 1552 4088 quia
1600 4020 1917 4075 redeuntem
1943 4021 2000 4075 in

422 4111 618 4168 ctelum
641 4120 764 4183 post
790 4110 1071 4166 victoriam
1097 4109 1373 4166 Christum
1421 4110 1580 4169 Pater
1606 4111 1897 4181 alloquitur
1921 4113 2000 4167 di-

2104 3204 2159 3257 in
2182 3212 2351 3269 utero,
2383 3205 2501 3257 novi
2521 3212 2591 3268 te,
2619 3212 2669 3258 et
2697 3211 2974 3273 antequam
3003 3202 3171 3256 eaires
3210 3200 3275 3255 de
3304 3200 3476 3267 vulva,
3503 3201 3695 3254 sancti-

2103 3294 2256 3362 ﬁcavi
2282 3304 2330 3348 te
2358 3293 2572 3366 (Ierem.
2598 3294 2664 3366 ι).

2174 3385 2566 3442 Benedictiones
2595 3387 2761 3456 patris
2802 3388 2879 3441 tui
2901 3386 3212 3450 confortatce
3235 3394 3355 3440 sunt
3377 3384 3689 3440 benedictio-

2107 3478 2256 3532 nibus
2279 3484 2489 3548 patrum
2514 3477 2649 3548 ejus.
2691 3476 3120 3540 Bcnedictiones,
3151 3476 3361 3547 inquit,~
3394 3475 3566 3544 patris
3608 3476 3684 3529 tui

2105 3567 2361 3629 caelestis,
2392 3584 2513 3639 quae
2539 3569 2677 3623 data:
2698 3577 2821 3624 sum
2845 3569 2941 3624 tibi
2982 3584 3011 3624 a
3037 3585 3247 3624 summo
3269 3567 3392 3623 creli
3415 3578 3469 3622 et
3493 3566 3687 3637 abyssi,

2042 3712 2051 3723 ,
2107 3661 2424 3717 confortatu:
2474 3672 2620 3729 sunt,
2664 3661 2713 3716 id
2757 3670 2859 3727 est,
2911 3663 3312 3733 prmvaluemnt
3361 3660 3685 3716 benedictio—

2105 3755 2264 3810 nibus
2288 3764 2503 3826 patrum
2537 3763 2772 3810 tuorum.
2805 3754 2956 3811 Ultra
3001 3770 3162 3811 omne
3203 3756 3349 3809 enim
3382 3761 3685 3807 sanctorum

2106 3848 2356 3903 meritum
2381 3848 2811 3918 patriarcharum
2857 3848 2969 3903 sive
2996 3848 3380 3919 pr0phetarum
3423 3846 3687 3902 convaluit

2103 3940 2406 3995 benedictio
2429 3939 2813 4008 omnipotentis
2841 3939 3019 3994 Patris
3041 3940 3094 3994 in
3132 3938 3290 4002 Filio,
3313 3939 3388 3992 ita
3420 3946 3480 3991 ut
3503 3938 3551 3991 ei
3573 3935 3685 3990 nul-

2096 4028 2186 4085 lus
2219 4039 2529 4085 sanctorum
2574 4040 2837 4101 tequetur.
2892 4029 3071 4084 Donec
3119 4030 3312 4084 veniret
3364 4027 3679 4082 desiderium

2102 4123 2313 4178 collium
2337 4133 2672 4179 internarum.
2717 4123 2893 4181 Colles
2920 4126 3006 4180 isti
3032 4125 3205 4181 sancti
3235 4132 3381 4205 sunt,
3414 4124 3507 4193 qui
3536 4122 3683 4177 Chri-

421 4217 581 4259 cens:
615 4201 788 4259 Filius
813 4219 1108 4259 accrescens
1142 4204 1356 4275 Ioseph,
1383 4204 1526 4275 [ilius
1550 4222 1870 4272 accrescens,
1892 4208 2003 4261 uti-

2107 4214 2170 4270 sti
2204 4216 2491 4269 adventum
2521 4216 2924 4285 proplietantes,
2949 4231 3143 4287 magno
3166 4230 3289 4270 cum
3317 4201 3587 4269 desiderio
3610 4213 3684 4266 iu-

422 4312 528 4368 que
568 4298 623 4353 in
664 4298 954 4367 gentibus;
1002 4297 1094 4367 qui
1125 4312 1248 4353 cum
1289 4297 1359 4353 ob
1402 4298 1828 4354 incredulitatem
1864 4294 2003 4371 Syn-
2104 4303 2471 4360 carnationem
2496 4304 2615 4374 ejus
2654 4314 3139 4375 exspectaverunt;
3178 4305 3244 4359 de
3282 4306 3483 4374 quibus
3520 4303 3683 4358 Domi-

424 4403 608 4459 agoga:
639 4385 892 4459 populum
921 4388 1244 4458 reliquisset,
1289 4388 1630 4444 innumeram
1660 4390 1763 4445 sibi
1792 4390 2001 4460 plebem
2106 4410 2207 4449 nus
2235 4394 2402 4449 dicit:
2438 4393 2575 4461 Quia
2602 4395 2752 4449 multi
2785 4396 2921 4466 justi
2944 4405 2991 4449 et
3017 4396 3281 4466 prophetes
3310 4395 3582 4465 cupierunt
3607 4394 3678 4447 ri-

421 4483 679 4538 Ecclesiae
716 4498 782 4538 ex
827 4482 1076 4538 omnibus
1118 4483 1367 4553 gentibus
1415 4482 1709 4553 ampliavit.
1761 4482 1913 4550 Quod
1951 4490 2006 4537 et
2032 4473 2082 4531 Ῐ)
2106 4482 2229 4536 dere
2254 4501 2371 4555 qua’
2420 4485 2604 4538 videtis
2647 4483 2797 4555 (Luc.
2823 4485 2899 4549 ι).
2949 4483 3014 4539 1ιὶ
3048 4499 3177 4555 ergo
3204 4484 3377 4540 sancti
3405 4484 3533 4539 dicti
3563 4491 3681 4538 sunt

420 4571 589 4627 David
618 4571 815 4626 cecinit
840 4571 1062 4627 dicens:
1099 4570 1520 4625 Reminiscentur
1553 4582 1602 4625 et
1647 4583 2011 4629 convertentur
2112 4572 2298 4636 colles,
2329 4583 2550 4644 propter
2583 4574 2953 4629 excellentiam
3001 4575 3345 4629 sanctitatis:
3382 4574 3479 4643 qni
3524 4574 3679 4629 etiam

422 4663 492 4719 ad
524 4662 830 4728 Dominum,
859 4662 1085 4717 universi
1122 4662 1253 4732 fines
1280 4672 1433 4716 terra:
1455 4661 1625 4734 (Psal.
1650 4662 1786 4737 χχι).
2111 4671 2167 4719 et
2201 4664 2388 4718 aeterni
2430 4673 2707 4730 vocantur,
2750 4666 2875 4736 quia
2904 4666 3068 4721 vitam
3096 4677 3508 4737 consequuntur
3528 4675 3680 4721 aeter-

386 4796 393 4804 .
492 4750 667 4806 Filius
705 4767 1003 4806 accrescens
1033 4761 1081 4806 et
1116 4751 1335 4807 decem
1371 4763 1601 4823 aspectu.
1634 4752 1836 4810 Omnes
1863 4755 2005 4810 enim

423 4852 645 4915 superat
664 4842 808 4899 illius
827 4842 1184 4914 pulchritudo,
1207 4842 1362 4915 juxta
1389 4844 1532 4915 quod
1558 4845 1625 4901 de
1656 4844 1771 4917 ipso
1793 4846 1845 4901 in
1865 4846 2009 4903 Psal-

423 4934 529 4991 mis
567 4933 825 4989 canitur:
881 4931 1153 5003 Speciosus
1197 4933 1371 5004 forum
1410 4951 1520 5006 prae
1566 4935 1692 5005 ﬁliis
1738 4935 2007 4993 hominum

424 5027 598 5101 (Psal.
624 5030 790 5100 πων).
817 5024 973 5080 Filia:
994 5026 1353 5083 discurrerunt
1380 5044 1537 5098 super
1557 5045 1803 5094 murum;
1827 5029 1878 5084 id
1902 5038 2005 5096 est,

421 5130 612 5192 gentes
640 5119 725 5177 vel
778 5119 1032 5176 Ecclesia:
1072 5135 1193 5192 qua:
1243 5122 1587 5178 crediderunt
1631 5124 1684 5179 in
1709 5124 2003 5180 Christum.

425 5213 518 5268 lla!
567 5227 728 5282 super
782 5211 1107 5267 soliditatem
1168 5210 1311 5278 fidei,
1366 5214 1520 5283 quasi
1571 5229 1733 5284 super
1794 5232 2005 5270 murum

425 5318 609 5358 amore
639 5301 1053 5371 pulchritudinis
1091 5301 1292 5358 Christi
1316 5318 1559 5359 accensa:
1587 5304 1918 5371 discurrunt,
1948 5316 2008 5360 ut

425 5384 613 5449 verum
654 5407 909 5464 sponsum
950 5408 1048 5462 per
1092 5393 1597 5463 contemplationem
1644 5394 1927 5463 aspiciant.
1953 5403 2010 5448 et

424 5484 610 5539 osculo
630 5483 909 5539 cbaritatis
928 5484 1005 5537 illi
1026 5485 1342 5554 copulentur
1363 5494 1523 5555 atque
1546 5486 1874 5541 adhaareant.
1901 5486 2005 5541 Sed

425 5573 692 5643 objurgati
719 5582 846 5628 sunt
871 5590 1018 5640 eum,
1044 5577 1261 5644 quando
1286 5575 1436 5630 falsis
1464 5575 1782 5631 testimoniis
1806 5577 2011 5633 calum-.

429 5664 659 5732 hiantes,
697 5675 942 5723 sanctum
987 5668 1196 5725 Domini
1233 5671 1540 5742 opprimere
1574 5669 1869 5743 Synagogze
1911 5684 2007 5742 po-

2112 4771 2260 4821 nam,
2307 4770 2406 4810 nec
2431 4755 2700 4811 intereunt
2722 4772 2845 4812 cum
2874 4757 3093 4822 mundo,
3126 4757 3218 4812 sed
3248 4771 3371 4812 esse
3399 4757 3682 4812 creduntur

2108 4844 2318 4899 aeterni.
2345 4843 2507 4899 Fiant
2545 4845 2601 4899 in
2637 4847 2805 4917 capite
2832 4847 3047 4917 Ioseph,
3080 4862 3269 4903 omnes
3291 4848 3501 4905 scilicet
3529 4849 3681 4902 bene-

2111 4935 2374 4990 dictiones
2400 4933 2516 4989 ista:
2538 4950 2701 5005 super
2722 4945 2881 5007 caput
2900 4937 3101 4994 Christi
3121 4946 3417 5008 ponuntur,
3449 4953 3584 5007 quas
3608 4937 3682 4991 iu-

2110 5035 2364 5082 carnatus
2391 5026 2614 5097 accepit.
2643 5024 2711 5081 Et
2732 5044 2887 5099 super
2919 5031 3157 5085 verticem
3188 5026 3463 5095 Nazareni,
3499 5028 3565 5083 de
3584 5040 3682 5097 quo

2109 5123 2367 5191 scriptum
2394 5131 2510 5176 est:
2550 5120 2811 5186 Quoniam
2867 5122 3162 5180 Nasarwus
3184 5123 3454 5179 vocabitur
3476 5121 3678 5193 (Matth.

2111 5214 2197 5279 nl,
2218 5215 2272 5269 id
2301 5223 2402 5279 est,
2432 5222 2650 5269 sanctus
2680 5215 2791 5269 Dei.
2821 5216 2968 5269 lnter
3009 5215 3205 5270 fratres
3231 5228 3384 5279 suos,
3411 5213 3538 5283 quia
3579 5213 3681 5282 ipse

2110 5314 2194 5360 est
2223 5312 2385 5374 caput
2410 5305 2650 5359 omnium
2674 5303 2917 5360 eminens
2954 5306 3328 5361 universorum
3356 5312 3677 5364 sanctorum,

2112 5412 2248 5465 quos
2275 5397 2441 5451 etiam
2478 5404 2532 5451 et
2581 5395 2775 5451 fratres
2830 5404 2985 5451 vocat
3033 5397 3087 5451 in
3140 5396 3384 5467 psalmis.
3414 5393 3681 5464 Benjamin

2112 5488 2266 5558 lupus
2290 5503 2476 5557 rapax,
2501 5503 2654 5541 mane
2676 5487 2903 5541 comedet
2927 5487 3180 5557 prwdam,
3203 5496 3251 5541 et
3276 5502 3481 5557 vespere
3503 5482 3679 5537 diridel

2112 5581 2300 5650 spolia.
2348 5580 2554 5647 Quibus
2591 5580 2772 5640 dictis.
2820 5576 3093 5651 apostolus
3131 5581 3333 5636 Paulus
3359 5580 3676 5651 designatur.

2114 5673 2181 5727 de
2232 5671 2511 5741 Benjantin
2559 5672 2727 5742 stirpe
2778 5673 3112 5743 progenitus.
3162 5673 3263 5739 Qui
3311 5687 3472 5727 mane
3515 5667 3680 5740 rapuit
