3970 6198
284 355 387 413 665

1344 354 1697 413 COMMENT.
1738 357 1803 412 IN
1839 358 2160 416 GENESIM.
2202 394 2272 404 —-
2309 363 2437 419 LIB.
2477 365 2562 421 IV.

3451 376 3553 434 666

278 477 546 549 prtedam,
579 475 631 530 id
685 482 788 541 est,
840 473 895 529 in
937 473 1246 545 primordiis
1302 473 1485 530 ﬁdeles
1514 491 1651 545 quos
1700 475 1872 545 potuit
1898 479 2183 543 Acondita
2220 479 2384 550 jacet.
2447 480 2630 554 (Λιιθ.)
2682 482 3001 551 Videndum,
3054 489 3321 556 quomodo
3373 490 3558 545 dicant

276 566 607 631 devastavit,
634 579 860 635 vespere
891 572 1069 620 autem
1110 565 1280 637 spolia
1309 565 1514 631 divisit,
1543 566 1668 635 quia
1699 566 1870 622 ﬁdelis

275 659 625 732 postmodum
652 659 846 724 factus,
870 672 1025 714 sacra
1057 657 1267 727 eloquia
1295 658 1636 713 audientibus
1663 659 1869 714 discre-

275 753 430 808 tione
458 749 688 807 miriﬁca
723 749 1074 820 dispensavit.
1103 748 1352 820 Legimus
1372 749 1656 818 quemdam
1677 765 1742 804 es
1776 750 1871 804 do-

275 843 525 899 ctoribus
562 842 631 897 ad
674 839 864 896 urbem
896 839 1195 895 Jerusalem
1230 854 1294 895 ea
1338 852 1459 910 quae
1491 840 1557 894 de
1583 839 1867 910 Beujamin

275 935 486 1004 scripta
514 941 641 988 sunt
671 930 1018 987 referentem.
1048 931 1349 1002 Beniamin,
1377 932 1571 1001 inquit,
1600 931 1745 1000 ﬁlius
1773 932 1869 985 do—

274 1023 410 1079 loris
439 1024 851 1094 interpretatur.
880 1021 985 1078 Hic
1008 1031 1155 1077 sorte
1182 1023 1513 1079 haereditatis
1542 1037 1664 1077 eum
1689 1022 1867 1079 locum

273 1114 511 1184 accepit,
540 1114 596 1168 in
620 1126 727 1185 quo
748 1122 964 1168 terrena
990 1122 1075 1169 est
1094 1111 1410 1181 Jerusalem,
1434 1129 1554 1183 quae
1576 1130 1719 1169 nunc
1738 1129 1867 1184 pro-

269 1215 403 1276 pter
427 1205 859 1260 incredulitatem
894 1205 1104 1275 abjecta
1143 1214 1227 1260 est
1267 1213 1427 1275 atque
1470 1204 1701 1275 repulsa.
1743 1204 1867 1259 [iter

268 1298 422 1353 enim
445 1296 499 1352 in
527 1296 653 1353 ﬁliis
677 1297 788 1353 suis
811 1297 912 1353 sub
933 1312 1162 1367 persona
1209 1296 1484 1369 Benjamin
1533 1298 1864 1369 designatur.

270 1386 413 1442 Nam
441 1387 582 1443 sicut
620 1385 900 1454 Beniamin
950 1386 1198 1442 ultimam
1247 1388 1599 1457 consequitur
1646 1386 1869 1443 benedi-

269 1481 533 1545 ctionem,
557 1480 633 1535 ita
669 1486 725 1536 et
750 1480 890 1535 idem
927 1481 1156 1551 populus
1192 1481 1412 1537 ultimus
1442 1488 1527 1537 est
1555 1481 1865 1545 salvandus,

264 1578 463 1642 postea
512 1585 677 1640 quam
734 1568 1014 1640 plenitudo
1067 1572 1307 1643 gentium
1367 1572 1671 1627 intraverit.
1729 1570 1869 1625 Dicit

265 1658 765 1731 enimtBenjamin
814 1659 968 1731 lupus
1018 1678 1225 1733 rapam;
1277 1662 1435 1734 lupus
1462 1663 1687 1726 scilicet,
1738 1661 1865 1731 quia

264 1754 388 1825 ipse
414 1752 645 1824 pepulus
688 1750 877 1807 ell‘udit
916 1754 1236 1825 sanguinem
1280 1755 1667 1827 prophetarum
1705 1763 1867 1822 atque

1971 567 2287 638 Scripturaa,
2318 572 2461 640 quod
2495 572 2709 627 assidue
2737 573 2924 629 dicunt
2950 576 3017 630 de
3064 587 3326 631 mortuus:
3356 576 3423 632 Et
3453 596 3549 648 ap-

1965 663 2167 731 positus
2197 671 2272 715 est
2299 662 2368 716 ad
2409 672 2583 732 patres
2622 680 2768 729 suos,
2795 665 2917 721 vel:
2958 666 3238 736 Appositus
3276 678 3350 721 est
3375 670 3443 721 ad
3464 686 3559 739 po-

1966 752 2147 821 pulum
2168 769 2344 808 suum.
2373 754 2511 809 Ecce
2540 755 2684 809 enim
2708 755 2776 810 de
2794 755 2959 811 Iacob
2985 758 3182 812 dicitur
3204 758 3318 830 jam
3340 759 3558 829 quidem

1968 853 2203 909 mortuo,
2249 845 2344 900 sed
2386 846 2625 900 nondum
2652 847 2883 917 sepulto,
2911 857 2965 903 et
2991 850 3057 903 ad
3096 865 3257 919 quem
3298 850 3554 920 uopulum

1966 946 2198 1005 ponatur
2221 952 2328 992 non
2379 946 2463 992 est
2493 939 2547 992 in
2600 947 2853 1009 promptu
2903 941 3105 996 videre.
3164 942 3242 996 Ex
3283 942 3372 997 illo
3409 943 3551 997 enim

1966 1027 2198 1096 populus
2222 1028 2370 1097 prior
2396 1030 2663 1095 nascitur,
2689 1030 2780 1098 qui
2810 1030 2988 1085 dictus
3013 1038 3097 1085 est
3119 1032 3348 1102 populus
3367 1030 3554 1085 Israel.

1967 1116 2069 1184 Qui
2095 1132 2225 1172 vero
2267 1133 2390 1172 eum
2438 1129 2836 1189 przecesserunt
2880 1129 2991 1175 tam
3040 1123 3197 1191 pauci
3221 1119 3353 1191 justi
3383 1122 3551 1177 nomi-

1966 1217 2183 1275 nantur,
2212 1217 2272 1263 ut
2297 1225 2390 1265 eos
2433 1210 2687 1280 populum
2731 1210 3003 1282 appellare
3043 1220 3378 1268 cunctemur.
3422 1213 3557 1269 Nam

1966 1314 2013 1353 sn
2041 1299 2242 1354 dictum
2274 1309 2418 1355 esset
2442 1318 2453 1354 :
2480 1300 2770 1371 Appositus
2793 1310 2875 1358 est
2920 1302 2988 1355 ad
3029 1311 3213 1371 patres
3240 1318 3384 1368 suos,
3413 1303 3558 1357 nulla

1966 1390 2193 1458 quaestio
2234 1390 2407 1445 ﬁeret.
2436 1391 2518 1445 Au
2566 1392 2707 1448 forte
2740 1393 2967 1463 populus
2996 1402 3082 1448 est
3120 1410 3226 1448 non
3258 1394 3429 1448 solum
3457 1394 3555 1449 lio-

1966 1481 2170 1536 minum
2198 1492 2531 1549 sanctorum,
2562 1501 2747 1540 verum
2775 1498 2830 1541 et
2865 1487 3176 1559 angelorum
3215 1488 3441 1558 populus
3477 1490 3554 1543 ci-

1966 1572 2148 1625 vitatis
2182 1572 2367 1628 illius?
2406 1572 2561 1630 Unde
2589 1576 2787 1630 dicitur
2807 1578 2875 1633 ad
2902 1577 3160 1634 Hebraeos
3185 1596 3201 1632 :
3244 1577 3351 1633 Sed
3379 1596 3555 1634 acces-

1967 1666 2107 1720 sistis
2127 1665 2196 1719 ad
2225 1677 2450 1722 montem
2485 1668 2615 1723 Sion
2656 1680 2705 1723 et
2734 1671 2802 1724 ad
2825 1671 3085 1726 civitatem
3110 1672 3206 1727 Dei
3234 1672 3551 1739 Jerusalem,

1967 1766 2015 1810 et
2038 1757 2107 1810 ad
2137 1757 2303 1812 millia
2327 1758 2634 1830 angelorum
2654 1761 3029 1818 exsultantium
3058 1762 3245 1837 (Hebr.
3267 1765 3386 1836 xu).
3416 1764 3554 1822 Huic

255 1848 559 1921 iustorum.
600 1844 788 1915 Rapax
816 1852 1018 1910 autem,
1055 1853 1275 1917 propter
1302 1845 1614 1901 aviditatem
1642 1844 1860 1900 dicitur.
1896 1843 1940 1900 Β
1966 1847 2162 1917 populo
2189 1858 2551 1919 opponuntur,
2597 1852 2690 1921 qui
2732 1861 2855 1923 post
2895 1853 3036 1909 hanc
3082 1855 3248 1909 vitam
3278 1854 3552 1924 placentes

262 1936 350 1992 Ex
388 1935 562 1990 multa
588 1935 731 1990 enim
751 1934 892 1989 fame
914 1934 1065 1990 verbi
1095 1934 1189 1990 Dei
1216 1943 1271 1990 et
1298 1935 1477 1991 inedia
1504 1935 1654 1989 venit
1673 1949 1856 2004 rapax,

262 2028 397 2099 quia
424 2034 483 2081 et
507 2026 623 2095 ipse
650 2025 917 2081 violenter
939 2026 1124 2096 diripit
1152 2040 1377 2095 regnum
1408 2025 1525 2081 Dei.
1555 2025 1654 2081 Hic
1681 2032 1860 2080 autem

260 2132 431 2173 mane
450 2117 688 2172 comedit
714 2116 970 2187 praedam.
998 2115 1161 2172 Mane
1192 2116 1323 2171 illud
1362 2125 1574 2187 tempus
1602 2117 1859 2181 creditur,

258 2223 376 2281 quo
401 2208 578 2281 legem
601 2207 829 2280 accepit.
860 2208 1011 2263 Tunc
1049 2208 1192 2263 enim
1217 2209 1402 2263 mundi
1441 2208 1614 2279 prima
1646 2208 1861 2279 quidem

257 2299 596 2356 illuminatio
624 2299 863 2355 scientia:
886 2298 988 2354 Dei
1017 2298 1143 2354 data
1166 2308 1268 2354 est.
1302 2298 1547 2354 Comedit
1572 2300 1715 2354 enim
1756 2314 1865 2352 ma-

255 2408 355 2460 ne,
379 2394 512 2464 quia
532 2393 705 2465 legem
741 2407 906 2463 quam
952 2407 1111 2448 mane
1156 2393 1381 2463 accepit,
1424 2394 1557 2458 edit,
1604 2393 1779 2448 adhuc
1808 2400 1863 2447 et

257 2484 562 2540 meditatur
588 2525 602 2549 ,
652 2483 779 2539 licet
815 2498 1049 2553 sequens
1096 2483 1268 2554 legem
1311 2483 1537 2552 justitiae
1583 2485 1636 2538 in
1690 2484 1861 2555 legem

258 2571 393 2628 ﬁdei
420 2588 531 2628 non
560 2573 889 2643 pervenerit.
923 2572 1004 2626 Ad
1033 2588 1301 2643 vesperam
1321 2584 1496 2627 autem
1535 2573 1719 2633 dividit
1742 2590 1863 2644 spo-

258 2664 358 2721 lia.
417 2663 658 2736 Vespera
711 2673 890 2720 autem
926 2673 1012 2720 est
1059 2664 1187 2721 illud
1238 2674 1449 2736 tempus
1487 2667 1859 2733 novissimum,

256 2772 376 2828 quo
402 2767 772 2813 convertemr.
805 2757 958 2812 Tunc
985 2772 1117 2827 ergo
1160 2758 1360 2813 dividet
1401 2773 1602 2824 escam,
1632 2767 1757 2813 tunc
1781 2759 1864 2811 iu-

257 2849 477 2921 telliget
498 2849 840 2905 dividendam
885 2862 1007 2904 esse
1033 2849 1270 2903 litteram
1309 2864 1340 2902 a
1380 2850 1596 2920 spiritu,
1640 2858 1697 2903 et
1735 2856 1863 2902 tunc

253 2950 563 3015 cognoscet
609 2942 734 3012 quia
780 2941 961 2998 littera
988 2942 1204 3008 occidit,
1236 2941 1459 3013 spiritus
1508 2953 1684 2996 autem
1730 2940 1863 2995 vivi-

253 3037 394 3094 ﬁcat
444 3034 584 3103 Quia
604 3050 733 3107 ergo
758 3036 871 3107 jam
898 3051 996 3106 per
1018 3036 1248 3107 gratiam
1284 3035 1380 3090 Dei
1413 3035 1745 3090 illuminatus
1774 3034 1858 3089 in-

255 3128 395 3199 cipit
421 3128 481 3183 in
526 3125 645 3197 lege
692 3126 993 3197 spiritualia
1034 3141 1066 3181 a
1095 3126 1403 3182 carnalibus
1429 3126 1669 3181 dividere
1695 3136 1749 3182 et
1774 3142 1860 3182 se-

1965 1936 2076 1992 Deo
2102 1938 2257 1993 ﬁunt.
2288 1938 2439 1994 Tunc
2463 1939 2607 1995 enim
2635 1941 2890 1997 dicuntur
2915 1943 3131 2013 apponi,
3162 1943 3378 2013 quando
3404 1941 3549 1999 nulla

1958 2029 2071 2100 jam
2102 2041 2343 2088 remanet
2380 2032 2686 2089 sollicitudo
2732 2041 3109 2103 tentationum,
3156 2047 3212 2093 et
3252 2037 3549 2109 periculum

1963 2132 2307 2193 peccatorum
2342 2125 2567 2181 nullum.
2627 2127 2780 2195 Quod
2834 2130 3051 2184 intuens
3100 2130 3177 2183 ait
3228 2128 3547 2198 Scriptura:

1962 2213 2095 2269 Ante
2117 2227 2331 2271 mortem
2354 2234 2416 2272 ne
2435 2217 2616 2272 laudes
2631 2219 2892 2274 hominem
2911 2237 3222 2291 quemquam
3240 2217 3429 2291 (Eccli.
3447 2218 3547 2290 x1).

2553 2329 2779 2385 CAPUT
2816 2331 2954 2387 XVI.

1963 2418 2041 2474 De
2061 2418 2202 2473 obitu
2231 2419 2398 2475 Jacob
2426 2429 2473 2475 et
2494 2421 2558 2475 de
2576 2420 2790 2505 planctu
2819 2424 3190 2495 Aigyptiorum
3214 2424 3268 2477 in
3295 2423 3551 2495 obsequiis

2687 2510 2822 2564 ejus.

2036 2578 2332 2653 Finitisque
2359 2582 2623 2638 mandatis
2646 2583 2831 2654 quibus
2856 2582 2994 2653 ﬁlios
3013 2581 3320 2647 instruebat,
3347 2581 3549 2653 collegit

1962 2670 2119 2740 pedes
2138 2686 2261 2725 suos
2300 2687 2457 2740 super
2495 2671 2684 2726 lectum
2721 2683 2768 2727 et
2798 2672 2962 2738 obiit;
2995 2672 3361 2742 appositusque
3383 2680 3455 2722 est
3483 2669 3551 2722 ad

1962 2760 2212 2830 populum
2248 2778 2402 2815 suum
2433 2762 2583 2833 (Car.
2612 2762 2686 2834 ι).
2737 2762 2891 2828 Quod
2940 2778 3151 2816 cernens
3199 2760 3414 2830 Joseplt,
3445 2762 3551 2812 ruit

1964 2867 2118 2921 super
2137 2851 2323 2921 faciem
2349 2854 2515 2922 patris
2539 2854 2690 2921 ﬂens,
2729 2864 2777 2907 et
2813 2852 3123 2908 deosculans
3159 2866 3320 2915 eum;
3360 2864 3554 2921 pra'ce-

1962 2942 2136 3013 pitque
2161 2944 2322 2998 servis
2342 2944 2451 2998 suis
2475 2945 2708 3010 medicis,
2732 2955 2786 2999 ut
2817 2944 3138 2998 aromatibus
3164 2942 3431 2997 condirent
3451 2958 3549 3011 pa-

1926 3082 1931 3083 .
1964 3042 2114 3087 trem.
2141 3033 2340 3099 Quibus
2362 3036 2518 3105 jussa
2557 3036 2901 3107 explentibus,
2948 3037 3271 3090 transierunt
3315 3033 3552 3104 quadra-

1962 3126 2108 3194 ginta
2124 3125 2268 3197 ‘dics.
2297 3124 2406 3179 Iste
2437 3126 2622 3195 quippe
2645 3142 2757 3180 mos
2778 3135 2886 3179 erat
2911 3125 3225 3179 cadaverum
3250 3120 3552 3176 condendo-

250 3197 487 3290 parare,
534 3216 654 3272 ideo
702 3217 900 3272 dicitur
949 3216 1016 3273 ad
1062 3231 1345 3287 veSperam
1391 3217 1632 3273 dividere
1654 3232 1856 3283 escam,
1886 3197 1932 3259 Ο
1966 3234 2101 3271 rum.
2126 3216 2395 3288 Flevitque
2408 3234 2524 3272 eum
2548 3216 2811 3289 zEggptus
2828 3217 3156 3289 septuaginta
3178 3215 3380 3269 diebus.
3409 3212 3455 3280 Q
3480 3227 3552 3266 a-

253 3309 410 3383 quod
436 3316 550 3364 tota
580 3309 666 3364 die
704 3309 758 3364 in
787 3309 905 3380 lege
932 3309 1222 3375 meditans,
1247 3317 1374 3365 ante
1402 3325 1510 3365 non
1533 3309 1679 3365 fecit.
1712 3311 1864 3378 Qua:-

253 3406 404 3461 ritur
425 3413 613 3460 autem
646 3405 713 3460 de
744 3402 933 3468 Jacob,
974 3420 1073 3459 cur
1095 3419 1285 3459 omnes
1326 3419 1463 3474 quos
1492 3404 1557 3459 de
1587 3403 1772 3459 liberis
1807 3411 1864 3459 et

255 3497 483 3553 ancillis
503 3498 707 3569 genuit,
735 3496 927 3568 azquali
952 3497 1156 3552 honore
1200 3496 1339 3553 ﬁlios
1366 3506 1420 3553 et
1444 3498 1685 3553 baeredes
1733 3513 1863 3553 cou-

252 3589 535 3654 stituerit,
567 3588 671 3643 nisi
703 3597 763 3644 ut
805 3589 1119 3643 ostenderet
1145 3590 1288 3658 quod
1314 3588 1564 3645 Christus
1597 3588 1860 3644 Dominus

253 3682 526 3740 omnibus
549 3679 798 3751 gentibus
818 3695 938 3749 qua:
960 3694 1059 3750 per
1082 3680 1240 3735 ﬁdem
1280 3682 1492 3751 corpori
1534 3681 1651 3751 ejus
1682 3679 1862 3735 conci-

252 3774 494 3836 liantur,
526 3769 738 3824 cunctis
759 3771 877 3840 pari
922 3770 1127 3825 honore
1151 3780 1205 3824 et
1235 3771 1406 3841 gloria
1452 3770 1672 3835 habitis,
1700 3770 1861 3826 coele-

251 3864 365 3920 stia
404 3861 631 3933 prmmia
657 3860 952 3931 largiatur?
982 3860 1093 3916 Nec
1122 3871 1203 3922 est
1234 3863 1508 3926 discretio,
1552 3859 1770 3916 Judmus
1791 3876 1859 3915 an

251 3954 509 4018 Grzecus,
526 3951 791 4007 barbarus
812 3967 879 4006 an
897 3950 1116 4023 Scytha,
1135 3967 1324 4007 servus
1345 3966 1413 4006 an
1436 3952 1573 4007 liber
1594 3951 1857 4019 situlam.

249 4061 312 4111 ι,
343 4042 556 4097 Coloss.
585 4041 691 4111 ιιι),
734 4041 862 4111 quia
903 4056 1000 4111 per
1041 4042 1220 4096 omnia
1245 4049 1299 4096 et
1339 4043 1392 4096 in
1432 4042 1684 4097 omnibus
1706 4041 1862 4096 Chri-

249 4145 384 4193 stus
405 4142 513 4188 est.
540 4133 833 4202 Propterea
862 4132 1006 4187 enim
1049 4133 1273 4202 ﬁguram
1314 4133 1455 4188 servi
1494 4130 1743 4187 Salvator
1766 4146 1863 4185 no-

247 4238 379 4286 ster
411 4234 469 4281 et
513 4226 773 4281 Dominus
816 4225 1008 4290 induit,
1038 4233 1092 4281 et
1136 4242 1235 4296 pro
1268 4225 1439 4281 libero
1469 4235 1523 4281 et
1566 4240 1666 4297 pro
1704 4240 1862 4281 servo

248 4317 518 4381 servivit,
544 4323 603 4370 ut
627 4315 879 4371 omnibus
904 4316 1251 4371 credentibus
1271 4316 1325 4370 in
1350 4330 1408 4371 se
1429 4316 1635 4386 aequale
1662 4316 1860 4372 donum

246 4413 536 4469 bonorum
579 4408 883 4464 ccelestium
925 4406 1205 4478 largiatur,
1256 4424 1355 4465 nec
1400 4409 1692 4479 prmfertur
1719 4410 1862 4481 apud

1962 3311 2208 3381 dragiuta
2230 3312 2347 3367 dies
2372 3311 2660 3381 sepulturae
2677 3327 2814 3381 quos
2835 3316 3225 3365 commemorat
3246 3306 3547 3377 Scriptura,

1962 3403 2102 3459 forte
2128 3403 2433 3475 signiﬁcant
2460 3402 2661 3473 aliquid
2692 3401 3046 3472 poenitentize,
3074 3415 3178 3471 qua
3222 3405 3441 3470 peccata
3469 3410 3552 3451 sc-

1959 3494 2249 3565 peliuntur.
2286 3497 2404 3551 Non
2437 3497 2581 3552 enim
2610 3495 2810 3551 frustra
2853 3496 3018 3550 etiam
3046 3492 3401 3564 quadraginta
3435 3489 3552 3545 dies

1956 3589 2282 3659 jejuniorum
2312 3598 2439 3644 sunt
2490 3588 2790 3653 constituti,
2831 3587 3027 3657 quibus
3078 3585 3290 3655 Moyses
3322 3592 3379 3638 et
3406 3581 3551 3636 Elius

1961 3687 2016 3733 et
2059 3678 2319 3733 Dominus
2365 3678 2480 3748 ipse
2516 3676 2806 3748 jejunavit,
2841 3685 2899 3732 et
2944 3675 3185 3731 Ecclesia
3222 3673 3548 3743 praecipuam

1961 3773 2395 3828 observationem
2446 3770 2777 3839 jejuniorum
2829 3767 3310 3838 Quadragesimam
3368 3772 3547 3818 vocat.

1963 3864 2117 3920 Unde
2142 3874 2196 3919 et
2225 3865 2277 3918 in
2313 3863 2540 3919 Hebraeo
2563 3863 2628 3917 de
2654 3861 2904 3915 Ninivitis
2927 3861 3065 3930 apud
3102 3858 3290 3914 Jonam
3320 3857 3551 3927 prophe-

1961 3964 2073 4010 tam
2096 3954 2356 4023 scriptum
2384 3952 2672 4022 perhibent
2697 3971 2709 4003 :
2750 3950 3115 4021 Quadraginta
3148 3948 3260 4003 dies
3285 3957 3335 4001 et
3358 3944 3550 4001 Ninive

1961 4056 2212 4102 evertetur
2241 4045 2418 4115 (Jona:
2460 4044 2565 4116 ιιι),
2612 4052 2671 4098 ιιι
2713 4057 2810 4115 per
2838 4051 2916 4098 tot
2953 4043 3069 4098 dies
3113 4038 3550 4095 accommodatus

1961 4135 2214 4191 videlicet
2265 4134 2628 4189 humiliationi
2677 4133 3055 4204 ptenitentium
3108 4128 3440 4199 intelligatur
3491 4129 3547 4182 in

1955 4227 2177 4298 jejuuiis
2202 4244 2301 4283 sua
2332 4226 2611 4282 deﬂevisse
2639 4235 2859 4296 peccata
2885 4234 2941 4279 et
2977 4224 3296 4293 impetrasse
3338 4221 3551 4276 miscri-

1963 4322 2205 4378 cordiam
2233 4320 2349 4375 Dei.
2370 4318 2491 4373 “Nec
2519 4327 2700 4372 tamen
2722 4316 3019 4387 putandum
3042 4320 3127 4368 est
3165 4313 3327 4367 istum
3361 4326 3550 4366 nume-

1964 4430 2083 4470 rum
2138 4414 2305 4468 luctui
2362 4411 2741 4482 ptenitentium
2799 4408 3169 4463 tantummodo
3220 4405 3547 4472 convenire,

245 4508 418 4564 illum
449 4504 580 4574 quid
608 4502 903 4558 secundum
924 4488 1140 4557 carriem
1164 4502 1398 4558 nobilior
1424 4503 1511 4557 sit.
1545 4501 1862 4572 Quicunque
1886 4566 1929 4575 ᾳ
1962 4505 2199 4575 alioquin
2226 4517 2334 4557 non
2365 4501 2717 4572 quadraginta
2754 4498 2872 4553 dies
2898 4498 3115 4553 fecisset
3141 4496 3400 4552 Dominus
3423 4512 3550 4552 cum

247 4599 414 4658 enim
449 4595 611 4649 ﬁdem
642 4593 854 4652 Domini
900 4580 1283 4663 promeretur;
1304 4594 1464 4649 nullis
1488 4592 1713 4649 maculis
1733 4609 1859 4649 car-
1884 4566 1938 4626 D
1963 4595 2240 4666 discipulis
2284 4595 2398 4650 suis
2423 4601 2545 4664 post
2590 4590 3042 4648 resurrectionem
3075 4590 3282 4644 intrans
3321 4602 3445 4643 cum
3470 4588 3551 4643 eis

244 4689 408 4746 nalis
436 4685 736 4741 nativitatis
782 4684 1096 4740 oll‘uscatur.
1155 4683 1291 4739 Nam
1324 4686 1427 4740 hoc
1472 4684 1547 4739 ita
1594 4684 1857 4750 futurum,

244 4783 433 4838 etiam
456 4793 555 4848 per
582 4777 900 4847 prophetam
944 4775 1301 4848 signiﬁcatur,
1346 4778 1561 4854 dicente
1587 4778 1819 4834 Domino
1843 4797 1855 4832 :

244 4874 414 4939 Erit,
439 4873 499 4925 in
525 4871 818 4925 novissimis
839 4869 1021 4924 diebus
1047 4871 1315 4940 effundam
1343 4872 1407 4926 de
1425 4873 1615 4938 spiritu
1637 4888 1748 4927 meo
1774 4888 1864 4926 su-

241 4984 353 5040 per
381 4980 592 5019 omnem
624 4979 836 5016 carnem
858 4960 1015 5034 (Joel.
1036 4961 1117 5032 ιι).

330 5054 539 5110 Omnes
558 5052 612 5106 Iti
640 5052 695 5106 in
718 5051 953 5106 tribubus
980 5050 1151 5106 Israel
1172 5051 1469 5107 duodecim.
1498 5053 1629 5108 Ha'c
1654 5054 1857 5111 locutus

243 5156 333 5205 est
360 5146 442 5200 eis
462 5153 614 5215 pater
636 5160 785 5209 suus,
809 5142 1168 5211 benedixitque
1184 5143 1401 5213 singulis
1422 5144 1859 5202 benedictionibus

242 5236 519 5313 propriis,
569 5244 616 5289 et
655 5235 901 5306 prwce'pit
948 5234 1024 5287 eis
1069 5234 1282 5287 dicens:
1331 5231 1445 5303 Ego
1477 5252 1759 5306 congregor
1788 5239 1857 5292 ad

241 5325 526 5404 populum
578 5340 789 5390 meum;
838 5323 1047 5393 sepelite
1095 5339 1176 5376 me
1204 5339 1323 5375 cum
1375 5324 1607 5392 patribus
1653 5327 1780 5379 meis
1803 5328 1860 5380 in

242 5418 519 5493 spelunca
540 5415 757 5486 duplici,
780 5428 897 5486 qua!
918 5424 993 5468 est
1021 5415 1074 5468 in
1095 5429 1221 5483 agro
1248 5410 1463 5483 Epltron
1490 5411 1718 5480 lict/uri,
1742 5432 1861 5469 con-

242 5520 347 5565 tra
386 5504 629 5561 Hambre
653 5506 708 5559 in
753 5515 893 5560 terra
936 5502 1214 5570 Chanaan,
1240 5520 1396 5571 quam
1424 5505 1545 5557 emit
1596 5503 1862 5560 Abraham

244 5614 390 5656 cum
411 5612 543 5668 agro
566 5596 631 5650 ab
661 5595 878 5668 Ephron
899 5595 1120 5650 Hetha'o
1142 5597 1196 5650 in
1217 5596 1593 5665 possessionem
1616 5595 1861 5666 sepulcri.

245 5690 349 5750 Ibi
374 5686 697 5758 sepelierunt
727 5704 864 5753 eum,
915 5697 963 5742 et
996 5686 1191 5743 Saram
1222 5703 1436 5742 uxorem
1482 5688 1597 5757 ejus
1624 5706 1643 5753 ;
1689 5689 1862 5760 ibique

247 5779 509 5851 sepultus
548 5790 625 5835 est
654 5780 812 5837 Isaac
848 5798 965 5836 cum
1002 5780 1232 5837 Rebecca
1277 5783 1515 5853 conjuge.
1562 5781 1644 5837 lbi
1687 5793 1733 5837 et
1762 5782 1860 5837 Lia

1965 4696 2019 4743 et
2038 4688 2246 4752 exiens,
2274 4684 2611 4741 manducans
2638 4691 2694 4738 et
2723 4682 2934 4737 bibens.
2958 4680 3063 4748 Qui
3086 4681 3201 4736 dies
3222 4679 3411 4750 utique
3439 4694 3554 4733 ma-

1966 4794 2085 4851 gna:
2126 4779 2326 4834 laetitia:
2352 4761 2591 4832 fuerunt.
2624 4774 2736 4831 Nec
2761 4774 2906 4830 LXX
2932 4774 3277 4845 interpretes,
3308 4786 3445 4841 quos
3470 4769 3549 4826 le-

1969 4885 2095 4943 gere
2116 4871 2396 4926 consuevit
2421 4869 2685 4933 Ecclesia,
2731 4881 2947 4923 errasse
2994 4866 3246 4923 credendi
3292 4873 3439 4928 sunt,
3490 4871 3551 4918 ut

1970 4977 2079 5018 non
2127 4960 2387 5015 dicerent.
2431 4957 2798 5028 Quadraginta
2844 4958 2973 5024 dies,
3022 4959 3154 5012 sed:
3210 4955 3463 5009 Triduum
3499 4962 3550 5007 et

1969 5052 2159 5106 Ninive
2203 5059 2473 5104 evertetur.
2516 5047 2719 5116 Maiore
2746 5049 2942 5120 quippe
2968 5045 3290 5103 auctoritate
3336 5042 3551 5114 praediti

1965 5159 2128 5214 quam
2176 5141 2529 5210 interpretum
2581 5138 2816 5194 ofﬁcium
2866 5147 2971 5202 est,
3000 5135 3318 5208 prephetico
3347 5132 3544 5203 spiritu

1965 5246 2072 5302 quo
2100 5230 2263 5284 etiam
2290 5244 2385 5284 ore
2422 5243 2533 5283 uno
2579 5230 2633 5283 in
2670 5230 2782 5283 suis
2826 5223 3376 5297 interpretationibus,
3406 5224 3548 5291 quod

1966 5337 2221 5394 magnum
2276 5319 2600 5375 miraculum
2656 5318 2777 5384 fuit,
2832 5317 3182 5373 consonuisse
3240 5314 3543 5380 ﬁrmantur,

1970 5414 2227 5468 Triduum
2274 5421 2594 5480 posuerunt,
2638 5409 2884 5478 quamvis
2920 5423 3026 5462 non
3064 5407 3377 5477 ignorarent
3404 5405 3546 5473 quod

1967 5506 2085 5561 dies
2109 5505 2464 5575 quadraginta
2493 5505 2548 5558 in
2578 5501 2818 5557 Hebraeis
2842 5500 3114 5555 codicibus
3134 5499 3461 5568 legerentur,
3487 5508 3549 5554 ut

1970 5598 2022 5651 in
2050 5595 2262 5651 Domini
2290 5594 2416 5651 Jesu
2444 5593 2648 5649 Christi
2672 5591 3076 5656 clariﬁcatione,
3120 5589 3548 5661 intelligereutur

1968 5687 2186 5743 dissolvi
2209 5687 2522 5757 abolerique
2549 5692 2796 5755 peccata,
2823 5685 2891 5740 de
2918 5699 3026 5755 quo
3049 5685 3250 5740 dictum
3284 5693 3369 5740 est
3394 5703 3406 5740 :
3442 5684 3546 5750 Qui

1971 5782 2196 5835 traditus
2237 5791 2310 5835 est
2336 5789 2545 5849 propter
2567 5777 2754 5833 delicta
2786 5789 2987 5847 nostra,
3012 5789 3059 5835 et
3101 5780 3383 5836 resurrexit
3423 5797 3545 5851 pro-
