3970 6198
1099 331 1162 386 Β.
1203 322 1457 384 RABANI
1494 317 1715 377 MAUBI
1749 310 2066 371 ABClllEP.
2110 299 2756 363 MOGUNT.‘0PERUM
2795 296 2980 353 PARS
3018 294 3060 350 l.
3604 280 3705 336 668

1335 436 1512 510 (Rom.
1538 431 1636 505 ιν).
1685 425 2013 489 Clarillcatio
2041 426 2092 485 Α
2117 429 2238 477 ctus
2271 426 2353 475 est
2378 415 2724 489 perMoysen
2754 413 2824 468 ab
2868 409 3107 480 [Egypto
3132 404 3414 460 liberatus.
3446 398 3542 453 Ilio
3565 397 3706 466 quip.

434 347 538 407 667

434 472 551 536 pter
583 451 1013 528 justifieationem
1056 452 1290 499 nostram

471 488 547 516 ιω
616 488 1013 522 μυρίνην-νην...
1057 488 1289 499 ..νυν-,η
1337 488 1509 510 \___-_,,
1542 488 1551 489 κ
1594 488 1610 505 l
2384 488 2395 489 Vr

439 488 619 608 :utem
646 540 856 601 Domini
888 540 941 594 in
979 532 1378 592 resurrectione
1421 534 1477 584 et
1526 526 1581 581 in
1614 521 1810 579 caelum
1838 533 2027 573 ascen-
2125 528 2195 584 pe
2219 511 2411 566 itinere
2453 516 2514 563 ut
2546 503 2842 577 plurimum
2889 498 3172 559 circuitur,
3207 502 3261 549 et
3294 507 3391 564 per
3427 488 3708 545 Iordanem

2236 605 2247 608 _
2422 602 2435 608 “
2500 599 2511 608 ⁵
2532 601 2546 608 ’
2634 599 2647 608 “
2765 597 2775 608 ³
2963 593 2977 608 ¹
3002 591 3013 603 ⁹
3063 595 3179 608 λ-λ-Α
3216 599 3436 608 Αι--κΛ-ιι
3491 579 3708 608 nni-‘0',

439 644 592 702 sione
618 633 983 707 cognoscitur.
1018 628 1172 683 Unde
1196 625 1281 679 bis
1311 634 1560 684 numero,
1585 612 1833 686 quamvis
1860 623 2027 666 unum

441 744 497 790 et
520 730 769 788 eumdem
799 724 1059 795 Spiritum
1111 725 1359 774 sanctum
1403 712 1569 776 dedit,
1612 708 1790 780 primo
1818 712 2030 775 postea-

443 840 605 897 quam
662 817 981 880 resurrexit,
1010 814 1207 868 iterum
1266 816 1617 879 posteaquam
1675 797 1921 855 ascendit
1974 795 2029 851 in

444 889 664 972 coelum.
705 911 772 964 Et
796 906 1049 979 quoniam
1096 908 1220 973 post
1274 898 1510 953 triduum
1561 889 1882 953 resurrexit,
1912 892 2035 957 post

446 1001 802 1077 quadraginta
817 972 1013 1055 autem
1036 972 1152 1048 dies
1183 988 1448 1051 ascendit,
1480 998 1645 1038 unum
1674 982 1868 1035 horum
1891 972 2034 1046 quod

445 1093 717 1169 posterius
743 1089 946 1145 factum
977 1092 1078 1148 est,
1107 1097 1205 1152 per
1250 1091 1535 1134 numerum
1586 1073 1795 1127 dierum
1822 1066 2037 1123 codices

448 1156 662 1245 ilebraei
692 1181 1035 1253 signiﬁcant;
1067 1175 1300 1229 alterum
1338 1177 1521 1224 autem
1558 1165 1624 1219 de
1653 1163 1849 1225 triduo,
1893 1156 2037 1229 quod

449 1281 518 1337 ad
543 1278 786 1334 eamdem
811 1274 971 1328 etiam
1008 1283 1124 1324 rem
1166 1265 1483 1337 pertineret,
1527 1257 1671 1313 LXX
1711 1266 2041 1311 commemoo

450 1390 595 1437 rare,
625 1387 733 1426 non
768 1362 1228 1436 interpretationis
1275 1357 1560 1421 servitute,
1611 1353 1705 1408 sed
1735 1346 2040 1422 prepbetiae

450 1465 775 1524 auctoritate
796 1458 1101 1517 voluerunt.
1129 1454 1249 1509 Non
1295 1466 1425 1522 ergo
1473 1449 1715 1505 dicamus
1741 1457 1906 1498 unum
1944 1441 2042 1497 ho-

450 1574 573 1617 rum
602 1556 792 1612 falsum
823 1568 964 1616 esse,
998 1558 1052 1604 et
1085 1563 1183 1619 pro
1213 1545 1333 1600 aliis
1361 1540 1749 1613 interpretibus
1785 1537 2045 1592 adversus

454 1636 588 1703 alios
611 1646 902 1717 litigamus,
931 1655 1054 1696 cum
1090 1646 1145 1694 et
1175 1635 1249 1691 illi
1292 1633 1384 1703 qui
1413 1648 1479 1687 ex
1524 1630 1749 1686 Hebraeo
1775 1627 2045 1693 interpre-

455 1747 656 1802 tantur,
685 1736 919 1807 probent
940 1731 1095 1787 nobis
1128 1730 1233 1783 hoc
1266 1725 1526 1794 scriptum
1555 1735 1677 1777 esse
1705 1718 1848 1789 quod
1884 1717 2049 1771 inter—

453 1837 771 1903 pretantur;
829 1833 883 1881 et
927 1822 1070 1878 LXX
1123 1820 1478 1887 interpretum
1533 1812 1868 1873 auctoritas,
1919 1824 2042 1879 qua:

458 1900 610 1977 tanto
635 1919 801 1975 etiam
827 1915 1084 1972 divinitus
1112 1909 1254 1965 facto
1304 1905 1567 1962 miraculo
1613 1900 2040 1964 commendatur,

459 2022 608 2071 tanta
642 2012 695 2067 in
724 2007 978 2064 Ecclesiis
1001 2010 1272 2059 vetustate
1300 2001 1567 2056 ﬁrmetur.

466 2566 591 2620 dam
613 2565 791 2634 igitur,
814 2572 859 2619 et
881 2559 1126 2631 sepeliam
1152 2564 1353 2628 patrem
1382 2566 1578 2617 meum,
1602 2565 1664 2603 ac
1691 2553 1935 2601 revertar.
1968 2542 2061 2595 Di—

466 2657 645 2727 scitque
666 2654 715 2708 ei
734 2650 947 2706 Pharao
973 2666 990 2704 :
1012 2645 1247 2702 AsCende
1273 2655 1321 2699 et
1343 2642 1503 2714 sepeli
1526 2649 1727 2711 patrem
1751 2647 1902 2692 tuum
1925 2634 2061 2689 sicut

469 2749 754 2818 adjuratus
799 2761 873 2799 es.
907 2741 1024 2807 Quo
1071 2737 1400 2809 ascendente,
1430 2736 1599 2788 ierunt
1637 2745 1756 2785 cum
1790 2744 1851 2782 eo
1886 2740 2063 2780 omnes

468 2856 617 2900 senes
670 2837 860 2892 domus
909 2832 1261 2887 Pharaonis:
1319 2826 1592 2895 cunctique
1643 2821 1872 2891 majores
1937 2822 2065 2869 natu

477 2930 715 3003 Egypti,
746 2928 934 2982 domus
979 2923 1172 2989 Ioseph
1227 2936 1347 2974 cum
1386 2915 1644 2989 fratribus
1693 2913 1825 2977 suis,
1876 2909 2068 2979 absque

473 3000 709 3088 paruulis
735 3026 785 3072 et
824 3015 1062 3087 gregibus
1092 3023 1244 3083 atque
1281 3008 1549 3071 armentis,
1590 3020 1706 3077 qure
1753 3000 2067 3071 reliquerant

476 3114 532 3166 in
557 3121 698 3166 terra
723 3108 935 3164 Gessen.
974 3105 1168 3159 Habuit
1201 3118 1402 3175 quoque
1430 3102 1483 3153 in
1509 3099 1759 3153 comitatu
1800 3108 1991 3147 currus
2020 3100 2067 3145 et

479 3205 696 3275 equites,
728 3212 774 3255 et
807 3200 946 3270 facta
977 3207 1052 3252 est
1077 3196 1231 3250 turba
1254 3212 1356 3250 non
1390 3191 1617 3246 modica.
1650 3187 1802 3255 Quod
1832 3185 2063 3241 manda-

479 3274 562 3351 vit
601 3293 799 3364 Ioseph
843 3297 1088 3362 potentes
1136 3285 1380 3357 Egypti,
1411 3292 1470 3337 ut
1515 3281 1756 3335 dicerent
1800 3274 2069 3330 Pharaoni

484 3389 701 3445 nomine
737 3384 890 3454 ejus:
942 3383 1103 3436 Pater
1147 3394 1293 3433 meus
1337 3372 1600 3444 adjuravit
1647 3386 1729 3423 me
1757 3367 1932 3421 dicens
1956 3380 1974 3417 :
2004 3364 2072 3419 1η

485 3487 821 3536 monumento
847 3474 987 3546 quod
1016 3489 1107 3544 ego
1133 3470 1243 3541 fodi
1282 3468 1409 3523 mihi
1448 3467 1502 3519 in
1527 3473 1665 3517 terra
1694 3459 1971 3523 Chanaan,
2000 3456 2072 3512 ibi

487 3588 571 3625 me
601 3567 838 3647 sepelies,
888 3565 1051 3634 (ψει-ἰ
1103 3569 1281 3631 potest
1311 3556 1579 3629 quomodo
1604 3568 1792 3608 verum
1832 3551 1923 3612 sit,
1951 3564 2075 3605 cum

492 3662 607 3717 haec
656 3641 821 3713 verba
858 3655 1029 3725 patris
1076 3652 1212 3723 ejus,
1270 3647 1487 3718 quando
1536 3645 1603 3700 de
1653 3659 1751 3699 sua
1801 3641 2077 3709 sepultura

491 3747 789 3812 mandavit,
844 3761 949 3800 non
983 3744 1268 3814 legantur;
1318 3739 1411 3794 sed
1441 3737 1508 3791 ad
1543 3733 1870 3790 sententiam
1911 3729 2077 3785 verba

493 3841 698 3897 referre
741 3838 1020 3898 debemus,
1064 3835 1203 3889 sicut
1249 3832 1301 3885 in
1346 3829 1466 3884 aliis
1506 3842 1669 3897 supra
1701 3823 1947 3879 similiter
1975 3822 2077 3875 ite-

494 3934 631 3988 ratis
658 3929 839 3985 verbis
865 3926 948 3983 vel
985 3922 1391 3980 narrationibus
1430 3917 1829 3974 admonuimus.
1876 3912 2080 3967 Volun-

496 4024 593 4079 tati
618 4022 763 4077 enim
810 4016 1173 4079 enuntiandse,
1219 4021 1274 4068 et
1320 4013 1371 4065 in
1422 4009 1667 4064 notitiam
1722 4003 2079 4075 perferendas,

496 4122 712 4186 oportet
761 4112 923 4168 verba
977 4107 1198 4164 servire.
1248 4103 1471 4158 Fodisse
1527 4108 1706 4155 autem
1756 4096 1922 4152 Iacob
1981 4094 2080 4150 sibi

499 4206 827 4276 sepulcrum,
858 4214 1124 4271 nusquam
1161 4195 1410 4266 superius
1452 4192 1504 4246 in
1532 4188 1827 4260 Scripturis
1865 4186 2083 4256 legitur,

501 4298 598 4354 sed
625 4294 729 4350 nisi
775 4293 953 4358 ﬁeret,
980 4305 1103 4346 cutn
1135 4289 1188 4366 in
1230 4284 1433 4342 eisdem
1478 4282 1637 4337 terris
1680 4286 1884 4341 essent.
1927 4274 2086 4331 modo

502 4403 610 4443 non
637 4386 947 4440 diceretur:
1004 4379 1370 4448 Venerunlque
1418 4374 1489 4428 ad
1534 4387 1712 4426 aream
1758 4368 1918 4432 Atad,
1966 4383 2085 4437 qua:

502 4480 606 4534 sita
645 4485 718 4531 est
760 4483 904 4528 trans
948 4470 1257 4526 Iordanem.
1307 4464 1404 4521 Ubi
1453 4462 1768 4518 celebrantes
1816 4459 2085 4528 exsequias
2112 4491 2164 4549 D

504 4567 720 4639 planctu
768 4577 959 4632 magno
998 4570 1151 4630 atque
1190 4553 1494 4617 vehementi,
1523 4549 1861 4621 impleverunt
1895 4557 2088 4617 septem

504 4635 640 4721 dies,
663 4663 769 4709 etc.
800 4650 938 4718 Quid
963 4648 1064 4703 sibi
1107 4645 1222 4700 vult
1248 4642 1391 4713 quod
1419 4654 1542 4695 cum
1580 4642 1866 4708 pergerent
1892 4635 1959 4689 ad
2005 4648 2091 4688 se-

507 4744 815 4820 peliendum
850 4739 1035 4802 Iacob,
1070 4735 1348 4805 Scriptura
1396 4729 1562 4785 dicit:
1611 4726 1680 4782 Et
1726 4735 1973 4800 venerunt
2023 4723 2093 4779 ad

475 4898 478 4902 ,
509 4814 689 4892 aream
715 4831 875 4897 Atad,
904 4845 1021 4901 quae
1063 4836 1136 4882 est
1167 4835 1313 4880 trans
1338 4820 1628 4879 Iordanem
1652 4818 1676 4872 ε)
1717 4814 2096 4887 Prattergressi

511 4934 639 4983 sunt
659 4924 802 4981 enim
832 4922 1006 4976 locum
1037 4918 1092 4973 in
1116 4930 1224 4986 quo
1273 4920 1392 4967 erat
1444 4917 1687 4965 mortuus
1734 4903 2096 4975 sepeliendus,

511 5017 678 5074 millia
710 5015 873 5088 (sicut
896 5009 1181 5081 perhibent
1207 5004 1299 5077 qui
1324 5000 1612 5068 noverunt)
1640 4998 1921 5069 plusquam
1944 4995 2095 5065 quin-

511 5086 791 5182 quaginta.
826 5105 1054 5161 Tantnm
1094 5100 1291 5171 quippe
1329 5094 1487 5166 spatii
1531 5100 1617 5149 est
1664 5091 1784 5162 plus
1819 5089 2000 5143 minus
2028 5086 2097 5140 ab

513 5174 579 5257 eo
607 5174 726 5256 ibeo
754 5196 845 5253 ubi
877 5193 1071 5264 sepulti
1097 5197 1223 5246 sunt
1245 5186 1594 5258 patriarchae,
1639 5183 1694 5237 in
1720 5181 1917 5250 quibus
1938 5186 1992 5233 et
2009 5174 2100 5233 Ia-

514 5296 639 5361 cob,
665 5305 837 5362 usque
884 5288 951 5342 ad
991 5286 1134 5340 hunc
1160 5282 1340 5336 locum
1368 5291 1476 5348 quo
1502 5290 1597 5331 eos
1643 5271 1927 5329 advenisse
1970 5283 2100 5322 nar—
2122 5300 2163 5353 ς

2139 5332 2156 5369 θ
2206 5354 2314 5399 tem
2347 5358 2469 5399 cum
2496 5313 2772 5411 ingressus
2801 5344 2947 5391 esset
2969 5333 3286 5402 Egyptum,
3317 5326 3533 5399 juvenis
3561 5327 3664 5377 erat
3689 5313 3778 5368 Jo-

515 5393 688 5441 ratur.
718 5381 856 5437 Nam
884 5384 1008 5449 post
1033 5374 1234 5429 factum
1256 5369 1330 5424 ibi
1353 5368 1554 5422 luctum
1578 5371 1635 5418 et
1674 5362 1950 5431 planctum
1985 5371 2100 5410 ma-

516 5488 705 5547 gnum,
736 5471 1010 5527 redierunt
1047 5465 1116 5521 ad
1151 5464 1326 5519 locum
1364 5472 1524 5529 quem
1550 5453 1943 5524 prsetericrant,
1981 5462 2102 5503 rur-

519 5539 612 5620 sus
631 5561 865 5617 Iordane
894 5555 1208 5626 trausjecto.
1250 5550 1362 5606 Nisi
1385 5548 1507 5617 quis
1537 5543 1677 5599 forte
1705 5544 1867 5606 dicat,
1897 5539 2104 5609 aliqno—
2162 5598 2175 5607 κ

522 5667 644 5706 rum
676 5649 915 5705 hostium
941 5644 1280 5700 vitandorum
1308 5652 1471 5695 causa
1497 5650 1594 5706 per
1618 5648 1861 5688 eremum
1891 5630 2103 5686 venisse

526 5750 764 5791 eoscum
789 5748 1037 5802 corpore,
1063 5746 1168 5801 qua
1196 5729 1283 5784 via
1323 5726 1490 5785 etiam
1527 5722 1755 5795 populus
1799 5720 1967 5777 lsrael
2005 5721 2104 5776 du-

2128 579 2345 660 renitur
2370 602 2438 657 ad
2483 597 2901 658 Abrahamium,
2926 591 3016 647 ubi
3056 595 3184 645 sunt
3211 599 3440 654 corpora
3480 579 3712 651 patriar-

2129 697 2376 760 charum,
2420 693 2473 747 id
2511 699 2616 757 est,
2648 688 2730 757 ad
2761 697 2963 742 terram
3009 681 3287 736 Chanaan.
3321 675 3428 730 Sed
3454 672 3714 743 quomodo

2134 786 2337 843 factum
2359 782 2431 837 sit
2457 789 2520 835 ut
2546 787 2696 834 trans
2719 777 2836 831 loca
2860 774 2949 829 illa
2984 772 3054 829 ad
3090 769 3365 824 Orientem
3387 777 3584 818 versus
3609 770 3717 814 tan-

2133 885 2246 931 tum
2275 875 2463 947 iretur,
2496 879 2553 926 et
2607 869 2732 923 inde
2760 867 2828 922 ad
2854 879 2918 919 ea
2966 878 3066 933 per
3092 859 3384 914 Iordanem
3427 853 3715 914 veniretur,

2135 940 2544 1038 signiﬁcationis
2567 975 2732 1018 causa
2754 958 2955 1013 factum
2976 970 3096 1011 esse
3116 950 3448 1008 credendum
3468 955 3571 1009 est,
3587 940 3720 1014 quod

2134 1074 2232 1130 per
2280 1056 2570 1112 Iordanem
2614 1059 2880 1107 venturus
2934 1053 3052 1102 erat
3085 1044 3152 1099 ad
3206 1058 3300 1098 eas
3329 1049 3508 1095 terras
3543 1045 3720 1106 postea

2142 1332 2441 1404 Scripturis
2463 1329 2793 1386 celebratum
2816 1338 2937 1380 esse
2967 1322 3176 1376 luctum
3190 1328 3397 1404 ‘novem
3427 1313 3568 1373 dies,
3591 1308 3727 1380 quod

2143 1388 2283 1497 apud
2303 1423 2526 1478 Latinos
2546 1416 2831 1485 novendial
2877 1413 3168 1486 appellant.
3190 1388 3353 1464 Unde
3379 1405 3516 1460 mihi
3542 1402 3722 1456 viden-

2144 1493 2234 1571 tur
2261 1515 2328 1569 ab
2358 1514 2460 1569 hac
2490 1507 2881 1567 consuetudine
2910 1500 3248 1577 prohibendi,
3281 1498 3327 1553 si
3356 1497 3453 1567 qui
3476 1493 3728 1550 Christia-

2145 1623 2339 1664 norum
2380 1607 2539 1661 istum
2573 1605 2627 1659 in
2654 1600 2884 1656 mortuis
2921 1597 3036 1653 suis
3064 1606 3349 1649 numerum
3380 1594 3619 1652 servant,
3647 1585 3729 1657 qui

2148 1698 2321 1770 magis
2348 1705 2435 1753 est
2474 1697 2526 1751 in
2565 1693 2843 1766 gentilium
2874 1685 3280 1746 consuetudine.
3313 1682 3592 1753 Septimus
3613 1693 3730 1734 vero

2074 1786 2118 1844 Β
2147 1768 2263 1847 dies
2307 1788 2688 1845 auctoritatem
2740 1785 2795 1839 in
2845 1779 3140 1851 Scripturis
3191 1776 3380 1832 habet.
3432 1771 3590 1828 Unde
3640 1768 3731 1825 alio

2146 1884 2267 1938 loco
2296 1881 2557 1951 scriptum
2589 1886 2712 1933 est;
2770 1874 2968 1929 Luctus
2998 1870 3195 1925 mortui
3243 1876 3440 1939 septem
3489 1864 3727 1923 dierum;

2148 1977 2284 2047 fatui
2309 1984 2508 2038 autem,
2555 1987 2732 2025 omnes
2762 1968 2872 2022 dies
2913 1967 3032 2021 vita:
3076 1962 3190 2032 ejus
3223 1958 3417 2034 (Eccli.
3449 1955 3613 2027 mi).
3650 1953 3736 2009 Se-

2729 2557 2958 2615 CAPUT
2996 2553 3155 2611 XVII.
3186 2558 3189 2561 ’

2161 2656 2381 2712 Fratres
2410 2652 2603 2723 Ioseph
2632 2658 2745 2723 post
2775 2650 2975 2723 exitum
2999 2646 3166 2723 patris
3197 2645 3281 2699 sui
3306 2659 3369 2697 ac
3406 2640 3738 2723 sepulturam,

2232 2734 2417 2809 rogant
2474 2711 2546 2779 ne.
2583 2711 2783 2777 memor
2844 2720 2912 2773 sit
2958 2711 3471 2789 iniquitatum'quas
3523 2711 3741 2781 fecerunt

2232 2815 2288 2853 ιη
2307 2812 2444 2852 eum.

2236 2890 2585 2958 Reversusque
2622 2894 2697 2941 est
2726 2881 2925 2953 Ioseph
2954 2881 3010 2934 in
3034 2878 3462 2950 /Egyptumcum
3500 2873 3742 2944 fratribus

2167 2983 2275 3037 suis
2301 2990 2350 3036 et
2378 2979 2517 3034 omni
2546 2976 2816 3038 comitatu,
2854 2970 3054 3054 sepulto
3085 2978 3252 3041 patre.
3299 2965 3417 3032 Quo
3444 2973 3669 3027 mortuo,
3688 2962 3745 3015 tio

2170 3061 2593 3141 mentes‘fratres
2624 3066 2759 3136 ejus,
2810 3074 2858 3119 et
2896 3052 3078 3117 mutuo
3108 3058 3490 3129 colloquentes:
3521 3054 3602 3109 Ne
3626 3052 3749 3120 forte

2097 3143 2140 3205 Ο
2173 3180 2371 3220 ntemor
2417 3162 2481 3216 sit
2511 3159 2723 3231 injuria:
2761 3173 2920 3229 quam
2966 3169 3150 3225 passus
3181 3162 3277 3218 est,
3324 3159 3373 3205 et
3403 3149 3587 3203 reddat
3615 3144 3746 3200 nobis

2171 3249 2370 3311 malum
2407 3267 2571 3307 omne
2593 3247 2733 3322 quod
2776 3247 3013 3319 fecimus,
3048 3243 3430 3300 mandaverunt
3462 3239 3553 3294 ei:
3601 3234 3751 3289 Pater

2171 3358 2292 3403 tuus
2321 3344 2557 3419 prtecepit
2579 3342 2751 3406 nobis,
2778 3349 3057 3409 antequam
3094 3343 3383 3390 moreretur
3401 3373 3416 3397 ,
3452 3341 3507 3384 ut
3538 3330 3642 3384 hac
3665 3323 3749 3379 tibi

2174 3417 2337 3496 verbis
2367 3438 2512 3493 illius
2548 3436 2876 3491 diceremus:
2911 3429 3136 3484 Obsecro
3173 3435 3229 3480 ut
3261 3421 3582 3479 obliviscaris
3609 3417 3749 3473 scele-

2176 3532 2253 3586 ris
2283 3531 2509 3602 fratrum
2539 3537 2783 3589 tuorum,
2818 3531 2867 3577 et
2906 3520 3099 3592 peccati
3137 3527 3292 3588 atque
3344 3513 3562 3568 malitiae
3608 3523 3752 3580 quam

2176 3629 2520 3677 exercuerunt
2547 3619 2604 3672 in
2624 3626 2689 3671 te.
2711 3616 2825 3670 Nos
2847 3613 3049 3684 quoque
3071 3624 3283 3665 oramus
3304 3614 3358 3685 ut
3385 3621 3530 3659 servo
3555 3602 3643 3657 Dei
3673 3615 3754 3670 pa-

2180 3715 2250 3769 tri
2276 3724 2365 3768 tuo
2388 3711 2620 3765 dimittas
2644 3706 2970 3778 iniquitatem
3007 3702 3162 3757 hanc.
3196 3697 3399 3765 Quibus
3427 3694 3639 3758 auditis,
3664 3692 3754 3760 ﬂe—

2179 3807 2248 3861 vit
2274 3804 2489 3875 Ioseph;
2540 3809 2884 3869 veneruntque
2927 3795 3119 3866 fratres
3146 3794 3229 3846 sui
3271 3791 3339 3845 ad
3369 3805 3509 3852 eum,
3541 3796 3586 3841 et
3613 3782 3750 3855 proni

2184 3896 2467 3950 adorantes
2496 3894 2551 3945 in
2580 3900 2773 3945 terram
2804 3887 3048 3940 dixerunt
3078 3897 3095 3936 :
3128 3881 3277 3937 Servi
3311 3879 3389 3933 tui
3417 3892 3614 3932 sumus.
3646 3870 3757 3936 Qui-

2184 3985 2277 4039 bus
2306 3983 2394 4037 ille
2424 3979 2686 4052 respondit
2713 3994 2730 4031 :
2758 3974 2936 4030 Nolite
2964 3973 3166 4027 timere.
3211 3968 3264 4024 N
3270 3984 3355 4025 um
3384 3967 3480 4021 Dei
3504 3974 3757 4035 possumus

2185 4076 2423 4130 resistere
2463 4068 2762 4127 voluntati?
2814 4065 2917 4121 Vos
2959 4061 3222 4136 cogitastis
3254 4060 3319 4115 de
3359 4075 3440 4113 me
3495 4054 3682 4112 malum
3713 4058 3758 4105 et

2189 4169 2327 4223 Deus
2359 4166 2506 4221 vertit
2540 4161 2673 4217 illud
2700 4162 2753 4215 in
2788 4160 3002 4222 bonum;
3032 4164 3090 4210 ut
3116 4152 3370 4209 exultaret
3403 4166 3508 4211 me,
3547 4149 3670 4202 sicut
3711 4143 3762 4195 in

2185 4258 2586 4330 prwsentiarum
2614 4251 2844 4314 cernitis,
2896 4258 2945 4303 et
2973 4246 3144 4303 salvos
3180 4244 3373 4314 faceret
3405 4239 3593 4297 multos
3616 4250 3763 4307 popu-

2187 4328 2285 4402 los.
2323 4345 2499 4400 Nolite
2533 4354 2760 4400 metuere
2788 4353 2805 4392 :
2834 4355 2927 4410 ego
2954 4351 3169 4408 pascam
3198 4351 3284 4389 vos
3344 4343 3394 4387 et
3426 4328 3660 4404 parvulos
3688 4339 3765 4377 re-

2189 4450 2346 4494 stros.
2391 4434 2805 4505 Consolatusque
2833 4439 2905 4485 est
2944 4446 3063 4494 eos,
3082 4436 3130 4481 et
3171 4424 3359 4483 blande
3383 4441 3446 4477 ac
3477 4421 3653 4475 leniter
3696 4422 3765 4468 est

2194 4528 2417 4582 locutus.
2465 4523 2533 4579 Et
2573 4522 2821 4578 habitavit
2849 4521 2901 4573 in
2933 4517 3163 4589 zEgypto
3197 4531 3315 4573 cum
3353 4513 3495 4569 omni
3525 4510 3667 4565 domo
3688 4521 3774 4576 pa-

2198 4621 2292 4675 tris
2315 4620 2418 4674 sui.
2434 4618 2676 4688 Vixitque
2698 4625 2902 4670 centum
2916 4614 3090 4667 decem
3104 4628 3287 4671 annos,
3303 4620 3349 4664 et
3374 4607 3505 4664 uidit
3533 4600 3768 4675 Ephreim

2199 4711 2337 4781 ﬁlios
2389 4726 2550 4781 usque
2613 4707 2682 4764 ad
2711 4708 2918 4762 tertiam
2950 4703 3353 4774 generationem.
3421 4697 3548 4757 Filii
3586 4703 3768 4766 quoque

2202 4778 2409 4855 Ilacltir
2446 4778 2547 4866 filii
2589 4794 2873 4857 Manasse,
2904 4791 3030 4846 nati
3072 4800 3190 4845 sunt
3234 4790 3288 4843 in
3306 4787 3528 4859 genibus
3567 4778 3765 4849 Ioseph.

2203 4890 2339 4944 Cum
2380 4890 2478 4943 hos
2517 4886 2654 4941 ﬁlios
2682 4885 2937 4947 ﬁliorum,
2978 4881 3065 4937 vel
3094 4888 3318 4951 nepotes
3359 4878 3607 4936 ﬁliorum,
3635 4871 3769 4926 dicat

2198 4979 2475 5049 Scriptura
2506 4974 2700 5044 Ioseph
2726 4972 2956 5028 videndo
2984 4970 3202 5033 vidisse,
3242 4965 3515 5037 quomodo
3542 4977 3628 5018 eos
3654 4957 3769 5026 jun-

2197 5070 2275 5143 git
2304 5069 2407 5123 illis
2436 5065 2773 5137 septuaginta
2807 5063 3045 5132 quinque
3081 5058 3413 5121 hominibus,
3445 5069 3563 5110 cum
3589 5049 3768 5119 quibus

2198 5129 2364 5216 Iacob
2387 5129 2679 5228 Egvptum
2702 5129 2842 5209 dicit
2859 5129 3111 5213 intrasse,
3128 5147 3347 5221 quando
3360 5146 3570 5215 quidem
3590 5129 3772 5206 Ioseph

2201 5250 2533 5310 senescendo
2562 5245 2806 5318 pervenit
2837 5251 2895 5297 ut
2915 5258 3008 5298 eos
3039 5249 3195 5296 natos
3231 5238 3462 5293 videret.
3499 5232 3652 5290 Iacob
3678 5240 3770 5279 an-

2204 5436 2356 5506 seph,
2392 5442 2449 5489 et
2472 5446 2593 5486 eum
2618 5437 2773 5499 pater
2802 5425 3039 5481 moriens
3065 5417 3565 5493 quinquagesimum
3596 5418 3647 5466 et
3664 5418 3784 5460 sex.-

2209 5632 2336 5687 stat,
2384 5618 2514 5675 certi
2558 5614 2801 5687 mysterii
2834 5626 3020 5675 causa,
3067 5608 3213 5662 illum
3244 5617 3551 5664 numerum,
3596 5596 3642 5650 id
3677 5595 3789 5650 es"

2211 5709 2749 5787 septuagenariumct
2775 5704 3041 5776 quintum,
3086 5701 3425 5770 Scripturam
3452 5681 3788 5751 commcnle-
