3970 6198
1503 350 1707 408 LIBER
1743 353 1832 410 DE
1869 355 2226 418 COMPUTO.

3403 376 3507 432 670

215 484 279 523 re
324 464 588 523 voluim.
638 465 703 524 Si
730 476 918 523 autem
958 468 1247 538 quisquam
1299 465 1489 539 exigit,
1541 471 1811 539 quomodo
1837 473 1887 533 A
1915 491 1975 529 ra
2002 476 2126 542 ista,
2156 479 2227 532 ad
2261 489 2455 535 terram
2478 498 2637 552 quam
2649 484 2851 555 juravit
2879 484 3141 540 Abraham
3170 483 3321 540 Isaac
3342 498 3388 540 et
3411 488 3509 541 Ja-

210 559 385 629 etiam
418 559 714 614 secundum
727 558 967 614 historia:
996 557 1155 613 fidem
1186 559 1485 626 verumsit,
1500 557 1669 617 Iacob
1683 578 1807 618 αιιιι

210 650 556 721 septuaginta
581 650 819 721 quinque
845 649 1129 704 animabus
1150 648 1203 704 in
1237 648 1521 720 Egyptum
1549 651 1806 718 intrasse,

210 758 324 798 non
358 742 450 797 illo
483 757 590 796 uno
619 741 722 805 die,
774 756 883 812 quo
901 741 1067 807 venit,
1084 740 1201 810 ejus
1242 743 1549 814 ingressum
1593 753 1808 816 oportet

208 832 468 904 intelligi,
519 831 615 888 sed
655 832 783 902 quia
814 831 870 887 in
898 830 1033 887 {iiiis
1064 833 1177 888 suis
1214 832 1533 904 plerumque
1570 836 1811 906 appella-

174 932 305 978 ‘tur
336 922 537 989 Iacob,
579 923 683 978 hoc
720 923 886 978 estin
929 923 1162 993 posteris
1199 924 1334 989 suis,
1373 933 1427 979 et
1468 940 1566 994 per
1609 925 1807 997 Joseph

208 1033 339 1073 eum
366 1024 581 1072 constat
604 1016 659 1071 in
684 1016 979 1089 Aﬁgyptum
1012 1018 1262 1084 intrasse,
1296 1018 1551 1074 introitus
1579 1020 1697 1090 ejus
1722 1036 1809 1076 ac-

206 1109 498 1181 cipiendus
519 1118 603 1165 est
627 1110 867 1179 quandiu
893 1108 1023 1163 vixit
1050 1107 1269 1179 Ioseph,
1298 1125 1397 1180 per
1417 1125 1577 1180 quem
1606 1110 1807 1166 factum

204 1209 295 1257 est
329 1209 394 1255 ut
426 1200 672 1256 intraret.
726 1200 863 1255 Toto
910 1199 1108 1270 quippe
1158 1200 1248 1255 illo
1294 1208 1541 1271 tempore
1568 1202 1719 1256 nasci
1753 1210 1810 1256 et

204 1293 398 1348 vivere
425 1299 719 1362 potuerunt
739 1306 928 1346 omnes
954 1291 1048 1361 qui
1074 1301 1589 1358 commemorantur,
1614 1300 1672 1347 ut
1693 1308 1810 1363 sep-

206 1385 457 1457 tuaginta
492 1384 730 1455 quinque
762 1384 955 1438 anima:
984 1384 1380 1454 compleantur,
1412 1400 1585 1454 usque
1612 1385 1677 1440 ad
1714 1399 1811 1440 ne-

202 1491 366 1552 potes
392 1481 695 1553 Benjamin.
728 1480 818 1536 Sic
846 1481 990 1535 enim
1021 1481 1182 1536 dicit:
1217 1479 1291 1534 Hi
1311 1480 1411 1550 ﬁlii
1434 1479 1545 1535 Lia:
1569 1498 1699 1552 quos
1724 1497 1812 1551 pe-

203 1573 341 1643 perit
373 1572 474 1643 ipsi
508 1570 673 1626 Jacob
702 1571 755 1626 in
786 1571 1163 1642 Mesopotamia
1195 1568 1368 1642 Syriae
1411 1570 1581 1644 (Gen.
1599 1587 1743 1625 xxxv
1764 1574 1804 1644 ).

202 1664 465 1734 Loquens
496 1663 658 1718 etiam
688 1662 754 1717 de
809 1661 894 1717 bis
930 1662 1021 1731 qui
1052 1676 1158 1717 non
1186 1669 1342 1717 erant
1366 1662 1498 1728 nati,
1545 1663 1669 1732 quia
1702 1661 1811 1717 illic

200 1763 463 1826 parentes
495 1768 681 1809 eorum
711 1768 778 1808 ex
816 1753 1012 1822 quibus
1048 1753 1161 1807 nati
1203 1762 1330 1808 sunt
1382 1760 1685 1824 pepererat,
1732 1753 1807 1815 ibi

1908 567 2023 619 θοι).
2053 564 2289 639 Cumque
2330 570 2627 639 adiurasset
2650 591 2737 628 eos
2760 584 2915 645 atque
2944 574 3184 637 dixisset,
3218 573 3358 628 Deus
3384 575 3510 629 risi-

1904 657 2038 712 tabit
2075 676 2188 726 vos,
2230 672 2494 731 asportate
2530 664 2796 719 vobiscum
2836 683 2956 721 ossa
2987 683 3105 720 mea
3139 667 3203 719 de
3233 665 3348 722 loco
3384 668 3504 732 ista,

1907 758 2144 804 mortuus
2169 761 2263 813 est,
2293 752 2936 824 ezpletiscenturn‘decem
2956 759 3075 812 vine
3098 774 3209 812 sua:
3238 759 3429 822 annis;
3455 766 3505 811 et

1907 839 2150 894 conditus
2203 844 2548 909 aromatibus,
2577 833 2832 916 repositus
2855 856 2928 901 est
2954 848 3011 900 in
3042 847 3212 901 loculo
3240 848 3293 901 in
3336 847 3509 917 £93;-

1906 938 2014 999 pto.
2039 928 2236 1001 Ioseph
2259 933 2421 1005 igitur
2448 935 2563 1004 qui,
2588 937 2729 1015 sicut
2756 945 2912 1006 pater
2936 938 3054 1007 ejus
3076 936 3263 1000 Jacob.
3296 946 3500 992 terram

1909 1023 2344 1092 repromissionis
2384 1034 2493 1081 tota
2537 1036 2716 1083 mente
2759 1029 3124 1095 desiderabat,
3185 1031 3507 1085 incolatum-

1908 1127 2012 1181 que
2042 1111 2259 1184 IEgypti
2289 1115 2680 1182 detestabatur,
2713 1120 2993 1175 moraliter
3023 1134 3122 1174 nos
3156 1120 3400 1183 instruit,
3443 1128 3504 1174 ut

1908 1204 2166 1272 quamdiu
2207 1206 2376 1261 simus
2433 1206 2488 1260 in
2527 1208 2631 1263 hoc
2695 1209 2915 1273 mundo,
2974 1224 3188 1279 semper
3226 1210 3502 1265 desidere-

1907 1310 2030 1348 mus
2077 1296 2286 1366 ingredi
2327 1305 2526 1352 terram
2560 1294 2854 1355 viventium
2883 1341 2898 1367 ,
2941 1301 3125 1372 ibique
3162 1303 3504 1372 requiescere

1906 1394 2184 1457 Optemus:
2223 1388 2365 1457 quod
2412 1396 2539 1444 tunc
2580 1390 2738 1462 digne
2781 1392 2861 1457 tit,
2910 1393 2954 1448 si
2996 1407 3282 1448 numerum
3325 1408 3503 1447 anno—

1908 1492 2029 1531 rum
2069 1478 2245 1533 mtatis
2286 1480 2453 1549 ipsius
2488 1481 2729 1537 moribus
2760 1482 3053 1538 imitemur.
3103 1483 3332 1540 Ccntum
3368 1499 3497 1552 ergo

1907 1580 1964 1626 et
1993 1573 2174 1626 decem
2202 1572 2327 1627 vita:
2355 1589 2466 1628 suae
2508 1574 2667 1629 annis
2695 1574 2944 1643 expletis,
2988 1584 3236 1630 mortuus
3271 1583 3374 1631 est.
3435 1576 3503 1629 Et

1908 1678 2007 1717 nos
2039 1662 2350 1718 Studeamus
2370 1679 2478 1734 quo
2507 1679 2602 1735 per
2631 1664 2870 1735 decalogi
2901 1666 3304 1719 observantiam
3345 1664 3411 1720 ad
3438 1681 3506 1719 aa-

1911 1762 2117 1807 ternam
2143 1753 2552 1818 beatitudinem,
2578 1770 2739 1823 quam
2764 1755 3109 1811 centenarias
3132 1770 3389 1809 numerus
3415 1753 3506 1808 dc-

202 1861 302 1902 eos
329 1844 629 1915 perbibens
666 1855 841 1909 natos,
882 1843 1139 1913 quoniam
1179 1859 1340 1898 causa
1370 1859 1476 1913 qua
1519 1859 1812 1899 nasceren-
1839 1835 1885 1893 B
1913 1844 2109 1915 signat,
2143 1844 2537 1913 perveniamus.
2591 1843 2854 1899 Conditus
2884 1860 3101 1913 quoque
3133 1852 3219 1899 est
3250 1844 3363 1913 ipse
3402 1841 3501 1897 Jo-

202 1946 294 1991 tur
325 1937 402 1991 ibi
432 1943 559 1990 nata
587 1943 689 2001 est,
715 1934 770 1990 id
802 1942 906 1999 est,
940 1942 1192 2005 parentes
1221 1950 1409 1989 eorum
1438 1950 1575 2004 quos
1603 1935 1698 1990 Lia
1729 1935 1804 1990 ibi

202 2027 501 2097 pepererit.
542 2026 619 2080 Ita
650 2028 903 2095 quoniam
940 2040 1106 2080 causa
1146 2024 1383 2079 intrandi
1420 2024 1473 2079 in
1509 2024 1803 2097 Egyptum

200 2114 377 2172 Iacob
406 2116 461 2171 in
503 2116 701 2187 Ioseph
730 2116 939 2179 habuit,
980 2123 1147 2170 totum
1176 2123 1385 2186 tempus
1415 2131 1522 2185 quo
1551 2116 1604 2170 in
1644 2116 1809 2188 Egy-

200 2215 297 2278 pto
330 2208 473 2262 vixit
513 2197 733 2277 Ioseph,
759 2207 1025 2279 ingrcs‘sio
1065 2214 1182 2262 erat
1216 2205 1382 2262 Iacob
1416 2207 1473 2261 in
1508 2206 1804 2279 IEgypmm

198 2313 301 2370 per
334 2313 493 2353 suam
539 2299 871 2369 progeniem,
920 2312 1042 2369 qua:
1085 2298 1179 2353 illo
1215 2298 1340 2354 vivo
1378 2301 1801 2370 Propagabatur,

198 2404 301 2462 per
336 2404 502 2460 quem
545 2389 742 2445 factum
780 2397 866 2446 est
890 2399 949 2444 ut
988 2390 1379 2461 ingrederetur.

782 2503 1008 2560 CAPUT
1039 2503 1222 2559 XVIII.
1276 2513 1279 2516 ‘

200 2592 282 2650 De
308 2610 372 2649 ea
400 2595 542 2669 quod
581 2596 784 2669 Joseplt
819 2597 1009 2667 fratres
1047 2610 1170 2652 suos
1207 2598 1495 2668 adjuravit,
1539 2607 1798 2669 quatenus

272 2667 600 2740 egredientes
623 2666 969 2740 eerEgg/pto,
1018 2684 1140 2723 ossa
1181 2666 1283 2724 sua
1310 2684 1484 2723 secum
1526 2666 1797 2740 portarent

268 2745 389 2807 post
412 2735 612 2791 obitum
638 2735 822 2809 ipsius.

273 2846 512 2904 Locutus
534 2859 608 2903 est
632 2859 804 2905 autem
827 2848 1022 2922 Ioseph
1043 2850 1296 2921 fratribus
1328 2849 1476 2905 suis:
1504 2848 1630 2904 Post
1660 2866 1802 2904 mor-

200 2947 306 2993 tem
325 2956 501 2994 meam
525 2939 664 2995 Deus
687 2941 913 3020 ttist'tabit
937 2958 1044 3009 vos,
1071 2951 1120 2996 et
1141 2942 1417 2997 ascendere
1437 2942 1597 3013 faciet
1608 2942 1674 3027 de
1695 2957 1800 2996 ter-

1910 1936 2040 2004 seph
2071 1935 2423 2000 aromatibus,
2464 1943 2521 1990 et
2546 1935 2812 2005 repositus
2844 1936 2897 1989 in
2945 1935 3120 1991 loculo
3158 1937 3211 1990 in
3248 1935 3502 2007 Aigypto.

1910 2024 2140 2083 Loculus
2181 2032 2265 2080 est
2311 2041 2408 2081 vas
2450 2027 2852 2096 repositorium,
2893 2027 2984 2081 ubi
3024 2027 3226 2097 aliquid
3269 2027 3335 2082 ad
3377 2043 3505 2082 cou-

1910 2116 2238 2171 scrvandum
2279 2117 2708 2174 commendatur.
2755 2117 2798 2173 0
2824 2116 2949 2172 felix
2989 2119 3194 2182 anima,
3241 2133 3361 2187 quae
3389 2134 3506 2172 aro-

1911 2208 2145 2262 matibus
2183 2207 2445 2263 virtutum
2488 2208 2727 2274 condita,
2773 2209 2828 2263 in
2882 2209 2985 2263 hoc
3034 2209 3353 2278 corpusculo
3407 2210 3503 2262 de-

1911 2312 2061 2368 gens,
2093 2295 2334 2366 quotidie
2362 2295 2693 2366 proﬁciendo
2730 2298 2953 2368 perenni
2998 2298 3121 2353 vita:
3154 2298 3502 2353 reservatur!

1911 2387 2041 2443 Sine
2075 2388 2256 2455 dubio,
2298 2388 2344 2442 si
2374 2388 2466 2443 tali
2520 2389 2863 2444 condimento
2897 2390 3137 2452 condita,
3168 2390 3222 2443 in
3254 2389 3378 2451 fide,
3410 2404 3506 2459 spe

1909 2487 1964 2534 et
1991 2480 2254 2535 cbaritate
2293 2479 2562 2539 custodita
2608 2480 2788 2546 fuerit,
2853 2497 2950 2551 per
3007 2481 3235 2552 gratiam
3279 2479 3503 2537 Christi.

1906 2572 1973 2626 ad
2003 2571 2196 2628 divina:
2238 2571 2711 2642 contemplationis
2746 2573 2981 2643 speciem
3013 2572 3299 2642 pervenire
3329 2586 3504 2626 mere—

1904 2663 2070 2717 bitur.
2103 2662 2268 2734 Cujus
2302 2664 2518 2734 adeptio
2554 2663 2794 2734 perfecta
2816 2672 2899 2720 est
2924 2664 3132 2729 laetitia,
3163 2678 3324 2733 quam
3349 2661 3499 2717 Psal-

1909 2756 2068 2810 mista
2100 2755 2271 2809 oculis
2312 2755 2437 2811 ﬁdei
2468 2756 2735 2826 aspiciens
2781 2757 2857 2812 ait
2885 2774 2898 2810 :
2930 2756 3244 2825 Adimplebis
3269 2771 3372 2819 me,
3396 2753 3503 2807 Do-

1908 2844 2067 2908 mine,
2107 2844 2293 2899 lwtitia
2323 2862 2444 2900 cum
2471 2847 2616 2899 vultu
2654 2844 2779 2913 tuo,“
2808 2837 3179 2901 delectationes
3205 2846 3260 2901 in
3289 2845 3503 2900 dextera

1905 2945 1998 2989 tua
2028 2952 2190 3008 usque
2218 2937 2273 2991 in
2299 2937 2457 3007 finem
2486 2936 2671 3010 (Psal.
2704 2938 2813 3011 εγ).
2845 2940 3042 2997 Amen.

3454 3111 3489 3139 υ

760 3186 1384 3413 suam
1458 3240 2212 3374 nonam
2287 3229 2917 3373 meum!

944 3470 1235 3527 ABBATIS
1275 3469 1665 3528 FULDE‘NSlS
1703 3469 1793 3526 ET
1834 3467 2219 3525 MOGUNTINI
2258 3433 2783 3526 ARCHIEPISCOPI

651 3665 1330 3807 LIBER
1476 3667 1766 3803 DE

1907 3660 3074 3803 COMPUTO.

1627 3925 1869 4022 (ANNO
1911 3925 2078 4006 820.)

1348 4090 1557 4153 (Baluz..
1584 4090 1896 4142 Miscellanea
1918 4103 2073 4152 sacra,
2099 4098 2216 4141 tom.
2244 4091 2338 4155 ll.)

801 4303 1195 4361 PROLOGUS.

1902 4304 2034 4374 ipsis
2061 4303 2223 4359 rebus
2247 4301 2532 4372 disponere
2557 4287 2831 4359 contendi.
2856 4301 2985 4358 Inde
3020 4318 3236 4374 quoque
3273 4307 3490 4376 evenit,

262 4398 484 4457 Dilecto
510 4396 666 4453 fratri
688 4395 1010 4454 Msucuamo
1036 4398 1305 4454 monacho
1328 4398 1580 4455 Russus
1599 4415 1797 4471 pecca—
1833 4463 1868 4471 _
1902 4397 2029 4450 dum
2074 4393 2323 4449 brevitati
2370 4394 2643 4449 studerem
2663 4435 2679 4460 ,
2728 4402 2783 4450 et
2824 4405 3005 4450 tamen
3038 4396 3277 4471 ipsarum
3309 4414 3494 4455 rerum

188 4501 283 4549 tor
317 4490 378 4544 in
404 4487 624 4544 Christo
650 4487 900 4543 salutem.

260 4579 533 4652 Legimus
560 4578 819 4648 scriptum
865 4578 921 4632 in
967 4576 1311 4635 Proverbiis:
1356 4579 1546 4635 Melior
1583 4590 1660 4637 est
1704 4599 1798 4637 sa-

184 4672 399 4744 pientia
427 4669 631 4724 cunctis
659 4667 1071 4738 pretiosissimis,
1099 4679 1147 4723 et
1185 4686 1336 4725 omne
1370 4671 1715 4727 desiderabile
1749 4674 1798 4727 ei

186 4778 300 4816 non
325 4762 503 4831 ροηδε
532 4759 850 4829 comparari.
873 4756 1019 4823 Ideo,
1053 4758 1223 4814 frater
1246 4759 1635 4828 dilectissime,
1674 4776 1800 4833 gra-

184 4854 299 4911 tias
323 4865 434 4921 ago
466 4849 596 4913 Deo,
624 4849 716 4918 qui
747 4847 843 4903 tibi
866 4847 983 4917 ejus
1019 4864 1259 4905 amorem
1304 4851 1617 4922 inspiravit,
1643 4854 1798 4924 cujus

182 4941 480 5014 possessio
525 4941 714 4997 mundi
762 4941 980 4998 divitias
1021 4941 1320 4996 contemnit
1363 4949 1523 5012 teque
1565 4943 1800 4999 reddidit

182 5049 292 5090 suo
337 5032 555 5104 fulgore
592 5018 910 5090 decoratum
952 5044 1007 5091 et
1036 5037 1298 5106 proximis
1344 5038 1451 5094 tuis
1485 5038 1796 5109 profectae-

183 5138 337 5178 sum.
369 5121 605 5178 Petebas
628 5138 760 5194 ergo
783 5132 844 5178 ut
870 5124 1190 5194 quibusdam
1221 5126 1288 5180 de
1321 5137 1574 5197 computo
1602 5144 1799 5198 propo-

182 5214 494 5272 sitionibus
521 5230 821 5285 carumque
847 5218 1027 5273 minus
1054 5217 1309 5288 perfectis
1333 5221 1795 5288 responsionibus,

183 5321 336 5377 quas
368 5304 505 5382 mihi
528 5305 856 5375 protuleras,
881 5308 1065 5363 nescio
1093 5323 1123 5362 a
1150 5308 1347 5378 quibus
1368 5307 1667 5375 confectas,
1688 5319 1797 5384 sty-

182 5391 306 5446 lum
330 5389 683 5456 adhiberem,
694 5406 894 5461 easque
917 5392 1012 5447 tibi
1030 5392 1325 5448 lucidiores
1346 5392 1648 5449 redderem.
1673 5395 1797 5452 Feci

183 5489 470 5552 quantum
506 5482 697 5551 potui,
744 5483 840 5537 sed
879 5499 987 5538 non
1018 5498 1084 5539 eo
1116 5484 1304 5539 ordine
1343 5499 1450 5555 quo
1488 5484 1559 5540 ibi
1593 5488 1798 5558 positas

185 5572 414 5643 rcpcri;
445 5573 575 5644 quia
603 5575 827 5631 confusa
856 5577 1027 5632 series
1047 5576 1154 5631 vim
1185 5578 1545 5647 cognoscendi
1578 5579 1798 5636 abstulit

184 5672 246 5716 ct
277 5663 508 5719 taedium
537 5663 787 5721 lectionis
812 5665 1037 5723 invexit.
1079 5666 1343 5739 Pleraque
1366 5682 1496 5739 ergo
1519 5684 1639 5739 qua:
1664 5671 1795 5726 mihi

190 5755 373 5829 inagis
404 5756 718 5813 necessaria
753 5757 1077 5814 videbantur
1101 5758 1315 5825 addidi,
1357 5766 1414 5815 et
1454 5761 1699 5817 ordinem
1741 5762 1793 5818 in

1824 4463 1870 4526 C
1901 4484 2182 4539 veritatem
2210 4481 2516 4552 patefacere
2541 4483 2736 4539 vellem
2755 4525 2770 4550 ,
2806 4484 2949 4553 quod
2978 4463 3136 4541 unius
3174 4486 3294 4542 libri
3323 4504 3496 4558 quau~

1899 4577 2108 4632 titatem
2137 4575 2378 4630 devitarc
2422 4590 2530 4629 non
2574 4590 2818 4645 possum.
2849 4574 3139 4645 CompoSui
3168 4578 3387 4647 quidem
3422 4595 3491 4636 ex

1898 4681 2125 4722 numero
2154 4674 2208 4722 et
2245 4674 2547 4736 temporum
2588 4666 2833 4723 articulis
2861 4667 3150 4736 quemdam
3196 4668 3491 4741 dialogum,

1898 4766 1955 4813 et
1976 4757 2181 4811 nomini
2210 4764 2304 4831 tuo
2327 4757 2504 4828 ipsum
2534 4757 2747 4822 dicavi;
2790 4757 2847 4812 in
2884 4772 2991 4827 quo
3019 4773 3140 4828 qute
3179 4761 3493 4816 necessaria

1898 4849 2032 4904 mihi
2057 4836 2409 4912 videbantur,
2454 4845 2855 4920 interrogandi,
2898 4850 3141 4921 discipuli
3173 4854 3410 4917 nomine,
3436 4860 3492 4908 et

1898 4953 2019 5010 qua:
2060 4937 2451 5007 reSpondendi,
2500 4938 2746 5010 magistri
2777 4941 3038 4996 vocabulo
3077 4943 3392 5012 przenotavi.
3425 4943 3492 4998 Et

1898 5044 2004 5084 non
2031 5029 2144 5085 haec
2172 5028 2547 5083 tantummodo
2574 5029 2809 5100 prapriis
2835 5028 3359 5095 ratiocinationibus,
3393 5031 3490 5085 sed

1896 5123 2059 5177 etiam
2101 5136 2170 5177 ex
2216 5120 2562 5190 antiquorum
2603 5120 2769 5178 dictis
2810 5130 2867 5178 et
2907 5130 3218 5179 sanctorum
3261 5121 3487 5175 Patrum
3524 5182 3545 5200 κ

1897 5210 2180 5266 sententiis
2218 5210 2454 5266 enodare
2481 5213 2687 5267 curavi.
2726 5212 2882 5278 Ideo,
2931 5212 3099 5268 frater
3132 5212 3482 5277 charissime,

1897 5302 2012 5356 haec
2039 5301 2248 5373 legens,
2277 5302 2418 5357 scias
2448 5317 2533 5357 me
2577 5319 2683 5358 non
2724 5303 3025 5361 dilIicultati
3071 5305 3357 5359 verborum
3394 5313 3489 5359 aut

1895 5392 2212 5448 obscuritati
2244 5393 2638 5449 sententiarum
2672 5394 2960 5459 studuisse,
2992 5395 3103 5449 imo
3129 5394 3299 5464 magis
3325 5393 3487 5463 plana

1895 5498 2122 5556 qumque
2159 5482 2448 5553 faciliaque
2475 5484 2773 5556 collegisse,
2804 5492 2859 5539 et
2885 5500 3006 5554 quae
3044 5500 3110 5540 ex
3152 5484 3371 5555 proprio
3406 5484 3489 5539 in-

1896 5575 2064 5642 serui,
2109 5575 2178 5630 ad
2222 5576 2619 5633 dilucidandam
2666 5577 2837 5646 ipsam
2881 5577 3165 5633 veritatem
3211 5576 3488 5632 laborasse

1896 5670 2070 5739 magis
2092 5684 2259 5739 quam
2280 5669 2508 5725 aliorum
2536 5668 2819 5739 imperitiae
2846 5668 3149 5725 insultasse.
3180 5667 3317 5724 Nulli
3342 5669 3486 5724 enim

1898 5778 1985 5820 me
2011 5761 2280 5837 prtefero;
2318 5763 2414 5819 sed
2448 5763 2586 5819 bene
2609 5760 2979 5832 quaerentibus
3011 5772 3068 5820 ct
3100 5746 3259 5820 tidem
3301 5762 3490 5819 catho-
