3962 6198
507 338 603 393 671

1167 335 1228 391 B.
1269 334 1523 391 RABANI
1564 334 1781 392 MAURl
1817 334 2133 392 ARCHIEP.
2179 334 2486 392 MOGUNT.
2525 336 2810 395 OPERUM
2848 338 3030 394 PARS
3068 337 3106 393 Ι.

3667 347 3770 401 672

506 452 665 506 licam
710 450 811 505 rite
860 448 1202 504 servantibus
1242 463 1343 517 pro
1395 448 1610 504 modulo
1660 465 1781 505 meo
1833 450 2085 504 comitem
2118 447 2397 512 A'mutata
2424 458 2524 503 est.
2557 449 2693 505 Hine
2722 459 3023 520 temporum
3048 453 3212 507 vices.
3244 453 3378 508 Hine
3408 465 3587 511 motus
3607 465 3773 512 astro-

505 542 766 612 smndeo,
792 556 855 595 ae.
873 538 1143 608 juniorem
1166 541 1355 596 subdo.
1382 541 1535 608 Quod
1560 543 1688 597 mihi
1711 543 1891 598 divina
1918 542 2091 612 gratia

504 632 803 697 concedat;
842 641 899 685 ut
927 632 1165 701 quandin
1196 632 1395 694 vivam,
1436 648 1716 688 servorum
1750 633 1952 689 Christi
1978 649 2092 689 scr-

509 725 677 783 vitor,
700 733 756 778 et
783 724 922 779 bene
965 724 1270 778 docentium
1316 724 1553 791 auditor,
1582 732 1638 779 et
1663 724 1802 779 bene
1845 725 2093 780 laboran-

509 817 643 871 tium
666 813 1027 884 aliquantulus
1065 812 1276 881 adjutor
1305 814 1555 869 existam.
1575 815 1923 869 Dilectionem
1945 823 2092 868 tuam

508 904 763 974 majestas
804 903 1007 959 Christi
1043 919 1186 957 nunc
1222 912 1276 957 et
1315 903 1369 956 in
1414 912 1729 973 perpetuum
1770 919 2093 962 conservare

507 997 779 1068 dignetur,
804 1006 990 1052 sancte
1025 995 1219 1062 frater,
1239 1010 1532 1050 memorem
1556 997 1749 1051 nostri.
1775 994 2013 1052 Obsecro
2033 1003 2094 1049 ut

506 1100 711 1159 quanto
736 1089 896 1143 citius
920 1088 1096 1158 possis
1129 1085 1408 1156 exemplar
1432 1086 1588 1142 istius
1616 1086 1774 1152 libri,
1818 1088 1963 1157 quod
1998 1086 2092 1141 tibi

507 1183 575 1235 ad
605 1181 1009 1260 rescribendum
1039 1180 1231 1245 direxi,
1263 1178 1541 1242 absolvas,
1573 1189 1628 1234 et
1650 1180 1794 1235 mihi
1825 1180 2091 1235 remittas.

509 1271 658 1327 Vale.

1034 1341 1265 1412 Explicit
1288 1342 1554 1414 prologue.

824 1542 1284 1633 INCIPIT
1372 1545 1770 1634 LIBER.
1862 1657 1874 1668 η

568 1748 712 1824 Quia
740 1765 825 1824 te,
862 1759 1166 1814 venerande
1204 1767 1534 1828 prmceptor,
1581 1760 1777 1828 sacpius
1806 1758 1985 1814 audivi
2026 1759 2094 1814 de

506 1849 747 1904 numeris
794 1849 1156 1919 disputantem
1188 1850 1573 1920 discipulisque
1609 1851 1715 1905 tuis
1756 1851 1913 1921 hujus
1958 1850 2096 1907 artis

505 1940 844 2011 disciplinam
877 1941 1336 1998 demonstrantem
1355 1985 1370 2008 ,
1399 1958 1592 2012 precor
1619 1950 1680 1997 ut
1716 1943 1870 1998 nobis
1893 1942 2055 1997 etiam
2075 1983 2090 2008 ,

506 2031 597 2103 qui
622 2032 934 2109 maturioris
954 2033 1068 2103 jam
1096 2049 1284 2088 sumus
1320 2032 1495 2088 aetatis
1514 2074 1528 2099 ,
1559 2049 1665 2087 non
1692 2032 1967 2103 pigriteris
1995 2032 2093 2087 ali-

506 2125 649 2193 quod
694 2124 960 2193 conlicere
998 2126 1350 2195 epusculum,
1393 2140 1500 2195 quo
1543 2135 1783 2180 nostram
1824 2123 2094 2193 possimus

505 2216 748 2272 excitare
790 2217 1043 2271 inertiam
1088 2226 1145 2275 et
1190 2217 1582 2289 aliquantulum
1628 2217 1694 2272 de
1742 2230 2093 2271 numerorum

509 2321 702 2377 capere
727 2308 940 2384 peritia.
1510 2350 1526 2359 .
1632 2310 1633 2313 “

1120 1697 1402 1711 —_

1021 2399 1248 2456 CAPUT
1285 2399 1574 2456 PRIMUM.

950 2488 1029 2544 De
1056 2506 1391 2543 numerorum
1424 2490 1674 2561 potentia.

582 2578 879 2635 chtsrsn.
909 2579 1054 2636 Bene
1083 2583 1271 2647 etiam,
1304 2582 1498 2637 dilecte
1523 2582 1714 2647 frater,
1744 2597 1934 2653 regas,
1966 2583 2095 2652 quia

507 2671 671 2743 hujus
694 2673 987 2743 disciplina:
1012 2674 1165 2744 cupis
1196 2674 1395 2730 habere
1417 2675 1664 2730 notitiam
1692 2690 1855 2744 quam
1886 2684 2099 2729 constat

506 2761 750 2819 omnium
794 2762 1198 2833 dis’ciplinarum
1242 2776 1362 2818 esse
1409 2762 1742 2834 magistram.
1797 2762 1915 2817 Non
1951 2762 2097 2818 enim

507 2852 649 2907 ratio
684 2868 1033 2908 numerorum
1072 2854 1467 2909 contemnenda
1503 2862 1618 2919 est,
1652 2854 1777 2923 quia
1816 2855 1869 2908 in
1916 2853 2099 2909 multis

506 2951 816 3000 sanctarum
854 2944 1256 3014 Scripturarum
1298 2944 1432 2999 locis
1470 2954 1731 3014 quantum
1778 2946 2096 3016 mysterium

507 3037 673 3093 habet
701 3037 894 3092 elucet.
926 3037 1041 3093 Non
1078 3037 1242 3093 etiam
1285 3036 1488 3093 frustra
1529 3038 1583 3091 in
1624 3036 1869 3091 laudibus
1892 3036 1985 3093 Dei
2011 3036 2098 3091 di-

508 3136 655 3184 ctum
690 3137 776 3183 est
804 3147 816 3181 :
861 3127 1051 3183 Omnia
1075 3129 1128 3182 in
1151 3144 1397 3182 mensura
1424 3137 1472 3183 et
1497 3129 1552 3182 in
1581 3144 1795 3182 numero
1825 3127 1949 3181 etin
1968 3144 2098 3199 pon-

2193 552 2316 591 rum
2343 538 2574 608 cmlique
2601 541 2885 596 conversio
2916 541 3253 614 intelligitur.
3295 542 3521 614 Proprie
3546 546 3663 617 ipsa
3685 565 3773 603 ua-

2194 635 2312 682 tura
2342 644 2690 685 numeromm
2710 672 2726 698 ,
2766 634 2947 688 omnis
2974 642 3246 688 astrorum
3278 651 3471 693 cursus
3497 640 3776 711 pinnisque

2194 722 2557 777 astronomica
2587 723 2725 780 ratio
2750 724 3046 779 constituta
3072 734 3175 779 est.
3218 724 3309 780 Sic
3331 730 3474 781 enim
3510 738 3665 784 ortus
3690 747 3776 786 oe-

2193 825 2455 881 casusque
2480 813 2802 885 colligimus,
2822 815 2913 870 ‘sic
2939 816 3221 871 tarditates
3250 817 3675 890 velocitatesque
3697 838 3776 876 er-

2193 903 2427 957 rantium
2455 904 2691 969 siderum
2722 906 3079 961 custodimus.
3113 906 3205 962 Sic
3242 907 3486 964 defectus
3512 918 3570 966 et
3603 912 3776 967 multi—

2191 991 2361 1062 plices
2391 993 2529 1049 luna:
2558 997 2888 1052 variationcs
2919 999 3282 1068 agnoscimus.
3329 1019 3348 1052 ι

2823 1110 3053 1167 CAPUT
3088 1112 3154 1166 ll.

2622 1177 2775 1235 Unde
2796 1182 2968 1237 dictus
2996 1184 3062 1236 sit
3093 1196 3361 1238 numerus.

2262 1269 2410 1326 DISC.
2434 1268 2656 1326 Numeri
2676 1286 2915 1342 namque
2935 1288 3131 1328 nomen
3155 1274 3381 1345 ejusque
3403 1278 3779 1349 etymologiam

2194 1363 2326 1419 mihi
2369 1363 2621 1434 explana.
2670 1364 2810 1421 MAG.
2866 1365 3088 1420 Numeri
3134 1367 3343 1423 scilicet
3390 1385 3590 1425 nomen
3648 1373 3781 1442 apud

2193 1452 2465 1523 quamque
2486 1463 2700 1524 gentem
2731 1456 3028 1511 secundum
3047 1456 3435 1527 proprietatem
3458 1459 3658 1531 linguze
3680 1477 3781 1518 sine

2194 1553 2428 1601 constat.
2469 1545 2626 1617 Apud
2665 1546 2885 1603 Latinos
2910 1562 3045 1602 vero
3085 1563 3346 1605 numerus
3371 1564 3439 1605 ex
3471 1567 3698 1607 nummo
3730 1563 3778 1607 et

2196 1636 2314 1693 rivo
2335 1636 2551 1694 videtur
2579 1652 2778 1695 nomen
2807 1639 3057 1694 traxisse.
3082 1638 3208 1695 Sive
3230 1643 3374 1695 enim
3397 1657 3466 1696 ex
3492 1643 3617 1697 rivo
3639 1660 3779 1698 num-

2197 1740 2433 1794 morum,
2457 1727 2510 1782 id
2538 1735 2622 1783 est
2647 1742 2713 1782 ex
2744 1727 3090 1783 multitudine
3117 1744 3313 1784 census
3336 1731 3429 1799 qui
3461 1714 3778 1793 reddebatur

2121 1810 2169 1870 B
2197 1822 2417 1893 regibus
2443 1821 2527 1877 vel
2559 1822 2995 1893 imperatoribus,
3030 1838 3289 1879 numerus
3319 1839 3515 1879 nomen
3556 1827 3777 1896 accepit.

2196 1913 2349 1972 Unde
2378 1914 2613 1971 Isidorus
2640 1916 2806 1971 dicit:
2851 1937 2869 1967 ι
2904 1916 3170 1972 Nummus
3200 1933 3425 1973 numero
3464 1933 3665 1976 nomen
3698 1921 3779 1975 de-

2196 2008 2293 2072 dit,
2324 2015 2379 2064 et
2399 2023 2429 2062 a
2453 2007 2537 2062 sui
2559 2007 2995 2078 frequentatione
3016 2008 3336 2064 vocabulum
3363 2009 3558 2065 indidit
3590 2009 3777 2081 (θήρη

2195 2098 2284 2152 lib.
2311 2115 2398 2164 ιιι,
2422 2115 2468 2153 c.
2493 2097 2568 2171 5).
2602 2119 2620 2150 ι
2655 2097 2781 2153 Sive
2801 2099 3091 2154 Numeria:
3168 2100 3295 2156 hinc
3316 2099 3656 2170 Augustinus
3679 2104 3774 2157 ait:

2200 2207 2220 2240 ι
2250 2187 2517 2244 Numerus
2545 2205 2575 2244 a
2605 2189 2857 2245 Numeria
2877 2191 3109 2261 quadam
3133 2192 3229 2246 dea
3253 2194 3600 2256 nominatur;
3641 2195 3781 2264 cujus

2196 2282 2504 2338 sacerdotes
2544 2291 2692 2339 retro
2725 2285 2898 2339 versis
2938 2283 3196 2349 vultibus,
3237 2284 3376 2339 dona
3412 2283 3694 2349 ferebant,
3730 2294 3780 2341 ct

2196 2381 2314 2443 post
2335 2372 2513 2428 oblata
2534 2388 2780 2438 munera,
2804 2382 2950 2428 retro
2969 2374 3284 2444 pergebant.
3310 2394 3328 2425 ι
3350 2373 3494 2429 ῡιεο.
3522 2374 3782 2430 Numerus

2196 2468 2466 2538 quomodo
2503 2468 2791 2524 definitur?
2830 2468 2970 2523 MAG.
3008 2468 3247 2524 Isidorus
3281 2483 3412 2537 ergo
3442 2468 3514 2522 ita
3543 2468 3780 2524 dillinitit

2198 2560 2385 2615 dicens
2410 2578 2423 2614 :
2456 2580 2473 2611 ι
2510 2558 2779 2616 Numerus
2808 2573 2895 2615 eSt
2921 2560 3206 2615 multitudo
3233 2575 3299 2615 ex
3336 2559 3646 2616 unitatibus
3671 2577 3783 2614 cnn-

2198 2652 2403 2706 stituta.
2436 2650 2571 2705 Nam
2604 2667 2769 2705 unum
2788 2666 2980 2729 semen
3012 2652 3221 2707 numeri
3264 2664 3415 2716 esse,
3455 2667 3564 2705 non
3603 2668 3781 2706 nume-

2198 2759 2350 2809 rum,
2396 2744 2626 2799 dicimus
2668 2743 2878 2815 (Ibid.).
2933 2762 2950 2795 ι
2998 2744 3133 2799 ltem
3179 2742 3305 2798 alibi
3352 2743 3616 2813 scriptum
3661 2755 3778 2799 est:

2203 2855 2222 2888 ι
2259 2836 2409 2892 Unus
2448 2851 2553 2892 non
2593 2844 2677 2892 est
2721 2851 3012 2900 numerus,
3059 2836 3153 2891 sed
3188 2836 3255 2890 ab
3285 2849 3351 2890 co
3392 2845 3647 2890 crescunt
3688 2852 3778 2889 nu-

2199 2929 2354 2983 meri.
2394 2950 2412 2981 ι
2445 2928 2647 2983 Tamen
2674 2928 2914 2984 Donatus
2942 2928 3106 2982 etiam
3134 2942 3300 2981 unum
3319 2942 3421 2998 pro
3436 2940 3666 2981 numero
3688 2943 3779 2995 pne

2200 3021 2307 3077 suit
2335 3022 2554 3077 dicens:
2594 3040 2612 3072 ι
2643 3020 2910 3077 Numerus
2935 3032 3018 3075 est
3054 3020 3373 3091 singularis,
3403 3029 3461 3075 ut
3495 3020 3582 3074 hic
3610 3022 3777 3090 magi-

2199 3122 2324 3166 ster.
2366 3132 2384 3162 ι
2417 3112 2546 3168 ltem
2581 3112 2912 3183 Augustinus
2939 3111 3104 3167 dicit:
3144 3130 3162 3162 ι
3196 3110 3464 3167 Numerus
3492 3120 3573 3166 est
3596 3112 3779 3175 singu-

695 3175 775 3183 η-
805 3175 816 3181 .
866 3175 1050 3183 -..-..-_
1152 3175 1396 3182 ..--.--η.η
1425 3175 1469 3183 --
1827 3175 1870 3181 --
1968 3175 2071 3199 Γ-.-

505 3221 629 3276 dere
657 3220 846 3291 fecisti.
876 3220 981 3275 Per
1001 3234 1284 3276 numerum
1313 3221 1580 3292 siquidem
1608 3236 1679 3276 ne
1694 3220 2093 3277 confundamur

2198 3202 2331 3259 laris
2361 3203 2604 3273 corporis
2622 3218 2692 3259 ac
2718 3204 2941 3275 vocis'et
2967 3202 3380 3275 signiﬁcationis
3412 3202 3680 3260 collectio.
3715 3223 3732 3252 ι

506 3311 846 3368 instruimur.
879 3311 1029 3366 Tolle
1052 3326 1336 3367 numerum
1361 3328 1393 3366 a
1421 3314 1580 3369 rebus
1605 3313 1876 3379 onmibus,
1903 3322 1958 3368 et
1980 3329 2095 3367 om-

506 3404 597 3459 nia
616 3414 865 3474 pereunt.
892 3404 1084 3459 Adime
1103 3405 1300 3460 saeculo
1321 3412 1651 3474 computum,
1676 3413 1732 3460 et
1751 3404 1930 3460 omnia
1952 3420 2092 3461 caeca

506 3496 809 3566 ignorantia
834 3496 1283 3566 complectuntur.
1316 3495 1426 3551 Nec
1450 3496 1668 3551 differre
1689 3506 1917 3567 possunt
1939 3513 1969 3552 a
1992 3514 2096 3553 ca:-

505 3584 640 3640 teris
661 3585 983 3640 animalibus
1018 3585 1110 3656 qui
1137 3586 1327 3641 calculi
1370 3587 1619 3642 nesciunt
1662 3588 1947 3643 rationem.
1988 3587 2093 3644 Sed

507 3683 589 3740 tu,
623 3675 747 3745 quia
789 3677 856 3730 ad
885 3668 1263 3747 exponendum
1294 3676 1454 3747 hujus
1477 3678 1586 3732 vim
1624 3685 1680 3733 et
1713 3680 1977 3734 rationem
2009 3694 2095 3735 me

505 3768 836 3837 provocasti,
876 3769 941 3823 de
970 3769 1053 3824 his
1081 3770 1277 3839 quibus
1304 3779 1359 3825 te
1382 3770 1653 3826 instruere
1688 3764 1824 3826 velis
1851 3775 2095 3840 prmccde

507 3857 919 3927 interrogando;
943 3867 997 3913 et
1021 3860 1099 3915 sic
1122 3869 1173 3914 te
1203 3863 1524 3931 subsequar,
1549 3868 1809 3930 quantum
1834 3858 2095 3917 Dominus

506 3949 861 4014 concesserit,
877 3950 1267 4018 respondendo.
1290 3950 1625 4006 DISCIPULUS.
1654 3950 1779 4006 Haze
1804 3967 1933 4023 ergo
1954 3952 2095 4007 ratio

504 4054 854 4094 numerorum
906 4041 1045 4095 unde
1091 4041 1323 4111 primum
1364 4042 1671 4111 processit?
1709 4040 1851 4099 MAG.
1890 4042 1936 4096 A
1981 4044 2094 4099 Deo

505 4129 732 4184 scilicet.
765 4130 898 4197 Quia
927 4131 1103 4184 omnis
1129 4131 1390 4200 sapientia
1422 4146 1452 4186 a
1484 4132 1715 4188 Domino
1737 4132 1849 4188 Deo
1882 4141 1964 4188 est
1984 4175 1999 4200 ,
2027 4150 2095 4190 ex

504 4237 612 4292 quo
640 4230 766 4278 sunt
791 4222 993 4277 omnia.
1025 4224 1172 4277 Disc.
1202 4223 1298 4278 Dic
1332 4238 1463 4293 ergo
1498 4225 1713 4294 quando
1750 4226 1984 4295 primum
2008 4226 2094 4281 in-

502 4325 665 4372 venta
691 4326 774 4373 est
803 4314 905 4372 ista
931 4317 1110 4371 ratio?
1137 4316 1278 4373 ΜΑο.
1302 4316 1381 4371 Ex
1406 4317 1497 4373 illo
1539 4326 1778 4388 tempore
1802 4334 1909 4388 quo
1940 4318 2095 4373 factae

506 4420 634 4465 sunt
659 4423 943 4477 creaturae,
969 4411 1072 4465 hoc
1099 4418 1203 4477 est,
1227 4412 1293 4465 ab
1321 4411 1530 4482 origine
1551 4411 1752 4483 saeculi.
1779 4411 1929 4466 Tunc
1949 4410 2096 4465 enim

504 4502 740 4570 primum
771 4517 1028 4557 numerus
1052 4501 1215 4557 rebus
1255 4501 1510 4568 innotuit,
1550 4502 1691 4557 sicut
1718 4502 1771 4556 in
1797 4500 1992 4556 Genesi
2018 4501 2094 4556 le-

504 4593 652 4665 gitur
677 4611 690 4647 :
724 4592 793 4646 Et
823 4592 1019 4662 factum
1047 4603 1122 4648 est
1148 4610 1352 4663 vespere
1372 4602 1419 4647 et
1445 4610 1597 4647 mane
1623 4592 1733 4648 dies
1758 4610 1914 4648 unus.
1943 4592 2094 4649 Tunc

503 4702 634 4759 ergo
661 4685 800 4741 dixit
823 4687 889 4742 de
917 4697 1072 4743 nocte
1107 4694 1162 4742 et
1186 4687 1251 4741 de
1275 4685 1364 4742 die
1384 4686 1599 4756 quando
1619 4685 1756 4741 dixit
1776 4686 1842 4742 de
1867 4702 2093 4757 vespere

503 4790 561 4836 et
587 4796 765 4836 mane.
804 4779 1023 4836 Numeri
1072 4789 1254 4837 autem
1290 4782 1558 4837 rationem
1598 4781 1834 4837 ostendit
1875 4782 2092 4852 quando

507 4870 680 4926 dixit:
720 4871 843 4926 Dies
877 4886 1037 4937 unus,
1079 4879 1136 4925 et
1173 4871 1288 4927 dies
1323 4871 1612 4939 secundus,
1653 4878 1708 4927 et
1732 4871 1848 4927 dies
1876 4872 2089 4939 tertius,

504 4963 693 5032 sicque
732 4978 902 5033 usque
929 4962 997 5016 ad
1023 4963 1332 5032 septimum.
1374 4962 1505 5018 ltem
1550 4977 1835 5017 numerum
1881 4962 2089 5033 signiﬁ-

506 5052 653 5109 cavit
673 5051 1059 5121 Deus,quando
1088 5051 1226 5106 dixit
1258 5051 1324 5107 de
1357 5052 1469 5108 sole
1495 5059 1555 5107 et
1590 5051 1714 5106 luna
1741 5069 1755 5106 :
1796 5051 1865 5106 Et
1902 5053 2007 5106 sint
2035 5054 2091 5108 in

494 5144 655 5214 signa
680 5153 727 5197 et
754 5152 986 5213 tempora
1026 5153 1074 5197 et
1117 5143 1226 5197 dies
1253 5153 1301 5197 et
1332 5160 1518 5197 annos.
1551 5140 1776 5210 Quando
1813 5143 1950 5197 dixit
1979 5144 2093 5199 dies

504 5247 560 5293 ct
581 5245 821 5307 tempora
841 5245 896 5291 et
918 5251 1109 5300 annos,
1128 5244 1255 5291 tunc
1275 5235 1342 5290 de
1365 5248 1590 5291 numero
1613 5236 1766 5290 dixit.
1795 5235 1926 5303 Quis
1947 5236 2089 5291 enim

503 5335 682 5399 potest
711 5327 1011 5396 intelligere
1040 5326 1154 5381 dies
1198 5334 1252 5380 et
1297 5334 1535 5397 tempora
1575 5334 1628 5380 et
1657 5340 1827 5380 annos
1858 5324 1961 5380 nisi
1995 5342 2093 5396 per

506 5434 790 5474 numerum
807 5416 831 5471 ?
849 5417 977 5472 Inde
1007 5417 1143 5472 dixit
1168 5416 1388 5472 Boetius
1409 5417 1662 5487 (Arithm.
1685 5415 1778 5471 lib.
1798 5430 1973 5485 t,cap.
1997 5414 2051 5484 Si)
2076 5431 2089 5467 :

510 5529 531 5562 ι
564 5510 756 5567 Omnia
793 5525 1127 5581 qumcunque
1169 5526 1198 5564 a
1234 5511 1489 5580 primaeva
1528 5492 1705 5564 rerum
1738 5516 1930 5561 natura
1958 5522 2088 5561 ron-

505 5611 712 5656 structa
738 5609 883 5665 sunt,
913 5609 1283 5656 numerorum'
1309 5600 1559 5653 videntur
1600 5599 1809 5652 ratione
1854 5597 2087 5652 firmata.

507 5690 623 5742 Hoc
650 5689 791 5742 enim
820 5689 920 5742 fuit
950 5689 1241 5759 principale
1267 5689 1543 5757 exemplar
1576 5689 1627 5741 in
1676 5688 1856 5741 animo
1896 5686 2091 5743 Condi-

510 5777 661 5832 tut'is.
707 5776 845 5831 llinc
890 5780 1034 5834 enim
1076 5788 1308 5849 quatuor
1362 5780 1750 5836 elementorum
1806 5779 2092 5835 multitudo

2824 3314 3053 3372 CAPUT
3091 3314 3176 3371 lll.

2330 3478 2333 3479 ν
2491 3404 2569 3461 De
2596 3406 2861 3477 speciebus
2885 3422 3219 3462 numerorum
3240 3407 3477 3463 diversis.

2271 3494 2413 3551 Dtsc.
2453 3494 2595 3563 Quot
2616 3496 2829 3566 species
2856 3505 2982 3551 sunt
3006 3499 3400 3553 numerorum?
3426 3497 3562 3553 huc.
3588 3496 3777 3551 Plures

2196 3586 2412 3656 quidem
2460 3588 2670 3657 species
2710 3602 2967 3642 numerus
2996 3588 3178 3643 habet.
3221 3587 3327 3644 Sed
3371 3595 3548 3643 tamen
3588 3602 3779 3643 omnes

2197 3676 2265 3731 ab
2288 3693 2391 3731 una
2421 3678 2630 3747 origine
2661 3687 2974 3733 nascuntur.
3020 3678 3155 3747 Quia
3185 3687 3279 3735 aut
3314 3680 3613 3735 cardinales
3648 3689 3780 3734 sunt

2196 3768 2428 3833 numeri,
2486 3776 2546 3821 ut
2578 3782 2744 3832 unus,
2778 3769 2904 3831 duo,
2935 3778 3066 3832 tres,
3096 3778 3359 3837 quatuor,
3387 3770 3639 3838 quinque,
3679 3783 3771 3822 sex

2194 3867 2251 3913 et
2276 3859 2457 3914 caeteri
2482 3860 2637 3930 juxta
2660 3861 2805 3916 hunc
2829 3860 3093 3915 ordinem.
3124 3858 3231 3914 Aut
3266 3860 3555 3921 ordiuales,
3585 3869 3641 3913 ut
3670 3860 3777 3930 pri-

2197 3965 2340 4016 mus,
2373 3951 2661 4014 secundus,
2695 3951 2902 4017 tertius,
2931 3960 3177 4021 quartus,
3205 3952 3449 4021 quintus,
3479 3961 3533 4006 et
3557 3961 3772 4005 caetera.

2193 4041 2302 4095 Aut
2326 4041 2682 4107 adverbiales,
2700 4050 2760 4097 ut
2780 4043 2969 4109 semel,
2984 4044 3089 4107 bis,
3108 4052 3210 4109 ter,
3230 4052 3446 4113 quater,
3470 4045 3771 4113 quinquies,

2196 4134 2404 4200 sexies,
2447 4143 2503 4190 et
2546 4135 2770 4204 reliqua.
2802 4135 2912 4191 Aut
2941 4136 3251 4206 dispertivi,
3290 4144 3350 4191 ut
3380 4137 3600 4207 singuli,
3623 4137 3774 4200 bini,

2196 4225 2360 4290 terni,
2397 4226 2668 4295 quaterni,
2690 4226 2864 4297 quini,
2895 4227 3035 4293 seni,
3059 4236 3113 4281 et
3141 4236 3357 4282 czctera.
3392 4226 3777 4298 Autpondera—

2194 4318 2304 4385 les,
2344 4327 2403 4372 ut
2444 4318 2716 4390 simplum,
2748 4318 2998 4390 duplum,
3049 4318 3287 4389 triplum,
3319 4318 3705 4388 quadruplum;
3724 4326 3780 4372 ct

2195 4410 2424 4479 reliqua.
2457 4408 2567 4464 Aut
2605 4411 2984 4475 denuntiativi,
3011 4418 3073 4465 ut
3099 4400 3283 4477 solus',
3316 4410 3483 4476 alter,
3509 4409 3590 4465 vel
3617 4410 3771 4464 alius.

2195 4500 2421 4571 Insuper
2445 4515 2573 4556 vero
2609 4502 2676 4556 ad
2706 4501 2839 4557 alios
2870 4514 3125 4556 numeros
3156 4509 3451 4555 revertere.
3494 4498 3613 4554 Sint
3645 4500 3777 4553 item

2197 4597 2407 4652 numeri
2436 4595 2850 4666 multiplicativi,
2882 4604 2942 4649 ut
2969 4594 3194 4665 simplex
3216 4635 3230 4659 ,
3280 4592 3476 4664 duplex
3500 4634 3515 4656 ,
3559 4592 3779 4661 triplex,

2197 4684 2529 4757 quadruplex
2565 4692 2620 4738 et
2658 4692 2874 4739 caetera.
2908 4682 3048 4738 Sunt
3084 4683 3211 4738 item
3251 4680 3630 4737 adverbialiter
3654 4695 3778 4749 pro-

2194 4776 2313 4844 lati,
2353 4783 2414 4831 ut
2453 4773 2790 4844 simpliciter,
2820 4773 3125 4843 dupliciter,
3155 4772 3442 4842 triplicitcr
3466 4779 3521 4825 et
3548 4770 3772 4837 reliqua.

2196 4867 2336 4923 Sunt
2357 4872 2410 4921 et
2433 4865 2552 4921 alia:
2576 4865 2786 4934 species
2816 4863 3181 4918 derivatorum
3220 4877 3569 4917 numerorum
3609 4876 3638 4913 a
3676 4876 3773 4914 suo

2193 4958 2495 5031 perioribus
2521 4956 2796 5019 derivatte,
2827 4962 2887 5009 ut
2914 4963 3002 5010 est
3029 4953 3339 5025 singularis,
3374 4953 3569 5017 dualis,
3600 4961 3778 5006 terna-

2195 5050 2339 5114 rius,
2370 5047 2777 5120 quaternarius,
2825 5055 2989 5115 atque
3035 5047 3087 5100 in
3131 5046 3274 5100 hunc
3317 5044 3536 5099 modum
3570 5043 3772 5097 caueri.

2191 5143 2323 5198 ltem
2350 5141 2507 5205 assis,
2541 5139 2739 5203 dussis,
2777 5137 2858 5191 vel
2893 5136 3195 5207 dipondius,
3230 5135 3411 5199 tresis,
3457 5133 3777 5205 quadrasis.

2192 5232 2469 5307 quinquis,
2492 5231 2658 5295 sexis,
2687 5229 2940 5299 septusis,
2969 5229 3193 5294 octusis,
3232 5227 3473 5291 nonnsis,
3503 5227 3656 5281 decus
3684 5225 3771 5278 vel

2191 5326 2423 5389 decusis,
2447 5322 2663 5386 vicesis,
2697 5320 2934 5387 tricesis,
2963 5319 3335 5390 quadragesis,
3369 5315 3771 5389 quinquagesis.

2193 5417 2490 5487 sexagesis,
2517 5413 2869 5486 septuagesis,
2883 5412 3168 5484 octagesis,
3183 5412 3491 5481 nonagesis,
3516 5407 3771 5467 eentusis.

2192 5507 2322 5564 Post
2348 5521 2505 5577 quem
2532 5519 2842 5568 numerum,
2868 5512 3005 5560 teste
3028 5503 3293 5569 Varrone,
3320 5517 3425 5557 non
3449 5513 3777 5569 componun-

2195 5606 2284 5654 tur
2314 5612 2434 5653 cum
2482 5610 2602 5651 asse
2643 5593 2877 5649 numeri.
2920 5593 3057 5649 Item
3099 5594 3319 5649 nomina
3366 5591 3670 5653 uneiarum,
3709 5596 3780 5642 ut.

2194 5690 2391 5752 deunx,
2424 5686 2672 5749 dextans,
2704 5685 2959 5749 dodrans,
2986 5684 3179 5749 bcssis,
3204 5693 3453 5755 septunx,
3478 5682 3773 5753 quincunx,

2197 5780 2384 5844 triens,
2418 5774 2711 5848 quadrans,
2757 5784 2995 5842 sextans,
3031 5770 3310 5843 scxcunx;
3350 5774 3582 5839 sextula,
3608 5769 3776 5825 libra.
