3962 6198
234 302 340 355 675

1515 297 1718 352 LIBER
1757 296 1846 354 DE
1884 294 2231 353 COMPUTO.

3411 294 3511 351 674

232 419 306 472 Iit
348 417 473 471 inde
512 415 740 469 dirivata
761 455 773 479 ,
805 412 1038 479 bilibris,
1074 413 1318 475 lrilihris,
1360 413 1728 482 quadrilihris,
1774 420 1830 467 et
1856 415 1904 475 Α
1935 410 2213 465 continent
2236 422 2543 463 numerum.
2576 406 2643 460 Et
2673 413 2784 462 tres
2808 404 2961 477 digiti
2989 404 3043 459 in
3066 406 3254 461 eadem
3290 423 3452 465 manu
3484 427 3514 467 a

228 508 454 564 similia.
489 506 620 560 item
652 506 720 560 ab
751 521 894 559 anno
920 506 1170 570 dirivata,
1214 515 1272 559 ut
1296 505 1583 560 anniculus
1611 504 1693 561 vel
1732 512 1833 558 an—‘

229 614 362 662 nus,
408 597 643 662 biennis,
692 597 952 658 triennis,
987 597 1338 666 quadriennis
1378 606 1433 651 et
1478 596 1561 651 his
1605 596 1823 651 similia.

232 689 547 757 lliennium,
578 688 895 752 triennium,
939 688 1374 758 quadriennium,
1407 698 1462 744 et
1493 689 1578 743 his
1596 688 1826 755 similia.

233 781 375 836 Item
403 781 603 845 bimus,
637 779 853 844 trimus,
898 780 1247 850 quadrimus,
1291 788 1346 835 et
1384 780 1602 835 similia.
1647 778 1827 849 Bipes,

234 875 442 944 tripes,
482 860 800 943 quadrupes
818 913 834 937 ,
866 872 1173 942 decempes,
1201 882 1255 928 et
1284 872 1602 943 decempeda
1623 913 1638 938 ,
1663 882 1719 928 et
1747 872 1832 927 his

235 964 462 1019 similia.
494 964 709 1034 Biceps,
734 964 954 1033 triceps,
977 964 1326 1035 quadriceps,
1353 963 1651 1034 centiceps,
1673 973 1729 1018 et
1748 962 1834 1018 his

238 1056 466 1110 similia.
503 1053 784 1119 Bil'ariam,
809 1053 1093 1116 trifariam,
1125 1054 1518 1124 quatrifariam,
1541 1062 1594 1108 et
1615 1053 1830 1108 similia.

231 1146 493 1209 Biduum,
527 1144 787 1209 triduum,
815 1143 1185 1212 quatriduum,
1211 1152 1266 1199 ct
1289 1144 1374 1200 his
1399 1144 1616 1200 similia.
1644 1144 1833 1199 Bicor-

234 1252 363 1308 por,
407 1235 695 1305 tricorpor,
734 1242 789 1289 et
819 1217 1036 1288 similia.
1074 1228 1349 1305 Bipatens,
1388 1235 1653 1305 tripatens
1678 1244 1734 1289 et
1762 1234 1837 1290 si-

238 1326 416 1379 milia.
450 1324 726 1395 Bilinguis,
771 1323 1061 1394 trilinguis,
1107 1332 1163 1378 et
1196 1324 1411 1379 similia.
1461 1325 1703 1391 Bivium,
1735 1325 1833 1379 tri-

236 1421 417 1480 vium,
448 1423 507 1470 et
546 1415 764 1470 similia.
817 1414 1053 1482 Biﬂdus,
1084 1416 1328 1481 triﬁdus,
1372 1418 1740 1486 quadrifidus,
1782 1425 1839 1473 et

240 1509 471 1564 similia.
501 1509 767 1573 Bisulcus,
801 1508 1056 1565 trisulcus
1084 1519 1141 1566 et
1169 1511 1389 1565 similia.
1426 1511 1705 1579 Geminus,
1729 1520 1838 1568 ter-

239 1598 515 1667 geminus,
562 1598 1065 1668 centumgeminus,
1121 1608 1177 1653 et
1231 1601 1448 1658 similia.
1501 1602 1835 1669 Unimanus,

242 1687 619 1752 centimanus,
648 1696 702 1742 et
728 1687 946 1742 similia.
982 1687 1296 1757 Unil'ormis,
1336 1692 1611 1757 biformis,
1659 1693 1839 1749 trifor-

1928 500 2076 555 millc
2102 513 2273 568 usque
2300 498 2368 553 ad
2393 512 2588 553 novem
2611 496 2781 551 millia
2813 497 3095 553 continent
3123 512 3430 569 numerum,
3462 503 3516 559 id

1930 599 2034 655 est,
2079 587 2423 653 auricularis,
2457 586 2792 656 impudicus,
2834 595 2891 641 ct
2933 587 3195 643 medicus.
3229 588 3362 644 item
3389 592 3519 648 siui-

1930 689 2043 737 stra
2071 694 2264 735 manus
2290 693 2390 748 per
2419 687 2570 732 artus
2595 677 2840 735 diversos
2868 679 3112 748 corporis
3148 681 3392 736 continet
3416 698 3518 737 nu-

1934 786 2144 827 merum
2175 786 2205 825 a
2236 787 2270 825 x
2298 769 2538 824 millibus
2585 784 2753 838 usque
2789 769 2856 823 ad
2898 786 2964 824 xc
3007 770 3194 825 millia.
3234 772 3303 827 Et
3333 789 3364 828 e
3394 789 3524 829 cou-

1931 864 2103 918 trario
2123 864 2311 918 dextra
2334 878 2529 917 manus
2549 863 2790 917 continet
2813 878 3098 918 numerum
3124 880 3222 933 per
3235 865 3522 936 juncturas

1931 961 1979 1008 et
2020 953 2401 1023 dispositiones
2431 953 2799 1033 membrorum
2837 968 2868 1007 a
2903 968 2933 1009 c
2962 953 3223 1023 millibus,
3255 973 3425 1028 usque
3453 960 3522 1015 ad

1933 1060 2092 1101 ncccc
2119 1045 2309 1099 millia.

2005 1136 2151 1189 Drsc.
2198 1133 2324 1189 Hmc
2350 1148 2480 1204 ergo
2518 1133 2698 1188 omnia
2738 1150 2933 1205 precor
2971 1146 3031 1191 ut
3077 1139 3359 1209 speciatim
3390 1141 3524 1196 mihi

1933 1221 2251 1292 patefacias.
2285 1222 2423 1277 MAG.
2454 1222 2590 1276 Cum
2617 1239 2747 1294 ergo
2772 1226 2906 1295 dicis
2936 1242 3123 1291 unum,
3158 1229 3441 1285 minimum
3466 1230 3523 1285 in

1934 1311 2069 1365 laeva
2089 1311 2316 1381 digitum
2340 1311 2641 1378 inﬂectens,
2668 1314 2721 1367 in
2753 1315 2990 1369 medium
3012 1316 3203 1386 palma:
3233 1326 3412 1372 artum
3440 1320 3523 1373 iu-

1936 1402 2091 1473 ﬁges.
2120 1403 2256 1458 Cum
2279 1404 2413 1458 dicis
2435 1405 2562 1468 duo,
2589 1405 2884 1458 secundum
2906 1422 2936 1459 a
2962 1406 3184 1461 minimo
3208 1406 3405 1463 ﬂexum
3431 1409 3524 1464 ibi-

1937 1490 2057 1545 dem
2086 1490 2391 1561 imponens.
2432 1490 2564 1545 Cum
2593 1492 2727 1545 dicis
2757 1493 2880 1557 tria,
2908 1495 3126 1548 tertium
3159 1496 3409 1551 similiter
3434 1499 3525 1551 ad-

1936 1581 2139 1639 ﬂccles.
2172 1583 2304 1638 Cum
2330 1584 2464 1639 dicis
2491 1593 2746 1654 quatuor,
2778 1586 2961 1641 itidem
2984 1589 3268 1645 minimum
3296 1592 3519 1648 Ιργτιιιιε.

1937 1675 2072 1731 Cum
2114 1677 2249 1731 dicis
2286 1677 2550 1746 quinque,
2600 1682 2896 1733 secundum
2948 1696 2978 1733 a
3011 1682 3234 1737 minimo
3272 1684 3527 1740 similiter

240 1779 375 1843 mis,
406 1789 458 1833 et
485 1778 710 1848 reliqua.
753 1779 1033 1845 Duumvir,
1077 1781 1340 1848 triumvir,
1384 1784 1723 1854 quinquevir,
1754 1801 1839 1840 δε,
1865 1766 1912 1825 Β
1938 1766 2133 1835 eriges.
2170 1765 2304 1820 Cum
2328 1766 2464 1821 dicis
2494 1782 2610 1833 sex,
2637 1768 2855 1822 tertium
2883 1769 3233 1826 nihilominus
3263 1773 3519 1841 elcvahis,

237 1869 515 1939 ptcmtir,
566 1870 867 1936 decemvir,
909 1873 1238 1937 centumvir,
1285 1881 1341 1928 ct
1393 1875 1607 1930 similia.
1662 1876 1834 1946 Bigas,

240 1960 432 2031 trigze,
460 1958 755 2030 quadrigm,
796 1967 851 2015 et
880 1960 1095 2016 similia.
1129 1961 1364 2035 Bijugus.
1401 1964 1554 2020 Unde
1583 1964 1837 2038 Virgilius

238 2067 309 2103 Il)
345 2066 374 2100 Υ
401 2067 413 2079 ⁸

520 2198 525 2203 ι
565 2203 574 2207 _
698 2139 870 2203 Bijugo
896 2142 1164 2192 certamine
1185 2155 1405 2207 campum

441 2200 753 2263 Corripuere.

241 2283 322 2336 Et
347 2284 510 2354 bigati
539 2285 763 2339 nummi.
812 2285 1087 2357 Trijugus,
1115 2287 1487 2359 quadrijugus,
1531 2300 1587 2345 et
1619 2291 1834 2346 similia.

242 2373 628 2444 Triangnlum,
662 2377 1114 2448 quadrangulum,
1144 2379 1624 2451 quinquangulum,
1649 2380 1845 2439 sexanJ

240 2463 461 2535 gulam,
486 2474 547 2531 et,
570 2466 785 2523 similia.

872 2557 1097 2615 CAPUT
1134 2558 1226 2615 IV.

648 2646 726 2701 De
749 2649 959 2701 numeri
984 2648 1443 2708 demonstratione.

316 2734 459 2790 Drsc.
483 2734 885 2793 Demonstratio
905 2754 1034 2810 ergo
1060 2746 1698 2814 numerorumquomodo
1719 2763 1841 2803 con-

247 2831 411 2884 stat?
455 2829 596 2886 MAG.
644 2831 861 2887 Duobus
904 2835 1094 2891 modis.
1147 2834 1295 2891 DISC.
1341 2836 1659 2902 Quomodo?
1698 2840 1835 2897 illac.

243 2923 363 2975 Aut
384 2922 533 2975 enim
562 2921 758 2978 litteris
784 2926 994 2981 numeri
1027 2934 1302 2992 notantur,
1330 2939 1424 2985 aut
1451 2930 1741 3001 digitorum
1760 2932 1841 2988 in-

246 3012 579 3069 ﬂcxionibus
599 3014 996 3084 exprimuntur.

886 3125 1112 3182 CAPUT
1154 3129 1215 3181 V.

557 3217 830 3282 Quomodo
854 3218 1056 3271 numeri
1085 3215 1272 3273 litteris
1295 3229 1552 3275 narentur.

328 3308 481 3362 Disc.
512 3308 757 3362 Primum
797 3308 864 3363 de
907 3308 1209 3369 litterarum
1250 3319 1526 3367 notatione
1566 3313 1669 3367 die.
1702 3313 1842 3370 illac.

254 3398 486 3468 Septem
517 3412 647 3467 ergo
686 3398 879 3452 litteris
896 3398 1111 3452 numeri
1140 3405 1414 3464 notantur,
1437 3400 1489 3454 id
1518 3410 1617 3467 est,
1648 3418 1687 3467 ι,
1710 3418 1765 3469 v,
1788 3421 1840 3466 χ,

250 3506 311 3553 ι,
339 3504 391 3549 c,
430 3504 489 3551 n,
526 3504 581 3540 ιι.
610 3487 742 3554 Qum
772 3495 865 3540 aut
886 3486 1014 3542 solae
1038 3487 1226 3557 posita:
1248 3504 1499 3546 numeros
1520 3491 1842 3561 signiﬁcant,

248 3586 317 3634 ut.
345 3595 362 3633 ι
398 3593 589 3640 unum,
618 3593 651 3627 ν
678 3577 940 3648 quinque,
971 3594 1004 3631 χ
1040 3579 1249 3645 decem,
1290 3598 1320 3634 ι.
1351 3582 1769 3653 quinquaginta,
1815 3598 1844 3638 c

248 3675 504 3723 centum.
536 3683 567 3720 ιι
592 3667 949 3737 quingentos,
976 3683 1013 3721 ιι
1039 3667 1204 3723 mille.
1247 3670 1354 3725 Aut
1390 3673 1698 3741 composite
1719 3689 1843 3729 cum

247 3758 397 3814 aliis.
449 3758 517 3813 Ut
550 3773 578 3809 v
608 3765 664 3813 et
692 3772 709 3812 ι
739 3773 833 3813 sex
866 3758 1196 3829 signiﬁcant,
1234 3776 1267 3813 χ
1295 3768 1349 3815 et
1377 3776 1393 3814 ι
1423 3762 1697 3830 undecim,
1726 3780 1759 3818 x
1792 3772 1847 3820 et

246 3866 280 3903 ι.
309 3847 696 3917 quadraginta,
725 3864 757 3901 ι.
786 3856 842 3901 et
871 3864 901 3902 x
929 3848 1228 3919 sexaginta.
1274 3848 1342 3902 Et
1370 3865 1402 3902 ι
1434 3854 1781 3920 anteponitur
1816 3870 1845 3909 c

247 3940 479 4009 quando
503 3938 795 4010 nonaginta
826 3938 1156 4010 signiﬁcant.
1198 3954 1230 3993 ι)
1256 3949 1310 3994 et
1336 3955 1365 3994 ο
1391 3951 1694 3998 sexcentos.
1738 3947 1849 4000 Aut

246 4032 634 4103 multiplicata:
676 4047 777 4101 per
798 4048 883 4088 se.
914 4030 1092 4089 Veluti
1125 4050 1143 4087 ι
1174 4032 1499 4103 duplicatum
1540 4036 1647 4092 duo
1682 4034 1847 4109 signi-

243 4122 756 4192 ticat,triplicatum
786 4133 912 4187 tres,
930 4123 1401 4194 quadruplicatum
1423 4135 1674 4195 quatuor.
1699 4145 1731 4183 χ
1755 4131 1847 4185 du-

245 4215 525 4285 plicatum
557 4214 778 4284 viginti,
810 4214 1138 4285 triplicatum
1184 4215 1425 4285 triginta.
1458 4231 1487 4271 c
1516 4217 1845 4288 duplicatum

243 4316 550 4375 ducentos,
571 4314 900 4383 triplicatum
921 4322 1209 4377 trecentos,
1232 4314 1697 4384 qua‘urupticatum
1719 4329 1849 4384 qua-

242 4403 601 4473 dringentos.
632 4403 789 4457 Nulla
820 4412 1002 4458 autem
1030 4412 1156 4458 nota
1178 4405 1319 4474 apud
1349 4405 1569 4461 Latinos
1593 4405 1846 4475 multipli-

241 4504 416 4551 catur
438 4510 540 4564 per
565 4508 623 4549 se
648 4496 823 4566 magis
844 4510 1009 4566 quam
1042 4511 1140 4566 per
1162 4504 1394 4567 quatuor
1418 4497 1581 4562 vices,
1605 4506 1698 4551 aut
1720 4512 1841 4552 cum

242 4586 379 4640 aliis
405 4586 874 4655 intdtiplicantur;
916 4596 975 4642 ut
1003 4604 1017 4641 ι
1047 4603 1168 4642 cum
1201 4603 1260 4659 v.,
1291 4589 1506 4657 quando
1541 4599 1745 4659 septem
1773 4591 1845 4645 si-

237 4676 485 4747 gniﬁcat
518 4677 596 4731 vel
643 4686 766 4732 octo
809 4678 893 4731 vel
940 4694 1153 4735 novem.
1200 4679 1268 4733 Et
1312 4695 1343 4732 χ
1385 4694 1507 4733 cum
1547 4697 1597 4743 ι,
1630 4681 1845 4749 quando

238 4767 604 4838 septuaginta
632 4769 717 4821 vel
740 4769 1015 4840 octoginta
1059 4768 1343 4841 significat.
1396 4769 1525 4823 item
1562 4785 1592 4823 c
1640 4785 1759 4824 cum
1790 4787 1841 4834 ι),

235 4860 480 4932 quando
511 4859 872 4930 septingenta,
888 4860 1220 4930 octingenta,
1234 4859 1316 4914 vel
1338 4868 1607 4930 nongenta
1631 4859 1839 4930 ﬁgurat.

881 4969 1110 5026 CAPUT
1148 4971 1235 5027 Vi.

620 5038 888 5107 Quomodo
910 5041 1088 5112 digitis
1116 5041 1496 5112 signiﬁcentur.

255 5136 258 5139 ‘
322 5132 483 5187 DlSC.
522 5130 804 5196 Quomodo
847 5146 979 5203 ergo
1012 5131 1223 5186 numeri
1274 5131 1560 5203 digitorum
1608 5130 1849 5187 inﬂexio-

235 5224 427 5280 nibus
448 5221 863 5292 exprimuntur?
884 5220 1025 5278 MAG.
1048 5221 1215 5293 igitur
1237 5230 1346 5275 tres
1375 5222 1527 5293 digiti
1553 5220 1604 5274 in
1627 5220 1846 5276 sinistra

236 5328 456 5376 utaut),
481 5312 534 5366 id
556 5321 641 5367 est
666 5312 1010 5378 auricularis,
1048 5311 1309 5377 medicus,
1341 5318 1396 5366 et
1423 5310 1746 5380 impudicus,
1778 5312 1846 5365 ab

235 5421 373 5463 uno
412 5417 584 5472 usque
625 5403 694 5457 ad
735 5417 927 5457 novem
965 5402 1246 5459 continent
1292 5416 1594 5456 numerum.
1630 5400 1698 5454 Et
1741 5400 1847 5455 duo

237 5494 428 5567 digiti
458 5495 513 5548 in
539 5493 731 5550 eadem
759 5508 942 5557 manu,
975 5493 1174 5558 idest,
1219 5492 1379 5548 index
1407 5502 1463 5547 et
1501 5490 1701 5561 pollex,
1750 5505 1780 5544 a
1813 5505 1847 5544 ι

240 5600 447 5656 usque
479 5600 543 5639 xc
587 5585 867 5641 continent
909 5596 1214 5641 numerum.
1262 5583 1394 5638 item
1442 5583 1548 5639 duo
1593 5582 1746 5653 digiti
1797 5586 1849 5636 in

244 5684 495 5737 dextera
520 5692 706 5739 manu.
736 5676 912 5749 pollex
934 5684 988 5733 et
1011 5675 1191 5742 index,
1224 5690 1255 5730 a
1285 5691 1314 5731 c
1342 5690 1512 5744 usque
1553 5682 1851 5746 nongentos

1870 4466 1921 4524 D

1936 1856 2114 1911 medio
2140 1856 2406 1911 duntaxat
2434 1856 2569 1922 solo,
2604 1858 2694 1927 qui
2720 1858 2963 1913 medicus
2992 1861 3311 1930 appellatur,
3338 1864 3389 1917 in
3412 1878 3524 1918 mc-

1936 1948 2082 2002 dium
2112 1946 2306 2016 palma:
2346 1946 2473 2001 ﬁxo.
2502 1946 2637 2002 Cum
2668 1948 2803 2003 dicis
2842 1957 3080 2019 septem,
3126 1952 3408 2007 minimum
3438 1969 3526 2008 so-

1936 2039 2069 2106 lum,
2098 2040 2309 2095 cmteris
2342 2040 2563 2094 interim
2604 2040 2827 2108 levatis,
2868 2057 3029 2112 super
3055 2044 3246 2113 palmm
3285 2048 3523 2104 radicem

1940 2129 2223 2198 impones:
2252 2128 2411 2196 juxta
2441 2144 2624 2199 quem,
2672 2146 2794 2184 eum
2839 2130 2977 2187 dicis
3020 2141 3163 2198 octo,
3211 2137 3520 2202 medicum;

1939 2233 2062 2273 cum
2095 2219 2230 2275 dicis
2257 2235 2469 2283 novem,
2502 2219 2833 2289 impudicum
2874 2236 2905 2275 e
2944 2224 3165 2293 regione
3208 2240 3521 2296 compones.

1937 2308 2071 2363 Cum
2098 2309 2235 2364 dicis
2259 2310 2469 2375 decem,
2498 2325 2729 2380 unguem
2758 2310 2952 2368 iudicis
2972 2312 3024 2366 in
3053 2314 3228 2368 medio
3250 2314 3382 2386 ﬁgcs
3402 2327 3525 2372 artu

1935 2396 2160 2465 pollicis.
2200 2396 2333 2452 Cum
2355 2396 2492 2453 dicis
2521 2398 2724 2469 viginti,
2752 2401 3120 2456 summitatem
3145 2404 3355 2473 pollicis
3382 2408 3525 2462 inter

1938 2486 2145 2541 medios
2171 2487 2364 2543 indicis
2388 2499 2442 2543 et
2463 2489 2716 2558 impudici
2746 2499 2897 2545 artus
2926 2490 3201 2547 immittcs.
3231 2494 3366 2549 Cum
3389 2497 3526 2555 dicis

1940 2575 2181 2646 triginta,
2208 2591 2413 2647 ungues
2440 2577 2635 2633 indicis
2669 2586 2725 2633 et
2752 2579 2965 2649 pollicis
3003 2581 3200 2643 blando
3229 2584 3526 2657 conjunges

1938 2666 2206 2736 amplexu.
2235 2668 2369 2723 Cum
2399 2670 2535 2724 dicis
2577 2671 2967 2742 quadraginta,
3016 2673 3274 2730 interiora
3316 2678 3526 2747 pollicis

1940 2754 2096 2811 lateri
2124 2756 2208 2811 vel
2234 2757 2397 2812 dorso
2424 2758 2616 2813 indicis
2644 2762 2970 2831 superduces
2989 2803 3003 2828 ,
3034 2764 3297 2820 ambobus
3334 2767 3529 2822 dunta-

1940 2853 2032 2898 xat
2055 2847 2270 2902 erectis.
2294 2847 2427 2902 Cum
2458 2848 2592 2903 dicis
2632 2852 3020 2923 quinquaginta
3039 2893 3053 2919 ,
3081 2854 3328 2923 pollicem
3369 2865 3526 2914 exte-

1942 2936 2084 2991 riore
2108 2945 2227 2992 artu
2260 2939 2431 2993 instar
2452 2938 2651 2995 Gmecae
2677 2942 2872 2996 litterae
2898 2959 3127 3014 gamma
3151 2956 3429 3003 curvatum
3458 2950 3526 3005 ad

1940 3030 2173 3098 palmam
2201 3031 2504 3086 inclinahis.
2539 3033 2671 3087 Cum
2703 3035 2839 3091 dicis
2866 3039 3166 3109 sexaginta,
3193 3040 3440 3109 pollicem
3468 3052 3529 3099 ut

1867 3116 1912 3177 C
1943 3137 2102 3191 supra
2130 3132 2411 3177 curvatum
2434 3125 2610 3180 indice
2632 3125 2974 3183 circumﬂexo
2994 3130 3279 3201 diligenter
3299 3148 3333 3189 a
3352 3134 3529 3191 fronte

1944 3215 2255 3285 prmcinges.
2287 3214 2420 3269 Cum
2448 3216 2585 3271 dicis
2614 3220 2970 3288 septuaginta,
3016 3222 3247 3279 indicem
3278 3234 3337 3279 ut
3364 3243 3526 3297 supra

1944 3302 2347 3358 circumﬂexum
2377 3304 2568 3374 pollice
2600 3307 2843 3363 immisso
2867 3324 3030 3379 super
3059 3311 3326 3383 implebis,
3351 3331 3530 3387 ungue

1946 3395 2207 3450 duntaxat
2243 3397 2388 3453 illius
2417 3408 2600 3455 erecto
2627 3408 2778 3456 trans
2819 3403 3056 3459 medium
3096 3404 3289 3463 indicis
3327 3418 3526 3465 artum.

1944 3483 2077 3540 Cum
2103 3486 2237 3542 dicis
2264 3490 2557 3560 octoginta,
2588 3491 2818 3548 indicem
2845 3503 2902 3549 ut
2934 3511 3097 3566 supra
3123 3498 3529 3557 circumﬂexum

1944 3576 2136 3645 pollice
2176 3579 2232 3633 in
2271 3578 2490 3651 longum
2538 3591 2693 3640 tenso
2739 3585 3020 3655 implebis,
3066 3604 3243 3661 ungue
3283 3594 3530 3649 videlicet

1948 3666 2090 3723 illius
2114 3668 2167 3722 in
2198 3671 2433 3724 medium
2470 3672 2661 3727 indicis
2693 3682 2869 3729 artum
2897 3676 3085 3732 inﬁxo.
3119 3678 3252 3735 Cum
3280 3681 3417 3738 dicis
3441 3699 3532 3738 no-

1946 3759 2186 3830 naginta,
2216 3759 2408 3815 indicis
2430 3760 2628 3815 inﬂexu
2655 3778 2888 3834 unguem
2927 3767 3097 3822 radici
3126 3769 3336 3838 pollicis
3363 3775 3529 3829 erecti

1947 3846 2156 3918 inﬁges.
2188 3848 2460 3905 Hactenus
2494 3851 2548 3904 in
2581 3850 2733 3907 laeva.
2764 3853 2992 3911 Centum
3035 3871 3164 3913 vero
3209 3859 3263 3913 in
3308 3861 3531 3917 dextera

1946 3938 2217 4007 quomodo
2240 3955 2275 3992 χ
2318 3939 2370 3992 in
2393 3939 2524 3995 lmva
2550 3940 2737 4010 facies,
2763 3960 2824 4000 cc
2848 3945 2902 4000 in
2924 3946 3145 4003 dextera
3173 3955 3440 4020 quomodo
3462 3970 3531 4008 xx

1948 4028 2001 4083 in
2033 4029 2182 4094 laeva,
2212 4045 2306 4085 ccc
2332 4030 2384 4085 in
2406 4032 2628 4088 dextera
2652 4037 2923 4104 quomodo
2948 4053 3053 4092 xxx
3077 4039 3130 4094 in
3151 4039 3304 4095 hera.
3332 4042 3533 4099 Eodem

1948 4120 2109 4175 modo
2132 4128 2189 4175 et
2207 4129 2404 4176 etetera
2429 4138 2600 4192 usque
2626 4125 2693 4179 ad
2713 4139 2861 4179 cccc.
2888 4126 3019 4181 item
3046 4128 3193 4183 mille
3226 4130 3279 4184 in
3309 4132 3530 4187 dextera

1948 4212 2218 4281 quomodo
2239 4228 2403 4267 unum
2435 4213 2490 4267 in
2516 4214 2668 4279 iazva,
2710 4214 2749 4268 ᾗ
2788 4216 2842 4270 in
2871 4217 3092 4274 dextera
3131 4223 3401 4291 quomodo
3426 4224 3533 4279 duo

1950 4307 2002 4361 in
2028 4306 2181 4373 laeva,
2208 4307 2269 4361 1T!
2298 4308 2352 4363 in
2378 4308 2601 4363 dextera
2625 4308 2898 4379 quomodo
2924 4311 3027 4365 tria
3068 4311 3122 4366 in
3151 4312 3281 4368 laeva
3299 4354 3314 4380 ,
3344 4325 3397 4370 et
3422 4330 3528 4370 ca:-

1950 4403 2065 4450 tera
2090 4411 2261 4466 usque
2290 4395 2494 4450 adTW.
2527 4397 2695 4452 l‘orro
2718 4396 2750 4451 ἱ
2780 4413 2904 4452 cum
2927 4398 3083 4466 dicis,
3119 4400 3307 4457 lzevam
3339 4403 3391 4458 in
3424 4420 3534 4459 me-

1949 4488 2039 4544 dio
2073 4489 2279 4559 pectori
2309 4488 2556 4560 supinam
2588 4491 2845 4559 adpones,
2872 4491 3057 4561 digitis
3091 4500 3298 4548 tantum
3326 4495 3393 4550 ad
3420 4496 3533 4550 col-

1950 4579 2058 4633 lum
2081 4581 2294 4635 erectis.
2329 4581 2401 4635 x‘x‘
2420 4596 2544 4636 cum
2567 4581 2722 4645 dicis,
2742 4582 2985 4636 eamdem
3013 4586 3215 4654 pectori
3238 4600 3532 4655 expansam

1950 4670 2056 4725 late
2085 4684 2436 4742 superpones.
2481 4673 2593 4727 κῆ
2627 4689 2749 4728 cum
2785 4674 2948 4739 dicis,
2996 4676 3185 4731 eadem
3227 4693 3395 4748 prona
3438 4680 3534 4734 sed

1949 4773 2130 4818 erecta
2176 4764 2419 4833 pollicem
2452 4765 2752 4838 cartilagini
2793 4766 2953 4821 medii
2982 4770 3221 4838 pectoris
3250 4771 3530 4828 immittes.

1944 4853 2017 4909 Ξῖ,
2042 4872 2164 4911 cum
2186 4856 2339 4919 dicis,
2357 4857 2598 4911 eamdem
2623 4858 2675 4911 in
2701 4860 2955 4914 umbilico
2972 4870 3205 4916 erectam
3232 4863 3531 4932 supiuahis.

1941 4950 1982 5005 ῖ
2010 4966 2133 5005 cum
2163 4951 2330 5013 dicis,
2363 4950 2601 5017 ejusdem
2630 4966 2813 5019 prome
2828 4953 2931 5008 .sed
2970 4962 3166 5009 erectae
3200 4953 3447 5024 pollicem
3480 4956 3533 5009 in

1951 5041 2206 5095 umbilico
2230 5054 2415 5109 pones.
2456 5040 2520 5090 ῐῖς
2563 5055 2685 5092 cum
2717 5041 2883 5105 dicis,
2916 5041 3104 5097 eadem
3146 5057 3315 5111 prona
3356 5042 3533 5097 fenmr

1952 5131 2145 5185 lmvum
2177 5130 2404 5199 desuper
2429 5130 2857 5197 eomprchendis.
2890 5130 2992 5184 m
3020 5147 3140 5185 cum
3187 5130 3352 5196 dicis,
3384 5144 3531 5185 eam-

1951 5222 2072 5277 dem
2115 5222 2360 5291 supinam
2392 5219 2579 5274 femori
2618 5234 2970 5289 superpones.
3012 5220 3155 5275 Fu
3189 5236 3313 5275 cum
3359 5219 3526 5284 dicis,

1951 5310 2194 5365 eamdem
2226 5323 2451 5378 pronam
2497 5308 2689 5363 l‘cmori
2733 5324 3081 5379 superpones.
3128 5310 3192 5364 ἦ
3219 5326 3341 5366 cum
3370 5310 3527 5375 dicis,

1950 5401 2194 5456 eamdem
2248 5398 2458 5453 lumbos
2506 5392 2916 5468 apprehendes,
2968 5397 3162 5464 pollice
3214 5400 3280 5454 ad
3332 5400 3530 5470 inguen

1951 5507 2128 5547 verso.
2155 5490 2223 5544 At
2245 5503 2372 5544 vero
2402 5483 2441 5546 ῐῖ
2458 5500 2511 5544 et
2630 5503 2800 5559 usque
2827 5489 2893 5542 ad
2924 5505 3082 5544 occec
3107 5490 3292 5544 eodem
3321 5506 3427 5560 quo
3453 5491 3540 5546 di-

1955 5584 2132 5638 ximus
2159 5582 2345 5637 ordine
2391 5581 2443 5634 in
2489 5582 2709 5636 dextera
2747 5580 2990 5650 corporis
3036 5590 3187 5649 parte
3217 5578 3529 5651 complebis.

1956 5674 2144 5730 Decies
2174 5682 2351 5727 autem
2378 5681 2605 5727 centena
2647 5670 2809 5725 millia
2847 5686 2970 5727 cum
2999 5672 3133 5728 dicis
3154 5713 3167 5739 ,
3213 5674 3399 5729 ambas
3428 5670 3530 5727 sibi

2934 5472 3078 5483 ._.._-—
