3962 6198
429 328 537 387 575

1057 328 1133 383 'B.
1175 325 1428 384 RABANI
1466 324 1685 383 MAURI
1722 323 2038 393 ARCHIEP.
2085 321 2391 410 MQGUNT.
2429 320 2719 379 OPERUM
2755 319 2934 378 PARS
2972 320 3012 374 Ι.

3586 322 3703 378 G76

427 461 625 504 manus
649 450 869 505 insertis
899 442 1130 507 invicem
1156 444 1340 517 digitis
1371 443 1689 515 implicabis.
1731 443 1826 497 Est
1847 450 1901 496 et
1925 439 2085 502 al--A
2157 439 2310 494 Haec
2349 440 2567 508 inquam
2613 439 2911 509 ponderum
2950 436 3209 494 vocabula
3238 436 3320 494 vel
3350 438 3705 497 characteres

425 538 598 601 terius
636 536 781 592 modi
825 545 1112 606 computus
1154 535 1484 590 articulatim
1533 535 1868 590 decurrens:
1914 530 2007 601 qui

425 626 705 698 quomodo.
736 626 1040 696 specialiter
1079 626 1145 681 ad
1185 626 1406 681 Paschaa
1436 625 1701 680 rationem
1741 623 2006 694 pertinet,

425 731 549 771 cum
580 717 648 771 ad
678 718 818 790 hanc
847 732 915 772 ex
938 716 1128 772 ordine
1155 725 1383 772 ventum
1416 715 1608 781 fuerit,
1653 713 2009 786 Opportunius

425 804 799 876 explicabitur.
1022 876 1023 881 η

1032 873 1258 930 CAPUT
1296 874 1405 931 VII.

643 961 717 1018 De
738 963 1039 1019 Grtccorum
1063 965 1199 1018 notis
1222 963 1291 1017 ad
1315 980 1557 1018 numeros
1578 964 1771 1033 aptatis

500 1055 643 1112 Disc.
674 1056 814 1124 Quid
839 1057 905 1111 de
927 1055 1236 1112 Graecorum
1275 1064 1526 1125 computo
1552 1056 1655 1122 ais,
1687 1057 1802 1126 qui,
1833 1066 1891 1117 ut
1915 1072 2012 1112 au-

425 1146 557 1212 divi,
588 1162 841 1202 numeros
861 1148 1094 1218 propriis
1118 1148 1311 1205 litteris
1331 1147 1623 1203 denotant?
1643 1147 1782 1205 MAG.
1810 1150 2009 1205 Verum

424 1244 484 1288 ut
515 1236 711 1289 asscris
736 1237 811 1289 ita
837 1244 943 1301 est,
970 1252 1093 1291 cum
1132 1245 1244 1295 toto
1281 1237 1549 1308 alphabeti
1582 1238 1669 1294 sui
1698 1240 2012 1294 charactere

426 1322 480 1375 in
511 1338 857 1378 numerorum
890 1324 1091 1397 ﬁguras
1125 1342 1396 1397 expenso,
1441 1335 1552 1383 tres
1592 1327 1684 1397 qui
1727 1328 1846 1398 plus
1886 1335 2013 1382 sunt

425 1427 684 1467 numeros
713 1413 855 1468 notis
882 1414 1109 1484 singulis
1133 1416 1445 1487 depingunt,
1472 1417 1720 1471 eumdem
1746 1432 1884 1486 pene
1908 1433 2010 1471 nu-

426 1499 563 1552 meri
612 1499 875 1569 ﬁgurandi
924 1516 1082 1571 quem
1128 1504 1401 1559 scribendi
1451 1505 1722 1575 alphabeti
1766 1506 2011 1561 ordinem

428 1600 715 1659 sequentes
738 1593 842 1648 hoc
872 1593 1062 1663 modo:
1084 1617 1121 1663 at
1142 1595 1195 1661 i,
1221 1595 1331 1667 βῖ,
1360 1595 1466 1670 γὸ,
1498 1595 1527 1651 δ
1551 1596 1606 1659 4,
1633 1617 1656 1651 ι
1681 1596 1734 1662 5,
1763 1620 1801 1662 ς
1828 1596 1882 1661 6,
1906 1602 1936 1662 ζ
1957 1596 2008 1661 7,

424 1703 455 1739 η
485 1681 538 1755 _8,
570 1683 599 1734 θ
628 1683 683 1745 9,
713 1705 730 1736 ι
758 1682 847 1748 10,
871 1706 899 1736 κ
923 1683 1016 1751 20,
1041 1684 1236 1757 λ50,μ
1262 1685 1354 1747 40,
1376 1687 1511 1748 ν50,
1534 1689 1561 1752 ξ
1584 1688 1673 1753 60,
1696 1709 1721 1742 ο
1749 1687 1833 1748 70,
1856 1686 2007 1753 π-80,

426 1783 452 1840 4
474 1771 562 1835 90,
588 1793 617 1848 ρ
644 1772 764 1833 100,
792 1796 827 1828 σ
853 1773 979 1840 900,
1002 1797 1034 1831 τ
1054 1776 1178 1841 500,
1205 1799 1236 1831 υ
1263 1777 1389 1842 400,
1412 1801 1443 1852 φ
1463 1778 1587 1844 500,
1612 1801 1655 1851 χ
1677 1778 1800 1843 600,
1823 1779 1862 1851 ψ
1885 1778 2007 1839 700,
2043 1792 2088 1851 Β

425 1884 466 1916 ω
497 1860 623 1928 800,
667 1862 714 1926 '0
749 1862 873 1918 900.
910 1864 1011 1930 Qui
1051 1874 1105 1920 et
1131 1866 1252 1920 ideo
1284 1882 1406 1921 mox
1449 1883 1703 1925 numeros
1728 1869 1907 1940 digitis
1944 1868 2017 1924 si-

429 1952 689 2020 gniﬁcare
730 1955 1045 2020 didicerint,
1092 1957 1236 2011 nulla
1278 1959 1596 2014 interstante
1632 1975 1785 2015 mora
1806 1961 2016 2021 litteras

429 2055 645 2110 quoque
664 2043 873 2111 pariter
902 2044 1109 2100 hisdem
1137 2046 1415 2118 praeﬁgere
1441 2049 1638 2104 sciunt.

1014 2156 1248 2213 CAPUT
1284 2156 1418 2213 Vill.

697 2223 774 2279 De
795 2225 1075 2281 undarum
1098 2228 1284 2298 ﬁguris
1315 2240 1362 2287 et
1389 2230 1749 2285 divisionibus.

475 2314 644 2371 'Dtsc.
672 2314 748 2371 De
771 2317 857 2371 his
873 2333 994 2385 quae
1016 2319 1203 2374 uncias
1230 2322 1566 2390 emnputistce
1596 2321 2015 2393 appellantrogo

429 2417 488 2461 ut
520 2407 809 2463 edisseras.
855 2407 995 2464 Mss.
1039 2395 1118 2465 De
1160 2411 1442 2467 unciarum
1480 2428 1693 2483 quoque
1720 2414 2011 2481 divisione,

433 2514 553 2568 qua:
583 2486 692 2553 non
722 2499 904 2555 minus
921 2485 1262 2571 temporibus
1290 2502 1518 2558 rebusve
1538 2503 1659 2558 aliis
1678 2519 1838 2573 quam
1861 2520 2015 2559 num-

428 2590 533 2643 mis
562 2602 647 2644 est
672 2599 796 2660 apta
844 2579 1251 2663 computandis,
1300 2610 1408 2651 non
1455 2595 1703 2664 ignobilis
1742 2597 2015 2651 contentio

425 2688 528 2735 est.
560 2679 766 2746 Quibus
793 2682 920 2751 quia
943 2682 1186 2754 disperse
1214 2686 1416 2755 passim
1446 2686 1684 2740 historiae
1711 2695 1767 2741 et
1794 2687 1906 2757 ipsa
1935 2702 2016 2742 sa-

425 2787 520 2855 cra
546 2768 826 2842 Scriptura
850 2775 1042 2841 utitur,
1067 2777 1285 2831 nomina
1304 2776 1509 2848 pariter
1528 2785 1584 2833 et
1610 2777 1807 2850 ﬁguras
1827 2772 2015 2833 earum

425 2860 620 2930 paucis
649 2860 866 2932 afﬁgere
888 2866 1218 2925 curavimus.

534 2976 610 3058 Ι.

443 3070 657 3283 Ἄρ

707 2977 872 3032 Libra
902 2978 988 3033 vel
1014 2995 1075 3034 as
1107 2980 1222 3035 sive
1260 2982 1425 3049 assis,
1456 2997 1533 3036 xu
1565 2964 1779 3037 unc'mz.‘
1862 2998 1867 3003 '

710 3174 900 3230 Deunx
924 3176 1045 3231 sive
1069 3174 1245 3242 iabus,
1285 3190 1340 3229 χι
1375 3175 1572 3230 uncim.

668 3360 687 3370 κ
712 3310 935 3367 Decunx
964 3304 1049 3366 vel
1078 3311 1331 3377 dextans,
1365 3327 1398 3365 x
1427 3311 1617 3367 unciae.

712 3426 959 3483 Dodrans
986 3427 1101 3482 sive
1127 3427 1312 3493 dorus,
1338 3442 1395 3481 ιι
1425 3427 1617 3482 ιιῐιείεε.

712 3603 814 3658 Bos
836 3603 949 3673 sive
978 3603 1143 3669 bisse,
1172 3618 1269 3677 vni
1291 3603 1483 3658 unciae.

714 3761 956 3834 Septunx
976 3760 1096 3819 sive
1119 3770 1326 3834 seplus,
1355 3779 1431 3819 vn
1454 3765 1644 3829 unciae.

450 3729 613 3996 fi

460 4032 635 4183 (ἥδ

488 4332 614 4485 ᾖ]

713 3892 912 3961 Semis,
951 3911 1005 3949 vi
1034 3894 1226 3961 unciae,

714 4051 1000 4122 Quincunx
1026 4054 1142 4111 sive
1156 4053 1376 4122 cineas,
1399 4070 1434 4111 v
1461 4055 1655 4111 uncia.-

713 4211 908 4269 Triens
933 4213 1048 4270 sive
1074 4220 1219 4275 treas
1236 4254 1252 4281 ,
1274 4229 1329 4267 tv
1354 4213 1549 4269 unciae.

714 4345 1002 4414 Quadrans
1030 4348 1146 4404 sive
1174 4334 1432 4419 quadrae,
1466 4364 1527 4404 ιιι
1557 4364 1750 4406 uncta.
1832 4330 1837 4334 δ

2110 550 2216 590 non
2257 534 2418 590 modo
2461 536 2528 589 ad
2577 534 2865 604 pecuniam
2916 532 3336 587 mensurandam
3362 572 3378 598 ,
3409 548 3598 587 verum
3632 535 3706 590 ad

2109 624 2311 694 qumvis
2331 638 2555 694 corpora
2582 623 2696 678 sive
2722 631 2962 691 tempora
2989 620 3325 675 dimetienda
3342 621 3703 678 conveniunt.

2111 714 2239 770 Sive
2275 714 2438 782 igitur
2467 713 2655 767 horam
2687 727 2868 775 unam,
2915 710 3031 766 sive
3059 696 3201 765 diem
3233 710 3503 782 integrum
3529 751 3544 776 ,
3582 712 3707 769 sive

2106 818 2355 858 mensem
2379 843 2394 868 ,
2438 802 2555 859 sive
2588 816 2791 857 annum
2815 841 2830 867 ,
2852 816 2954 856 seu
2992 808 3139 856 certe
3167 800 3312 856 aliud
3330 796 3559 872 ’aliquod
3585 819 3709 857 ma-

2104 894 2194 965 jus
2242 895 2487 950 minusve
2520 894 2781 965 temporis
2807 893 3042 964 spatium
3079 894 3133 948 in
3171 893 3456 950 duodecim
3506 895 3707 964 partiri

2110 989 2215 1052 vis,
2242 988 2356 1058 ipsa
2386 987 2699 1045 duodecima
2725 1003 2854 1058 pars
2876 987 3035 1043 uncia
3062 997 3167 1054 est,
3182 988 3420 1060 reliquas
3444 991 3707 1046 undecim

2115 1080 2379 1136 deuncem
2408 1078 2700 1149 appellant.
2746 1077 2806 1133 Si
2856 1078 2912 1133 in
2966 1092 3065 1134 sex
3109 1080 3353 1150 partiris,
3391 1090 3549 1137 sexta
3569 1098 3710 1153 pars

2113 1181 2351 1236 sextans,
2378 1171 2597 1240 reliquae
2622 1172 2851 1226 dextans
2875 1212 2891 1237 ,
2920 1171 3004 1226 vel
3032 1211 3048 1238 ,
3076 1180 3137 1227 ut
3161 1173 3283 1240 alii,
3307 1174 3517 1230 distans
3546 1178 3707 1232 voci-

2114 1273 2319 1319 tantur.
2354 1258 2411 1317 Si
2445 1262 2500 1317 in
2538 1262 2770 1332 quatuor
2795 1270 3034 1332 ,’quarta
3083 1280 3213 1335 pars
3242 1267 3565 1335 quadrantis
3599 1284 3708 1323 no-

2113 1372 2271 1421 men,
2340 1356 2569 1411 residua:
2615 1363 2727 1412 tres
2775 1357 3054 1412 dodrantis
3102 1357 3393 1429 accipiunt.
3434 1359 3606 1414 Porro
3659 1359 3712 1415 si

2111 1462 2209 1518 per
2238 1448 2342 1501 tria
2370 1447 2499 1516 quid
2524 1446 2767 1513 dividere
2792 1448 2946 1519 cupis
2964 1488 2980 1514 ,
3022 1450 3241 1504 tertiam
3274 1448 3483 1520 partem
3516 1451 3663 1505 trien
3688 1492 3708 1517 ,

2114 1537 2249 1592 duas
2274 1536 2518 1592 residuas
2548 1537 2750 1592 bissem
2789 1539 3147 1608 nuncupabis.
3178 1537 3238 1595 Si
3264 1555 3363 1610 per
3376 1540 3510 1607 duo,
3535 1541 3709 1597 dimi-

2113 1628 2262 1684 dium
2292 1629 2456 1685 semis
2485 1628 2804 1698 appellatur.
2839 1627 2931 1684 Sic
2960 1638 3017 1684 et
3048 1623 3265 1685 caetera.

2643 1756 2648 1761 '
2739 1743 2965 1801 CAPUT
3003 1743 3094 1799 1X.

2734 1835 2813 1889 De
2873 1848 3117 1905 tempore.
3323 1891 3334 1902 κ

2187 1930 2331 1986 DISC.
2362 1929 2490 1984 llaec
2524 1928 2742 1998 quidem
2784 1936 3061 1999 gratanter
3098 1928 3325 1996 accipio.
3362 1925 3430 1981 Et
3473 1925 3600 1996 quia
3636 1924 3713 1980 de

2116 2027 2419 2090 temporum
2444 2018 2800 2074 divisionibus
2824 2033 2889 2072 ac
2911 2016 3120 2071 ratione
3143 2016 3712 2085 nobisdisputandnm

2116 2118 2219 2176 est,
2248 2110 2480 2181 primum
2517 2109 2647 2163 mihi
2679 2107 2768 2163 die
2811 2107 2940 2177 quid
2981 2107 3053 2161 sit
3092 2116 3324 2176 tempus.
3359 2105 3502 2161 hinc.
3538 2104 3713 2159 Tem-

2114 2217 2217 2272 pus
2242 2210 2326 2257 est
2355 2201 2538 2255 mundi
2564 2199 2829 2254 instabilis
2859 2207 3055 2263 motus,
3073 2212 3365 2267 rerumque
3396 2196 3715 2252 labentium

2116 2306 2328 2348 cursus.
2359 2292 2504 2351 DISC.
2539 2288 2692 2346 Unde
2724 2290 2921 2345 dicitur
2950 2289 3208 2359 tempus?
3242 2288 3387 2343 Msa.
3425 2286 3654 2343 Scilicet
3682 2303 3717 2343 ι

2115 2394 2542 2454 temperamento
2564 2424 2581 2452 ,
2618 2384 2757 2439 sive
2821 2384 2964 2454 quod
3015 2383 3440 2453 unumquodque
3490 2381 3716 2438 illorum

2117 2479 2347 2548 spatium
2371 2474 2661 2548 separatim
2687 2484 3040 2545 temperatum
3071 2474 3162 2539 sit,
3180 2489 3273 2529 seu
3296 2474 3442 2542 quod
3464 2488 3721 2528 momen-

2118 2568 2211 2633 tis,
2261 2568 2408 2622 horis
2434 2608 2448 2632 ,
2498 2566 2711 2630 diebus,
2751 2564 3050 2629 mensibus,
3083 2564 3269 2627 annis,
3297 2561 3624 2631 maculisque
3660 2569 3721 2616 et

2115 2658 2365 2713 attatibus
2391 2656 2572 2712 omnia
2598 2655 2842 2713 mortalis
2870 2655 2995 2709 vitae
3020 2653 3290 2709 curricula
3314 2661 3716 2724 temperentur.

2730 2754 2957 2823 CAPUT
3012 2765 3081 2820 Χ.

2419 2840 2496 2894 De
2517 2840 2743 2895 trimoda
2780 2838 3093 2893 discretione
3120 2837 3390 2907 temporis.

2188 2932 2336 2989 DiSC.
2386 2933 2715 3002 Temporum
2772 2931 2910 2985 ratio
2963 2928 3235 2999 quomodo
3275 2925 3713 2983 constantiae.

2120 3024 2378 3081 Trimoda
2428 3024 2641 3079 ratione
2694 3031 2979 3091 computus
3007 3019 3269 3090 temporis
3297 3028 3381 3073 est
3408 3019 3713 3074 discretus.

2041 3141 2086 3203 ε
2117 3114 2225 3169 Aut
2252 3114 2397 3169 enim
2423 3121 2643 3177 natura,
2671 3119 2764 3165 aut
2784 3110 3197 3202 conSuetudine,
3222 3117 3316 3163 aut
3343 3119 3493 3164 certe
3519 3119 3719 3164 aucto—

2119 3205 2282 3258 ritate
2330 3202 2588 3258 decurrit.
2641 3201 2788 3256 Dtsc.
2828 3199 3110 3266 Quomodo
3149 3197 3281 3268 ergo
3318 3206 3517 3254 natura
3569 3206 3718 3252 tem-

2116 3308 2308 3365 porum
2356 3308 2549 3348 cursus
2596 3301 2651 3348 et
2696 3291 2835 3347 ratio
2868 3291 3163 3346 consistit?
3195 3290 3335 3345 Mss.
3368 3290 3508 3357 Quia
3541 3299 3714 3345 natué

2117 3375 2181 3442 ra
2208 3387 2344 3442 duce
2370 3394 2644 3457 repertum
2669 3394 2754 3439 est
2778 3384 2909 3440 solis
2936 3400 3134 3439 annum
3176 3399 3378 3440 cccnxv
3423 3383 3623 3438 diebus
3655 3392 3718 3438 et

2118 3478 2422 3551 quadrante
2455 3477 2686 3541 conﬁci,
2735 3476 2875 3537 lunae
2914 3492 3046 3531 vero
3064 3489 3292 3541 annum,
3325 3476 3372 3531 si
3397 3476 3716 3539 communis

2117 3556 2210 3638 sit,
2236 3587 2443 3649 cccuv,
2495 3572 2542 3627 si
2587 3570 2966 3636 embolismus,
3006 3585 3266 3654 eccum!
3299 3570 3496 3626 diebus
3521 3571 3717 3626 termi-

2117 3662 2264 3729 nari,
2292 3669 2570 3730 totumque
2596 3660 2740 3714 lunae
2768 3675 2989 3730 cursum
3013 3659 3476 3716 decennovennali
3499 3661 3715 3716 circulo

2118 3754 2520 3826 comprehendi,
2536 3753 2629 3812 sed
2657 3753 2930 3824 etetetera
2953 3753 3192 3808 errantia
3212 3751 3393 3809 sidera
3414 3752 3535 3806 suis
3561 3768 3718 3821 qua:-

2117 3858 2224 3916 que
2278 3845 2472 3917 spatiis
2530 3844 2755 3898 zodiaca
2800 3842 3159 3924 cirwmferri.
3220 3842 3366 3901 ωδε.
3420 3841 3714 3909 Quomodo

2118 3935 2544 3992 consuetudine?
2567 3934 2706 3991 MAG.
2738 3929 3139 3989 Con'suetudine
3172 3948 3303 4004 ergo
3338 3934 3583 3988 humana
3612 3934 3712 3988 ﬁre

2118 4022 2324 4083 malum
2360 4033 2528 4084 estut
2556 4025 2757 4080 mensis
2782 4024 3005 4095 triginta
3030 4012 3221 4085 diebus
3244 4031 3555 4094 putaretur,
3583 4037 3713 4077 cum

2116 4122 2224 4194 hoc
2266 4101 2367 4175 nec
2401 4118 2533 4174 solis
2558 4134 2661 4173 nec
2689 4118 2829 4173 lunae
2865 4119 3044 4173 cursui
3075 4119 3380 4174 conveniat.
3416 4117 3713 4187 Siquidem

2119 4212 2302 4267 lunam
2327 4204 2618 4267 duodecim
2660 4210 2813 4267 horis
2850 4209 3051 4274 minus,
3090 4209 3240 4264 salva
3255 4210 3479 4267 ratione
3508 4209 3709 4271 saltus,

2119 4303 2289 4357 solem
2331 4317 2460 4371 vero
2490 4300 2678 4357 decem
2707 4300 2859 4369 horis
2887 4309 2943 4354 et
2970 4299 3190 4355 dimidia
3223 4299 3352 4370 plus
3379 4295 3591 4355 habere
3616 4316 3714 4355 so-

2119 4395 2240 4449 lerti
2286 4394 2651 4465 exquisitione
2691 4400 3025 4463 compertum
3072 4401 3175 4447 est.
3223 4390 3366 4447 Dise.
3416 4391 3711 4457 Quomodo

2036 4493 2090 4553 υ
2115 4500 2329 4556 quoque
2367 4484 2736 4543 auctoritate?
2765 4482 2907 4539 ΜΑε.
2955 4483 3265 4538 Auctoritas
3299 4483 3520 4552 quidem
3560 4484 3710 4538 bifa-

1992 4628 2001 4637 ,
2098 4578 2194 4632 ,ι’ἰε
2218 4585 2302 4632 est
2327 4576 2496 4630 divisa
2521 4615 2536 4640 ,
2569 4575 2692 4644 quia
2730 4581 2823 4628 aut
2852 4575 3086 4628 humana
3116 4582 3203 4628 est
3242 4572 3542 4628 auctoritas
3562 4614 3579 4637 ,
3609 4583 3722 4628 aut.

2112 4670 2276 4722 et'am
2291 4664 2645 4741 divina.Dtsc.
2671 4664 2952 4731 Quomodo
2974 4664 3209 4720 humana
3223 4663 3551 4718 au'ctbritate
3567 4671 3715 4718 tem-

2110 4775 2261 4830 pora,
2291 4752 2647 4814 ordinantur?
2683 4758 2823 4815 MAG.
2855 4750 3275 4825 Quiaﬁidelicet
3294 4756 3361 4810 ab
3386 4742 3714 4811 hominibus

2113 4850 2467 4906 constitutum
2521 4858 2606 4904 est
2659 4849 2994 4920 olympiadas
3072 4859 3307 4918 quatuor
3382 4860 3708 4912 annorum,

2115 4938 2385 4994 nundinas
2434 4947 2558 4994 octo
2604 4940 2854 5003 dierum,
2896 4946 2953 4994 et
3010 4937 3334 4991 indictiones
3385 4935 3712 5005 quindecim

2118 5044 2380 5083 annorum
2428 5028 2631 5107 ambitu
2663 5028 3139 5107 celebrari..Diem
3187 5043 3439 5097 quoque,
3486 5029 3581 5098 qui
3632 5042 3709 5084 ex

2118 5105 2509 5190 quadrantibus
2554 5105 2868 5194 conﬁcitur,
2904 5134 3087 5175 mense
3114 5117 3413 5172 Februario
3460 5115 3542 5171 vel
3580 5117 3706 5171 Au.

2118 5199 2276 5286 gusto
2301 5212 2606 5267 intercalari
2634 5211 2811 5282 Graeci
2837 5252 2852 5277 ,
2896 5210 3136 5281 Egyptii
3160 5251 3176 5274 ,
3208 5208 3436 5264 Romani
3467 5223 3567 5279 pro
3596 5224 3706 5263 suo

2118 5303 2343 5375 quisque
2373 5308 2530 5373 captu
2559 5311 2874 5372 sanxerunt.
2905 5303 3050 5357 DISC.
3080 5302 3267 5356 Divina
3295 5309 3474 5355 autem
3500 5310 3705 5354 aucto-
3738 5336 3747 5347 -

2118 5395 2280 5449 ritate
2302 5393 2604 5464 quomodo?
2634 5393 2773 5451 MAG.
2809 5393 2946 5461 Quia
2971 5392 3269 5461 septimana
3298 5391 3386 5446 die
3409 5390 3706 5445 sabbatum

2114 5487 2222 5558 agi,
2252 5496 2306 5541 et
2334 5488 2564 5558 septimo
2613 5503 2755 5555 anno
2801 5503 2832 5541 a
2880 5486 3050 5541 rurali
3092 5501 3258 5557 opere
3286 5484 3504 5548 vacari,
3534 5483 3703 5551 quin-

2115 5581 2613 5651 quagesimumque.
2648 5596 2846 5636 annum
2884 5580 3164 5651 jubilaeum
3200 5579 3384 5634 vocari
3436 5576 3710 5631 Dominus

2118 5673 2171 5725 in
2200 5671 2319 5742 lege
2361 5672 2634 5742 praecepit.
2660 5671 2794 5727 Nam
2820 5673 2923 5726 etsi
2963 5671 3208 5728 barbarae
3252 5678 3443 5742 gentes
3486 5665 3709 5721 hebdo-

2119 5767 2310 5823 madas
2351 5765 2551 5842 habere
2598 5767 2914 5834 probentur,
2942 5780 2972 5819 a
3001 5763 3195 5834 populo
3227 5773 3404 5817 tamen
3435 5758 3522 5815 Dei
3576 5772 3709 5809 mu-

716 4658 931 4716 Secunx
956 4675 1072 4719 sive
1101 4648 1406 4728 sescuncia,
1435 4676 1454 4715 1
1473 4638 1645 4717 uncia
1674 4638 1732 4718 et
1761 4662 1945 4719 semis;

717 4815 910 4882 Uncia,
946 4831 1076 4872 xxrv
1103 4815 1343 4897 scripuli.

708 4960 1048 5061 'Semiuncia,
1079 4993 1421 5083 attseripuli.

467 3405 647 3533 ,φ
690 3462 697 3463 ε

467 3551 595 3720 ﬂ

486 4509 602 4660 ὅ
715 4525 948 4581 Sextan‘s
972 4542 1085 4583 sive
1111 4535 1315 4593 sextae,
1346 4542 1387 4583 ιι
1414 4529 1611 4593 unciae.

470 4652 642 4813 β
695 4658 931 4716 ιὸεευιιι
956 4675 1072 4719 sive
1101 4648 1406 4728 sescuncia,
1435 4676 1454 4715 1
1473 4638 1607 4717 unci

488 4766 492 4770 ”
554 4782 641 4841 ρ
717 4815 883 4841 ,,__,-
946 4831 1076 4841 ,ων
1103 4815 1323 4841 μάψ-η
1598 4816 1611 4841 ι.

717 5134 846 5189 Dum
876 5130 1099 5188 sextula:
1148 5130 1285 5185 sive
1307 5129 1548 5197 scesclae,
1600 5146 1697 5187 vm
1742 5131 1964 5202 scripuli

786 5227 839 5282 id
865 5234 969 5289 est,
998 5221 1159 5305 tertia
1185 5236 1310 5292 pars
1349 5222 1540 5277 unciae.

468 5329 622 5522 9
717 5359 990 5422 Sicilicus,
1022 5372 1072 5412 vt
1104 5353 1348 5425 scripuli.
1438 5386 1447 5394 -

496 5496 643 5653 ἴε)
718 5517 938 5575 Sextula
966 5516 1078 5570 sive
1102 5514 1305 5570 scescle
1323 5553 1338 5578 ,
1366 5496 1418 5566 iv
1449 5511 1670 5580 scripuli

394 5684 435 5703 κ

719 5684 944 5739 Dimidia
969 5683 1176 5737 sextula
1208 5683 1323 5737 sive
1352 5683 1576 5746 scescle,
1609 5697 1645 5736 tt
1678 5681 1918 5750 scripuli.

714 5797 1013 5865 Scripulus,
1049 5811 1141 5850 sex
1171 5795 1396 5863 siliqucc.
