3970 6198
268 304 370 356 ὕῖἶ

1540 300 1741 357 LIBER
1779 298 1864 355 DE
1903 299 2249 357 COMPUTO.

3418 306 3520 364 678

271 431 451 475 tuasse
503 433 608 473 non
662 417 810 472 latet.
854 416 1007 482 DISC.-
1055 416 1373 472 Divisiones
1398 418 1654 487 temporis
1711 426 1843 487 quot
1871 424 1921 483 Α
1945 416 2133 471 Partes
2163 431 2194 470 a
2232 416 2523 485 partitione
2556 415 2741 472 circuli
2775 416 2980 472 zodiaci
3021 418 3315 484 v0eantur,
3360 436 3520 490 quem

268 509 441 577 sunt?
470 508 614 581 MAG.
643 507 1084 575 Quatuordecim.
1139 507 1283 562 DISC.
1328 507 1490 573 Quae?
1537 507 1676 562 MAG.
1716 508 1847 561 Ato-

269 616 432 666 mus,
486 610 791 664 ostentum,
842 608 1206 663 momentum,
1259 608 1475 668 partes,
1536 601 1843 664 minutum,

271 702 525 761 punctus,
557 692 725 759 hora,
755 691 1054 759 quadrans,
1088 691 1222 756 dies,
1257 691 1477 753 mensis,
1508 690 1845 755 vicissitudo,

269 796 464 846 annus,
491 781 768 846 saiculum,
796 789 948 836 tetas.
1117 811 1120 814 η
1406 822 1409 825 .
1615 809 1618 812 .
1656 788 1661 793 '

874 872 1099 926 CAPUT
1137 872 1226 925 XI.

731 961 805 1015 De
835 971 1007 1015 atomo
1038 960 1373 1016 indivisibile.

340 1055 489 1110 Drse.
527 1052 734 1108 Horum
764 1053 999 1122 primum
1043 1052 1132 1106 dic
1178 1052 1339 1118 mihi,
1380 1052 1435 1108 id
1471 1062 1583 1118 est,
1621 1053 1749 1123 quid
1775 1054 1847 1109 sit

270 1153 502 1199 atomus.
538 1142 679 1207 MAG.
702 1140 929 1196 Atomos
953 1142 1254 1212 philosophi
1283 1151 1476 1198 vocant
1503 1143 1764 1213 quasdam
1793 1145 1847 1199 in

270 1236 471 1305 mundo
510 1233 899 1288 minutissimas
946 1240 1127 1302 partes
1169 1248 1452 1302 corporum
1485 1274 1500 1298 ,
1534 1234 1606 1287 ita
1642 1243 1703 1288 ut
1743 1249 1847 1289 nec

264 1325 408 1380 visui
444 1323 598 1378 facile
634 1332 876 1392 pateant,
919 1337 1020 1378 nec
1049 1322 1344 1378 sectionem
1380 1324 1662 1394 recipiant.
1696 1324 1849 1381 Unde

263 1427 322 1472 et
348 1418 517 1472 atomi
549 1417 677 1471 dicti
702 1424 845 1470 sunt.
891 1416 1025 1469 Nam
1077 1422 1253 1471 tomus
1277 1413 1465 1470 Grasce
1491 1415 1683 1470 divisio
1710 1416 1845 1471 dici—

263 1517 389 1572 tur,
434 1516 644 1562 atomus
674 1522 805 1562 vero
857 1506 1129 1562 indivisio.
1185 1506 1427 1576 Denique
1466 1507 1572 1563 huc
1614 1507 1847 1576 illucque

263 1599 497 1653 volitant
525 1607 687 1669 atque
710 1596 955 1652 feruntur
988 1599 1125 1653 sicut
1154 1599 1449 1663 tenuissimi
1480 1598 1729 1670 pulveres
1754 1599 1845 1667 qui

264 1686 432 1745 infusi
471 1704 566 1757 per
595 1675 1049 1767 fenestras'radiis
1076 1689 1204 1749 solis
1236 1688 1501 1760 fu‘gantur.
1539 1690 1683 1745 Disc.
1710 1690 1844 1758 Quia

1948 506 2172 561 tricenis
2215 506 2402 561 diebus
2439 521 2537 576 per
2573 521 2786 561 menses
2830 507 3069 577 singulos
3113 507 3341 565 ﬁndunt.
3370 510 3522 568 Reci-

1945 595 2100 665 piunt
2147 604 2327 648 autem
2389 595 2612 666 singulae
2656 605 2838 664 partes
2877 604 3147 651 momenta
3176 597 3281 653 duo
3304 608 3360 655 et
3384 601 3521 658 duas

1944 697 2128 756 partes
2176 686 2338 741 unius
2392 697 2679 742 momentis
2743 695 2955 743 ostenta
3005 697 3259 759 quatuor,
3311 701 3521 750 atomos

1948 793 2097 832 κων.
2636 840 2637 843 η

2534 865 2761 923 CAPUT
2798 867 2914 923 XV.

2570 957 2649 1011 De
2671 961 2891 1013 minuto.

2018 1049 2161 1104 Disc.
2192 1047 2331 1115 Quid
2362 1056 2445 1102 est
2472 1048 2784 1103 minutum?
2826 1048 2966 1105 MAG.
2999 1051 3218 1105 Decima
3255 1066 3382 1122 pars
3421 1051 3520 1107 ho-

1947 1153 2041 1193 rae.
2097 1139 2243 1192 DISC.
2294 1138 2443 1193 Unde
2488 1139 2687 1193 dicitur
2732 1140 3042 1194 minutum?
3070 1138 3209 1197 MAG.
3236 1141 3282 1194 A
3310 1143 3519 1198 minore

1948 1229 2267 1295 intervallo,
2312 1229 2465 1297 quasi
2522 1229 2699 1283 minus
2741 1237 3111 1296 momentum;
3167 1232 3292 1301 quia
3339 1233 3519 1289 minus

1946 1329 2196 1375 numerat
2235 1320 2376 1389 quod
2425 1320 2599 1390 majus
2643 1319 2849 1389 implet.
2880 1320 3054 1375 Habet
3086 1336 3216 1392 ergo
3250 1323 3518 1378 minutum

1947 1420 2155 1481 partem
2208 1425 2370 1464 unam
2422 1420 2475 1465 et
2525 1410 2801 1463 dimidiam
2832 1451 2846 1476 ,
2912 1420 3182 1466 momenta
3238 1420 3514 1481 quatuor,

1947 1507 2160 1555 ostenta
2189 1515 2309 1564 sex,
2336 1508 2546 1555 atomos
2563 1500 2775 1554 Vacua.

2523 1609 2749 1665 CAPUT
2796 1609 2931 1665 XVI.

2570 1682 2648 1755 De
2682 1691 2895 1750 puncto.

267 1779 452 1833 audivi
478 1780 807 1845 [ediceptem
838 1795 957 1857 non
981 1779 1154 1835 solum
1185 1781 1240 1834 in
1272 1788 1531 1851 tempore,
1559 1783 1652 1836 sed
1675 1784 1837 1837 etiam
1866 1765 1912 1825 Β
1935 1814 1939 1818 .
2012 1772 2155 1828 DISC.
2182 1772 2420 1827 Ρωιριιιε
2463 1771 2590 1842 quid
2639 1772 2764 1827 εειῖ
2805 1770 2945 1827 MAG.
2979 1772 3179 1840 Quarta
3207 1789 3332 1844 pars
3359 1774 3519 1830 unius

264 1870 322 1923 in
352 1871 678 1939 corporibus
697 1884 814 1925 esse
838 1879 1046 1925 atomos
1063 1911 1079 1934 ,
1103 1880 1234 1940 quot
1266 1872 1373 1926 sint
1398 1889 1595 1943 genera
1637 1882 1843 1929 atomo-

264 1963 389 2013 rum
434 1976 640 2029 expone
688 1961 840 2015 mihi.
888 1960 1027 2017 MAG.
1065 1961 1310 2030 Quinque
1337 1977 1465 2033 ergo
1490 1964 1695 2033 species
1720 1972 1845 2018 sunt

262 2061 596 2116 atomorum,
636 2052 690 2106 id
726 2062 809 2106 est
838 2092 853 2118 ,
893 2060 1104 2107 atomus
1151 2054 1203 2107 in
1247 2068 1471 2123 corpore
1498 2095 1514 2120 ,
1544 2055 1843 2123 atomuslin

263 2140 383 2195 sole
417 2180 434 2205 ,
462 2150 703 2196 ‘atomus
730 2142 785 2195 in
812 2143 1102 2208 oratione,
1135 2152 1345 2197 atomus
1374 2144 1426 2197 in
1457 2158 1700 2210 numero,
1732 2154 1846 2199 ato-

262 2246 388 2285 mus
428 2230 480 2284 iu
516 2239 775 2301 tempore.
813 2232 959 2287 DISC.
997 2232 1198 2287 Horum
1230 2233 1436 2304 singula
1469 2249 1599 2305 rogo
1627 2243 1683 2290 ut
1713 2236 1845 2290 mihi

259 2320 560 2375 edisseras.
593 2319 731 2397 MAG.
762 2322 989 2377 Atomus
1024 2338 1237 2392 quoque
1274 2324 1327 2377 in
1366 2339 1591 2393 corpore
1616 2332 1697 2379 est
1723 2342 1844 2379 cum

261 2414 467 2480 corpus
510 2411 723 2479 aliquod
755 2412 808 2465 in
839 2421 1022 2482 partes
1053 2413 1270 2479 dividis,
1321 2422 1612 2483 partesque
1643 2415 1762 2470 illas
1792 2417 1845 2470 in

259 2501 399 2556 alias
447 2490 669 2571 parlcs,
696 2511 750 2558 et
776 2505 881 2559 hoc
908 2502 1111 2559 totiens
1140 2506 1311 2560 donec
1341 2506 1406 2559 ad
1435 2506 1567 2561 tales
1593 2508 1847 2563 minutias

259 2584 551 2664 pervenias
600 2609 719 2663 quae
762 2595 831 2649 ob
880 2595 965 2650 sui
1006 2595 1331 2665 parvitatem
1361 2596 1467 2651 ullo
1494 2597 1653 2652 modo
1683 2598 1847 2675 dividi

260 2701 373 2739 non
396 2685 624 2754 possint.
652 2686 879 2741 Atomus
906 2686 959 2740 in
984 2687 1095 2741 sole
1114 2696 1198 2742 est
1230 2687 1321 2742 ille
1358 2688 1708 2745 tenuissimus
1731 2688 1849 2758 pul-

261 2777 350 2833 vis
395 2793 556 2845 quem
613 2763 850 2833 diximus
897 2779 1062 2834 radiis
1109 2780 1238 2835 solis
1282 2779 1475 2851 fugari.
1523 2780 1749 2835 Atomus
1792 2781 1846 2835 in

259 2860 514 2948 oratione
563 2874 648 2922 est
684 2868 906 2922 minima
958 2870 1182 2938 portio,
1236 2879 1297 2925 ut
1344 2880 1427 2925 est
1472 2870 1670 2925 littera.
1714 2870 1846 2925 Cum

259 2957 411 3012 enim
438 2966 659 3031 partem
676 2958 974 3028 quamlibet
1011 2959 1273 3015 orationis
1298 2961 1492 3016 dividis
1514 2961 1566 3014 in
1593 2960 1844 3030 syllabas,

260 3050 742 3122 syllabamdenuo
772 3050 827 3105 in
857 3051 1084 3117 litteras,
1139 3052 1251 3109 sola
1295 3052 1472 3107 littera
1525 3068 1630 3107 non
1686 3053 1847 3107 habet

260 3154 376 3208 quo
409 3139 667 3195 solvatur.
698 3140 926 3195 Atomus
958 3141 1026 3217 in
1070 3158 1294 3198 numero
1347 3151 1429 3199 est
1485 3159 1671 3215 unum.
1712 3142 1843 3198 Cum

259 3244 398 3300 ergo
445 3245 728 3285 numerum
763 3230 995 3300 aliquem
1046 3233 1330 3301 disperties
1356 3274 1370 3298 ,
1425 3224 1574 3289 verbi
1628 3235 1798 3303 gratia
1827 3274 1842 3300 ,

260 3326 397 3373 octo
423 3318 470 3373 si
499 3318 709 3374 dividas
733 3319 787 3374 in
817 3320 901 3375 bis
925 3330 1159 3389 quatuor
1176 3363 1189 3388 ,
1219 3331 1451 3392 quatuor
1474 3324 1527 3377 in
1554 3323 1638 3379 bis
1665 3324 1844 3391 binos,

263 3407 401 3470 item
432 3407 589 3477 binos
615 3408 667 3462 in
693 3409 953 3480 singulos,
1002 3411 1116 3467 sola
1142 3413 1325 3467 unitas
1352 3414 1695 3469 indivisibilis
1717 3430 1845 3484 per-

262 3506 478 3554 manet.
509 3499 753 3571 Denique
796 3510 1007 3558 atomus
1058 3504 1110 3557 in
1162 3513 1403 3574 tempore
1425 3546 1440 3570 ,
1479 3507 1544 3561 de
1572 3523 1679 3577 quo
1708 3508 1846 3563 inci-

262 3592 555 3660 piebamus
590 3593 864 3663 disputare
892 3634 908 3659 ,
955 3595 1135 3651 taliter
1177 3604 1409 3652 constat.
1464 3597 1600 3655 Cum
1644 3598 1848 3667 majora

260 3680 445 3751 spatia
474 3676 752 3752 temporis,
788 3684 947 3738 sicuti
971 3693 1053 3739 est
1082 3684 1196 3740 dies
1218 3685 1301 3740 vel
1327 3687 1483 3752 hora,
1504 3703 1602 3756 per
1623 3697 1848 3757 punctos

259 3770 352 3845 vel
398 3770 566 3825 etiam
613 3781 839 3827 czeteras
885 3774 1121 3829 minores
1185 3783 1369 3850 partes
1428 3775 1709 3843 dividens,
1780 3778 1849 3833 ad

268 3857 443 3931 talem
487 3859 809 3927 particulam
844 3862 1124 3930 pervenias
1148 3878 1268 3932 qua;
1296 3864 1365 3918 ob
1391 3865 1474 3919 sui
1503 3866 1848 3934 pusillitatcm

260 3946 476 4000 nullam
505 3947 702 4009 habeat
733 3965 940 4007 moram
980 3951 1147 4010 talem
1187 3967 1307 4021 quae
1342 3954 1451 4008 ullo
1490 3956 1647 4009 modo
1685 3956 1849 4010 dividi

257 4036 464 4104 possit,
505 4036 663 4091 sicuti
692 4034 1064 4096 velocissimus
1088 4039 1229 4115 ictus
1247 4047 1329 4095 est
1348 4041 1508 4105 oculi,
1538 4041 1682 4111 ipsas
1707 4043 1853 4099 scias

255 4146 392 4187 esse
448 4140 709 4188 atomum.
772 4122 871 4189 Est
917 4150 1048 4206 ergo
1093 4137 1305 4192 atomus
1373 4137 1748 4192 trecentesima
1775 4126 1853 4192 et

255 4224 667 4293 septuagesima
702 4234 860 4281 sexta
896 4241 1024 4295 pars
1062 4226 1224 4280 unius
1252 4227 1468 4285 ostenti.

869 4315 1097 4372 CAPUT
1134 4317 1242 4371 XII.

885 4404 965 4460 De
993 4415 1208 4461 ostento.
1530 4462 1533 4465 ,

338 4493 488 4548 ῡιεο.
527 4481 813 4555 Ostentum
849 4498 975 4565 quid
1003 4499 1131 4552 est?
1168 4498 1305 4557 MAG.
1345 4500 1689 4571 Sevagesima
1725 4516 1851 4571 pars

255 4583 430 4638 unius
456 4584 620 4649 horae,
651 4594 858 4640 atomos
890 4586 943 4639 in
975 4603 1034 4641 se
1058 4589 1340 4644 continens
1368 4606 1647 4647 eccum.

864 4680 1091 4737 CAPUT
1142 4683 1278 4738 XIII.

690 4781 694 4784 ’
763 4768 771 4775 ’
811 4768 828 4775 ”
866 4767 1257 4828 ’Βεῂιοηιθηιω
1425 4761 1428 4762 ν
1620 4828 1627 4834 ,
1660 4832 1663 4835 _
1724 4829 1729 4834 ,

336 4856 490 4911 Βίεε.
533 4854 669 4922 Quid
722 4869 807 4914 est
855 4845 1225 4933 momentum?
1262 4865 1402 4920 MAG.
1440 4867 1632 4925 Certus
1678 4870 1848 4926 lectus

250 4948 399 5005 solis
422 4949 484 5002 in
511 4950 669 5006 cmlo.
701 4951 815 5008 Hoc
839 4956 935 5023 per
958 4956 1310 5029 quadraginta
1347 4960 1495 5029 vices
1520 5008 1524 5013 .
1545 4962 1617 5014 ita
1664 4977 1841 5017 cmen-

250 5039 610 5094 sum’horam
633 5042 1255 5117 jam'reddit’integ'ram.
1290 5039 1435 5107 Dlsc.
1468 5051 1621 5107 Unde
1649 5032 1848 5109 dicitur

252 5136 645 5189 momentum?
670 5135 812 5207 MAG.
835 5137 881 5191 A
904 5147 1051 5209 motu
1081 5141 1317 5195 siderum
1355 5126 1637 5197 celerrimo
1664 5184 1678 5208 ,
1723 5158 1845 5199 cum

248 5225 475 5294 aliquid
520 5226 622 5282 sibi
651 5215 989 5287 brevissimis
1018 5232 1071 5287 in
1098 5234 1288 5303 spatiis
1320 5235 1514 5291 cedere
1539 5244 1703 5306 atque
1727 5252 1848 5293 suc-

249 5316 466 5372 cedere
501 5320 750 5375 sentitur.
783 5320 941 5392 Capit
967 5339 1095 5395 ergo
1122 5340 1286 5379 unum
1314 5336 1647 5382 momentum
1670 5337 1852 5383 osten-

248 5412 388 5460 tum
410 5413 469 5461 et
494 5405 798 5471 dimidium,
829 5419 1041 5467 atomos
1068 5427 1283 5481 quoque
1311 5426 1494 5467 nutv.

859 5500 1089 5560 CAPUT
1128 5502 1265 5558 XIV.

590 5645 596 5651 .
895 5593 973 5649 De
998 5596 1252 5664 partibus.

336 5677 489 5734 ῡιεε.
520 5678 656 5747 Quid
681 5684 1030 5742 nominantur
1064 5686 1118 5742 in
1144 5696 1396 5760 computo
1439 5690 1663 5760 partes?
1708 5689 1850 5747 MAG.

1942 1864 2108 1918 bene.
2148 1865 2289 1918 DlSC.
2326 1863 2474 1918 Unde
2500 1864 2675 1917 dictus
2703 1871 2787 1917 est
2815 1872 3045 1932 punctus
3066 1864 3089 1917 ?
3109 1863 3246 1920 MAG.
3272 1864 3314 1918 A
3353 1880 3521 1935 parvo

1944 1954 2127 2024 puncti
2188 1960 2506 2006 transcensu
2558 1952 2649 2020 qui
2698 1951 2759 2005 ﬁt
2812 1951 2864 2005 in
2930 1951 3226 2023 horologia.
3281 1951 3520 2007 Punctus

1945 2043 2141 2113 quippe
2193 2057 2222 2095 a
2261 2041 2548 2112 pungendo
2590 2041 2766 2095 dictus
2793 2048 2906 2104 est,
2938 2056 3003 2095 eo
3033 2040 3174 2111 quod
3198 2041 3519 2110 quibusdam

1943 2133 2325 2202 punctionibus
2371 2139 2532 2186 certae
2580 2131 2964 2202 designation'ts
3009 2131 3062 2184 in
3107 2130 3399 2200 horolOgiis
3420 2131 3518 2185 de-

1946 2223 2206 2292 signatur.
2238 2220 2478 2276 Punctus
2506 2227 2684 2274 autem
2732 2220 2893 2274 habet
2921 2219 3126 2273 minuta
3148 2219 3250 2273 duo
3275 2227 3327 2274 et
3364 2220 3521 2275 dimi-

1946 2313 2129 2377 dium,
2179 2320 2361 2381 partes
2417 2318 2525 2367 tres
2577 2316 2631 2363 et
2682 2306 3010 2373 semissem,
3059 2316 3114 2362 et
3166 2309 3518 2377 quadrantem

1947 2403 2105 2456 unius
2142 2402 2344 2470 partis,
2383 2407 2655 2455 momenta
2685 2401 2868 2454 decem
2893 2440 2908 2464 ,
2932 2407 3163 2455 xostenta
3188 2401 3518 2471 quindecim,

1949 2503 2159 2549 atomos
2192 2492 2385 2549 Veen.
2439 2492 2677 2560 Quatuor
2722 2508 2852 2564 ergo
2890 2494 3075 2563 puncti
3111 2508 3275 2547 unam
3330 2494 3520 2551 horam

1947 2570 2172 2643 faciunt.

2512 2673 2641 2730 CAP
2651 2674 2737 2729 UT
2778 2673 2937 2728 XVII.

2586 2763 2665 2818 De
2703 2764 2852 2817 hora.

2018 2846 2166 2913 Dtsc.
2187 2857 2325 2925 Quid
2349 2866 2434 2914 est
2459 2859 2635 2914 hora?
2678 2858 2818 2914 MAG.
2848 2859 3042 2915 Certus
3074 2859 3339 2931 terminus
3380 2869 3520 2915 tem-

1947 2948 2112 3016 poris.
2147 2947 2426 3016 Siquidem
2456 2950 2585 3002 liora
2614 2948 2928 3003 duodecima
2968 2964 3095 3021 pars
3116 2958 3219 3005 ~est
3261 2950 3387 3014 dici,
3418 2951 3523 3005 Do-

1949 3039 2096 3095 mino
2119 3046 2428 3105 attestante,
2453 3039 2543 3109 qui
2565 3040 2641 3093 ait
2668 3054 2684 3093 :
2712 3039 2903 3097 Nonne
2926 3041 3199 3095 duodecim
3236 3042 3379 3096 horae
3396 3052 3521 3096 sunt

1873 3109 1916 3173 C
1948 3133 2089 3187 diei?
2117 3133 2176 3190 Si
2204 3135 2319 3205 quis
2355 3134 2696 3190 ambulaverit
2723 3136 2912 3201 ingdte,
2958 3153 3061 3191 non
3103 3138 3340 3207 offendit.
3378 3138 3519 3203 Ubi,

1950 3223 2547 3301 quamvis’allegoricc,
2582 3231 2640 3282 se
2684 3226 2844 3292 diem,
2877 3227 3168 3298 discipulos
3191 3244 3341 3296 vero,
3371 3232 3462 3300 qui
3490 3247 3521 3286 a

1949 3335 2008 3374 se
2031 3320 2334 3375 illustrandi
2361 3330 2536 3383 erant,
2570 3322 2733 3377 horas
2754 3322 3122 3393 appellaverit,
3155 3321 3312 3378 solito
3338 3331 3521 3380 tamen

1949 3427 2099 3467 more
2142 3413 2377 3467 humano
2425 3415 2843 3483 computationis
2914 3414 3191 3487 vulgarem
3252 3407 3523 3486 etpressit

1949 3502 2109 3556 diem.
2168 3502 2313 3557 DISC.
2352 3501 2493 3556 Hora
2534 3503 2676 3558 unde
2716 3519 2911 3558 nomen
2963 3506 3210 3575 accepit?
3248 3504 3389 3560 MAG.
3444 3504 3522 3561 De

1949 3592 2246 3661 borologio.
2273 3592 2425 3648 Sicut
2451 3593 2787 3663 horologium
2810 3595 2879 3650 de
2903 3595 3033 3649 hora
3057 3608 3251 3649 nomen
3269 3596 3518 3666 sumpsit,

1950 3683 2097 3738 horze
2125 3699 2340 3753 quoque
2389 3700 2584 3739 nomen
2614 3700 2680 3739 ex
2711 3680 2898 3738 Grteca
2926 3686 3135 3754 origine
3163 3686 3518 3749 descendens,

1949 3774 2337 3842 interpretatur
2365 3774 2537 3827 series
2562 3772 2646 3826 vel
2670 3772 2857 3827 umbra
2888 3769 3002 3827 sive
3029 3773 3193 3826 etiam
3223 3772 3366 3828 linis.
3395 3774 3519 3829 Inde

1948 3870 2074 3917 or'as
2103 3862 2269 3915 maris
2300 3870 2358 3915 et
2402 3860 2682 3917 ﬂuviorum
2725 3870 2779 3916 et
2808 3862 3250 3917 vestimentorum
3291 3862 3521 3918 dicimus

1948 3953 2318 4010 extremitates
2353 3953 2466 4009 sive
2521 3956 2801 4010 terminos.
2836 3957 2982 4011 Dtsc.
3034 3955 3284 4025 Nunquid
3329 3958 3519 4011 eodem

1949 4046 2108 4100 modo
2154 4044 2413 4121 scribitur
2450 4049 2593 4102 hora
2637 4050 2897 4118 temporis
2932 4056 2987 4102 et
3032 4048 3166 4103 hora
3198 4057 3518 4103 cteterarum

1950 4155 2085 4209 quas
2118 4139 2411 4210 praedixisti
2451 4142 2676 4197 rerum?
2722 4141 2861 4197 MAG.
2917 4140 3260 4210 Aspiratione
3307 4156 3523 4211 quoque

1952 4231 2066 4285 sola
2093 4231 2491 4286 discernuntur.
2544 4231 2678 4298 Quia
2726 4247 2821 4286 ora
2868 4231 3123 4300 temporis
3164 4246 3285 4286 eum
3317 4233 3524 4302 aspira-

1952 4320 2134 4384 tione,
2167 4329 2485 4375 caaterorum
2525 4330 2702 4376 autem
2738 4321 2857 4376 sine
2901 4321 3228 4391 aspiratione
3271 4322 3522 4377 scribun-

1873 4444 1928 4505 Β
1957 4419 2063 4464 tur.
2113 4411 2255 4466 Dtsc.
2308 4411 2450 4485 Hora
2503 4427 2641 4481 quas
2681 4411 3073 4466 subdivisiones
3120 4409 3321 4475 habet?
3377 4410 3519 4466 MAG.

1953 4503 2126 4572 Habet
2161 4518 2375 4573 quoque
2415 4512 2647 4572 punctos
2671 4510 2903 4573 quatuor
2936 4502 2988 4556 in
3036 4499 3201 4556 solari
3241 4508 3522 4570 computa-

1951 4596 2098 4653 tione
2126 4636 2142 4661 ,
2179 4597 2232 4651 in
2274 4597 2414 4652 lunte
2448 4597 2627 4675 autem
2663 4596 2999 4666 quibusdam
3030 4595 3523 4666 computationibus

1950 4694 2181 4755 punctos
2211 4684 2491 4757 quinque,
2516 4689 2660 4761 sicut
2682 4696 2820 4758 post
2854 4688 2970 4743 hate
3009 4686 3376 4743 GStendemus.
3411 4686 3523 4742 Ila-

1952 4778 2042 4832 bet
2079 4787 2134 4833 et
2165 4779 2371 4832 minuta
2403 4779 2586 4834 decem
2615 4821 2630 4841 ,
2681 4789 2862 4850 partes
2889 4778 3522 4850 quindecim,momenta

1953 4870 2327 4950 quadraginta,
2353 4880 2563 4927 ostenta
2586 4872 2892 4947 sexaginta,
2917 4880 3130 4928 atomos
3152 4870 3393 4927 'x'x—t'tnnx.
3446 4912 3455 4919 .

2486 4992 2491 4997 ’
2511 4976 2738 5042 CAPUT
2775 4987 2959 5043 XVIII.

2542 5057 2619 5111 De
2647 5059 2957 5128 quadrante.

2024 5149 2170 5205 DISC.
2200 5148 2480 5216 Quadrans
2524 5160 2706 5205 autem
2737 5151 2865 5220 quid
2890 5151 3019 5205 est?
3056 5149 3195 5204 MAG.
3239 5138 3523 5216 Quadrans

1955 5242 2070 5298 sive
2094 5243 2331 5313 quadras
2362 5253 2447 5298 cst
2476 5252 2669 5312 quarta
2706 5260 2835 5314 pars
2871 5244 3022 5299 libra:
3053 5284 3068 5308 ,
3095 5242 3301 5297 habens
3331 5242 3522 5298 uncias

1957 5340 2089 5397 tres,
2113 5332 2251 5387 sicut
2273 5346 2435 5401 supra
2457 5333 2809 5387 ostendimus.
2837 5331 3108 5400 Quidquid
3131 5330 3185 5385 in
3206 5328 3523 5400 corporibus

1954 5436 2046 5476 seu
2088 5420 2420 5490 temporibus
2459 5422 2896 5487 mensuraveris,
2939 5419 3057 5488 ejus
3098 5428 3350 5490 quartam
3392 5434 3520 5490 par-

1957 5518 2064 5564 tem
2116 5510 2509 5580 quadrantem,
2563 5519 2673 5565 tres
2716 5522 2847 5565 vero
2907 5509 3141 5578 reliquas
3207 5509 3522 5564 dodrantem

1956 5600 2226 5671 appellare
2271 5600 2511 5657 debebis.
2554 5601 2621 5655 Et
2654 5601 2722 5655 ob
2755 5602 2856 5655 hoc
2878 5609 3068 5670 quarta
3094 5616 3223 5672 pars
3258 5601 3361 5656 diei
3388 5616 3523 5671 qua-

1957 5691 2120 5747 drans
2166 5692 2380 5747 dicitur.
2425 5692 2666 5758 Quatuor
2704 5693 3034 5762 quadrantes
3065 5692 3208 5749 diem
3258 5694 3526 5765 integrum
