3962 6198
347 319 452 376 679

987 312 1048 367 Β.
1088 311 1339 368 RABANI
1375 309 1592 367 MAURI
1628 306 1947 365 ARCIIIEP.
1988 305 2294 363 MOG-UNT.
2336 301 2622 360 OPERUM
2661 283 2840 359 PARS
2874 303 2916 358 I.

3501 301 3613 360 680

345 433 590 490 reddunt.
614 429 742 485 Dies
770 427 915 484 enim
943 441 1068 482 cum
1095 434 1254 482 nocte
1283 424 1470 496 viginti
1499 430 1732 492 quatuor
1757 423 1918 478 horas
1947 422 1997 480 Α
2023 419 2307 490 altitudine
2337 425 2608 488 currentez
2644 431 2957 488 supremum
2985 431 3114 472 vero
3149 417 3370 488 quando
3416 417 3499 474 sol
3546 420 3620 476 de

342 528 524 584 habet.

465 637 470 642 ι
931 609 1160 668 CAPUT
1198 608 1340 664 XIX.

1038 700 1117 756 De
1146 701 1251 756 die.

412 801 560 853 DISC.
590 796 716 852 Dies
745 793 872 864 quid
921 793 1047 849 est?
1092 791 1232 848 MAG.
1271 791 1380 846 Aer
1419 789 1532 845 sole
1580 789 1878 845 illustratus
1906 829 1922 854 ,

342 905 538 944 nomen
565 889 689 943 inde
713 900 934 940 sumens
953 925 967 950 ,
1000 883 1127 954 quia
1163 882 1412 937 tenebras
1457 880 1728 952 disjungat
1755 895 1820 935 ac
1843 878 1927 934 di-

341 977 510 1032 vidat.
547 975 697 1030 Nam
734 974 876 1028 Deus
925 971 1062 1026 dixit
1085 971 1143 1032 in
1172 970 1442 1041 principio
1472 987 1485 1022 :
1519 967 1641 1022 Fiat
1691 966 1786 1022 tua;
1815 1007 1832 1032 ,
1875 976 1925 1022 et

343 1067 485 1137 facta
512 1076 588 1121 est
623 1066 734 1120 lux.
785 1063 853 1118 Et
883 1063 1061 1117 divisit
1101 1060 1271 1116 lucem
1319 1077 1353 1114 a
1385 1057 1650 1122 tenebris;
1687 1055 1924 1128 appella-

343 1160 514 1230 vitque
581 1157 749 1212 lucem
801 1155 939 1210 diem
970 1195 986 1221 ,
1047 1159 1122 1208 et‘
1148 1151 1387 1206 tenebras
1436 1149 1632 1203 vocarit
1699 1157 1922 1202 noctem.

343 1249 490 1303 Dtsc.
535 1247 742 1314 Quibus
771 1246 949 1304 modis
991 1245 1192 1300 dicitur
1235 1241 1396 1297 dies?
1425 1239 1567 1295 MAG.
1596 1238 1928 1294 Naturaliter
1953 1243 1968 1255 ‘

341 1349 397 1394 et
427 1339 740 1408 vulgariter.
771 1339 918 1393 DISC.
945 1335 1229 1402 Quomodo
1257 1331 1620 1388 naturaliter?
1649 1329 1790 1386 MAG.
1819 1329 1928 1384 Na-

344 1429 533 1484 turalis
572 1429 770 1500 quippe
817 1443 882 1482 ac
917 1427 1034 1482 dies
1082 1425 1356 1494 legitimus
1390 1432 1475 1478 est
1517 1423 1585 1477 ab
1629 1428 1754 1476 ortu
1797 1421 1927 1477 solis

345 1521 517 1574 donec
559 1534 745 1573 rursus
797 1517 1024 1572 oriatur.
1071 1517 1140 1571 Et
1180 1516 1269 1571 hic
1311 1515 1427 1570 dies
1455 1515 1647 1586 viginti
1695 1523 1930 1583 quatuor

342 1612 505 1666 horas
548 1611 730 1664 habet.
775 1611 921 1663 Dtsc.
955 1609 1098 1675 Quot
1130 1616 1258 1662 sunt
1301 1607 1594 1661 divisiones
1619 1606 1745 1682 Idiei
1773 1614 1928 1661 natu-

344 1700 492 1756 ralis.
522 1701 660 1755 MAG.
703 1699 1024 1770 Principalis
1067 1698 1262 1754 divisio
1293 1698 1448 1752 istius
1485 1697 1590 1752 diei
1620 1697 1728 1752 duo
1765 1695 1928 1750 habet

2028 509 2310 582 altitudine
2350 509 2472 566 caeli
2508 508 2686 580 vergit
2713 510 2782 565 ad
2817 524 3090 566 occasum.
3129 509 3274 567 Dtsc.
3305 509 3452 584 Ergo
3482 513 3621 584 quia

2027 605 2094 659 de
2122 617 2229 658 une
2261 603 2435 673 spatio
2471 601 2733 658 naturalis
2775 601 2884 658 diei
2931 603 3066 659 satis
3107 603 3242 660 mibi
3287 603 3490 672 fecisti,
3549 606 3626 664 de

2027 695 2201 751 altero
2226 709 2442 764 quoque
2474 694 2650 765 spatio
2677 693 2796 764 ejus
2818 733 2834 760 ,
2867 695 3016 766 quod
3041 709 3151 752 nox
3171 704 3258 752 est
3279 737 3296 763 ,
3321 703 3384 753 ut
3401 697 3608 755 edisse-

2027 801 2120 842 ras
2152 785 2357 858 ﬂagito.
2389 785 2530 844 MAG.
2581 785 2802 842 Faciam
2851 787 2998 858 quod
3040 789 3201 860 petis.
3256 790 3339 847 Tu
3390 790 3621 864 quidem

2026 893 2180 934 more
2207 885 2303 934 tuo
2327 877 2579 949 praecede.
2593 878 2997 951 interrogando.

2542 1015 2554 1026 ·-
2617 989 2846 1046 CAPUT
2880 990 3019 1048 XXI.
3047 993 3056 1000 ”

2679 1061 2760 1116 De
2779 1071 2950 1116 nocte.
3012 1075 3021 1082 ‘
3311 1131 3316 1138 _

2099 1152 2245 1208 Dtsc.
2275 1149 2390 1206 Nox
2417 1150 2548 1220 quid
2571 1151 2699 1206 est?
2719 1149 2859 1208 MAG.
2878 1150 3036 1207 Solis
3066 1148 3313 1209 absentia
3339 1150 3626 1212 terrarum

2025 1243 2218 1297 umbra
2268 1241 2472 1296 conditi
2511 1240 2687 1297 donec
2715 1240 2786 1295 ab
2808 1256 3006 1296 occasu
3029 1243 3219 1298 redeat
3241 1244 3308 1298 ad
3333 1253 3622 1302 exortum.

2027 1330 2170 1396 Dtsc.
2206 1327 2523 1386 Unde'dicta
2547 1331 2801 1386 θειηωῖ
2842 1329 2985 1387 MAG.
3032 1329 3186 1398 Quod
3227 1342 3421 1389 noceat
3449 1343 3624 1404 aspe-

2027 1423 2202 1480 ctibus
2224 1423 2312 1494 vel
2339 1423 2570 1493 negotiis
2613 1423 2884 1487 humanis,
2932 1423 3048 1478 sive
3073 1423 3220 1494 quod
3265 1425 3318 1480 in
3349 1441 3416 1481 ea
3467 1425 3628 1484 fures

2027 1513 2110 1566 vel
2139 1513 2377 1568 latrones
2405 1513 2632 1568 nocendi
2676 1513 2799 1568 aliis
2834 1509 3174 1572 occasionem
3201 1517 3624 1578 nanciseantur.

2027 1605 2172 1658 DISC.
2213 1602 2296 1659 Ob
2337 1619 2497 1673 quam
2550 1619 2770 1659 causam
2815 1604 2956 1659 facta
3015 1607 3101 1661 est
3145 1607 3294 1661 uox?
3332 1595 3475 1661 Mtte.
3512 1607 3627 1663 Pro

2031 1697 2387 1766 temperantia
2426 1695 2628 1753 laboris
2674 1697 2936 1766 humani,
2978 1707 3040 1752 ut
3091 1687 3319 1769 corpora
3367 1700 3628 1768 requiem

343 1791 534 1863 spatia,
563 1790 618 1846 id
648 1797 750 1855 est,
777 1790 1142 1844 iuterdianum
1170 1797 1227 1844 et
1260 1795 1609 1842 nocturnum.
1655 1785 1926 1842 Cancrum
1955 1784 2004 1843 B
2031 1786 2314 1853 haberent,
2353 1793 2410 1842 et
2443 1795 2504 1842 ut
2544 1786 2870 1843 animalibus
2914 1788 3236 1858 quibusdam
3286 1789 3456 1845 solem
3511 1805 3627 1845 non

343 1897 442 1953 per
469 1883 634 1937 horas
659 1889 715 1935 et
740 1888 972 1954 punctos
1013 1887 1071 1933 et
1109 1886 1335 1933 caeteras
1359 1877 1600 1932 minores
1629 1875 1928 1946 particulas

343 1971 520 2026 omnis
545 1971 662 2025 dies
684 1967 1064 2024 subdividitur.
1094 1965 1308 2036 Recipit
1345 1973 1526 2021 autem
1568 1966 1686 2022 dies
1716 1973 1932 2020 natura-

347 2062 410 2118 lis
444 2061 634 2132 viginti
665 2068 900 2130 quatuor
947 2059 1109 2112 horas
1138 2097 1153 2122 ,
1185 2065 1413 2127 punctos
1451 2055 1748 2127 nonaginta
1787 2069 1880 2110 sex
1911 2095 1926 2120 ,

343 2153 554 2208 minuta
597 2167 730 2206 ccxr.
758 2191 772 2215 ,
827 2158 1010 2218 partes
1068 2162 1274 2211 πρωί,
1327 2155 1602 2202 momenta
1655 2162 1926 2211 nccecrx,

344 2251 554 2298 ostenta
598 2245 855 2304 Tuscan,
897 2248 1108 2294 atomos
1137 2235 1262 2294 Εὖ
1293 2245 1348 2292 et
1375 2253 1594 2294 ccecxn.
1623 2238 1768 2294 Disc.
1798 2229 1932 2304 Quis

345 2334 682 2389 demonstrat
721 2331 866 2400 quod
906 2328 1224 2385 vocabulum
1277 2327 1390 2383 diei
1433 2337 1650 2382 noctem
1690 2342 1811 2382 cum
1842 2327 1931 2382 die

346 2424 506 2478 simul
547 2420 1020 2492 comprehendat?
1063 2419 1204 2474 MAG.
1237 2417 1520 2486 Scriptura
1573 2433 1705 2488 ergo
1749 2417 1931 2472 divina

349 2515 450 2572 hoc
473 2513 714 2569 ostendit
734 2552 750 2578 ,
779 2511 871 2567 ubi
910 2511 1108 2582 legitur
1135 2528 1148 2563 :
1182 2509 1250 2565 Et
1280 2511 1477 2579 factum
1513 2519 1590 2564 est
1639 2526 1845 2580 vespere
1883 2519 1932 2564 et

347 2620 502 2658 mane
545 2603 656 2656 dies
692 2619 866 2668 unus,
920 2602 973 2656 in
1018 2617 1244 2672 vespere
1289 2611 1504 2656 noctem
1557 2609 1616 2656 ct
1663 2601 1718 2656 in
1775 2617 1932 2657 mane
1975 2609 1978 2613 ’

351 2695 486 2751 lucis
532 2704 743 2765 tempus
768 2697 1052 2750 deputans.
1093 2694 1240 2750 DISC.
1267 2693 1406 2761 Quia
1451 2691 1754 2749 naturalem
1788 2693 1932 2748 diem

349 2789 667 2856 ostendisti,
726 2789 1004 2860 vulgarem
1056 2803 1271 2858 quoque
1327 2803 1462 2856 rogo
1517 2796 1579 2842 ut
1635 2789 1928 2858 exprimas.

349 2881 489 2937 Μλα.
531 2880 784 2952 Vulgaris
825 2881 939 2936 sive
983 2879 1285 2934 artiﬁcialis
1339 2879 1455 2934 dies
1503 2879 1573 2934 ab
1621 2887 1745 2934 ortu
1804 2877 1936 2934 solis

348 2988 518 3041 usque
547 2972 616 3027 ad
645 2987 900 3026 occasum
929 2985 1090 3025 omne
1120 2977 1332 3040 tempus
1366 2969 1504 3026 lucis
1537 2973 1700 3040 super
1731 2979 1932 3024 terram

348 3059 734 3129 complectens.
759 3058 912 3114 Sicut
941 3074 972 3112 e
997 3059 1270 3114 contrario
1297 3073 1402 3113 nox
1424 3067 1515 3114 est
1529 3059 1768 3114 absentia
1798 3059 1934 3114 lucis

2029 1873 2326 1931 ferentibus
2351 1875 2550 1930 victum
2576 1877 2896 1946 quteritandi
2921 1877 3146 1932 daretur
3169 1879 3407 1939 occasio.

2606 1985 2832 2047 CAPUT
2869 1987 3034 2044 XXII.
3059 2019 3066 2024 ι

2547 2056 2630 2111 De
2650 2057 2888 2128 parti-bus
2915 2059 3102 2118 noctis.

2101 2149 2252 2204 DISC.
2279 2147 2464 2205 Noctis
2489 2157 2677 2220 partes
2697 2158 2830 2219 quot
2849 2151 3008 2206 sunt?
3029 2150 3169 2207 MAG.
3199 2149 3624 2222 Septem._DIsc.

2029 2239 2194 2308 Quae?
2246 2241 2386 2299 MAG.
2433 2239 2844 2311 Crepusculum,
2895 2239 3200 2314 vesperum,
3241 2244 3629 2310 conticinium,

2031 2333 2431 2402 intempestum,
2480 2332 2830 2404 gallicinium,
2890 2334 3235 2399 matutinum,
3297 2333 3628 2392 dilucultm‘.

2031 2423 2178 2479 Dlsc.
2207 2421 2408 2482 Horum
2441 2425 2800 2496 proprietates
2823 2440 2920 2496 per
2969 2425 3210 2495 Singulas
3239 2426 3452 2496 species
3479 2429 3628 2483 edic.

2033 2513 2174 2570 MAG.
2225 2514 2613 2585 Crepusculum
2645 2525 2730 2571 est
2777 2517 3098 2572 dubiarlux.
3143 2517 3280 2572 Nam
3332 2534 3632 2588 creperum

2033 2603 2254 2662 dubium
2284 2605 2535 2672 dicitnus,
2580 2607 2684 2662 hoc
2725 2614 2826 2670 est,
2875 2607 3014 2663 inter
3041 2607 3213 2662 lucem
3246 2616 3302 2664 et
3339 2611 3628 2678 tenebras.

2033 2699 2330 2769 Vesperqu
2361 2699 2439 2753 ab
2457 2697 2749 2769 apparente
2772 2699 3190 2768 stella—ejusdem
3231 2701 3472 2756 nominis
3489 2701 3636 2756 dici-

2035 2796 2144 2853 tur,
2175 2788 2241 2844 de
2261 2804 2367 2857 qua
2394 2797 2552 2859 poeta
2580 2789 2657 2842 ait
2688 2795 2713 2842 ε’
2941 2791 2946 2798 ’

2217 2878 2348 2930 Ante
2367 2878 2500 2928 diem
2523 2877 2686 2935 clauso
2708 2887 2966 2942 componet
2981 2879 3172 2944 Vesper
3202 2880 3428 2944 Olympo.

2035 2958 2436 3027 Conticinium,
2495 2961 2711 3031 quando
2760 2957 2942 3018 omnia
2988 2964 3470 3031 conticescunt,-id
3519 2977 3631 3034 e‘st,

2037 3051 2216 3106 silent.
2249 3051 2662 3123 Intempestum,
2704 3054 2881 3108 media
2911 3051 3037 3119 nox,
3073 3053 3130 3110 id
3182 3063 3283 3122 est,
3329 3058 3490 3127 quasi
3541 3059 3636 3112 in-

349 3166 512 3220 super
547 3158 770 3206 terram.
803 3150 974 3206 Omne
1013 3149 1212 3221 quippe
1239 3159 1448 3220 tempus
1471 3165 1580 3220 quo
1607 3149 1688 3206 sol
1723 3149 1792 3206 ab
1833 3166 1928 3207 oe-
1957 3140 2002 3202 C
2035 3150 2335 3210 actuosum,
2365 3145 2582 3214 quando
2605 3145 2855 3226 omnibus»
2883 3160 3074 3220 δοροτβ
3095 3146 3316 3216 (Inicus,
3341 3148 3479 3203 nihil
3497 3164 3638 3218 0P0-

348 3255 477 3295 casu
509 3241 576 3296 ad
597 3250 782 3296 ortum
813 3241 954 3295 redit
973 3257 1080 3296 nox
1101 3241 1316 3296 dicitur.

951 3349 1180 3407 CAPUT
1216 3349 1335 3404 XX.

895 3421 978 3476 De
1009 3421 1245 3492 partibus
1271 3421 1394 3476 diei.

422 3518 566 3574 Disc.
607 3518 752 3586 Quas
791 3519 1188 3576 subdivisiones
1223 3519 1340 3575 dies
1380 3517 1620 3588 vulgaris
1659 3518 1772 3572 sive
1802 3519 1933 3572 arti-

349 3597 542 3664 ﬁcialis
570 3609 761 3664 habet?
787 3609 928 3666 MAG.
975 3609 1132 3666 Tres.
1173 3609 1320 3665 DISC.
1362 3609 1552 3677 Quas?
1581 3608 1720 3665 Bito.
1751 3609 1929 3674 Mane,

348 3701 653 3768 meridiem,
677 3709 733 3756 et
765 3717 1095 3771 supremum.
1126 3701 1268 3756 Dtsc.
1299 3701 1454 3756 Mane
1479 3701 1614 3769 quid
1635 3701 1764 3756 est?
1788 3700 1929 3758 Msa.

347 3791 504 3846 Mane
533 3800 616 3849 est
644 3807 770 3860 pars
816 3791 921 3846 diei
973 3792 1181 3861 prima,
1235 3793 1304 3847 ab
1353 3798 1476 3847 ortu
1523 3792 1774 3848 videlicet
1804 3795 1934 3849 solis

347 3896 520 3950 usque
548 3881 616 3936 ad
645 3882 832 3935 horam
859 3890 1134 3950 quartam.
1166 3880 1311 3937 Dise.
1335 3880 1490 3936 Unde
1518 3882 1718 3937 dicitur
1741 3885 1934 3939 mane?

349 3969 487 4026 MAG.
529 3969 706 4034 Mane,
751 3979 810 4024 ut
847 3970 1012 4040 aliqui
1060 3971 1280 4037 volunt,
1315 3987 1346 4025 a
1378 3985 1541 4026 manu
1563 3971 1784 4027 dicitur.
1816 3973 1934 4028 Ma;

349 4075 474 4114 num
510 4060 653 4114 enim
685 4059 892 4128 antiqui
943 4060 1144 4115 bonum
1173 4059 1425 4116 dicebant
1449 4078 1462 4114 :
1489 4061 1620 4130 quid
1651 4062 1796 4118 enim
1826 4079 1936 4119 me-

311 4154 316 4166 '
349 4147 454 4206 lius
483 4159 567 4204 est
593 4149 710 4206 luce
730 4150 753 4204 ?
777 4150 902 4204 Sive
933 4165 1062 4220 ergo
1089 4166 1247 4210 mane
1277 4149 1476 4210 dicitur
1501 4167 1532 4206 a
1559 4153 1810 4210 manibus
1833 4195 1848 4220 ,
1880 4156 1935 4210 id

351 4245 456 4302 est,
507 4237 609 4291 diis
644 4237 1014 4304 inl‘ernorum;
1069 4239 1296 4310 gentiles
1347 4239 1495 4296 enim
1544 4242 1932 4310 aestimabant,

352 4327 568 4395 quando
617 4327 694 4385 sol
743 4329 986 4394 recedit,
1017 4332 1161 4400 quod
1193 4330 1268 4385 dii
1306 4329 1644 4412 inferuerum
1674 4332 1826 4388 illum
1865 4337 1936 4391 ad

351 4433 412 4474 se
445 4419 754 4474 traxissent.
789 4421 936 4478 Disc.
984 4421 1234 4480 Meridies
1273 4424 1404 4494 quid
1440 4425 1566 4480 est?
1609 4424 1749 4482 MAG.
1801 4425 1934 4484 Pars

2033 3234 2190 3290 randi
2225 3244 2446 3306 tempus
2465 3244 2569 3290 est.
2593 3233 2974 3304 Gallicinium,.
3000 3237 3218 3307 quando
3245 3237 3372 3310 galli
3402 3234 3635 3297 cantum

2032 3325 2232 3384 levant.
2263 3325 2604 3393 Matutinum,
2634 3329 2778 3400 inter
2821 3328 3134 3386 abscessum
3161 3333 3538 3390 ‘tenebrarum
3567 3344 3633 3390 et

2033 3430 2242 3471 aurorae
2289 3400 2597 3471 adventum.
2634 3417 2958 3484 Diluculum,
3001 3417 3176 3490 quasi
3200 3421 3315 3490 jam
3355 3423 3634 3493 incipiens

2033 3523 2200 3577 parva
2242 3509 2347 3564 diei
2382 3509 2493 3564 lux.
2523 3509 2650 3565 Haec
2677 3519 2734 3566 et
2761 3527 2956 3566 aurora
2982 3513 3293 3584 pertingent
3330 3501 3504 3585 usque
3553 3519 3636 3574 ad

2034 3601 2170 3666 solis,
2187 3609 2456 3657 exortum.
2506 3599 3049 3676 D-tsc.-llarum'ergo
3073 3607 3312 3677 partium
3359 3609 3634 3669 naturalis

2033 3692 2140 3746 diei
2169 3708 2288 3762 quae
2319 3693 2574 3762 prsecedit
2596 3694 2650 3748 in
2683 3702 2940 3766 tempore,
2985 3704 3165 3752 utrum
3203 3701 3310 3752 no:
3337 3711 3435 3753 seu
3461 3698 3578 3753 dies
3605 3701 3636 3754 ?

2034 3783 2174 3840 MAG.
2202 3785 2325 3840 Dies
2368 3786 2486 3841 sine
2512 3787 2676 3841 dubio
2700 3786 2768 3840 ab
2809 3787 2964 3843 initio
2992 3788 3180 3844 mundi
3219 3789 3496 3869 usquead
3536 3781 3646 3846 re;

2035 3875 2426 3932 surrectiouem
2447 3877 2675 3942 Christi,
2705 3879 3173 3936 a‘resurrectione
3215 3875 3394 3938 autem
3419 3883 3633 3941 Christi

2034 3983 2206 4037 usque
2251 3969 2320 4024 ad
2348 3968 2491 4024 diem
2533 3967 2722 4038 iudicii
2777 3984 2883 4025 non
2927 3972 3206 4043 praecedit.
3250 3972 3390 4052 Quia
3437 3975 3631 4032 divina

2034 4061 2345 4126 auctoritas,
2375 4077 2499 4130 quae
2520 4063 2726 4118 homini
2768 4079 2961 4122 casuro
2997 4080 3026 4120 a
3051 4064 3290 4136 paradisi
3333 4068 3543 4125 lumine
3570 4069 3630 4125 in

2034 4151 2177 4208 hanc
2218 4155 2521 4210 convallem
2575 4151 2934 4228 lacrymarum
2964 4158 3018 4214 in
3040 4159 3238 4215 Genesi
3263 4160 3378 4216 dies
3397 4176 3429 4216 a
3457 4177 3633 4218 mane

2035 4259 2156 4300 cum
2193 4246 2438 4316 sequenti
2457 4261 2680 4317 vespere
2705 4261 2876 4318 usque
2905 4249 2970 4304 ad
3001 4264 3158 4305 mane
3208 4249 3436 4305 alterum
3463 4266 3632 4306 οοιιι-

2035 4335 2300 4406 patandos
2342 4351 2462 4392 esse
2491 4335 2754 4404 decrevit,
2799 4339 2989 4394 eadem
3031 4339 3086 4395 in
3115 4341 3405 4410 Evangelia
3431 4358 3460 4396 a
3485 4359 3631 4414 pec-

2036 4432 2282 4480 catorum
2321 4425 2555 4481 tenebris
2589 4427 2660 4482 ad
2686 4443 2869 4483 veram
2915 4429 3092 4486 lucem
3135 4435 3511 4490 recedentibus
3541 4445 3633 4491 to-

351 4508 529 4562 media
566 4507 673 4568 diei
721 4510 790 4564 ab
825 4510 960 4566 hora
999 4512 1186 4580 quinta
1223 4492 1396 4582 ustme
1441 4514 1507 4568 ad
1543 4515 1734 4570 horam
1778 4524 1933 4572 octa-
1958 4492 2012 4552 ί)
2037 4517 2148 4572 tius
2176 4517 2280 4573 diei
2311 4527 2522 4590 tempus
2549 4535 2581 4574 a
2622 4535 2847 4592 vespera
2876 4521 3121 4579 inchoari
3161 4535 3216 4580 et
3255 4527 3333 4582 sic
3377 4543 3499 4596 cum
3531 4545 3630 4584 se-

353 4615 498 4684 vam.
535 4602 678 4659 Dtsc.
709 4602 864 4661 Unde
885 4605 1139 4660 meridies
1167 4623 1362 4668 nomen
1391 4609 1596 4664 traxit?
1631 4610 1770 4668 Mss.
1825 4611 1936 4668 Me-

356 4691 522 4747 ridies
552 4691 747 4746 dicitur
770 4694 924 4764 quasi
963 4695 1172 4750 medius
1204 4695 1338 4752 dies.
1399 4696 1526 4754 Sive
1563 4699 1819 4757 meridies
1851 4701 1934 4757 di-

355 4783 496 4836 citur
536 4783 688 4852 quasi
717 4799 884 4854 purus
912 4785 1048 4841 dies.
1077 4785 1136 4841 In
1166 4794 1280 4859 toto
1307 4789 1450 4844 enim
1472 4789 1559 4846 die
1581 4791 1712 4847 nihil
1740 4794 1930 4865 purius

243 4887 261 4900 ·
355 4883 442 4930 est
472 4875 713 4932 meridie.
755 4876 974 4948 Antiqui
1001 4878 1146 4934 enim
1192 4895 1398 4935 merum
1437 4896 1631 4950 purum
1655 4884 1924 4942 dicebant.

356 4965 502 5022 DISC.
549 4965 688 5034 Quid
716 4976 802 5022 est
827 4970 1176 5040 snpremum?
1203 4969 1342 5026 ΜΑα.
1371 4969 1507 5026 Pars
1530 4973 1637 5028 diei
1661 4983 1926 5042 extrema,

358 5055 426 5108 ab
463 5056 594 5111 hora
621 5055 828 5111 scilicet
872 5073 1012 5114 nona
1043 5075 1213 5129 usque
1251 5061 1320 5117 ad
1365 5076 1616 5118 occasum
1650 5063 1777 5120 solis
1808 5081 1932 5136 per-

359 5146 587 5218 tingens.
640 5147 787 5204 DISC.
849 5150 1169 5222 Supremum
1222 5170 1390 5225 quare
1434 5155 1666 5212 dicithr?
1701 5157 1840 5216 ΜΑσ.
1887 5161 1933 5215 Α

358 5238 758 5308 supprimendo.
793 5239 942 5296 'I‘uuc
967 5241 1112 5298 enim
1149 5243 1252 5308 sol,
1291 5245 1446 5314 quasi
1475 5262 1692 5302 cursum
1717 5251 1926 5319 suppri-

359 5343 512 5383 mens
537 5368 557 5393 ,.
597 5329 888 5386 inclinatur
915 5333 980 5387 ad
1010 5349 1281 5390 occasum.
1311 5335 1455 5392 DISC.
1493 5335 1615 5392 Htec
1653 5352 1782 5410 ergo
1832 5341 1932 5395 tria

357 5419 532 5487 spatia
583 5421 881 5477 artiﬁcialis
930 5424 1032 5479 diei
1081 5426 1372 5480 secundum
1410 5427 1538 5495 quid
1567 5429 1934 5488 ordinantur?

361 5508 500 5566 MAG.
535 5510 840 5568 Secundum
871 5529 1087 5570 cursum
1112 5516 1296 5584 utique
1323 5515 1471 5570 solis.
1503 5517 1638 5583 Quia
1665 5535 1823 5576 mane
1849 5532 1933 5578 est

359 5600 429 5654 ab
451 5611 581 5672 ortu
611 5604 739 5659 solis
767 5622 936 5676 usque
967 5607 1096 5661 dum
1127 5606 1207 5662 sol
1233 5606 1490 5662 ascendat
1519 5608 1572 5661 in
1593 5609 1928 5666 altitudinem

359 5692 483 5746 εαξη
516 5731 532 5756 ,
577 5696 830 5752 meridies
878 5708 1056 5754 autem
1085 5699 1197 5756 sole
1228 5713 1326 5768 per
1357 5697 1590 5753 medium
1635 5703 1828 5758 cmlum
1877 5707 1928 5760 in

2035 4608 2218 4679 quenti
2247 4609 2334 4665 die
2351 4613 2713 4667 consummari
2740 4615 2922 4670 sanxit
2942 4616 2997 4670 in
3027 4632 3326 4689 vesperam.

2597 4720 2826 4781 CAPUT
2854 4727 3042 4784 XXIII.

2033 4812 2136 4870 Ubi
2160 4815 2269 4870 dies
2310 4815 2528 4886 incipiat
2553 4837 2645 4874 seu
2681 4823 3020 4964 ﬁtlti7tur._‘Et
3049 4831 3136 4886 ubi
3161 4833 3362 4903 primus
3386 4834 3498 4890 dies
3519 4853 3630 4893 sce-

2660 4909 2724 4946 cu
2750 4912 2764 4946 ι
2819 4913 2925 4950 ueri
2953 4939 2968 4954 .

2660 4909 2764 4946 cun
2793 4909 2968 4954 luerit.

2105 4979 2248 5034 Dtsc.
2277 4979 2380 5036 Ubi
2409 4981 2524 5036 dies
2544 4986 2803 5070 naturalis
2825 4990 2928 5046 rite
2967 4991 3180 5049 initium
3212 4994 3475 5068 ﬁnemque
3505 5011 3630 5056 sor-

2037 5068 2204 5124 titur?
2230 5069 2370 5126 Mac.
2399 5068 2620 5130 Diverso
2649 5079 2940 5136 secundum
2965 5085 3240 5140 variarum
3260 5089 3500 5158 gentium
3552 5089 3622 5145 li-

2037 5161 2210 5216 bitum
2259 5162 2376 5218 dies
2423 5165 2686 5221 naturalis
2728 5168 2964 5238 incipere
3007 5171 3224 5230 dicitur.
3273 5176 3417 5232 Dtsc.
3468 5176 3624 5246 Quo-

2040 5249 2233 5306 modo?
2277 5251 2416 5308 MAG.
2449 5253 2585 5310 Nam
2617 5256 2849 5324 llebrzei,
2896 5261 3132 5320 Chaldtei
3175 5275 3233 5320 et
3276 5266 3471 5335 νει-δίε,
3525 5286 3619 5326 se-

2039 5351 2266 5409 quentes
2297 5342 2448 5410 juxta
2481 5347 2670 5414 prima:
2701 5350 3024 5408 conditionis
3074 5355 3318 5412 ordinem
3353 5358 3459 5420 diei
3485 5375 3616 5414 cur-

2039 5447 2178 5498 sum,
2206 5448 2238 5488 a
2265 5450 2424 5492 mane
2457 5437 2796 5507 inchOanles,
2847 5444 2917 5498 ad
2952 5461 3112 5502 mane
3163 5449 3453 5514 deducunt,
3487 5467 3616 5506 um-

2035 5523 2256 5578 brarum
2276 5526 2524 5582 videlicet
2551 5536 2758 5599 tempus
2788 5531 2891 5588 luci
2922 5549 3302 5607 supponentes.
3333 5541 3404 5595 At
3423 5553 3611 5597 contra

2037 5612 2273 5684 Egyptii
2303 5617 2370 5670 ab
2391 5632 2584 5672 occasu
2611 5621 2678 5674 ad
2699 5634 2972 5678 occasum.
3000 5625 3168 5683 Porro
3191 5629 3418 5686 Romani
3442 5647 3471 5684 a
3492 5647 3610 5688 me-

2037 5707 2124 5764 dio
2151 5709 2321 5762 noctis
2346 5710 2396 5762 in
2424 5712 2658 5768 medium
2685 5713 2906 5770 umbrat.
2931 5715 2996 5771 Et
3018 5715 3372 5778 Athenienses
3392 5739 3422 5777 a
3450 5721 3616 5778 meri-
