3970 6198
319 299 411 354 681
1584 304 1781 360 LIBER
1824 305 1909 358 DE
1948 304 2292 365 COMPUTO.

3459 325 3566 380 682

312 418 396 470 die
442 414 494 469 in
527 412 806 470 meridiem
859 415 974 471 dies
1028 432 1153 472 suos
1204 426 1515 486 computare
1561 419 1882 473 maluerunt.
1916 425 1965 481 Α
1992 421 2164 475 dicas.
2214 422 2350 477 Msa.
2397 424 2557 495 Ergo,
2606 427 2656 479 ni
2689 426 2858 492 fallor,
2891 439 3094 485 cuncta:
3142 433 3222 486 hac
3269 437 3474 504 species
3503 441 3568 494 ad

313 509 454 563 Disc.
488 506 605 574 Quo
634 521 764 560 sane
794 507 848 561 in
875 507 990 562 loco
1023 509 1230 578 primus
1256 509 1369 562 dies
1417 509 1597 563 saeculi
1642 509 1889 563 exstitit?

313 600 448 654 ch.
481 597 676 665 Quinta
722 599 930 653 decima
973 599 1330 654 Kalendarum
1355 599 1639 670 Aprilium,
1667 615 1774 669 quo
1819 599 1892 652 vi-

313 690 504 743 delicet
548 689 634 743 die
681 687 856 742 lucem
901 687 1184 743 formatam
1230 690 1478 760 primitus
1513 689 1805 752 credimus,
1837 697 1892 742 et

310 781 386 836 sic
431 789 541 835 tres
582 779 703 834 illos
732 779 850 835 dies
875 781 1081 849 primos
1134 781 1337 850 absque
1381 781 1501 836 ullis
1525 781 1780 836 horarum
1811 781 1892 835 di-

311 869 694 931 mensionibus,
743 877 802 922 ut
830 877 953 938 pote
999 871 1234 924 nondum
1271 870 1427 926 factis
1481 871 1767 934 sideribus,
1799 886 1892 925 cu-

309 961 564 1016 currisse.
590 960 796 1028 Quarto
839 961 1052 1015 demum
1099 977 1282 1028 mane,
1314 962 1414 1016 hoc
1443 973 1545 1026 est,
1576 962 1891 1017 duodecima

310 1051 427 1105 Kal.
457 1050 683 1120 Aprilis,
710 1050 789 1106 sol
826 1059 882 1104 et
909 1050 1084 1106 sidera
1115 1052 1330 1107 condita
1357 1061 1502 1116 sunt,
1530 1060 1589 1106 ut
1630 1061 1812 1106 essent
1835 1052 1889 1107 in

309 1142 459 1212 signa
493 1148 545 1195 et
571 1149 812 1211 tempora
848 1149 902 1196 et
933 1141 1047 1196 dies
1068 1150 1123 1196 et
1145 1157 1333 1197 annos.

878 1251 1104 1308 CAPUT
1135 1252 1326 1306 XXIV.

876 1321 954 1375 De
980 1322 1328 1377 hebdomada.

376 1410 525 1466 Disc.
556 1410 898 1466 llebdomada
937 1412 1067 1481 quid
1093 1413 1206 1467 est?
1249 1412 1389 1468 MAG.
1423 1413 1641 1484 Septem
1681 1415 1890 1470 dierum

303 1516 518 1556 cursus.
570 1501 714 1557 DISC.
770 1502 923 1558 Unde
975 1503 1174 1558 dicitur
1228 1505 1600 1561 hebdomada?
1651 1507 1790 1564 MAG.
1842 1507 1890 1562 A

305 1593 616 1663 septenario
636 1593 820 1664 utique
843 1609 1067 1650 numero
1085 1595 1419 1653 hebdomada
1443 1611 1637 1654 nomen
1659 1599 1886 1669 accepit.

303 1681 442 1736 Nam
473 1681 805 1738 hebdomada
835 1682 1045 1748 Graece,
1094 1685 1392 1755 septimana
1439 1685 1637 1741 dicitur
1677 1686 1886 1751 Latine,

1997 525 2159 564 unum
2192 511 2350 565 finem
2382 522 2643 582 spectant,
2680 533 2775 571 nos
2795 519 3010 588 quidem
3052 524 3421 593 admonentes,
3449 538 3573 598 post

1993 615 2215 668 operum
2263 602 2523 658 lzonorum
2567 605 2974 675 perfectionem,
3026 611 3078 665 in
3133 613 3365 683 Spiritus
3398 619 3569 673 sancti

1993 691 2160 758 gratia
2184 704 2493 762 perpetuam
2517 711 2738 765 sperare
2759 699 3012 766 quietem.

2565 783 2792 841 CAPUT
2829 787 3016 843 XXVI.

2386 871 2460 926 De
2492 875 2914 931 denominatione
2949 879 3171 935 dierum.

2065 961 2208 1017 DISC.
2239 960 2368 1028 Qua:
2399 971 2577 1016 autem
2628 964 2699 1018 sit
2743 975 2888 1020 recta
2915 977 2970 1022 et
3019 970 3326 1027 authentica
3359 975 3566 1031 dierum

1994 1051 2345 1105 hebdomadas
2392 1054 2718 1121 nuncupatio
2766 1055 2966 1124 profer.
3029 1057 3168 1115 MAG.
3225 1062 3570 1121 Hebdomada

1992 1155 2121 1212 ergo
2145 1141 2442 1214 antiquitus
2468 1143 2546 1197 sic
2571 1146 2982 1213 computabatur
3010 1148 3060 1202 in
3091 1152 3286 1220 p0pulo
3315 1155 3428 1208 Dei.
3455 1155 3570 1209 Pri-

1994 1245 2079 1283 ma
2125 1230 2353 1296 sabbati,
2386 1231 2468 1284 vel
2497 1247 2600 1286 una
2647 1234 2874 1300 sabbati,
2926 1237 3038 1293 sive
3081 1241 3449 1310 sabbatorum,
3481 1261 3570 1301 se-

1993 1320 2166 1374 cunda
2196 1322 2424 1386 sabbati,
2455 1323 2610 1378 tertia
2648 1325 2879 1392 sabbati,
2908 1341 3099 1397 quarta
3130 1332 3359 1400 sabbati,
3384 1337 3570 1405 quinta

1994 1411 2222 1476 sabbati,
2241 1421 2393 1466 sexta
2414 1414 2644 1480 sabbati,
2664 1417 2886 1486 septima
2904 1421 3136 1487 sabbati,
3159 1423 3242 1478 vel
3263 1424 3566 1481 sabbatum.

1993 1503 2109 1558 Non
2161 1505 2304 1574 quod
2345 1521 2532 1562 omnes
2582 1507 2947 1576 sabbatorum,
2983 1512 3085 1567 hoc
3136 1523 3238 1580 est,
3281 1516 3570 1584 requietio-

1993 1611 2121 1650 num
2150 1597 2265 1652 dies
2309 1612 2427 1652 esse
2450 1600 2754 1667 potuerint;
2794 1607 2886 1656 sed
2932 1603 3075 1672 quod
3113 1619 3144 1658 a
3175 1605 3589 1674 requietionum/

1993 1686 2101 1750 die,
2124 1702 2242 1756 quae
2270 1703 2368 1742 suo
2399 1690 2542 1743 cultu
2589 1699 2644 1745 et
2679 1693 2893 1747 nomine
2922 1694 3211 1764 singularis
3249 1696 3566 1764 excellebat,

303 1789 368 1828 eo
398 1773 544 1842 quod
583 1781 784 1845 septem
830 1789 1039 1841 manes,
1086 1774 1138 1830 id
1183 1785 1286 1840 est,
1315 1776 1430 1832 dies
1475 1787 1698 1846 septem,
1727 1779 1777 1832 in
1826 1794 1884 1833 se
1915 1766 1959 1824 Β
1988 1777 2160 1844 prima
2186 1777 2272 1831 vel
2305 1779 2538 1832 secunda
2567 1779 2650 1834 vel
2679 1781 2835 1834 tertia
2867 1775 2952 1835 v‘el
2981 1793 3190 1838 caetera:
3224 1799 3320 1840 suo
3344 1800 3569 1858 quaeque

302 1863 701 1933 complectitur.

878 1953 1105 2010 CAPUT
1144 1955 1310 2009 XXV.

666 2045 745 2100 De
774 2045 1040 2116 speciebus
1068 2045 1531 2100 hebdomadarum.

373 2134 521 2188 ὓπερ.
561 2134 902 2190 Hebdomada
931 2135 1212 2205 speciebus
1239 2134 1521 2191 uniformis
1549 2152 1616 2191 an
1652 2136 1889 2208 polyfor-

296 2225 407 2280 mis
453 2225 572 2280 est?
615 2224 754 2282 MAG.
805 2224 1126 2297 Polyformis
1177 2226 1381 2297 Utique,
1420 2228 1544 2296 quia
1596 2226 1890 2298 Scripturae

297 2323 509 2370 sancta:
527 2315 848 2370 auctoritate
871 2311 1057 2371 multis
1077 2315 1358 2387 speciebus
1377 2324 1461 2372 est
1477 2316 1721 2388 insignis.
1740 2315 1883 2372 DISC.

294 2403 617 2471 Quomodo?
645 2403 783 2461 MAG.
814 2405 998 2460 Prima
1055 2420 1183 2477 ergo
1211 2421 1275 2461 ac
1324 2406 1612 2477 singularis
1638 2406 1728 2461 illa
1760 2407 1890 2462 heb-

294 2497 557 2563 domada,
581 2505 636 2551 et
665 2512 695 2552 a
726 2511 830 2565 qua
857 2506 1068 2553 caeteras
1109 2496 1338 2552 formam
1369 2504 1678 2566 capessunt,
1710 2497 1888 2552 divina

294 2598 388 2646 est
413 2589 739 2660 operatione
784 2589 1031 2644 sublimis
1065 2589 1230 2658 :quia
1278 2589 1536 2644 Dominus
1563 2603 1655 2644 sex
1705 2589 1890 2644 diebus

295 2682 488 2739 mundi
515 2691 767 2738 ornatum
787 2680 1082 2751 complens,
1107 2681 1332 2751 septima
1371 2680 1635 2751 requievit
1677 2680 1744 2734 ab
1763 2695 1891 2750 ope—

295 2771 454 2826 ribus
479 2772 616 2827 suis.
647 2770 729 2826 Ad
754 2771 914 2841 hujus
937 2771 1244 2842 exemplum
1289 2770 1484 2825 divinas
1516 2771 1887 2834 hebdomadis,

293 2862 540 2917 secunda
593 2861 902 2916 hominibus
948 2862 1284 2917 observanda
1326 2862 1632 2928 mandatur,
1679 2863 1891 2917 dicente

293 2952 534 3007 Domino
567 2969 580 3005 :
613 2949 718 3005 Sex
737 2950 919 3005 diebus
946 2950 1244 3021 operaberis
1270 2959 1317 3004 et
1348 2950 1508 3020 facies
1535 2951 1710 3005 omnia
1734 2967 1888 3020 opera

291 3053 412 3096 tua.
441 3041 672 3112 Septima
707 3051 880 3096 autem
927 3041 1010 3096 die
1037 3041 1238 3096 sabbati
1268 3041 1484 3096 Domini
1514 3042 1612 3096 Dei
1659 3043 1737 3096 tui
1783 3058 1887 3096 non

1989 1877 2340 1944 censerentur
2367 1869 2579 1924 ordine.
2610 1870 2756 1924 Disc.
2783 1871 2848 1924 Et
2876 1873 3016 1928 unde
3061 1875 3178 1930 istae
3215 1879 3568 1948 nuncupatio-

1990 1972 2105 2023 nes,
2136 1971 2360 2026 quarum
2399 1959 2641 2014 moderni
2690 1968 2932 2027 utuntur,
2975 1967 3268 2022 venerunt?
3315 1966 3457 2023 MAG.
3485 1968 3565 2022 Ex

1991 2046 2209 2116 antiqua
2265 2047 2471 2103 scilicet
2525 2051 2861 2105 ethnicorum
2921 2055 3319 2123 superstitione.
3367 2059 3563 2113 Verum

1990 2153 2112 2191 cum
2143 2139 2370 2208 gentiles
2398 2141 2828 2196 observationem
2856 2158 2885 2198 a
2924 2144 3118 2216 papulo
3167 2146 3330 2202 Israel
3360 2149 3563 2206 hebdo-

1991 2228 2162 2282 madis
2190 2229 2510 2296 ediscerent,
2553 2247 2675 2286 mox
2707 2233 2843 2288 hanc
2881 2234 2933 2288 in
2964 2234 3174 2290 laudem
3213 2252 3434 2293 suorum
3475 2239 3565 2294 de-

1991 2313 2187 2370 ﬂexere
2209 2317 2453 2383 deorum,
2485 2320 2713 2388 primam
2741 2321 2988 2376 videlicet
3029 2323 3166 2378 diem
3207 2321 3342 2391 Soli,
3373 2341 3564 2382 secun-

1991 2407 2112 2461 dam
2139 2406 2322 2472 Lunm,
2358 2409 2571 2463 tertiam
2603 2409 2780 2474 Marti,
2815 2421 3060 2480 quartam
3097 2412 3383 2480 Mercurio,
3410 2415 3568 2484 quin-

1993 2503 2100 2549 tam
2120 2495 2254 2558 .lovi,
2282 2505 2486 2551 sextam
2509 2498 2726 2562 Veneri,
2744 2501 3023 2568 septimam
3046 2499 3280 2557 Saturno
3300 2504 3564 2568 dicantes,

1991 2585 2190 2641 eisdem
2221 2587 2408 2656 utique
2431 2588 2687 2642 monstris
2733 2603 2859 2643 suos
2885 2589 3000 2645 dies
3029 2591 3225 2660 quibus
3247 2600 3302 2647 et
3326 2594 3564 2648 errantia

1991 2675 2169 2730 sidera
2189 2686 2589 2732 consecrantes.
2616 2677 3009 2734 Extstimabant
3039 2680 3184 2738 enim
3216 2695 3272 2735 se
3300 2681 3500 2736 habere
3533 2699 3564 2736 a

1995 2763 2118 2820 Sole
2144 2765 2409 2835 spiritum,
2443 2781 2472 2819 a
2500 2766 2650 2820 Luna
2695 2781 2911 2837 corpus,
2939 2783 2967 2822 a
2996 2767 3164 2824 Marte
3209 2768 3497 2836 fervorem,
3533 2787 3566 2825 a

1993 2855 2254 2910 Mercurio
2280 2857 2597 2927 sapientiam
2642 2867 2697 2913 et
2725 2859 2966 2922 verbum,
3011 2875 3041 2914 a
3081 2859 3212 2917 Jove
3263 2870 3566 2933 temperan-

1993 2945 2146 3010 tiam,
2188 2960 2218 3000 a
2252 2945 2462 3001 Venere
2509 2946 2856 3016 voluptatem,
2906 2965 2936 3004 a
2960 2949 3198 3028 Saturno
3235 2952 3560 3008 tarditatem.

1995 3035 2062 3090 Et
2083 3036 2151 3091 ob
2173 3036 2276 3092 hoc
2305 3044 2454 3092 tanto
2483 3037 2652 3094 errori
2685 3054 2742 3093 se
2792 3039 3077 3106 dederunt,
3103 3041 3362 3112 eligentes
3389 3043 3566 3113 potius

292 3134 468 3204 facias
496 3149 646 3186 omne
673 3149 824 3204 opus,
849 3141 905 3188 et
933 3132 1158 3204 reliqua.
1195 3133 1376 3188 Tertia
1425 3135 1633 3204 Species
1679 3135 1880 3190 hebdo-

1993 3126 2194 3181 servire
2220 3135 2484 3182 creatura:
2514 3142 2675 3196 quam
2702 3128 2967 3184 Creatori.

292 3223 477 3278 madis
504 3223 558 3277 in
581 3224 946 3280 celebratione
974 3224 1320 3280 Pentecostes
1351 3225 1548 3296 agitur,
1579 3233 1784 3296 septem
1808 3226 1888 3279 vi-

293 3311 498 3369 delicet
519 3313 833 3382 septimanis
859 3313 1068 3369 dierum
1085 3316 1149 3369 ‘et
1189 3314 1439 3380 monade,
1472 3315 1574 3370 hoc
1601 3322 1702 3380 est,
1725 3315 1884 3385 quin-

293 3405 561 3476 quaginta
583 3405 770 3460 diebus
797 3405 1034 3475 impleta.
1065 3404 1179 3472 Qua
1205 3405 1292 3460 die
1319 3413 1372 3461 et
1393 3405 1601 3476 Moyses
1629 3406 1682 3460 in
1705 3413 1886 3461 monte

295 3495 476 3566 legem
500 3510 530 3549 a
558 3496 784 3551 Domino
807 3496 1033 3565 accepit,
1058 3503 1113 3550 et
1133 3494 1382 3550 Christus
1409 3496 1461 3550 in
1488 3495 1682 3567 linguis
1718 3496 1886 3567 igneis

295 3565 539 3657 spiritus
575 3585 747 3640 sancti
800 3586 1030 3656 gratiam
1076 3585 1142 3640 de
1167 3583 1305 3641 ccelo
1336 3585 1502 3640 misit.
1534 3565 1733 3652 Quarta
1765 3565 1885 3654 scp-

299 3676 422 3730 timi
489 3676 694 3730 mensis
746 3685 863 3731 erat
912 3675 1265 3740 hebdomada,
1305 3676 1395 3744 qui
1455 3675 1884 3731 solemnitatibus

294 3766 580 3838 praeclaris
630 3780 766 3834 pene
813 3773 957 3821 totus
985 3766 1404 3836 expendebatur,
1429 3766 1644 3835 quando
1677 3775 1732 3818 et
1772 3765 1884 3819 dies

295 3857 702 3929 propitiationis
749 3866 805 3912 et
847 3856 1110 3912 festivitas
1158 3856 1650 3911 Tabernaculorum
1697 3870 1883 3909 secun-

295 3947 426 4002 dum
461 3947 636 4017 legem
684 3945 1115 4002 celebrabantur.
1167 3945 1361 4012 Quinta
1420 3945 1753 4000 hebdomada
1801 3954 1882 3998 est

294 4038 520 4108 septimi
550 4037 697 4102 anni,
721 4038 827 4108 quo
857 4045 966 4092 toto
993 4037 1220 4107 populus
1256 4037 1323 4092 ab
1346 4037 1676 4108 agriculandi
1721 4051 1882 4106 opere

297 4129 435 4199 legis
487 4129 712 4198 imperio
739 4128 984 4193 vacabat,
1041 4129 1253 4183 dicente
1283 4128 1550 4182 Domino:
1584 4125 1690 4182 Sea:
1729 4129 1881 4180 annis

293 4237 437 4274 seres
467 4236 653 4289 agrum
680 4231 849 4285 tuum,
875 4221 1091 4290 septimo
1120 4219 1362 4275 cessabis.
1416 4219 1579 4275 Sexta
1622 4221 1747 4274 anni
1790 4220 1881 4275 Ju-

292 4313 460 4375 l.il:ei,
527 4312 630 4366 hoc
683 4319 767 4366 est
811 4311 1180 4378 remissionis,
1230 4310 1565 4366 hebdomada
1614 4317 1715 4374 est,
1763 4326 1882 4380 qua:

294 4413 512 4475 septem
535 4403 956 4459 hebdomadibus
978 4418 1260 4467 annorum,
1283 4401 1387 4458 hoc
1405 4410 1506 4468 est,
1529 4402 1882 4472 quadraginta

297 4509 500 4549 novem
549 4494 728 4558 annis,
778 4494 996 4548 texitur.
1047 4493 1162 4560 Qua
1195 4493 1426 4563 expleta,
1457 4493 1558 4548 hoc
1594 4502 1698 4558 est,
1729 4493 1885 4561 quin-

291 4585 616 4654 quagesimo
643 4584 857 4639 demum
889 4598 1030 4638 anno
1065 4583 1376 4654 incipiente,
1404 4583 1542 4638 tubae
1573 4583 1771 4638 clarius
1794 4599 1881 4638 re-

293 4676 591 4740 sonabant,
615 4685 669 4729 et
712 4677 777 4730 ad
797 4690 988 4730 omnes
1009 4675 1163 4744 juxta
1197 4676 1365 4747 legem
1408 4678 1675 4745 possessio
1703 4692 1883 4731 rever-

293 4767 518 4821 tebatur
573 4768 812 4836 antiqua.
864 4765 1103 4837 Septima
1153 4767 1366 4837 species
1407 4767 1752 4821 hebdomadis
1800 4777 1884 4820 cst

290 4872 404 4927 qua
446 4858 710 4929 propheta
742 4858 926 4914 Daniel
957 4859 1148 4922 utitur,
1177 4873 1328 4913 more
1370 4859 1584 4928 quidem
1614 4857 1748 4929 legis
1798 4873 1882 4912 se-

289 4948 478 5017 ptenis
512 4949 670 5003 annis
711 4948 947 5019 singulas
989 4948 1347 5018 complectens
1378 4948 1758 5013 hebdomadas,
1788 4949 1881 5002 scd

291 5053 439 5092 nova
474 5038 686 5092 ratione
717 5039 863 5108 ipsos
883 5052 1054 5093 annos
1082 5037 1422 5101 abbrevians,
1454 5036 1712 5091 duodenis
1731 5035 1880 5089 vide-

289 5127 426 5182 licet
453 5128 728 5182 mensibus
774 5127 911 5182 lunte
947 5127 1186 5197 singulos
1229 5127 1612 5182 determinans.
1645 5126 1882 5182 Emboli-

290 5233 447 5273 smos
468 5233 596 5273 vero
619 5234 850 5284 menses,
881 5219 972 5288 qui
999 5219 1067 5273 de
1093 5219 1252 5273 annis
1286 5219 1534 5273 undecim
1569 5226 1878 5287 epactarum

289 5307 490 5362 diebus
519 5322 833 5363 accrescere
875 5308 1068 5372 solent,
1111 5323 1218 5362 non
1265 5307 1381 5378 lege
1409 5308 1581 5376 patria
1613 5308 1772 5361 tertio
1800 5306 1880 5359 vel

289 5397 473 5454 altero
501 5413 642 5452 anno
672 5398 915 5469 singulos
953 5397 1231 5466 adjiciens,
1260 5398 1356 5453 sed
1395 5399 1488 5453 ubi
1535 5398 1602 5452 ad
1630 5397 1880 5453 duodeci-

287 5502 446 5542 mum
477 5503 759 5543 numerum
788 5488 1124 5559 augescendo
1145 5488 1509 5558 pervenirent,
1542 5503 1637 5557 pro
1674 5488 1879 5556 integro

289 5593 445 5633 anno
471 5579 678 5648 pariter
710 5579 1060 5636 interserens.
1088 5579 1230 5634 Disc.
1254 5578 1312 5634 Si
1335 5580 1416 5634 ha:
1441 5587 1646 5649 septem
1676 5580 1882 5648 species

288 5669 758 5726 hebdomadarum
785 5671 988 5741 aliquid
1015 5673 1298 5741 mysticum
1326 5673 1649 5742 signiﬁcent,
1674 5687 1800 5741 rogo
1823 5681 1882 5725 ut

695 5763 970 5826 PATROL.
1006 5763 1193 5824 CVII.

1915 4462 1962 4519 ι)

2539 3238 2764 3297 CAPUT
2805 3240 3011 3296 XXVII.

2639 3310 2713 3366 De
2735 3312 2902 3380 feriis.

2058 3402 2200 3456 Dtsc.
2239 3400 2344 3456 Sed
2379 3401 2421 3456 si
2465 3402 2638 3456 errori
2684 3402 2809 3456 huic
2855 3401 3068 3473 aliquod
3112 3403 3563 3459 medicamentum

1986 3492 2076 3557 sit,
2123 3491 2228 3546 dic.
2265 3490 2404 3547 Mss.
2435 3491 2716 3547 Inventum
2766 3499 2850 3547 est
2893 3493 3095 3570 utique.
3142 3491 3278 3548 Nam
3307 3493 3564 3550 Silvester

1983 3598 2118 3652 papa
2156 3583 2322 3638 ferias
2344 3583 2546 3638 habere
2581 3582 2787 3638 clerum
2829 3583 3061 3640 edocuit.
3093 3585 3160 3640 Et
3182 3579 3560 3657 primam'qui-

1985 3674 2104 3726 dem
2152 3673 2314 3738 diem,
2360 3689 2464 3743 qua
2497 3682 2552 3728 et
2601 3673 2692 3728 lux
2723 3675 2775 3728 in
2807 3674 3071 3744 principio
3110 3675 3250 3732 facta
3277 3687 3334 3732 et
3360 3677 3562 3734 Christi

1983 3773 2065 3819 est
2098 3764 2491 3820 resurrectione
2538 3763 2836 3828 celebrata,
2866 3780 3014 3820 more
3067 3766 3288 3836 antiquo
3317 3768 3560 3823 Domini-

1983 3869 2100 3908 cam
2137 3855 2480 3923 nuncupavit.
2508 3853 2641 3908 Dein
2668 3855 2959 3910 secundam
3000 3855 3215 3920 feriam,
3241 3857 3456 3912 tertiam
3484 3858 3563 3914 fe-

1986 3946 2137 4009 riam,
2170 3953 2420 4015 quartam
2443 3946 2656 4012 feriam,
2677 3947 2919 4016 quintam
2945 3946 3132 4003 feriam
3155 3958 3210 4004 et
3231 3959 3464 4016 sextam,
3495 3953 3563 4008 de

1983 4050 2080 4090 suo
2106 4043 2402 4090 annectens
2423 4036 2702 4092 sabbatum
2723 4053 2788 4091 ex
2828 4039 2996 4092 veteri
3019 4039 3282 4108 scriptura
3315 4042 3558 4096 retinuit.

1985 4127 2125 4181 DISC.
2160 4127 2311 4182 Unde
2345 4128 2543 4182 dicitur
2571 4127 2744 4182 feria?
2793 4128 2930 4184 MAG.
2956 4130 3000 4184 A
3046 4130 3206 4187 fando
3242 4133 3465 4190 scilicet.
3496 4137 3564 4191 Et

1957 4216 2102 4292 __ideo
2151 4216 2460 4271 Dominicus
2502 4217 2640 4283 dies,
2668 4219 2723 4272 in
2769 4218 3054 4287 quodixit
3107 4220 3247 4276 Deus
3277 4221 3399 4276 Fiat
3443 4224 3560 4289 lux,

1984 4306 2156 4376 prima
2185 4305 2317 4361 feria
2346 4305 2451 4360 dici
2481 4315 2674 4377 potest.
2706 4307 2906 4362 Deinde
2933 4317 3138 4364 caeteras
3161 4311 3306 4366 ferire
3335 4329 3365 4367 a
3388 4315 3560 4382 prima

1988 4405 2358 4452 numerantur.
2411 4398 2556 4452 DISC.
2626 4396 2968 4453 Hebdomada
3024 4414 3154 4469 ergo
3216 4409 3347 4470 quot
3397 4402 3561 4457 horas

1989 4491 2267 4546 continet?
2318 4489 2456 4546 MAG.
2504 4506 2702 4544 ccxvn.
2762 4492 2903 4545 DISC.
2935 4491 3078 4558 Quot
3125 4496 3387 4564 punctos?
3416 4495 3554 4551 MAG.

1990 4599 2186 4639 ocaxn.
2243 4585 2386 4638 DISC.
2441 4582 2581 4650 Quot
2635 4583 2872 4638 minuta?
2919 4584 3056 4641 illac.
3106 4586 3354 4643 Focum.
3413 4590 3558 4646 DISC.

1987 4675 2127 4741 Quot
2177 4673 2390 4743 partes?
2433 4672 2571 4728 Mss.
2624 4672 2796 4728 ﬁnxx.
2857 4673 2998 4730 Disc.
3057 4677 3199 4743 Quot
3254 4681 3562 4734 momenta?

1987 4763 2125 4820 MAG.
2174 4765 2429 4819 iTinccxx.
2480 4766 2623 4819 Disc.
2671 4763 2814 4831 Quot
2860 4767 3113 4820 ostenta?
3163 4767 3301 4825 MAG.
3354 4768 3558 4825 Yux-x.

1989 4855 2131 4910 Dtsc.
2154 4854 2295 4920 Quot
2323 4854 2566 4907 atomos?
2586 4854 2723 4908 ΜΑο.
2748 4857 2828 4910 ITI.
2859 4855 3023 4910 millia
3051 4855 3274 4909 millium
3298 4865 3351 4913 et
3368 4857 3557 4911 bccﬁ.

1987 4957 2166 4998 DCCCC.

2527 5031 3018 5088 CAPUTXXVIII.

2587 5122 2659 5176 De
2689 5125 2966 5176 mensibus.

2057 5211 2200 5266 Disc.
2232 5211 2430 5266 Mensis
2459 5213 2584 5282 quid
2635 5217 2752 5268 est?
2785 5215 2922 5269 MAG.
2954 5216 3181 5269 Lunaris
3226 5229 3322 5283 per
3372 5213 3556 5268 zodia-

1988 5319 2118 5379 cum‘
2157 5303 2432 5358 circuitus.
2468 5304 2610 5360 DISC.
2649 5305 2799 5360 Unde
2837 5305 3034 5360 dicitur
3069 5305 3299 5359 mensis?
3330 5303 3469 5359 MAG.
3514 5304 3559 5357 A

1987 5393 2133 5458 luna,
2159 5408 2277 5463 quae
2298 5395 2484 5451 Cra-co
2507 5412 2753 5453 sermone
2774 5415 2918 5452 mene
2939 5399 3153 5452 dicitur.
3181 5396 3314 5451 Nam
3345 5407 3398 5452 et
3418 5398 3558 5467 apud

1986 5499 2078 5539 eos
2104 5500 2317 5541 menses
2336 5498 2596 5544 vocantur
2620 5504 2820 5543 menes.
2850 5488 3000 5544 Sicut
3027 5497 3081 5543 et
3117 5488 3257 5559 apud
3285 5487 3558 5553 Hebraeos,

1989 5575 2315 5647 Hieronymo
2343 5586 2498 5643 teste,
2530 5595 2654 5643 una,
2686 5593 2846 5648 quam
2884 5577 3009 5633 lare
3036 5579 3332 5645 nominant,
3363 5579 3558 5633 mensi-

1988 5670 2086 5722 bus
2107 5683 2302 5721 nomcn
2327 5670 2488 5724 dedit.
2517 5670 2665 5723 Unde
2693 5679 2745 5722 et
2776 5669 2931 5724 Iesus
2957 5669 3097 5725 ﬁlius
3123 5670 3312 5726 Sirach
3342 5671 3407 5727 de
3435 5669 3558 5724 luna

2967 5765 3048 5824 22
