3970 6198
390 313 508 367 ⁵695

1044 306 1102 359 Β.
1147 306 1394 361 RABANI
1436 306 1653 361 MAURI
1690 306 2005 361 ARCIIIIEI’.
2040 273 2353 363 MOG‘UNT.
2390 307 2671 366 OPEBUM
2712 309 2890 367 PARS
2928 311 2969 365 I.

3530 314 3631 376 68$

394 424 622 495 loquens
646 425 725 479 ait
758 443 770 476 :
800 422 996 477 Mensis
1037 419 1318 496 secundum
1348 434 1531 472 nomen
1558 427 1631 472 est
1656 417 1791 486 ejus.
1819 418 1963 472 DISC.
1996 422 2044 478 Α
2072 430 2309 472 mensem
2337 419 2422 473 cui
2453 419 2716 474 mensium
2753 419 3116 476 Romanorum
3144 423 3449 480 rectissime
3476 426 3641 496 depu-

389 492 590 571 ‘Utrum
608 512 677 568 ad
706 511 874 567 solem
894 526 962 564 an
983 492 1164 562 lunam
1189 508 1387 563 mensis
1424 506 1691 577 pertinet?
1716 506 1857 562 MAG.
1882 505 1965 561 Ad

400 614 675 677 utrosque,
702 604 796 660 sed
839 602 1010 672 magis
1037 600 1104 655 ad
1147 600 1346 655 lunam.
1389 598 1616 669 Ideoque
1646 598 1848 654 rectius
1890 598 1964 653 ita

399 695 758 750 dilliniendum
784 702 933 763 puto,
962 691 1105 761 quod
1138 691 1339 745 mensis
1386 689 1459 743 sit
1494 688 1709 743 luminis
1760 687 1964 744 lunaris

396 785 671 849 circuitus,
696 798 762 837 ac
784 780 1164 850 redintegratio
1184 779 1249 834 de
1273 793 1410 834 nova
1431 777 1498 832 ad
1521 791 1734 832 novam.
1758 775 1966 833 Solaris

394 882 574 927 autem
621 872 824 928 mensis
847 869 1108 942 digressio
1145 868 1272 923 solis
1320 876 1402 923 est
1445 882 1542 937 per
1593 866 1962 923 duodecimam

392 969 598 1031 partem
638 958 865 1025 zodiaci,
889 958 943 1013 id
967 967 1073 1023 est,-
1102 956 1345 1027 signiferi
1367 956 1572 1022 circuli,
1597 971 1717 1027 qua:
1743 957 1961 1028 triginta

390 1055 580 1109 diebus
605 1064 661 1109 et
679 1054 861 1108 decem
886 1052 1049 1108 semis
1076 1051 1225 1106 horis
1249 1050 1520 1119 impletur,
1545 1049 1736 1121 viginti
1755 1051 1963 1106 duabus

392 1144 639 1199 videlicet
662 1143 811 1197 horis
853 1155 917 1196 ac
940 1140 1160 1195 dimidia
1202 1139 1377 1193 lunari
1409 1153 1592 1194 mense
1626 1138 1955 1210 productior.

388 1232 665 1301 Siquidem
696 1230 887 1286 solaris
935 1229 1137 1284 mensis
1174 1244 1324 1299 aequa
1369 1228 1631 1284 divisione
1671 1236 1783 1284 toto
1819 1244 1961 1284 anno

387 1337 484 1390 per
512 1320 793 1376 duodecim
836 1320 1037 1390 partito
1081 1319 1321 1374 continet
1362 1318 1476 1374 dies
1501 1319 1745 1389 triginta,
1774 1319 1957 1374 decem

385 1416 548 1470 horas
575 1404 639 1469 ac
659 1413 958 1469 semissem.
979 1410 1209 1467 Lunaris
1227 1424 1356 1465 vero
1377 1410 1617 1465 continet
1642 1409 1961 1466 naturaliter

382 1506 502 1560 dies
530 1504 718 1575 viginti
738 1517 935 1559 novem
957 1510 1013 1557 ct
1033 1499 1315 1556 duodecim
1345 1499 1527 1555 horas.
1560 1497 1667 1554 Sed
1687 1498 1815 1567 quia
1842 1499 1957 1553 bmc

378 1594 717 1665 computatio
761 1591 991 1648 diliicilis
1022 1589 1143 1656 fuit,
1192 1590 1401 1659 antiqui
1452 1589 1817 1645 Romanorum
1860 1589 1957 1643 de-

385 1684 674 1739 cernebant
700 1682 907 1751 aliquos
935 1682 1192 1737 solarium
1212 1681 1479 1736 mensium
1507 1681 1622 1736 dies
1645 1681 1846 1736 habere
1867 1680 1959 1734 tri-

2071 506 2284 560 tamus?
2310 505 2450 562 MAG.
2477 506 2678 577 Aprilis
2704 506 2955 565 videlicet
2983 527 2996 563 :
3025 511 3153 581 quia
3192 512 3246 567 in
3285 526 3352 569 eo
3379 521 3476 569 aut
3514 515 3639 573 luna

2065 595 2334 665 paschalis
2380 594 2593 663 ﬁnitur;
2636 598 2816 653 autin
2859 614 2926 655 eo
2968 601 3251 672 inci-piens,
3285 616 3354 660 ex
3401 606 3639 663 maxima

2065 694 2218 757 parte
2245 686 2504 743 decurrit.

2632 779 2858 835 CAPUT
2903 778 3052 836 XXX

2449 871 2529 925 De
2552 870 2924 942 Egyptiorunt
2953 870 3231 926 mensibus.

2134 958 2280 1016 Dtsc.
2308 958 2545 1031 Egyptii
2587 974 2738 1023 vero,
2760 974 2897 1029 quos
2934 959 3003 1014 ab
3026 960 3299 1017 Abraham
3324 972 3538 1020 constat
3563 966 3638 1021 dio

2062 1046 2258 1103 dicisse
2282 1048 2650 1120 astrologiam,
2698 1050 2967 1118 quomodo
2994 1065 3207 1105 menses
3251 1065 3383 1109 suos
3422 1068 3638 1125 compu-

2064 1140 2212 1191 tant?
2238 1137 2375 1194 MAG.
2402 1138 2707 1194 Secundum
2741 1136 2872 1195 solis
2898 1142 3081 1209 utique
3110 1158 3351 1210 cursum,
3374 1152 3432 1200 et
3461 1146 3638 1216 singu-

2061 1229 2142 1285 los
2161 1245 2375 1287 menses
2395 1247 2523 1286 suos
2545 1232 2767 1287 tricenis
2788 1232 3071 1301 includunt
3090 1234 3297 1289 diebus.
3326 1236 3474 1291 Drsc.
3495 1238 3636 1305 Quo-

2061 1321 2221 1377 modo
2246 1336 2341 1377 eos
2362 1322 2588 1377 vocant?
2607 1321 2746 1379 MAG.
2775 1320 3015 1377 Primum
3035 1338 3161 1393 ergo
3191 1340 3454 1393 mensem,
3477 1344 3635 1397 quem

2061 1421 2323 1472 autumno
2349 1423 2607 1485 tempore,
2657 1415 2709 1468 id
2752 1421 2855 1481 est,
2883 1424 3076 1484 quarto
3115 1415 3234 1470 Kal.
3277 1415 3634 1488 Septembris,

2060 1506 2342 1578 incipiunt,
2377 1506 2555 1561 Thoth
2584 1514 2802 1573 vocant,
2847 1508 3141 1562 secundum
3184 1509 3372 1575 Faovi,
3420 1512 3636 1568 tertium

2057 1596 2246 1669 Athyr,
2298 1605 2548 1668 quartum
2592 1597 2827 1665 Choeac,
2875 1600 3120 1669 quintum
3172 1600 3373 1665 Thnbi,
3425 1614 3635 1659 sextum

2057 1686 2276 1754 Metbir,
2316 1689 2605 1759 septimum
2650 1689 2971 1756 Famenoth,
3019 1697 3269 1745 octavum
3323 1692 3633 1759 Farmuthi,

383 1776 531 1846 ginta
555 1787 741 1839 unum,
787 1772 996 1841 aliquos
1020 1787 1150 1827 vero
1173 1772 1411 1842 triginta,
1442 1773 1726 1841 quemdam
1772 1782 1953 1828 autem
1981 1768 2028 1829 B
2059 1793 2259 1834 nonum
2287 1777 2544 1845 Pachom,
2575 1779 2844 1834 decimum
2880 1779 3072 1845 Pauni,
3098 1782 3447 1837 undecimum
3478 1783 3634 1853 Epiii,

381 1865 572 1935 viginti
598 1871 739 1918 octo.
765 1861 1008 1917 Lunares
1053 1869 1230 1916 autem
1288 1875 1501 1917 menses
1529 1876 1625 1917 sex
1672 1861 1956 1917 voluerunt

382 1956 585 2013 habere
602 1954 718 2008 dies
750 1952 989 2024 triginta,
1014 1951 1148 2007 alios
1167 1964 1381 2033 quoque
1407 1966 1503 2007 sex
1529 1951 1719 2023 viginti
1736 1965 1952 2007 novem.

377 2049 527 2103 Disc.
559 2047 661 2115 Qui
689 2054 815 2101 sunt
846 2046 1101 2101 solarium
1136 2046 1403 2100 mensium
1432 2043 1524 2114 qui
1550 2042 1767 2113 triginta
1787 2057 1954 2096 unum

379 2140 495 2193 dies
534 2137 766 2192 habent?
791 2135 928 2192 MAG.
959 2136 1198 2206 Septem,
1225 2134 1282 2189 id
1327 2142 1433 2200 est,
1476 2131 1784 2198 Ianuarius,
1816 2130 1956 2187 Mar—

380 2231 508 2295 tius,
550 2229 737 2292 Maius,
786 2226 974 2293 Iulius,
1014 2228 1308 2298 Augustus,
1344 2224 1599 2289 October,
1637 2232 1691 2278 et
1734 2223 1954 2279 Decem-

379 2325 495 2379 ber.
547 2323 690 2377 DISC.
731 2320 834 2388 Qui
884 2331 1010 2375 sunt
1060 2320 1152 2390 qui
1204 2319 1459 2390 triginta?
1496 2317 1636 2374 MAG.
1687 2316 1947 2385 Quatuor.

379 2412 597 2483 Aprilis,
616 2411 832 2477 Junius,
847 2409 1180 2480 September,
1203 2416 1259 2463 et
1282 2408 1600 2464 November.
1624 2407 1952 2463 Februarius

380 2518 508 2557 vero
531 2500 680 2556 solus
719 2499 908 2569 viginti
958 2508 1080 2555 octo
1102 2498 1216 2553 dies
1256 2497 1434 2553 habet.
1476 2497 1618 2552 Dtsc.
1655 2497 1950 2552 Lunarium

377 2590 643 2645 mensium
669 2603 806 2659 quos
830 2589 967 2644 dicis
1013 2587 1213 2643 habere
1248 2587 1366 2642 dies
1404 2587 1656 2658 triginta?
1684 2585 1825 2642 MAG.
1847 2585 1952 2642 Lu—

376 2698 500 2739 nam
531 2681 994 2738 Januarii-mensis
1020 2688 1075 2736 et
1098 2680 1295 2745 Martii,
1312 2678 1437 2734 Maii
1462 2687 1518 2735 et
1540 2678 1952 2749 Julii,Scptem-

374 2775 487 2830 bris
516 2783 570 2831 et
592 2775 926 2831 Novembris.
959 2773 1103 2829 DISC.
1136 2771 1239 2840 Qui
1269 2779 1393 2828 sunt
1422 2772 1512 2843 qui
1542 2771 1729 2844 viginti
1756 2784 1950 2826 novem

377 2866 596 2920 tenent?
640 2865 778 2921 MAG.
812 2865 1006 2919 Caetcri
1029 2878 1239 2919 omnes.
1270 2863 1415 2918 DISC.
1447 2862 1549 2929 Qui
1582 2861 1744 2933 primi
1790 2860 1952 2915 ratio-

375 2972 496 3010 nem
541 2955 804 3011 mensium
849 2954 1202 3009 invenerunt?
1252 2952 1393 3008 MAG.
1441 2952 1507 3007 Ni
1558 2950 1735 3019 fallor,
1791 2949 1949 3006 Chal-

374 3046 497 3111 daei,
526 3061 555 3100 a
584 3045 781 3115 quibus
822 3052 933 3099 tota
971 3043 1273 3113 astrologiae
1315 3042 1599 3114 disciplina
1642 3042 1825 3112 erepit.
1872 3040 1948 3097 De

374 3137 571 3206 quibus
604 3113 890 3190 Abraham
938 3133 1271 3204 patriarcha,
1301 3141 1362 3186 ut
1386 3113 1650 3203 Iosephus
1695 3137 1944 3196 testatur,
1974 3113 2019 3176 Ο
2072 3175 2081 3183 .

374 3228 596 3281 edoctus
622 3225 792 3279 Deum
836 3222 962 3279 cteli
1012 3223 1250 3279 siderum
1292 3222 1643 3277 conversione
1678 3220 1948 3291 cognovit,

374 3316 652 3384 ipsamque
721 3327 845 3368 mox
909 3310 1247 3381 disciplinam
1310 3310 1558 3365 veracius
1624 3309 1950 3364 intellectam

372 3404 764 3475 Egyptiorum,
790 3415 911 3456 cum
939 3400 1078 3470 apud
1101 3415 1194 3455 eos
1219 3399 1514 3464 exsularet,
1546 3398 1692 3468 genti
1712 3399 1945 3454 advexit.

373 3495 479 3548 Sed
512 3494 636 3548 licet
657 3492 939 3562 Scriptura
971 3491 1147 3561 palam
1174 3504 1280 3545 non
1308 3490 1476 3556 dicat,
1508 3497 1688 3544 tamen
1728 3504 1834 3544 non
1868 3498 1951 3545 est

368 3585 703 3640 cietletidum
725 3582 999 3652 antiquos,
1037 3582 1127 3651 qui
1165 3589 1290 3636 ante
1334 3579 1592 3637 diluvium
1640 3590 1815 3645 erant,
1854 3581 1950 3635 bu—

365 3678 453 3748 jus
482 3678 690 3748 peritia-
713 3678 926 3748 penitus
961 3685 1209 3746 expertes
1241 3674 1425 3741 fuisse,
1463 3689 1583 3729 cum
1626 3672 1867 3744 plerique
1890 3672 1949 3727 il-

370 3770 543 3825 lecum
599 3767 709 3823 Deo
755 3768 1022 3837 placuisse
1070 3769 1339 3837 leguntur,
1391 3766 1531 3822 sicut
1569 3763 1703 3820 Abel
1743 3764 1943 3835 justus,

369 3871 424 3916 et
465 3862 672 3927 Enoch,
702 3861 792 3930 qui
833 3876 953 3914 cum
986 3860 1095 3914 Deo
1122 3858 1415 3913 ambulavit
1440 3865 1496 3911 et
1524 3856 1814 3912 translatus
1840 3864 1944 3921 est,

356 3960 425 4005 .et
446 3951 576 4017 Noe,
606 3951 696 4022 qui
725 3950 826 4005 fuit
866 3952 948 4005 vir
972 3949 1244 4018 perfectus
1267 3949 1321 4004 in
1348 3947 1786 4018 generationibus
1809 3947 1942 4001 suis.

931 4042 1157 4099 CAPUT
1202 4040 1395 4096 XXIX.

778 4136 853 4191 De
885 4134 1226 4191 Hebrteorttm
1253 4132 1534 4187 mensibus.

445 4233 585 4286 Disc.
616 4229 717 4296 Qui
748 4228 906 4299 primi
933 4241 1146 4283 menses
1172 4226 1461 4281 observare
1490 4222 1774 4296 leguntur?
1801 4223 1939 4279 MAG.

371 4324 580 4377 llebrmi
626 4321 897 4385 videlicet,
929 4320 1122 4390 quibus
1158 4317 1432 4389 legislator
1478 4318 1555 4371 ait
1596 4317 1663 4372 de
1702 4314 1943 4387 paschali

369 4431 553 4471 mense
585 4433 598 4469 :
631 4414 822 4468 Mensis
848 4413 943 4467 iste
991 4413 1128 4468 vobis
1157 4412 1470 4482 principium
1496 4412 1750 4464 mensium
1792 4408 1858 4462 sit
1887 4409 1940 4461 in

369 4506 627 4561 mensibus
650 4508 792 4559 anni.
838 4505 984 4560 Disc.
1029 4504 1307 4571 Quomodo
1328 4503 1534 4559 Hebraei
1563 4514 1777 4556 menses
1812 4516 1938 4556 suos

371 4596 669 4662 nominant,
693 4608 746 4653 et
774 4605 937 4666 quoto
979 4597 1168 4650 ordine
1212 4595 1530 4649 numerant?
1555 4592 1694 4648 MAG.
1726 4592 1937 4648 Hebraei

368 4712 518 4763 ergo,
551 4690 648 4765 qui
669 4691 959 4748 secundum
981 4691 1121 4743 lunae
1148 4703 1367 4744 cursum
1403 4703 1618 4743 menses
1641 4702 1767 4745 suos
1791 4704 1939 4746 com-

368 4792 575 4856 putant,
626 4781 856 4853 primum
903 4794 1161 4843 mensem,
1193 4779 1247 4833 in
1273 4793 1380 4848 quo
1401 4775 1603 4832 Pascha
1641 4776 1935 4847 celebrant,

370 4876 532 4933 Nisan
579 4873 869 4945 appellant,
916 4870 1208 4926 secundum
1246 4868 1341 4924 Jar
1389 4869 1686 4934 nominant,
1715 4870 1937 4925 tertium

369 4968 554 5033 Sivan,
577 4972 829 5036 quartum
858 4959 1105 5025 Thamul,
1136 4961 1381 5030 quintum
1414 4958 1536 5024 Alo,
1557 4964 1770 5012 sextum
1797 4958 1938 5023 Elui,

366 5060 652 5131 septimum
717 5053 937 5110 Tlieseri
967 5094 981 5118 ,
1035 5061 1283 5107 octavum
1343 5050 1667 5115 Maresuan,
1739 5065 1938 5105 nonum

366 5155 579 5219 Kaslcu,
602 5152 868 5207 decimum
903 5147 1092 5212 Tebct,
1121 5147 1465 5201 undecimum
1493 5144 1715 5208 Sabath,
1740 5145 1943 5200 duode-

362 5245 562 5299 cimum
605 5241 770 5296 Adar.
812 5236 957 5306 Quos
993 5236 1240 5293 videlicet
1277 5250 1491 5290 menses
1531 5242 1752 5303 propter
1802 5233 1940 5289 luna:

362 5334 645 5398 circulum,
675 5331 766 5404 qui
796 5330 985 5401 viginti
1037 5343 1232 5383 novem
1286 5328 1450 5382 semis
1491 5326 1680 5381 diebus
1705 5334 1933 5391 constat,

360 5424 583 5479 tricenis
604 5420 1073 5488 nndetricenisque
1117 5418 1305 5473 diebus
1327 5417 1677 5480 alternantes,
1700 5416 1936 5470 secundo

363 5513 579 5568 demum
606 5511 689 5566 vel
719 5510 880 5566 tertio
907 5523 1048 5563 anno
1073 5514 1281 5572 exacto,
1311 5521 1551 5561 mensem
1581 5504 1934 5576 superﬂuum,

356 5604 454 5671 qui
486 5619 549 5656 ex
582 5600 777 5655 annuis
801 5599 1049 5654 undecim
1076 5603 1390 5667 epactarum
1415 5595 1602 5649 diebus
1628 5594 1817 5650 confici
1845 5610 1934 5648 so-

346 5688 468 5752 det,
526 5688 846 5741 intcrcalaut
911 5688 1053 5742 Disc.
1092 5686 1333 5741 Primum
1379 5700 1509 5757 ergo
1537 5685 1933 5743 Ilzebneeorum

2058 1869 2437 1924 duodecimum
2487 1869 2727 1936 Mesori;
2796 1885 2957 1940 quem
3012 1872 3221 1927 decimo
3275 1873 3637 1929 Kalendarum

2057 1956 2455 2029 Septembrium
2503 1959 2591 2015 die
2648 1959 3002 2015 terminantes
3028 2002 3044 2026 ,
3102 1963 3347 2018 residuos
3399 1964 3638 2035 quinque

2055 2049 2171 2104 dies
2199 2064 2556 2121 epagomenos
2599 2050 2686 2105 vel
2710 2050 3065 2107 intercalares
3112 2052 3227 2108 sive
3269 2052 3488 2109 additos
3535 2069 3635 2107 vo-

2054 2150 2201 2209 cant,
2225 2143 2423 2214 quibus
2449 2143 2611 2199 etiam
2660 2153 2857 2215 quarto
2904 2161 3050 2202 anno
3084 2146 3228 2202 diem
3278 2157 3515 2212 sextum,
3544 2150 3635 2219 qui

2052 2243 2122 2285 ex
2145 2230 2533 2301 quadrantibus
2562 2232 2754 2289 conﬁci
2783 2233 2935 2301 solet,
2964 2236 3272 2292 adnectunt.
3306 2235 3463 2293 Unde
3488 2238 3552 2292 tit
3572 2248 3637 2293 ut

2052 2337 2241 2379 eorum
2306 2325 2431 2379 anni
2475 2325 2634 2395 primi
2685 2341 2715 2380 a
2778 2328 3017 2384 bissexto
3063 2329 3222 2383 tertio
3269 2328 3637 2386 Kalendarum

2055 2414 2473 2486 Septembrium,
2502 2417 2687 2473 caeteri
2720 2432 2849 2473 vero
2893 2428 3087 2489 quarto
3140 2419 3505 2476 Kalendarum
3537 2437 3633 2477 ea-

2054 2503 2297 2560 rumdem
2323 2506 2410 2560 die
2434 2506 2732 2561 sortiantur
2759 2507 2992 2562 initium.
3024 2507 3134 2562 Nec
3161 2508 3271 2563 ullo
3319 2509 3485 2564 modo
3513 2520 3636 2579 post

2052 2595 2429 2652 intercalatum
2472 2597 2827 2667 quadrantem
2870 2606 2996 2653 ante
3022 2609 3220 2653 nostrai
3264 2599 3635 2657 intercalatio-

2052 2686 2137 2740 nis
2183 2694 2415 2756 tempus,
2445 2687 2587 2757 quod
2636 2687 2696 2740 tit
2723 2695 2878 2742 sexto
2908 2685 3266 2743 Kalendarum
3312 2686 3635 2744 Martiarum

2052 2774 2159 2840 die,
2198 2776 2253 2831 in
2277 2773 2529 2847 computo
2551 2764 2691 2832 lunae
2717 2776 2803 2833 vel
2846 2778 3156 2833 eorundem
3198 2777 3492 2834 festivitate
3517 2778 3635 2833 die-

2051 2882 2171 2922 rum
2192 2877 2417 2940 possunt
2436 2884 2558 2925 etim
2580 2870 2755 2926 nostri
2783 2869 2910 2923 anni
2933 2868 3203 2926 curriculo
3233 2870 3477 2940 recipere
3502 2885 3635 2927 eon-

2052 2959 2311 3017 cordiam.
2511 3017 2522 3029 _
2994 3012 2999 3015 _

2606 3050 2833 3109 CAPUT
2882 3051 3070 3109 XXXI.

2473 3142 2553 3197 De
2589 3140 2891 3197 Gra’corum
2924 3144 3205 3198 mensibus.

2119 3234 2262 3290 Dtsc.
2293 3234 2427 3302 Quia
2460 3234 2527 3288 de
2572 3232 2917 3289 Hebrteorum
2971 3242 3025 3289 et
3058 3232 3439 3306 Egyptiorum
3480 3249 3634 3290 men-

2047 3325 2431 3390 sibus'dixisti,
2459 3333 2705 3395 superest
2740 3333 2802 3379 ut
2831 3324 2900 3380 de
2923 3323 3233 3381 Grmcorum
3271 3333 3329 3381 et
3358 3326 3634 3381 Romano-

2046 3428 2190 3481 rum,
2217 3430 2352 3484 quos
2372 3420 2583 3469 constat
2624 3429 2653 3468 a
2679 3412 2884 3470 Graecis
2927 3414 3178 3469 liberales
3198 3415 3516 3485 disciplinas
3540 3430 3633 3471 aco

2046 3505 2272 3575 cepisse,
2296 3505 2574 3560 mensibus
2595 3504 2764 3560 dicas.
2797 3504 2936 3561 MAG.
2967 3504 3137 3575 Prope
3169 3519 3299 3577 ergo
3326 3521 3427 3575 par
3452 3505 3514 3560 lit
3538 3522 3627 3561 se-

2045 3597 2155 3653 ries
2196 3596 2463 3652 mensium
2505 3594 2817 3653 Graecorum
2866 3605 2922 3663 et
2965 3596 3358 3661 Romanorum,
3399 3607 3627 3666 excepto

2045 3691 2188 3759 quod
2217 3688 2418 3743 nullam
2464 3687 2523 3743 in
2572 3689 2686 3743 suis
2719 3689 2996 3744 mensibus
3020 3688 3191 3744 Grmci
3237 3687 3623 3751 Kalendarum,

2045 3778 2319 3834 Nonarum
2366 3785 2422 3832 et
2472 3777 2660 3832 Iduum
2708 3779 3111 3833 distinctionem
3141 3779 3459 3843 observant,
3488 3780 3625 3833 sicut

2045 3884 2145 3924 nec
2169 3867 2438 3941 Egyptii;
2463 3866 2558 3923 sed
2596 3866 2914 3937 simpliciter
2947 3867 3015 3921 ab
3061 3867 3286 3922 exordio
3337 3882 3513 3939 usque
3560 3868 3624 3922 ad

2044 3959 2206 4015 ﬁnem
2262 3973 2491 4014 numero
2556 3959 2894 4013 discurrente
2946 3967 3279 4028 computant.
3345 3956 3622 4029 Siquidem

2043 4049 2216 4106 Graeci
2261 4050 2425 4105 ﬁxum
2468 4049 2522 4103 in
2551 4049 2836 4106 duodecim
2881 4049 3154 4105 mensibus
3200 4051 3328 4104 anni
3365 4051 3625 4106 vertentis

2042 4143 2362 4198 ordinavcre
2403 4141 2686 4197 circulum.
2733 4141 2973 4207 Quorum
3018 4140 3261 4210 plerique
3304 4154 3336 4193 a
3370 4140 3622 4195 Kalendis

2043 4235 2427 4291 Decembribus
2465 4249 2629 4289 suum
2676 4234 2997 4289 inchoantes
3030 4246 3253 4297 annum,
3290 4233 3486 4288 eodem
3519 4247 3621 4303 quo

2042 4324 2271 4379 Romani
2299 4339 2512 4379 menses
2555 4339 2685 4379 suos
2729 4324 2937 4378 dierum
2968 4336 3193 4378 numero
3226 4324 3618 4394 perstringunt.

2045 4415 2282 4470 Vocatur
2309 4422 2485 4468 autem
2514 4412 2653 4483 apud
2676 4426 2771 4469 eos
2799 4413 2914 4482 ipse
2938 4411 3233 4466 December
3266 4411 3512 4480 Apilcos,
3534 4410 3623 4465 Ia-

2047 4506 2266 4560 nuarius
2328 4504 2633 4578 EudyniOS,
2691 4503 3020 4559 Februarius
3065 4500 3334 4568 Peritios,
3398 4502 3621 4557 Martius

2046 4595 2273 4659 Distros,
2307 4593 2503 4664 Aprilis
2543 4592 2873 4659 Xautbicos,
2919 4591 3092 4646 Maius
3126 4591 3476 4655 Artemisios,
3524 4592 3619 4645 Ju—

2044 4689 2169 4743 nius
2194 4686 2401 4748 Desios,
2430 4684 2601 4740 Julius
2647 4684 2932 4749 Panemos,
2978 4684 3251 4754 Augustus
3294 4680 3459 4746 Loos,
3488 4681 3618 4750 Sep-

2046 4784 2253 4849 tember
2275 4781 2554 4849 Gorpieos,
2584 4778 2817 4835 October
2858 4774 3344 4849 Hyperberetbeos,
3388 4775 3614 4831 Novem-

2044 4876 2141 4930 ber
2160 4876 2302 4929 Dios.

2583 4959 2811 5016 CAPUT
2850 4958 3041 5012 XXXII

2440 5051 2518 5106 De
2545 5051 2806 5105 mensibus
2831 5049 3202 5103 Romanorum.

2111 5142 2253 5195 DISC.
2281 5140 2491 5195 Menses
2520 5147 2698 5195 autem
2738 5138 3101 5194 Romanorum
3137 5137 3336 5207 quibus
3381 5152 3477 5190 aut
3490 5136 3610 5191 tori.

2041 5234 2141 5289 bus
2170 5243 2295 5289 sunt
2337 5234 2609 5288 ordinati?
2635 5232 2772 5288 MAG.
2817 5230 3033 5287 Primus
3069 5231 3209 5301 apud
3235 5246 3332 5287 eos
3358 5230 3608 5287 Rotuulus

2041 5322 2225 5377 decem
2273 5334 2487 5376 menses
2532 5319 2822 5384 ordinavit,
2853 5319 2988 5375 alios
3029 5319 3270 5389 triginta,
3314 5321 3456 5375 alios
3491 5333 3604 5373 vero

2039 5413 2260 5484 triginta
2289 5420 2345 5467 et
2371 5428 2479 5467 uno
2523 5412 2753 5467 dierum.
2781 5410 2847 5465 Et
2871 5426 2903 5465 a
2951 5410 3144 5465 Martio
3187 5411 3477 5482 incipiens.
3508 5410 3598 5465 De-

2039 5504 2309 5558 cembrem
2350 5503 2707 5558 nevissimum
2728 5503 2927 5572 posuit.
2960 5500 3065 5557 Sed
3089 5516 3214 5556 cum
3240 5502 3332 5557 hic
3358 5513 3601 5557 numerus

2037 5608 2212 5663 neque
2236 5594 2365 5649 solis
2387 5594 2569 5648 cursui
2593 5604 2765 5662 neque
2784 5590 3082 5646 rationibus
3102 5588 3243 5645 luna:
3274 5590 3596 5647 conveniret,

2038 5691 2253 5739 secutus
2277 5692 2359 5737 est
2389 5681 2555 5736 Numa
2584 5680 2898 5751 Pompilius,
2932 5678 3022 5748 qui
3066 5677 3458 5749 quinquaginta
3495 5674 3599 5734 dies
