3970 6198
316 262 423 320 683

1610 260 1811 319 LIBER
1849 264 1937 320 DE
1974 264 2324 323 COMPUTO.

317 377 547 443 addidit,
573 386 633 431 ut
676 376 729 431 in
757 390 943 431 cccuv
970 374 1183 440 diebus,
1219 332 1415 446 quibus
1445 374 1726 431 duodecim
1776 376 1917 433 lunae
1943 391 1992 447 Α
2021 381 2199 450 scopis
2243 381 2501 451 aperitur.
2547 382 2785 440 Arbores
2815 398 3027 456 quoque
3071 391 3127 440 et
3174 383 3378 452 herbae,
3420 390 3517 445 sed
3543 400 3601 447 et

320 484 516 525 cursus
565 465 759 523 conﬁci
810 465 1059 523 credidit.
1086 480 1261 521 annus
1303 467 1705 521 extenderetnr.
1740 466 1915 536 Atque

320 564 409 618 his
435 558 828 631 quinquaginta
858 556 1046 612 diebus
1074 556 1270 612 additis
1295 554 1490 625 adjecit
1535 556 1670 611 alios
1702 556 1799 612 ‘sex
1829 572 1913 612 re-

321 664 528 711 tractos
554 650 658 706 illis
683 665 775 706 sex
806 647 1083 704 mensibus
1110 648 1202 719 qui
1234 647 1456 719 triginta
1480 647 1755 704 habebant
1773 648 1909 714 dies,

322 746 378 801 id
420 753 524 810 est,
564 742 632 798 de
661 740 888 813 singulis
935 738 1175 811 singulos
1206 738 1485 809 {actosque
1525 739 1913 811 quinquaginta

321 843 378 892 et
403 850 499 891 sex
527 833 642 890 dies
694 832 750 887 in
766 831 908 889 duos
937 845 1107 886 novos
1133 845 1351 886 menses
1375 829 1494 901 pari
1528 831 1740 886 ratione
1767 830 1914 885 divi-

321 926 413 989 sit,
446 939 511 980 ac
538 924 605 979 de
644 922 857 978 duobus
907 920 1145 993 priorem
1195 920 1516 976 Januarium
1562 920 1914 991 nuncupavit,

321 1014 670 1087 primumque
718 1011 845 1067 anni
900 1027 1143 1068 mensem
1192 1026 1315 1068 esse
1357 1012 1546 1079 voluit,
1600 1020 1918 1083 sequentem

323 1120 455 1160 vero
476 1103 835 1161 Februarium
865 1102 1182 1158 nominavit.
1213 1101 1488 1173 Pauloque
1512 1111 1636 1175 post
1658 1103 1832 1159 Numa
1861 1104 1917 1160 in

323 1198 589 1252 honorem
640 1193 864 1265 imparis
890 1192 1099 1248 numeri
1126 1208 1293 1248 unum
1320 1193 1518 1265 adjecit
1566 1193 1728 1260 diem,
1754 1208 1917 1265 quem

322 1285 586 1342 Januario
621 1285 789 1340 dedit.
819 1283 927 1340 Sed
963 1299 1088 1339 cum
1134 1283 1250 1340 hzec
1278 1284 1420 1339 ratio
1443 1284 1619 1340 adhuc
1664 1284 1772 1339 ﬁxa
1811 1300 1918 1340 non

321 1391 446 1433 esse
469 1375 770 1441 videbatur,
803 1381 1114 1444 comparata
1144 1373 1213 1429 ad
1242 1374 1482 1429 siderum
1529 1389 1768 1441 cursum,
1805 1384 1921 1430 tan-

322 1468 448 1522 dem
477 1466 639 1523 Caius
662 1464 837 1521 Julius
858 1463 1060 1532 Caesar,
1101 1465 1347 1522 imitatus
1372 1464 1678 1539 Egyptios,
1710 1467 1779 1523 ad
1821 1483 1920 1523 nu—

321 1572 539 1612 merum
569 1556 700 1612 solis
721 1571 948 1621 annum,
977 1556 1118 1611 sicut
1150 1556 1313 1613 hodie
1361 1567 1628 1623 servatur,
1662 1557 1917 1623 instituit,

322 1651 515 1705 decem
544 1649 797 1705 videlicet
838 1648 954 1705 dies
983 1649 1349 1706 observationi
1389 1652 1573 1709 caeteri
1613 1648 1916 1730 superadji-

2018 470 2316 525 animantia
2357 485 2608 541 quaeque,
2652 473 2707 527 in
2738 473 2944 543 prolem
2978 487 3039 529 se
3070 474 3279 544 aperire
3311 473 3596 546 incipiunt.

2019 561 2165 617 DISC.
2196 561 2339 629 Quot
2381 562 2555 618 modis
2582 561 2753 619 Maius
2782 564 3017 619 dicitur?
3060 562 3197 619 MAG.
3230 563 3470 633 Duobus,
3499 568 3603 624 hoc

2018 660 2135 720 est,
2166 652 2457 709 subidolo
2501 653 2663 720 Maio,
2706 669 2865 725 quem
2910 654 3099 711 Jovem
3144 670 3267 711 esse
3296 656 3599 722 voluerunt,

2019 743 2176 813 quasi
2213 744 2497 815 majestate
2538 745 2890 815 praecipuum.
2945 743 3071 801 Sive
3114 761 3145 800 a
3182 745 3319 802 Maia
3350 746 3600 804 Mercurii

2018 841 2212 890 matre.
2243 833 2311 890 Et
2358 835 2458 890 sub
2508 850 2597 900 re,
2650 834 2754 893 hoc
2783 844 2896 902 est,
2925 851 2958 891 a
2987 826 3283 906 majoribus
3331 837 3603 896 Romano-

2019 937 2161 989 rum,
2185 938 2347 993 quem
2376 922 2606 979 Romulo
2632 923 2706 977 ita
2735 925 2919 980 vocari
2964 925 3187 996 placuit.
3233 926 3380 984 DlSC.
3410 927 3601 986 Junius

2024 1015 2167 1071 unde
2197 1030 2393 1071 nomen
2441 1014 2636 1070 habet?
2674 1014 2814 1071 MAG.
2857 1015 2905 1070 Α
2932 1014 3143 1073 Junone
3191 1016 3301 1073 ﬁlia
3347 1017 3599 1087 Saturni,

2024 1120 2213 1160 sorore
2260 1103 2429 1160 Jovis.
2480 1103 2607 1159 Sive
2651 1119 2682 1159 a
2706 1104 3009 1173 junioribus
3055 1104 3459 1174 Romanorum,
3507 1109 3603 1179 qui

2020 1194 2187 1249 armis
2224 1193 2582 1250 defendebant
2622 1195 3032 1267 rempublicam.
3072 1195 3218 1252 DlSC.
3259 1194 3433 1254 Julius
3461 1200 3605 1256 unde

2019 1302 2217 1342 nomen
2260 1287 2501 1358 accepit?
2530 1286 2669 1344 Mm.
2700 1286 2815 1343 Hoc
2839 1296 2944 1355 est,
2973 1302 3004 1342 a
3035 1285 3176 1345 Julio
3203 1289 3436 1356 Caesare,
3476 1290 3605 1361 quia

2020 1379 2075 1433 in
2100 1387 2296 1449 quarto
2338 1379 2460 1435 ldus
2485 1378 2610 1434 Julii
2638 1380 2840 1436 mensis
2865 1388 3082 1436 creatus
3107 1378 3268 1437 Caius
3295 1379 3468 1438 Julius
3494 1381 3605 1439 Ca:-

2021 1487 2132 1537 sar,
2168 1470 2261 1542 qui
2291 1470 2498 1542 primus
2543 1470 2770 1541 arripuit
2796 1471 3081 1541 imperium
3129 1471 3270 1541 apud
3303 1470 3603 1527 Romanos.

2020 1559 2155 1615 Nam
2205 1569 2364 1615 antea
2409 1576 2439 1614 a
2475 1559 2668 1615 Martio
2696 1568 2876 1616 mente
2915 1568 3246 1625 numeratus,
3294 1559 3546 1628 Quintilis
3575 1575 3606 1615 a

2022 1666 2246 1707 numero
2288 1651 2514 1706 sortitus
2556 1659 2638 1706 est
2667 1665 2884 1705 nomen.
2920 1650 3064 1706 Disc.
3107 1648 3384 1722 Augustus
3408 1666 3607 1707 nomen

322 1741 500 1807 ciens,
527 1750 588 1796 ut
624 1756 823 1796 annum
845 1755 1045 1796 ccccxv
1073 1741 1209 1808 dies,
1247 1742 1443 1814 quibus
1471 1743 1586 1815 ipse
1633 1744 1913 1801 zodiacum
1945 1756 1991 1815 Β
2019 1744 2159 1798 unde
2203 1742 2446 1812 accepit?
2472 1740 2613 1796 Mm.
2658 1740 2740 1795 Ab
2766 1740 3061 1796 Octaviano
3092 1742 3308 1799 Cazsare
3339 1744 3604 1815 Augusto,

323 1830 544 1898 lustret,
569 1831 861 1888 efﬁcerent.
890 1831 958 1887 Et
1004 1845 1071 1888 ne
1096 1834 1372 1904 quadrans
1415 1833 1653 1901 deesset,
1683 1834 1919 1891 instituit

324 1933 388 1980 ut
436 1936 633 1996 quarto
678 1939 894 1997 quoque
945 1939 1088 1985 anno
1132 1931 1464 1997 sacerdotes,
1513 1931 1606 2001 qui
1655 1929 1920 1986 curabant

324 2016 607 2072 mensibus
655 2030 719 2072 ac
749 2016 957 2083 diebus,
989 2032 1154 2073 unum
1208 2018 1592 2076 intercalarent
1644 2020 1809 2086 diem,
1852 2033 1919 2073 eo

322 2108 537 2163 scilicet
565 2122 749 2163 mense
775 2122 841 2163 ac
869 2107 989 2164 loco
1015 2123 1123 2180 quo
1144 2111 1309 2167 etiam
1341 2111 1482 2181 apud
1530 2120 1741 2167 veteres
1764 2124 1916 2164 men-

321 2202 406 2257 sis
432 2202 882 2270 intercalabatur,
905 2202 959 2259 id
980 2210 1085 2269 est,
1106 2208 1233 2259 ante
1257 2202 1495 2273 quinque
1526 2201 1743 2258 ultimos
1762 2216 1919 2256 men-

321 2294 409 2350 sis
437 2293 720 2350 Februarii
761 2294 877 2351 dies
902 2335 917 2361 ,
968 2293 1130 2364 idque
1152 2293 1454 2350 bissextum
1492 2292 1706 2351 censuit
1743 2291 1921 2347 nomi-

289 2385 593 2441 mandum.
639 2385 785 2441 Dtsc.
818 2383 1086 2441 Mensium
1118 2381 1378 2441 vocabula
1408 2390 1539 2455 quot
1573 2382 1747 2439 modis
1792 2397 1922 2437 con-

322 2485 500 2544 stant,
527 2487 582 2532 et
627 2477 767 2532 unde
810 2476 1071 2548 originem
1119 2473 1476 2552 sumpserint,
1506 2489 1735 2545 expone.
1778 2473 1919 2529 MAG.

321 2568 580 2636 Quatuor
607 2582 737 2639 ergo
762 2564 936 2623 modis
956 2581 1171 2621 menses
1200 2564 1569 2631 nominantur,
1592 2564 1696 2620 hoc
1720 2572 1804 2619 est
1824 2564 1923 2620 sub

323 2658 512 2723 idolis,
545 2659 648 2713 sub
694 2657 878 2723 rebus,
926 2657 1025 2711 sub
1064 2655 1299 2727 regibus,
1348 2653 1447 2712 sub
1481 2654 1742 2710 numeris.
1774 2654 1919 2710 Dtsc.

321 2745 477 2816 Quot
518 2747 695 2802 modis
741 2744 1031 2801 Januarius
1076 2745 1254 2801 dictus
1307 2746 1425 2802 est?
1456 2744 1599 2802 MAG.
1636 2743 1925 2801 Januarius

321 2847 510 2895 autem
557 2837 764 2893 duobus
807 2836 980 2892 modis
1025 2848 1221 2891 nomen
1266 2835 1510 2907 accepit,
1560 2836 1664 2891 hoc
1705 2842 1823 2901 est,
1858 2849 1924 2890 ex

322 2932 477 2989 idolo
513 2940 571 2988 et
623 2942 701 2986 re.
745 2929 827 2984 Ex
874 2929 1016 2985 idolo
1057 2942 1222 3001 ergo,
1264 2928 1369 2987 hoc
1396 2937 1513 3008 est,
1552 2942 1618 2985 ex
1662 2927 1803 2984 Jano'
1844 2928 1927 2983 bi-

325 3024 533 3087 fronte,
579 3020 869 3077 simulacro
909 3020 1158 3076 videlicet
1198 3018 1318 3076 Jani
1366 3018 1711 3088 Epirotarum
1760 3018 1923 3089 regis,

2019 1833 2111 1904 qui
2155 1830 2207 1888 in
2240 1831 2497 1888 Kalendis
2525 1832 2681 1888 istius
2718 1831 2921 1887 mensis
2940 1831 3245 1888 Antonium
3288 1840 3345 1890 et
3380 1832 3608 1905 Cleopa-

2019 1931 2159 1978 tram
2194 1922 2358 1989 vicit,
2402 1932 2458 1977 et
2502 1921 2788 1994 imperium
2834 1922 3017 1993 populi
3067 1923 3299 1983 Romani
3347 1922 3605 1980 ﬁrmavit.

2022 2013 2157 2069 Cum
2187 2022 2368 2070 autem
2414 2014 2641 2085 Augusti
2685 2028 2880 2069 nomen
2910 2012 3000 2068 ille
3043 2012 3167 2068 inde
3213 2014 3606 2085 assumpserit,

2020 2124 2084 2162 ex
2118 2107 2582 2163 senatusconsulto
2628 2121 2869 2163 mensem
2908 2107 2977 2162 ob
3014 2108 3333 2163 memoriam
3382 2109 3464 2163 sui
3509 2124 3609 2166 no-

2022 2215 2143 2254 men
2190 2200 2294 2255 hoc
2322 2199 2522 2255 habere
2570 2198 2757 2254 voluit.
2788 2199 2933 2255 Disc.
2980 2199 3298 2270 September
3343 2201 3487 2257 unde
3513 2216 3611 2258 vo-

2022 2290 2211 2344 catur?
2238 2288 2376 2347 Mac.
2401 2289 2444 2344 Α
2480 2302 2726 2354 numero,
2760 2304 2826 2345 eo
2852 2290 2997 2361 quod
3034 2290 3104 2344 sit
3146 2290 3410 2362 septimus
3435 2291 3609 2348 imber

2023 2399 2050 2435 a
2101 2381 2313 2437 Martio.
2365 2381 2510 2438 Disc.
2555 2381 2889 2438 Octimbrem
2939 2395 3090 2453 ergo,
3128 2380 3517 2450 Novembrem,
3554 2392 3611 2440 ct

2023 2472 2376 2527 Decembrem
2412 2472 2555 2527 unde
2591 2470 2806 2542 judicas
2851 2486 2972 2528 esse
3017 2469 3225 2528 dictos?
3269 2471 3409 2528 MAG.
3436 2472 3479 2527 A
3517 2489 3612 2530 nu-

2025 2577 2175 2617 mero
2198 2562 2396 2635 quippe
2440 2562 2691 2631 similiter
2721 2572 2775 2618 et
2809 2564 2876 2617 ab
2906 2563 3099 2628 imbre,
3129 2563 3253 2632 quia
3280 2563 3364 2619 his
3404 2571 3612 2636 tempo-

2028 2653 2176 2707 ribus
2200 2651 2403 2709 imbres
2429 2661 2586 2708 terra:
2616 2653 2920 2710 imminent.

2556 2762 2784 2820 CAPUT
2824 2764 3060 2820 XXXIII.

2359 2830 2437 2888 De
2467 2830 2745 2899 Kalendis,
2779 2834 2948 2890 Nonis
2975 2846 3022 2890 et
3072 2835 3276 2893 Idibus.

2100 2926 2246 2985 Disc.
2277 2927 2353 2983 De
2384 2926 2641 2984 Kalendis
2669 2942 2821 2999 ergo,
2852 2926 3021 2985 Nonis
3054 2936 3109 2984 et
3156 2928 3357 2995 Idibus,
3393 2936 3518 3000 peto
3550 2938 3611 2985 ut

2030 3017 2163 3074 mihi
2191 3016 2479 3073 edisseras.
2511 3016 2649 3074 ΜΑσ.
2674 3017 2914 3074 Faciam.
2942 3016 3196 3075 Kalendae
3217 3034 3346 3092 ergo
3367 3036 3398 3076 a
3423 3019 3612 3078 Greca

323 3114 428 3184 qui
473 3121 790 3183 argumento
816 3111 1122 3182 excogitato
1161 3108 1510 3181 semetipsum
1538 3111 1645 3181 igni
1672 3111 1914 3176 tradidit,
1946 3115 1991 3176 C
2022 3111 2231 3184 origine
2280 3126 2478 3167 nomen
2526 3119 2837 3177 traxerunt;
2879 3111 3005 3181 quia
3051 3110 3170 3166 Itan
3208 3112 3428 3168 verbum
3465 3112 3614 3170 Grae-

325 3211 393 3260 et
435 3219 508 3260 ex
537 3204 641 3259 hoc
690 3198 947 3257 Romanis
994 3201 1277 3257 victoriam
1312 3201 1541 3271 peperit.
1584 3200 1797 3257 Bifrons
1828 3215 1923 3255 au-

327 3301 447 3347 tem
469 3287 592 3345 Jani
622 3289 966 3345 simulacrum
1002 3296 1140 3355 erat,
1169 3289 1292 3360 quia
1323 3303 1391 3344 ex
1423 3300 1526 3342 una
1554 3297 1709 3359 parte
1739 3288 1839 3342 viri
1868 3296 1923 3342 et

326 3400 405 3441 ex
430 3384 602 3439 altera
629 3382 842 3439 femina:
870 3383 1185 3439 adorabant.
1213 3382 1446 3453 indeque
1474 3381 1791 3438 Januarium
1830 3397 1925 3436 vo-

327 3483 603 3534 caverunt
643 3474 879 3548 bicipitis
903 3476 1007 3531 diei
1035 3488 1275 3531 mensem
1320 3473 1697 3546 respicientem
1740 3481 1921 3530 trans-

330 3571 445 3628 acti
476 3570 603 3626 anni
646 3569 809 3625 ﬁnem
838 3581 902 3624 ac
934 3567 1353 3639 prospicientem
1400 3566 1566 3622 futuri
1598 3567 1727 3621 anni
1775 3566 1925 3637 prin-

331 3660 563 3731 cipium.
590 3657 720 3713 ltem
765 3657 1055 3713 Januarius
1088 3672 1151 3714 ex
1194 3672 1253 3713 re
1299 3657 1517 3722 dicitur,
1559 3671 1625 3712 eo
1666 3656 1808 3726 quod
1856 3656 1926 3711 sit

324 3750 503 3824 janua
533 3750 691 3817 anni,
739 3749 839 3805 hoc
880 3756 991 3812 est,
1042 3748 1383 3819 principium.
1418 3747 1565 3803 DlSC.
1598 3744 1927 3803 Februarius

330 3845 487 3901 unde
513 3842 746 3901 dicitur?
772 3839 912 3898 Man.
944 3841 1024 3897 Ab
1070 3839 1209 3896 idolo
1234 3847 1289 3894 et
1319 3854 1393 3895 re.
1423 3839 1567 3895 DISC.
1614 3837 1928 3906 Quomodo?

334 3934 485 3992 Hac.
511 3934 595 3990 Ab
625 3934 767 3989 idolo
795 3948 923 4005 ergo
970 3932 1200 3998 Februo,
1234 3930 1337 3986 hoc
1374 3938 1492 3995 est,
1539 3929 1789 3995 Plutone,
1834 3930 1924 4000 qni

334 4026 721 4082 lustrationum
770 4030 963 4095 potens
1006 4038 1128 4080 esse
1174 4038 1203 4077 a
1250 4021 1537 4093 gentilibus
1583 4018 1925 4084 credebatur,

335 4117 671 4173 Februarius
694 4124 776 4172 est
805 4117 1134 4172 nominatus.
1192 4113 1438 4169 Lustrari
1483 4112 1627 4167 enim
1650 4125 1715 4167 eo
1742 4126 1928 4168 mense

336 4209 618 4266 civitatem
647 4207 946 4262 Romanam
977 4219 1198 4262 necesse
1227 4213 1361 4269 erat,
1389 4218 1495 4275 quo
1527 4209 1728 4258 statuta
1752 4201 1926 4272 jussa,

338 4302 449 4357 hoc
472 4309 579 4367 est,
619 4298 907 4364 sacriﬁcia,
934 4297 1037 4352 diis
1074 4295 1317 4350 Manibus
1348 4293 1637 4350 solverent.
1666 4289 1793 4348 Sive
1828 4290 1929 4347 Fe-

337 4391 599 4449 bruarius
631 4389 809 4446 dictus
836 4397 920 4444 est
948 4405 977 4444 a
1008 4386 1178 4453 febre,
1210 4387 1313 4443 hoc
1345 4394 1449 4452 est,
1478 4401 1509 4441 a
1551 4384 1771 4457 frigore,
1804 4398 1927 4455 pro-

2027 3217 2151 3257 cum
2180 3209 2283 3269 est,
2316 3200 2369 3257 id
2401 3210 2504 3267 est,
2535 3217 2687 3259 voco.
2722 3200 2924 3259 Priscis
2951 3217 3082 3276 ergo
3120 3194 3452 3275 temporibus
3485 3220 3616 3276 pon-

2027 3291 2159 3348 tiﬁci
2203 3292 2398 3349 minori
2450 3292 2565 3349 base
2595 3292 2931 3364 providentia
2976 3293 3327 3366 delegabatur
3367 3304 3428 3352 ut
3463 3310 3617 3352 novae

2028 3382 2165 3439 lunae
2204 3381 2439 3463 primum
2482 3382 2797 3440 observaret
2840 3392 3138 3456 aspectum,
3173 3386 3351 3442 visum
3382 3387 3493 3458 regi
3530 3401 3617 3443 sa-

2027 3472 2268 3532 criﬁculo
2310 3476 2604 3532 nuntiaret.
2652 3476 2838 3548 Itaque
2884 3477 3155 3535 sacriﬁcio
3184 3494 3215 3533 a
3258 3492 3384 3550 rege
3413 3486 3470 3534 et
3514 3478 3615 3533 mi-

2028 3587 2162 3631 nore
2209 3570 2466 3641 pentiﬁce
2509 3569 2806 3636 celebrato,
2855 3571 2999 3627 idem
3032 3570 3275 3641 pontifex
3321 3570 3519 3636 calata,
3561 3568 3615 3626 id

2027 3672 2141 3728 est,
2172 3669 2361 3716 vocata
2403 3661 2456 3715 in
2500 3658 2823 3729 Capitolium
2857 3659 3011 3729 plebe
3034 3662 3191 3727 juxta
3220 3659 3427 3716 curiam
3469 3659 3618 3716 cala-

2028 3752 2203 3817 bram,
2247 3765 2366 3821 qua:
2394 3763 2535 3804 casm
2578 3747 2792 3803 Romuli
2818 3749 3066 3817 proxima
3094 3755 3197 3816 est,
3227 3756 3361 3821 quot
3387 3764 3615 3806 numero

2030 3840 2144 3896 dies
2184 3857 2213 3894 a
2245 3839 2495 3896 Kalendis
2525 3838 2591 3893 ad
2622 3837 2805 3895 Nonas
2831 3849 3179 3910 superessent
3202 3842 3612 3912 pronuntiabat.

2029 3931 2098 3987 Et
2124 3931 2414 4001 quintanas
2445 3928 2665 4002 quidem
2691 3930 2838 3985 dicto
2865 3931 3152 4002 quinquies
3179 3930 3345 3988 verbo
3370 3931 3509 3999 calo,
3536 3946 3615 3989 se-

2026 4021 2295 4095 ptimadas
2341 4008 2568 4092 repetito
2594 4021 2793 4092 septies
2822 4022 3168 4093 praedicabat.
3200 4022 3267 4077 Et
3296 4022 3437 4081 hanc
3470 4023 3616 4080 diem

2029 4114 2121 4184 qui
2147 4128 2216 4169 ex
2252 4114 2337 4169 his
2377 4114 2569 4170 diebus
2606 4114 2699 4184 qui
2725 4112 3037 4171 kalarentur
3063 4114 3273 4186 primus
3299 4125 3466 4182 esset,
3497 4117 3618 4189 pla-

2030 4206 2142 4261 cuit
2167 4203 2434 4262 Kalendas
2475 4206 2678 4261 vocari.
2704 4206 2772 4261 Et
2815 4206 2943 4262 hinc
2980 4206 3083 4278 ipsi
3111 4206 3295 4273 curiae,
3336 4208 3405 4263 ad
3449 4224 3614 4279 quam

2032 4295 2385 4361 vocabantur,
2434 4294 2684 4351 Kalabrae
2727 4309 2924 4351 nomen
2969 4297 3156 4352 datum
3198 4305 3316 4364 est,
3343 4306 3400 4355 et
3432 4298 3615 4366 classi,

2032 4387 2175 4457 quod
2201 4386 2378 4443 omnis
2424 4385 2478 4442 in
2521 4401 2642 4441 eam
2671 4394 2961 4442 vocaretur
2989 4387 3237 4458 populus.
3285 4388 3411 4445 ldeo
3439 4398 3616 4447 autem
3696 4414 3699 4423 -

336 4494 468 4557 pter
513 4482 767 4556 frigidum
818 4492 1028 4554 tempus
1061 4481 1228 4552 ipsius
1273 4479 1495 4536 mensis.
1530 4478 1671 4534 Disc.
1706 4476 1930 4532 Martius
1957 4489 2008 4548 ι)
2035 4477 2211 4534 minor
2247 4476 2489 4549 pontifex
2535 4493 2820 4535 numerum
2855 4479 3063 4535 dierum
3095 4480 3184 4549 qui
3224 4480 3295 4537 ad
3322 4480 3505 4538 Nonas
3528 4495 3620 4537 su-

339 4591 478 4646 ergo
520 4575 661 4630 unde
694 4574 907 4629 dictus?
953 4573 1090 4628 Man.
1136 4571 1179 4626 A
1223 4570 1393 4626 Marte
1438 4568 1598 4637 idolo,
1643 4569 1732 4638 qui
1772 4576 1928 4639 pater

340 4664 561 4723 Romuli
587 4673 643 4721 et
667 4663 925 4719 Romana:
960 4662 1133 4733 gentis
1159 4668 1348 4717 auctor
1377 4675 1499 4716 esse
1535 4659 1924 4716 aestimabatur.

340 4759 476 4815 Sive
504 4771 535 4811 a
564 4770 647 4823 re,
671 4755 775 4811 hoc
803 4761 904 4820 est,
935 4754 1193 4820 maribus,
1222 4768 1416 4809 nomen
1449 4752 1671 4807 Martius
1699 4753 1926 4823 accepit.

340 4849 484 4904 Nam
516 4856 571 4904 et
599 4862 664 4903 eo
697 4854 938 4918 tempore
981 4854 1174 4902 cuncta
1223 4846 1515 4901 animantia
1560 4854 1717 4901 terra:
1752 4860 1933 4901 mares

341 4942 660 4999 desiderant
690 4939 758 4996 ad
800 4938 1188 4996 concumbendi
1233 4938 1578 5010 voluptatem.
1617 4938 1760 4994 Disc.
1802 4937 1929 5006 Qui-

340 5038 452 5094 bus
478 5032 652 5091 modis
682 5030 885 5105 Aprilis
915 5031 1150 5088 dicitur?
1178 5027 1317 5086 MAG.
1346 5028 1564 5085 Duobus
1595 5027 1787 5085 modis.
1818 5027 1931 5085 Sub

340 5124 515 5189 idolo,
564 5124 618 5180 id
670 5132 755 5181 est
814 5121 1056 5188 Venere,
1115 5129 1307 5186 matre,
1361 5127 1420 5174 ut
1468 5118 1669 5184 ferunt,
1724 5118 1929 5175 Enen}.

344 5216 521 5275 Afron
565 5206 717 5275 enim
757 5214 947 5276 Graece
990 5229 1178 5286 Spuma
1213 5214 1617 5283 interpretatur.
1652 5210 1803 5268 Unde
1833 5210 1934 5266 Ve-

344 5323 457 5363 nus
516 5316 633 5363 orta
703 5306 907 5364 credita
953 5312 1065 5369 est,
1114 5318 1232 5376 quae
1296 5300 1480 5357 Afrilis
1542 5301 1654 5356 sive
1711 5298 1933 5357 Afronia

345 5399 495 5469 apud
541 5397 760 5455 Grtecos
805 5398 1078 5453 nominata
1118 5402 1222 5449 est.
1255 5390 1322 5447 Et
1352 5391 1451 5446 sub
1482 5406 1561 5457 re,
1598 5390 1701 5445 hoc
1733 5399 1834 5454 est,
1868 5389 1937 5444 ab

346 5490 680 5561 aperiendo,
715 5490 870 5562 quasi
920 5485 1224 5561 apericulis.
1274 5482 1331 5538 In
1382 5480 1484 5538 hoc
1529 5480 1672 5536 enim
1726 5495 1933 5545 mense,

349 5582 586 5638 remotis
626 5583 877 5648 nubibus,
928 5579 1155 5652 pruinis,
1187 5592 1251 5631 ac
1296 5575 1708 5647 tempestatibus
1750 5573 1935 5630 hiber-

356 5678 473 5742 nis,
500 5674 924 5743 cmlumhterra,
956 5686 1106 5727 mare
1147 5670 1346 5733 nantis,
1394 5665 1644 5740 agricolis
1684 5673 1737 5720 et
1777 5665 1938 5718 horo-

2032 4581 2273 4643 peresset
2315 4570 2549 4629 kalando
2578 4572 2858 4642 prodebat,
2888 4573 3015 4645 quia
3060 4581 3183 4644 post
3209 4587 3406 4630 novam
3433 4573 3617 4629 lunam

2034 4666 2315 4733 oportebat
2340 4664 2614 4721 Nonarum
2635 4664 2723 4721 die
2748 4663 3037 4736 populares
3061 4664 3154 4734 qui
3182 4663 3239 4720 in
3259 4664 3408 4736 agris
3430 4670 3617 4720 essent

2036 4754 2307 4812 confluere
2350 4757 2405 4811 in
2449 4758 2657 4821 urbem,
2691 4762 3013 4826 accepturos
3051 4770 3248 4812 causas
3284 4753 3540 4811 feriarum
3583 4770 3615 4807 a

2037 4862 2164 4919 rege
2194 4862 2494 4911 sacrorum,
2532 4847 2870 4916 sciturosque
2895 4846 3026 4916 quid
3051 4856 3198 4904 esset
3221 4860 3289 4902 eo
3319 4859 3505 4902 mense
3532 4841 3615 4898 fa—

2037 4936 2306 4995 ciendum.
2351 4936 2501 4993 Unde
2539 4936 2756 5007 quidam
2801 4936 2926 4993 hinc
2964 4933 3146 4993 Nonas
3190 4935 3504 4991 existimant
3526 4931 3616 4986 di-

2038 5038 2177 5095 ctas,
2202 5026 2355 5098 quasi
2387 5041 2537 5081 nova:
2573 5025 2784 5081 initium
2813 5025 3227 5089 observationis,
3272 5022 3357 5080 vel
3386 5021 3510 5092 quia
3546 5020 3615 5074 ah

2037 5134 2103 5174 eo
2137 5118 2224 5173 die
2254 5131 2465 5187 semper
2497 5117 2563 5170 ad
2607 5112 2729 5170 ldus
2771 5126 2895 5171 octo
2923 5116 3042 5172 dies
3079 5121 3415 5187 putarentur.
3446 5109 3616 5168 Porro

2037 5207 2162 5265 ldus
2199 5221 2394 5264 vocare
2437 5205 2635 5277 placuit
2678 5204 2820 5262 diem
2866 5208 2958 5276 qui
2993 5203 3183 5261 dividit
3223 5216 3486 5257 mensem.
3530 5198 3619 5256 lu-

2040 5300 2206 5356 duere
2232 5299 2373 5356 enim
2400 5293 2623 5352 Etrusca
2666 5296 2844 5367 lingua
2873 5295 3114 5351 dividere
3140 5300 3241 5346 est.
3277 5290 3430 5347 Unde
3456 5289 3617 5344 vidua

2042 5391 2197 5461 quasi
2226 5388 2379 5444 valde
2406 5388 2550 5455 idua,
2596 5388 2647 5442 id
2675 5396 2776 5453 est,
2805 5386 2956 5441 valde
2996 5384 3187 5440 divisa.
3218 5382 3325 5442 Aut
3350 5381 3532 5445 vidua,
3562 5378 3616 5434 id

2040 5490 2141 5547 est,
2173 5496 2203 5535 a
2232 5479 2349 5535 viro
2378 5478 2567 5536 divisa.
2616 5474 2895 5533 Nonnullis
2922 5473 3105 5547 placet
3142 5471 3267 5528 ldus
3302 5472 3474 5528 dictas
3518 5484 3616 5526 vo-

2042 5573 2232 5628 cabulo
2256 5571 2446 5628 Graeco
2473 5587 2504 5626 a
2533 5569 2731 5641 specie,
2759 5582 2880 5637 qua:
2907 5565 3048 5638 apud
3078 5563 3198 5620 illos
3224 5563 3344 5619 idea
3372 5572 3613 5627 vocatur,

2045 5667 2184 5736 quod
2210 5680 2273 5721 ea
2304 5664 2389 5719 die
2413 5661 2624 5723 plenam
2659 5656 3045 5726 speciem‘luna
3076 5657 3429 5713 demonstret.
3463 5651 3610 5709 Disc.

3492 256 3695 330 σειν
