3970 6198
416 278 524 331 £37

1072 269 1128 321 ιι.
1173 264 1421 320 RABANI
1465 261 1682 336 MAL'Iu
1719 255 2029 314 AltCl-IIEP.

2134 253 2389 310 OGll-NT.
2428 248 2711 306 oesnuu
2752 245 2929 319 rans
2962 245 3002 302 ς.

3559 245 3659 302 688

425 389 624 445 Mensis
671 395 799 455 quot
846 385 1004 436 horas
1058 380 1253 434 habet?
1296 377 1448 454 MAG..
1479 373 1678 428 Mensis
1726 368 1993 440 proprius,
2025 379 2072 436 Α
2103 378 2313 433 parum,
2347 361 2398 416 id
2427 370 2530 426 est,
2559 359 2709 414 verni
2737 367 2792 412 et
2835 357 3060 420 astatis,
3096 355 3340 409 autumni
3371 363 3426 408 et
3459 353 3671 416 hiemis,

423 482 519 553 qui
551 477 764 548 triginta
796 474 908 528 dies
948 473 1126 534 habet,
1158 471 1319 524 horas
1360 465 1600 522 continet
1630 478 1816 517 nccxx.
1849 461 1994 514 DISC.

386 549 566 637 "Quot
589 553 853 636 punctos?
886 562 1023 617 MAG.
1049 560 1388 615 ﬁnccctxxx.
1418 555 1562 610 DISC.
1593 552 1734 619 Quot
1760 549 2000 604 minuta?

427 659 566 714 MAG.
579 653 741 711 Vtica.
759 655 903 708 Dtsc.
919 652 1056 718 Quot
1071 647 1377 704 momenta?
1399 646 1536 700 MAG.
1563 646 1996 700 ἷιπῇυεοεοεοε.

429 751 573 806 Disc.
603 746 743 812 Quot
790 743 1032 799 ostenta?
1064 741 1199 795 MAG.
1245 737 1412 803 ἷιᾟι,
1447 746 1501 790 et
1545 752 1625 790 cc.
1674 736 1818 789 DISC.
1863 732 2003 799 Quot

426 837 672 892 atomos?
700 834 837 889 MAG.
873 831 1085 887 Centies
1126 839 1179 882 et
1216 827 1458 895 sexagies
1499 833 1715 879 centum
1760 820 1923 875 millia
1949 825 2005 874 et

426 946 710 986 CLIXLIIICC.

970 995 1194 1050 CAPUT
1232 990 1469 1045 XXXIV.

655 1092 728 1144 De
755 1100 978 1161 quatuor
1005 1085 1443 1142 vicissitudinibus
1471 1092 1779 1152 temporum.

497 1184 646 1239 Dlsc.
693 1179 1130 1238 Vicissitudinem
1173 1191 1321 1247 ergo,
1353 1189 1514 1244 quam
1545 1175 1599 1226 in
1630 1171 1771 1226 serie
1801 1177 2007 1238 tempo-

429 1289 551 1327 rum
605 1271 948 1335 numerabas,
983 1267 1169 1323 vellem
1220 1281 1250 1319 a
1297 1273 1349 1318 te
1399 1263 1585 1317 audire
1631 1259 1758 1330 quid
1805 1255 2008 1328 signiﬁ-

428 1372 599 1421 caret.
630 1362 770 1418 MAG.
809 1359 1222 1416 Vicissitudines
1265 1371 1412 1427 ergo,
1441 1354 1593 1424 quasi
1632 1351 1722 1406 alii
1768 1360 2007 1420 tempora

431 1455 733 1520 nominant,
764 1460 996 1523 quatuor
1022 1458 1166 1515 sunt,
1216 1448 1407 1511 hiems,
1443 1460 1558 1508 ver,
1593 1449 1773 1507 aestas,
1804 1448 2010 1494 autum-

432 1559 553 1598 nus.
592 1543 739 1597 Disc.
774 1541 928 1598 Unde
967 1541 1218 1594 dicuntur
1266 1532 1698 1591 vicissitudines?
1741 1530 1880 1585 MAG.
1935 1527 2011 1582 Eo

432 1633 576 1704 quod
615 1633 824 1688 vicibus
847 1632 947 1687 sibi
979 1630 1176 1685 cedunt
1215 1627 1635 1694 succeduntque.
1683 1622 1825 1676 Disc.
1860 1619 2013 1676 Unde

2104 461 2313 516 teneat;
2345 459 2398 505 et
2427 461 2532 504 non
2561 448 2755 504 exinde
2791 458 3091 516 temporum
3122 444 3386 515 principia
3421 443 3677 500 inchoan-

2103 551 2190 597 tur
2213 541 2353 596 undc
2378 539 2642 595 mensium
2664 538 2914 592 Kalenda
2937 537 3235 590 initiantur.
3263 534 3369 590 Sed
3399 535 3472 588 ita
3498 549 3686 588 unum-

2103 631 2352 701 quodque
2405 629 2763 684 inchoandum
2819 637 3031 696 tempus
3078 633 3164 681 est
3213 633 3335 680 uta
3370 624 3548 695 prima
3597 624 3678 677 die

2102 721 2243 775 veris
2272 728 2480 788 tempus
2517 715 2896 786 aquinoctium
2937 715 3148 779 dividit,
3178 723 3233 769 et
3272 713 3478 768 astatis
3515 711 3688 766 solsti-

2105 813 2238 866 tium
2263 810 2529 873 astivum,
2557 806 2801 861 autumni
2831 820 3045 875 quoque
3070 804 3452 874 aquinoctium
3478 811 3686 856 autum-

2106 900 2244 966 nale,
2270 909 2324 954 et
2351 898 2544 952 hiemis
2565 895 2857 951 solstitium
2881 894 3128 949 brumale
3153 893 3404 949 similiter
3423 891 3674 947 dividat.»

2105 993 2249 1048 Disc.
2293 991 2543 1060 Nunquid
2588 1004 2717 1059 ergo
2765 989 2880 1042 hac
2933 996 3166 1057 quatuor
3209 995 3454 1054 tempora
3497 998 3682 1056 parem

2106 1081 2490 1151 longitudinem
2536 1078 2779 1134 habent?
2833 1077 2973 1131 MAG.
3015 1075 3225 1130 Habent
3266 1074 3475 1145 utique,
3515 1082 3570 1127 et
3603 1088 3684 1127 se-

2107 1173 2340 1228 cundum
2393 1185 2605 1240 aquam
2657 1169 2958 1239 portionem
3015 1167 3206 1235 recipit
3263 1165 3684 1236 unumquodque

2109 1279 2323 1318 menses
2353 1270 2490 1326 tres;
2525 1261 2640 1316 dies
2675 1260 2964 1331 nonaginta
2989 1266 3045 1313 et
3074 1273 3264 1324 unum,
3291 1257 3454 1311 horas
3481 1265 3686 1324 septem

2109 1363 2163 1408 et
2194 1353 2488 1408 dimidiam.
2540 1351 2682 1404 Disc.
2712 1349 2990 1416 Quomodo
3019 1361 3149 1418 ergo
3188 1345 3486 1400 secundum
3533 1343 3687 1398 hora-

2112 1459 2230 1500 rum
2261 1442 2578 1498 divisionem
2599 1450 2653 1495 et
2677 1449 2901 1496 cateras
2927 1437 3321 1494 subdivisiones
3353 1433 3686 1502 unumquod-

2111 1548 2216 1603 que
2253 1541 2459 1601 tempus
2499 1530 2677 1584 tenet?
2707 1527 2846 1582 MAG.
2897 1525 3070 1580 Habet
3110 1539 3240 1596 ergo
3268 1521 3688 1591 unumquodque

2115 1630 2345 1690 tempus,
2389 1618 2682 1674 secundum
2723 1617 2978 1670 horarum
3025 1613 3480 1683 supputationem,
3521 1607 3690 1662 iiich

432 1722 650 1776 easdem
679 1729 920 1789 tempora
949 1716 1266 1771 nominant?
1295 1715 1434 1768 MAG.
1467 1713 1599 1779 Quia
1631 1711 1863 1780 quadam
1903 1722 2014 1762 sua
2043 1731 2090 1791 Β
2117 1720 2172 1766 et
2214 1725 2375 1765 unam
2416 1710 2608 1765 horam
2647 1723 2712 1763 ac
2739 1706 3050 1770 semissem;
3094 1703 3389 1760 secundum
3436 1708 3689 1770 punctos,

426 1808 786 1867 similitudine
816 1806 1090 1878 qualitatis
1117 1804 1415 1858 adinvicem
1453 1811 1760 1871 comparata
1791 1798 2012 1854 volvun-

429 1911 547 1969 tur,
575 1916 638 1956 ac
667 1899 896 1955 terrenis
937 1897 1201 1952 fructibus
1245 1894 1529 1949 nascendis
1573 1889 2015 1958 maturandisqne

429 1996 862 2061 temperamenta
915 1986 1244 2042 custodiunt.
1305 1985 1446 2039 Disa.
1503 1980 1826 2050 Quomodo?
1871 1978 2010 2033 MAG.

439 2081 624 2136 Hiems
666 2079 834 2144 enim,
886 2087 945 2132 ut
976 2086 1102 2147 pote
1145 2075 1356 2143 longius
1401 2074 1513 2130 sole
1553 2081 1782 2139 remoto,
1822 2069 2016 2142 frigida

434 2182 524 2226 est
563 2180 616 2226 et
649 2169 888 2224 humida.
920 2168 1044 2233 Ver,
1083 2165 1173 2220 illo
1203 2178 1362 2236 super
1391 2172 1566 2218 terras
1603 2163 1883 2227 redeunte,
1915 2162 2016 2215 hu-

431 2265 643 2320 midum
671 2273 725 2318 et
765 2260 1020 2316 calidum.
1068 2258 1276 2322 Estas,
1307 2256 1397 2313 illo
1428 2270 1592 2326 super
1627 2254 1889 2318 fervente,
1931 2267 2019 2306 ca-

442 2357 547 2411 lida
581 2366 635 2412 et
663 2357 826 2410 sicca.
855 2354 1176 2418 Autumnus,
1210 2351 1302 2407 illo
1323 2351 1390 2405 ad
1419 2349 1676 2404 inferiora
1705 2346 2017 2410 decedente,

431 2449 619 2503 siccus
644 2453 699 2501 et
726 2444 975 2516 frigidus.
1022 2444 1219 2514 Sicque
1249 2443 1308 2497 lit
1335 2450 1392 2496 ut
1435 2439 1866 2513 amplexantibus
1911 2439 2020 2494 sin-

430 2539 582 2608 gulis
625 2537 804 2592 medio
838 2536 1205 2592 moderamine
1247 2549 1365 2605 qua
1410 2534 1555 2588 circa
1597 2548 1655 2588 se
1701 2539 1828 2588 sunt
1873 2530 2021 2586 orbis

439 2633 617 2688 instar
647 2631 947 2686 adinvicem
977 2638 1170 2684 cuncta
1197 2627 1607 2684 concludantur.
1638 2625 1844 2693 Quibus
1871 2637 2023 2693 aque

445 2722 814 2794 qualitatibus,
839 2720 1146 2791 disparibus
1170 2719 1384 2788 quidem
1415 2729 1511 2787 per
1532 2731 1610 2782 se,
1636 2715 1731 2771 sed
1761 2714 2022 2770 alterutra

446 2814 512 2868 ad
551 2814 778 2868 invicem
821 2813 1079 2867 societate
1124 2807 1404 2874 connexis,
1433 2807 1549 2878 ipsa
1579 2819 1793 2876 quoque
1839 2802 2024 2858 mundi

447 2905 708 2959 elementa
735 2911 947 2958 constat
970 2917 1088 2956 esse
1119 2900 1391 2955 distincta.
1423 2899 1594 2953 Terra
1620 2911 1853 2966 namque
1878 2894 2024 2950 sicca

442 3004 500 3049 et
537 2993 751 3066 frigida,
795 3008 932 3062 aqua
978 2991 1169 3063 frigida
1205 2999 1260 3045 et
1293 2989 1532 3053 humida,
1562 3003 1655 3043 aer
1689 2985 1941 3042 humidus
1970 2993 2024 3040 et

447 3083 680 3148 calidus,
715 3083 855 3155 ignis
905 3083 1109 3138 calidus
1151 3090 1205 3136 et
1255 3081 1451 3136 siccus.
1498 3079 1731 3150 ideoque
1774 3079 1891 3133 hac
1933 3091 2026 3130 au-
2054 3078 2098 3140 C

449 3187 660 3240 tumno,
707 3175 793 3228 illa
825 3175 1018 3240 hiemi,
1050 3175 1150 3230 iste
1179 3175 1324 3240 veri,
1354 3173 1441 3228 ille
1489 3170 1802 3229 conferatur
1831 3168 2025 3224 astati.

443 3269 596 3323 Oisc.
632 3267 784 3323 Unde
823 3281 920 3321 ver
961 3267 1218 3321 vocatur?
1257 3265 1394 3321 MAG.
1431 3264 1584 3332 Quod
1627 3264 1682 3318 in
1729 3277 1794 3318 eo
1837 3270 2031 3318 cuncta

445 3368 697 3425 wernent,
728 3359 831 3413 hoc
852 3366 956 3425 est,
986 3359 1277 3413 virescant.
1310 3357 1455 3413 DISC.
1483 3357 1636 3412 Unde
1663 3355 1858 3411 astas?
1891 3353 2028 3408 MAG.

454 3451 535 3505 Ab
566 3458 700 3504 astu
729 3450 820 3519 qui
851 3450 905 3503 in
931 3465 992 3504 ea
1026 3449 1358 3505 maturandis
1386 3448 1654 3503 fructibus
1678 3447 1855 3502 datur.
1886 3443 2030 3498 DISC.

455 3540 610 3593 Unde
641 3539 837 3594 dicitur
864 3539 1190 3593 autumnus?
1218 3538 1355 3594 MAG.
1384 3538 1458 3592 De
1494 3535 1901 3591 autumnatione
1930 3532 2036 3586 fru—

450 3641 639 3684 ctuum
686 3631 777 3700 qui
827 3632 880 3683 in
924 3645 988 3684 eo
1029 3629 1372 3699 colliguntur.
1431 3629 1576 3683 DISC.
1624 3625 1775 3682 Unde
1818 3624 2036 3679 hiems?

449 3722 597 3776 'MAG.
640 3723 683 3774 A
743 3721 961 3792 frigore.
1007 3722 1176 3776 Porro
1222 3721 1397 3776 hiems
1433 3736 1464 3775 a
1507 3719 1818 3774 doctoribus
1874 3717 2038 3771 inter-

445 3821 700 3883 ;pretatur
741 3820 795 3867 et
842 3812 1117 3867 sterilitas.
1168 3811 1313 3865 DISC.
1364 3810 1465 3866 Ubi
1509 3810 1759 3880 quodque
1811 3809 2038 3863 istorum

434 3913 762 3974 temporum
805 3905 1031 3958 sortitur
1077 3903 1324 3957 initium?
1370 3901 1509 3956 MAG.
1540 3901 1774 3955 lsidorus
1810 3914 2041 3970 namque

435 3991 792 4061 ~-ilispalensis
811 3991 1101 4061 episcopus
1131 3990 1363 4045 hiemem
1393 4004 1538 4046 nono
1563 3988 1678 4042 Kal.
1707 3989 2037 4054 Decembris,

444 4098 558 4136 ~ver
603 4091 794 4137 octavo
826 4081 960 4135 Kal.
1007 4081 1215 4145 Martii,
1257 4088 1500 4134 astatem
1551 4094 1693 4134 nono
1724 4079 1841 4134 Kal.
1874 4077 2035 4143 Junii,

460 4185 778 4230 autumnum
835 4175 1046 4230 decimo
1103 4173 1219 4228 Kal.
1262 4172 1597 4244 Septembris
1655 4172 1854 4228 habere
1908 4171 2044 4226 dixit

435 4266 936 4322 -~exortum..Graei
985 4275 1165 4320 autem
1197 4273 1252 4320 et
1287 4264 1550 4331 Romani,
1600 4279 1829 4334 quorum
1877 4263 2044 4316 ratio-

467 4376 588 4415 nem
620 4361 670 4414 in
703 4358 1007 4428 huiusmodi
1049 4357 1348 4428 disciplinis
1373 4356 1555 4428 potius
1588 4370 1750 4426 quam
1783 4354 2045 4424 Hispano-

2120 1802 2470 1868 thTInGchw;
2500 1800 2794 1857 secundum
2833 1811 2962 1852 vero
2991 1795 3217 1858 minuta,
3263 1792 3576 1856 ﬁnxxxv;
3609 1804 3694 1844 se-

2117 1895 2350 1951 cundum
2415 1899 2710 1956 momenta,
2756 1890 3046 1953 Eiﬁi'mx;
3100 1885 3394 1941 secundum
3449 1889 3691 1945 ostenta,

2116 1985 2373 2042 c‘xi‘iixx.
2398 1983 2620 2040 Atomos
2647 1989 2836 2052 quater
2871 1978 3076 2035 centies
3108 1985 3162 2033 et
3188 1975 3449 2047 nonagies
3480 1981 3694 2029 centum

2119 2076 2284 2134 millia
2310 2085 2364 2130 et
2401 2073 2558 2132 ῐῑιο.

2671 2161 2898 2220 CAPUT
2934 2160 3151 2217 XXXV.

2769 2255 2849 2310 De
2887 2246 3059 2309 annis.

2190 2353 2334 2407 DISC.
2364 2350 2503 2417 Quid
2535 2355 2618 2404 est
2650 2346 2858 2402 annus?
2885 2343 3023 2399 MAG.
3053 2341 3195 2398 Solis
3220 2339 3483 2396 circuitus
3509 2353 3576 2394 ac
3619 2353 3697 2393 re-

2121 2443 2263 2498 ditus
2287 2456 2384 2512 per
2410 2438 2692 2496 duodecim
2720 2449 2952 2491 menses.
2987 2434 3131 2487 DISC.
3178 2430 3333 2487 Unde
3367 2429 3568 2484 dicitur
3611 2444 3700 2482 an-

2121 2534 2253 2589 nus?
2278 2531 2420 2588 MAG.
2445 2530 2528 2586 Ab
2559 2526 2864 2584 innovando
2891 2532 3084 2580 cuncta
3109 2537 3228 2593 qua
3256 2519 3491 2576 naturali
3518 2519 3704 2574 ordine

2123 2621 2466 2678 transierant.
2509 2618 2606 2674 Vel
2653 2633 2684 2671 a
2715 2615 2945 2672 circuitu
2993 2612 3250 2682 temporis
3296 2625 3471 2666 annus
3510 2624 3701 2664 nomen

2124 2714 2350 2786 accepit,
2378 2713 2504 2784 quia
2544 2721 2758 2766 veteres
2785 2722 2984 2762 annum
3014 2720 3112 2776 pro
3155 2705 3360 2760 circum
3391 2716 3595 2772 ponere
3623 2716 3702 2755 so-

2123 2807 2321 2871 lebant,
2353 2814 2415 2861 ut
2439 2804 2574 2861 Cato
2607 2803 2737 2858 dicit
2765 2803 2820 2857 in
2861 2799 3171 2872 Originibus
3195 2805 3474 2854 oratorum
3505 2809 3701 2851 annum

2125 2901 2434 2968 terminum,
2476 2893 2531 2954 id
2563 2905 2666 2964 est,
2707 2895 2912 2951 circum
2942 2892 3251 2948 terminum.
3294 2890 3361 2944 Et
3392 2887 3600 2944 ambire
3632 2884 3705 2940 di-

2126 2996 2270 3051 citur
2297 3008 2395 3064 per
2423 2992 2630 3048 circum
2659 2989 2761 3044 ire.

2672 3077 2899 3135 CAPUT
2937 3075 3177 3133 XXXVI.

2524 3171 2662 3238 Quot
2690 3170 2881 3241 species
2907 3169 3009 3223 sint
3038 3181 3318 3221 annorum.

2203 3268 2347 3322 Disc.
2379 3264 2521 3332 Quot
2550 3262 2758 3333 species
2786 3269 2914 3315 sunt
2938 3257 3242 3312 annorum?
3282 3253 3422 3308 MAG.
3472 3250 3713 3322 Septem-

2133 3361 2328 3417 decim.
2381 3357 2525 3412 Disc.
2586 3350 2908 3421 Quomodo?
2964 3348 3103 3403 MAG.
3161 3345 3292 3400 Nam
3347 3343 3488 3397 luna
3548 3355 3714 3394 annus

2135 3451 2371 3523 quinque
2413 3446 2621 3518 species
2651 3444 2836 3508 habet,
2863 3439 2992 3496 solis
3022 3453 3152 3493 vero
3181 3445 3315 3491 tres.
3347 3431 3488 3488 Sunt
3513 3439 3570 3485 et
3595 3428 3715 3484 anni

2137 3545 2466 3617 singularum
2514 3539 2874 3612 planetarum,
2900 3534 2956 3590 id
2989 3541 3094 3598 est,
3123 3528 3419 3586 errantium
3456 3525 3715 3587 siderum,

2139 3653 2169 3691 a
2194 3613 2368 3691 stellis
2398 3631 2594 3702 quibus
2617 3627 2880 3691 serviunt,
2897 3621 3180 3680 nominati.
3210 3619 3305 3674 Est
3333 3631 3512 3672 annus
3526 3613 3718 3669 hebdo-

2140 3728 2440 3783 madarum.
2492 3723 2590 3778 Est
2635 3735 2808 3775 annus
2855 3715 3117 3786 septimus
3174 3710 3381 3780 requiei
3425 3706 3718 3763 secundum

2140 3819 2334 3891 legem.
2358 3816 2455 3872 Est
2476 3823 2531 3870 et
2555 3811 2775 3883 jubilai.
2807 3809 2903 3864 Est
2925 3817 2980 3863 et
3010 3820 3182 3861 annus
3208 3801 3453 3858 omnium
3480 3799 3720 3870 planeta-
3787 3789 3791 3804 ”

2141 3887 2295 3975 ιιυέηι,
2339 3906 2431 3976 qui
2461 3910 2683 3958 vocatur
2721 3912 2968 3968 magnus.
2999 3896 3143 3950 DISC.
3189 3891 3314 3946 Hac
3342 3904 3440 3961 per
3488 3887 3720 3960 singulas

2142 3996 2348 4067 species
2398 4008 2527 4064 rogo
2575 3999 2635 4045 ut
2676 4003 2932 4059 exponas.
2981 3985 3120 4040 MAG.
3169 3981 3386 4036 Primus
3434 3980 3633 4033 modus
3663 3978 3722 4029 de

2144 4085 2267 4140 luna
2318 4093 2433 4150 est,
2471 4097 2593 4137 cum
2630 4079 2755 4133 luna
2800 4075 2990 4148 viginti
3037 4080 3240 4143 septem
3280 4069 3472 4123 diebus
3519 4077 3574 4121 et
3608 4075 3721 4120 octo

2146 4176 2294 4232 horis
2327 4173 2606 4228 zodiacum
2657 4180 2998 4238 percurrens,
3041 4163 3109 4216 ad
3156 4160 3207 4214 id
3258 4159 3471 4227 signum
3519 4170 3589 4209 ex
3625 4168 3723 4224 quo

2144 4281 2365 4338 egressa
2405 4273 2486 4321 est
2529 4261 2838 4317 revertitur.
2869 4255 3148 4312 Secundus
3188 4251 3396 4307 duobus
3441 4249 3639 4303 diebus
3678 4254 3727 4300 et

2147 4337 2378 4428 quatuor
2403 4354 2551 4409 horis
2590 4361 2673 4406 est
2711 4347 2989 4419 prolixior.
3034 4337 3272 4407 Tertius,
3307 4339 3402 4409 qui
3448 4337 3726 4393 duodecim

453 4467 587 4503 rum
633 4450 927 4503 auctori-tas
971 4449 1123 4517 sequi
1170 4447 1485 4512 consuevit,
1537 4447 1770 4500 hiemem
1817 4445 2046 4515 septimo
2073 4441 2122 4500 D
2149 4449 2424 4506 mensibus
2460 4442 2783 4515 huiusmodi,
2828 4440 2880 4494 id
2911 4446 3024 4504 est,
3058 4436 3246 4491 diebus
3278 4447 3428 4487 cccxv
3461 4429 3726 4499 expletur,

453 4540 591 4594 Fidus
624 4539 961 4604 Novembris,
1002 4553 1096 4593 ver
1125 4539 1355 4608 septimo
1389 4537 1513 4591 ldus
1541 4536 1853 4602 Februarii,
1891 4545 2045 4590 asta-

443 4639 583 4682 --tem
626 4629 855 4698 septimo
888 4629 1009 4682 ldus
1037 4627 1182 4692 Maii,
1214 4635 1529 4680 autumnum
1556 4625 1785 4693 septimo
1820 4624 1896 4680 ld.
1937 4625 2047 4679 Au-

468 4721 612 4789 gusti
645 4723 896 4776 inchoare
923 4720 1239 4784 decernunt,
1269 4719 1463 4774 hiemis
1493 4719 1737 4774 videlicet
1763 4728 1818 4774 et
1847 4719 2049 4774 astatis

447 4815 627 4868 ~-initia
654 4813 962 4884 vespertino
987 4811 1068 4867 vel
1108 4811 1374 4866 matutino
1399 4811 1762 4881 Vergiliarum
1797 4819 1921 4866 ortu
1958 4826 2049 4865 oc—

471 4919 712 4974 casuque
767 4904 1072 4975 signantes,
1121 4904 1249 4958 item
1296 4903 1440 4959 veris
1496 4910 1550 4957 et
1597 4903 1876 4968 autumni,
1927 4917 2050 4958 cum

444 4998 720 5054 vPleiades
750 4999 926 5053 medio
961 4997 1072 5052 fere
1099 4997 1184 5052 die
1208 4996 1294 5051 vel
1343 5005 1500 5052 nocte
1545 4996 1797 5051 oriuntur
1823 5003 1877 5050 et
1915 4995 2053 5051 occi-

477 5095 638 5159 dunt,
667 5101 928 5164 ponentes
971 5092 1290 5162 ingressum.
1323 5089 1390 5144 Et
1431 5087 1639 5144 Plinius
1683 5087 1951 5143 secundus
1997 5088 2050 5141 in

454 5185 619 5240 'libro
647 5199 686 5237 ιι
713 5181 982 5238 Naturalis
1004 5181 1253 5236 Historia
1281 5179 1468 5235 eodem
1501 5179 1658 5234 modo
1681 5177 2055 5247 distinguenda

473 5276 756 5350 judicavit.
787 5273 894 5330 Sed
935 5281 989 5328 et
1029 5273 1190 5327 homo
1233 5270 1485 5326 Ecclesia
1533 5277 1753 5324 sanctus
1780 5266 2060 5322 Anatolius

483 5372 537 5425 in
565 5368 741 5440 Opere
787 5382 886 5421 suo
917 5364 1168 5436 paschali
1217 5363 1291 5417 ita
1334 5363 1408 5416 ait
1450 5378 1465 5415 :
1515 5377 1535 5410 ι
1569 5359 1690 5415 Hoc
1733 5368 1912 5413 autem
1954 5373 2060 5412 non

468 5467 720 5537 ignores,
752 5461 894 5531 quod
938 5462 1050 5530 ipsa
1080 5468 1311 5529 quatuor
1337 5471 1455 5526 qua
1481 5453 1829 5524 pradiximus
1859 5461 2062 5522 tempo-

453 5551 605 5609 u'um
640 5552 904 5618 conﬁnia,
943 5551 1071 5607 licet
1109 5550 1372 5604 mensium
1419 5545 1760 5616 sequentium
1807 5543 2058 5599 Kalendis

471 5641 1392 5718 -mgiroximentur,umnnqnodqne
1441 5648 1616 5693 tamen
1667 5637 1897 5691 medium
1931 5645 2061 5690 tem—

2151 4553 2205 4599 ct
2257 4549 2482 4596 vocatur
2532 4534 2858 4592 communis.
2914 4532 3182 4599 Quartus,
3235 4527 3327 4596 qui
3381 4523 3731 4578 embolismus

2152 4635 2338 4689 Grace
2370 4632 2586 4693 dicitur,
2628 4627 2681 4682 id
2709 4633 2819 4690 est,
2866 4626 3437 4692 superargumentum,
3473 4625 3531 4671 et
3579 4615 3734 4669 habet

2153 4725 2410 4780 tredecim
2446 4734 2679 4784 menses,
2728 4717 2780 4770 id
2828 4722 2940 4778 est,
2989 4712 3104 4767 dies
3147 4722 3463 4764 cccxxxnv.
3507 4704 3734 4773 Quintus

2156 4825 2238 4874 est
2274 4816 2399 4869 dum
2442 4813 2566 4865 luna
2620 4824 2715 4878 per
2755 4807 2940 4861 decem
2987 4812 3041 4857 et
3087 4815 3278 4856 novem
3329 4812 3529 4862 annos,
3579 4797 3734 4851 etiam

2154 4906 2291 4962 saltu
2339 4908 2634 4964 transacto,
2663 4897 2729 4951 ad
2759 4894 2973 4950 easdem
3008 4890 3242 4947 recurrit
3283 4896 3496 4944 atates.
3545 4886 3736 4941 Sextus

2157 5011 2330 5051 annus
2373 5001 2455 5047 est
2497 4989 2711 5055 solaris,
2741 5002 2864 5043 cum
2900 4984 2979 5040 sol
3021 4983 3086 5037 ad
3115 4983 3302 5038 eadem
3340 4979 3461 5034 loca
3504 4977 3738 5032 siderum

2161 5088 2319 5152 redit,
2344 5081 2578 5155 peractis
2609 5093 2806 5134 ccc.va
2838 5076 3026 5130 diebus
3058 5081 3114 5127 et
3141 5087 3236 5126 scx
3267 5071 3434 5124 horis.
3466 5067 3736 5138 Septimus

2161 5186 2242 5232 est
2271 5177 2397 5230 item
2435 5172 2647 5235 solaris,
2677 5169 2803 5222 dum
2834 5173 3026 5235 quarto
3071 5177 3214 5218 anno
3242 5161 3326 5216 bis
3371 5167 3565 5214 sextus
3603 5159 3735 5212 inse—

2165 5269 2317 5331 ritur,
2351 5276 2406 5321 et
2437 5265 2570 5320 ﬁunt
2598 5262 2714 5317 dies
2734 5271 2975 5317 Gccuvt.
3002 5253 3239 5309 Octavus
3265 5261 3348 5306 est
3375 5250 3508 5304 item
3533 5247 3735 5306 solaris,

2168 5361 2293 5413 dum
2322 5359 2399 5413 sol
2439 5373 2536 5428 per
2560 5355 2747 5427 viginti
2777 5362 2899 5408 octo
2930 5365 3101 5406 annos
3129 5347 3394 5404 circulum
3415 5355 3739 5400 concurren-

2169 5453 2299 5506 tium
2344 5449 2594 5520 complet.
2641 5446 2823 5501 Nonus
2863 5457 3039 5498 annus
3076 5450 3162 5497 est
3196 5437 3496 5495 secundum
3541 5431 3740 5488 stellam

2167 5559 2286 5614 qua
2316 5551 2538 5596 vocatur
2567 5537 2882 5602 Mercurius,
2913 5535 3004 5602 qui
3032 5546 3294 5588 cccxxxlx
3338 5526 3531 5584 diebus
3577 5522 3742 5589 exple-

2170 5644 2272 5688 tur.
2318 5633 2568 5687 Decimus
2613 5644 2784 5684 annus
2811 5636 2893 5682 est
2924 5625 3220 5681 secundum
3263 5620 3476 5676 stellam
3509 5633 3626 5686 qua
3663 5623 3741 5662 τι)-
