3970 6198
303 325 404 381 689

1586 326 1784 381 LIBER
1825 327 1910 380 DE
1949 325 2295 383 COMPUTO.

3460 327 3562 383 600

297 453 453 500 catur
497 441 694 506 Venus,
723 443 813 512 qui
859 458 1120 498 CCCXLVIII
1165 443 1354 500 diebus
1401 446 1663 515 expletur.
1695 448 1876 504 Unde-
1907 452 1956 510 A
1983 449 2106 502 tur?
2133 447 2270 503 MAG.
2302 447 2534 504 Planeta:
2561 458 2738 504 autem
2771 450 3106 505 solummodo
3131 465 3235 504 non
3262 458 3387 504 sunt
3420 451 3557 515 lixae,

295 534 469 590 cimus
513 544 596 588 est
649 548 822 588 annus
868 533 1163 588 secundum
1218 534 1428 589 stellam
1486 549 1605 604 qua!
1657 545 1880 592 vocatur

296 625 459 690 Mars,
491 624 582 693 qui
624 624 860 694 peractis
892 624 1099 679 duobus
1128 625 1285 680 annis
1321 625 1638 694 completur.
1671 628 1879 682 Duode-

295 717 470 773 cimus
495 730 668 769 annus
705 723 786 768 est
815 714 1108 770 secundum
1140 715 1348 770 stellam
1379 731 1499 786 quae
1527 726 1750 772 vocatur
1791 717 1881 771 Jo-

294 810 401 872 vis,
428 808 518 878 qui
559 807 792 876 peractis
833 807 1112 861 duodecim
1151 807 1308 861 annis
1344 806 1617 878 impletur.
1662 806 1880 863 Tertius

294 899 538 955 decimus
580 913 754 952 annus
780 906 867 953 est
911 898 1208 953 secundum
1253 897 1461 953 stellam
1494 913 1614 969 qum
1655 907 1881 954 vocatur

295 992 600 1057 Saturnus,
652 990 745 1060 qui
808 991 1044 1061 peractis
1108 991 1326 1062 triginta
1388 991 1544 1046 annis
1603 990 1876 1060 impletur.

290 1082 532 1150 Quartus
561 1082 802 1138 decimus
845 1096 1016 1136 annus
1045 1091 1132 1136 est
1174 1080 1471 1136 secundum
1515 1081 1880 1136 hebdomadas

291 1177 462 1232 totius
504 1175 661 1240 anni,
700 1175 752 1230 id
793 1182 905 1241 est,
951 1174 1340 1245 quinquaginta
1387 1173 1540 1237 duas,
1586 1172 1679 1243 qui
1717 1173 1882 1227 habet

289 1269 410 1324 dies
453 1283 692 1324 cccrxnv.
737 1267 968 1334 Quintus
1018 1267 1258 1322 decimus
1301 1275 1386 1321 est
1437 1281 1613 1320 annus
1665 1265 1880 1336 requies

287 1362 508 1432 septimi
536 1361 659 1415 anni
688 1360 982 1415 secundum
1011 1358 1201 1431 legem,
1228 1374 1336 1430 quo
1357 1356 1650 1426 jubebatur
1682 1357 1878 1427 populo

287 1452 387 1508 Dei
427 1467 459 1506 a
502 1451 666 1506 rurali
711 1466 874 1521 opere
916 1465 1142 1506 vacare.
1178 1449 1374 1506 Sextus
1417 1450 1659 1505 decimus
1704 1464 1879 1504 annus

287 1552 397 1610 cst,
425 1544 632 1614 species
657 1543 782 1597 anni
806 1541 1032 1611 jubilaei,
1061 1541 1151 1612 qui
1196 1551 1282 1597 est
1305 1557 1479 1596 annus
1516 1539 1876 1606 remissionis,

284 1643 343 1689 et
387 1632 776 1704 quinquaginta
825 1632 983 1688 annis
1018 1633 1288 1702 impletur.
1339 1630 1613 1702 Septimus
1650 1640 1706 1686 et
1733 1630 1880 1687 deci-

284 1740 412 1780 mus
460 1740 634 1780 annus
675 1733 779 1789 est,
812 1724 904 1794 qui
946 1731 1169 1779 vocatur
1213 1737 1458 1794 magnus,
1485 1737 1655 1778 annus
1682 1721 1872 1792 plane-

285 1827 504 1881 tarum,
551 1816 677 1870 dum
735 1817 916 1871 omnia
965 1815 1141 1870 sidera
1187 1816 1253 1871 ad
1303 1815 1478 1871 locum
1526 1823 1873 1870 revertuntur
1900 1804 1948 1864 B

283 1909 380 1963 ubi
424 1908 656 1978 primum
697 1915 900 1964 statuta
929 1907 1173 1975 fuerunt,
1208 1918 1264 1964 et
1305 1909 1613 1979 quingentis
1648 1909 1871 1979 triginta

281 1999 501 2054 duobus
525 1999 685 2054 annis
711 1999 981 2071 impletur.
1006 1999 1150 2055 Disc.
1172 1999 1360 2054 Annus
1388 2013 1516 2068 ergo
1542 1998 1752 2064 solaris,
1779 1999 1870 2069 qui

279 2103 492 2144 cccnxv
523 2089 710 2143 diebus
736 2096 791 2143 et
813 2087 1111 2156 quadrante
1151 2096 1382 2152 constat,
1412 2098 1543 2157 quot
1571 2088 1731 2143 horas
1758 2102 1872 2142 am-

280 2180 576 2251 plectitur?
595 2179 733 2236 MAG.
751 2179 948 2250 Utique
968 2195 1271 2235 ixnchxvi.
1295 2179 1439 2234 Disc.
1457 2179 1595 2246 Quot
1615 2179 1875 2247 punctos?

278 2269 427 2326 MAG.
452 2268 720 2325 male.
744 2270 888 2324 DISC.
911 2269 1050 2336 Quot
1072 2269 1311 2323 minuta?
1331 2267 1469 2324 MAG.
1495 2264 1870 2323 ιῖῖῢκτῆοειι.

277 2361 432 2417 Disc.
455 2359 599 2428 Quot
654 2359 968 2415 momenta?
1022 2359 1162 2415 MAG.
1207 2355 1497 2416 ἄιΐιῖυοχι..
1543 2359 1690 2413 Disc.
1735 2357 1876 2424 Quot

274 2452 534 2508 ostenta?
553 2451 692 2508 MAG.
716 2450 1110 2506 nix—v'nccccu.
1134 2450 1278 2506 Disc.
1302 2448 1442 2516 Quot
1467 2447 1711 2504 atomos?
1732 2448 1871 2503 MAG.

278 2542 477 2598 Decies
501 2543 688 2598 novies
712 2542 920 2597 centies
947 2549 1162 2596 centum
1193 2539 1357 2594 millia
1385 2548 1439 2593 et
1465 2547 1696 2609 quatuor
1729 2537 1878 2594 mille

275 2633 455 2690 millia
486 2641 542 2691 et
569 2631 955 2689 itii-(1mm.

820 2720 1046 2779 CAPUT
1083 2719 1230 2776 XXX
1239 2720 1340 2777 νη.

499 2819 581 2874 De
613 2819 835 2889 planetis
860 2828 907 2874 et
933 2818 1131 2888 origine
1163 2818 1434 2871 nominum
1459 2833 1658 2872 earum.

352 2910 504 2964 Disc.
538 2908 675 2975 Quia
713 2909 778 2963 de
809 2907 1075 2963 solaribus
1101 2915 1153 2962 et
1177 2905 1458 2962 lunaribus
1485 2904 1874 2973 annisdicens,

193 3073 202 3078 _
273 3003 346 3057 de
379 3001 538 3056 annis
585 3000 822 3070 quinque
850 2999 1190 3070 planetarum
1232 2997 1547 3068 adiunxisti,
1590 3011 1784 3067 precor
1819 3003 1879 3051 ut

275 3092 528 3162 ipsorum
575 3091 810 3146 siderum
840 3089 1222 3160 proprietatem
1263 3102 1370 3142 non
1411 3087 1652 3160 graveris
1696 3085 1877 3156 expla-

1981 550 2040 595 ut
2082 540 2320 609 reliquie,
2353 540 2444 595 sed
2476 542 2529 596 in
2560 557 2686 598 aere
2729 542 2994 599 feruntur.
3026 543 3192 598 Dictaa
3222 551 3402 598 autem
3444 542 3559 614 pla—

1980 641 2120 687 netae
2147 649 2245 702 apo
2273 641 2346 687 tes
2380 632 2559 703 planes
2597 632 2718 705 [ἀπὸ
2744 645 2836 699 τῆς
2863 633 3108 706 πλάνης],
3141 635 3193 689 id
3233 643 3336 702 est,
3378 636 3445 690 ab
3472 649 3562 691 er-

1981 738 2121 778 rore.
2170 721 2304 778 Nam
2347 722 2616 778 interdum
2661 724 2715 778 in
2751 735 3026 789 austrum,
3072 724 3346 780 interdum
3385 725 3441 780 in
3470 739 3558 781 se-

1980 818 2374 888 ptentrionem,
2420 816 2735 886 plerumque
2764 825 2952 872 contra
2993 818 3269 883 mundum,
3311 833 3559 873 nonnun-

1979 923 2142 977 quam
2178 923 2301 962 cum
2342 908 2541 961 mundo
2584 907 2847 962 feruntur.
2892 908 3016 964 Haec
3057 917 3112 965 et
3151 908 3464 979 retrograda
3503 917 3558 964 et

1979 999 2257 1064 anomala,
2289 1000 2569 1070 antigrada
2597 1010 2652 1056 et
2693 1001 2888 1056 stativa
2929 1002 3199 1056 dicuntur.
3234 1001 3378 1056 Disc.
3419 1001 3537 1067 Quo

1978 1091 2170 1146 modo?
2215 1090 2353 1147 MAG.
2386 1090 2520 1145 Nam
2567 1093 2958 1162 retrogradatio
2999 1091 3274 1146 stellarum
3304 1101 3388 1146 est
3431 1091 3555 1144 dum

1979 1181 2133 1237 stella
2181 1190 2384 1236 motum
2434 1196 2590 1235 suum
2631 1182 2742 1252 agit
2777 1181 2934 1235 simul
2965 1191 3019 1237 et
3055 1192 3204 1236 retro
3249 1181 3554 1235 submoveri

1978 1271 2210 1326 videtur.
2256 1270 2515 1326 Anomala
2561 1271 2813 1326 dicuntur
2856 1273 3070 1341 quando
3110 1271 3406 1342 particulas
3457 1271 3555 1325 ad-

1979 1359 2112 1414 dunt
2148 1359 2226 1413 vel
2260 1360 2565 1414 detrahunt.
2596 1360 2890 1430 Antigrada
2921 1359 2999 1414 vel
3043 1360 3398 1429 praecedentia
3429 1367 3558 1413 sunt

1979 1451 2104 1507 dum
2155 1460 2355 1506 motum
2405 1467 2560 1506 suum
2606 1461 2922 1506 consuetum
2973 1465 3130 1521 agere
3176 1451 3455 1514 videntur,
3502 1459 3559 1504 et

1980 1547 2158 1595 tamen
2212 1541 2412 1610 aliquid
2471 1551 2667 1611 praeter
2732 1542 3174 1597 consuetudinem
3219 1541 3551 1612 przecedunt.

1979 1630 2187 1686 Stativa
2213 1633 2483 1696 dicuntur,
2525 1633 2650 1701 quia
2691 1633 2816 1687 dum
2848 1647 3062 1703 semper
3091 1631 3242 1687 stella
3286 1640 3552 1695 movetur,

1978 1730 2157 1777 tamen
2185 1722 2238 1776 in
2266 1721 2532 1791 aliquibus
2558 1722 2692 1777 locis
2720 1731 2867 1778 stare
2891 1722 3123 1777 videtur.

2486 1831 2712 1888 CAPUT
2752 1831 3040 1888 XXXVIII.

1974 1925 2050 1981 De
2079 1926 2408 1996 planetarum
2437 1942 2593 1981 cursu
2625 1926 3070 2066 perfsigniferum,
3097 1934 3143 1980 et
3171 1934 3362 1980 natura
3392 1926 3546 1995 signi-

2731 2013 2824 2050 eri.

2731 2013 2824 2050 ΘΠ.

2044 2088 2187 2146 Disc.
2239 2088 2346 2145 Sed
2394 2089 2518 2158 quia
2572 2088 2749 2144 audivi
2797 2095 2850 2142 te
2905 2087 3172 2142 dicentem
3217 2085 3556 2156 planetarum

1977 2179 2263 2233 transitum
2302 2193 2422 2233 esse
2448 2178 2502 2232 in
2536 2178 2773 2241 zodiaco,
2807 2177 2973 2246 ipsius
3001 2175 3203 2230 zodiaci
3253 2175 3553 2245 proprieta-

1978 2280 2105 2336 tem,
2148 2277 2203 2325 et
2239 2284 2453 2325 cursum
2501 2283 2687 2324 earum
2716 2283 2843 2338 rogo
2883 2275 2941 2322 ut
2974 2281 3230 2338 exponas.
3267 2265 3408 2321 MAG.
3445 2265 3551 2319 Fa—

1976 2362 2136 2416 ciam.
2165 2361 2444 2424 Zodiacus,
2476 2359 2560 2414 vel
2608 2358 2850 2431 signifer,
2899 2368 2982 2414 est
3027 2359 3264 2415 circulus
3296 2359 3548 2429 obliquus

1977 2454 2256 2508 duodecim
2297 2453 2463 2522 signis
2489 2461 2765 2517 constans,
2803 2467 2896 2522 per
2925 2467 3086 2522 quem
3114 2462 3359 2508 errantes
3385 2451 3552 2506 stellae

1977 2543 2240 2609 feruntur,
2269 2558 2369 2598 nec
2415 2543 2559 2597 aliud
2604 2542 2879 2597 habitatur
2925 2543 2977 2596 in
3007 2542 3167 2598 terris
3205 2557 3369 2613 quam
3405 2542 3556 2612 quod

1977 2635 2081 2689 illis
2111 2632 2368 2703 subiacet.
2415 2633 2638 2704 Reliqua
2683 2649 2713 2688 a
2752 2633 2888 2703 polis
2925 2633 3189 2704 squalent.
3233 2633 3330 2688 Est
3369 2641 3550 2687 autem
3609 2635 3615 2641 ‘

1976 2723 2200 2796 signifer
2238 2738 2438 2779 cccuv
2479 2724 2724 2794 partibus
2750 2732 2804 2778 et
2843 2725 3141 2795 quadrante
3186 2724 3344 2779 unius
3380 2723 3554 2794 partis

1974 2831 2072 2887 per
2095 2815 2216 2872 caeli
2245 2814 2505 2870 ambitum
2536 2815 2745 2887 longus,
2775 2824 2830 2870 et
2867 2815 3147 2871 duodecim
3191 2815 3432 2886 partibus
3476 2814 3553 2868 la-

1977 2917 2064 2964 tus
2091 2923 2187 2978 per
2225 2915 2612 2963 transversum.
2641 2906 2866 2963 Veneris
2912 2917 3117 2962 tantum
3148 2907 3302 2963 stella
3342 2907 3555 2963 excedit

1975 3013 2096 3053 eum
2140 2996 2282 3053 binis
2307 2997 2570 3068 partibus.
2599 2996 2750 3052 Luna
2794 3012 3005 3068 quoque
3036 3012 3133 3068 per
3161 3004 3326 3053 totam
3373 2997 3556 3056 latitu-

1977 3093 2155 3149 dinem
2177 3091 2292 3162 ejus
2317 3101 2561 3164 vagatur,
2599 3092 2695 3148 sed
2722 3092 2942 3148 omnino
2968 3106 3073 3147 non
3113 3091 3379 3148 excedens
3407 3106 3555 3145 eum.

275 3156 441 3236 nare.
473 3180 612 3236 MAG.
639 3156 855 3250 Septem
883 3156 1027 3234 enim
1065 3184 1188 3234 sunt
1221 3156 1471 3248 planetae,
1499 3192 1618 3247 qute
1647 3177 1875 3232 adverso
1902 3156 1946 3218 (ἶ
1977 3185 2060 3240 Ab
2099 3184 2184 3239 his
2204 3156 2480 3239 'Mercurii
2528 3156 2679 3239 stella
2714 3182 3005 3247 laxissime,
3034 3190 3092 3235 ut
3123 3189 3301 3236 tamen
3340 3195 3372 3236 e
3416 3179 3554 3234 duo-

277 3287 453 3327 cursu
486 3279 672 3325 contra
705 3270 962 3324 mundum
1000 3268 1267 3333 feruntur,
1296 3268 1398 3324 hoc
1425 3276 1528 3336 est,
1561 3266 1672 3334 Sol,
1700 3266 1873 3332 Luna,

279 3363 612 3427 Mercurius,
649 3359 851 3426 Venus,
884 3359 1047 3427 Mars,
1088 3359 1254 3424 Jovis,
1286 3359 1571 3416 Saturnus.
1603 3358 1698 3415 Ha:
1723 3373 1873 3430 ergo,

279 3472 413 3512 curn
445 3457 655 3525 sphaera
693 3455 930 3510 caelestis
964 3455 1031 3511 ab
1059 3454 1270 3511 oriente
1299 3454 1354 3510 in
1381 3469 1636 3511 occasum
1670 3469 1728 3511 se
1758 3470 1876 3510 ver-

277 3554 414 3618 gat,
463 3551 750 3600 recurrunt
792 3544 1056 3600 orientem
1087 3559 1277 3600 versus
1307 3559 1407 3615 per
1442 3544 1755 3609 zodiacum,
1788 3552 1873 3609 et,

277 3649 342 3694 ut
375 3636 712 3707 sapientibus
755 3636 910 3692 istius
939 3636 1124 3691 mundi
1171 3636 1344 3692 visum
1370 3644 1475 3703 est,
1506 3636 1631 3692 coeli
1680 3646 1878 3706 tempe-

278 3734 415 3784 rant
459 3725 820 3790 velocitatem,
853 3740 921 3781 ne
969 3725 1136 3782 nimio
1164 3742 1355 3783 cursus
1394 3727 1474 3781 sui
1517 3735 1695 3783 rotatu
1739 3742 1874 3796 pra:-

279 3818 566 3888 cipitetur.
601 3816 744 3874 Disc.
781 3817 932 3874 Unde
971 3818 1169 3872 dicitur
1213 3817 1329 3873 sol?
1361 3818 1500 3874 MAG.
1530 3817 1683 3885 Quod
1729 3818 1875 3873 solus

281 3908 434 3963 inter
482 3907 664 3962 omnia
712 3907 889 3962 sidera
936 3907 1140 3963 luceat.
1165 3904 1385 3963 Oriente
1431 3908 1575 3962 enim
1610 3907 1720 3962 sole
1773 3923 1876 3961 cae—

283 4008 410 4053 tera
438 3998 614 4054 sidera
645 4015 769 4054 mox
797 3998 976 4054 radios
1002 4013 1130 4054 suos
1161 3997 1532 4062 abscondunt;
1562 4006 1632 4062 et,
1667 4006 1726 4051 ut
1758 3997 1877 4066 qui-

281 4089 522 4145 busdam
551 4089 746 4158 placet,
780 4089 894 4158 ipse
921 4089 1060 4144 lunae
1084 4098 1139 4145 et
1179 4087 1347 4144 stellis
1382 4089 1634 4144 omnibus
1661 4102 1758 4142 suo
1788 4103 1874 4142 as-

279 4190 453 4252 pectu
483 4181 670 4235 tribuit
693 4188 751 4234 ut
781 4181 960 4236 lacere
979 4181 1214 4248 valeant,
1238 4181 1364 4252 quia
1392 4195 1497 4235 non
1518 4181 1756 4251 proprio,
1781 4181 1875 4236 sed

282 4280 542 4327 mutuato
569 4287 597 4325 a
621 4272 750 4327 solis
779 4272 977 4327 lumine
1004 4272 1364 4343 resplendent.
1396 4270 1548 4328 Unde
1574 4281 1727 4343 poeta
1752 4273 1827 4326 ait
1860 4291 1872 4326 ι

422 4384 795 4448 anenlemque
819 4385 1014 4448 globum
1040 4385 1168 4435 lunae
1188 4385 1476 4448 Titaniaque
1503 4394 1635 4435 astra

417 4449 636 4510 Spiritus
661 4453 788 4498 intus
817 4449 916 4497 alit.

285 4556 439 4609 Disc.
488 4552 640 4608 Unde
687 4554 882 4610 dicitur
921 4547 1082 4609 luna?
1127 4555 1264 4611 MAG.
1297 4555 1448 4610 Luna
1478 4556 1676 4611 dicitur
1724 4556 1876 4625 quasi

285 4647 502 4710 lucina,
533 4645 712 4700 ablata
751 4645 924 4700 media
953 4646 1187 4717 syllaba;
1231 4649 1296 4702 de
1335 4663 1440 4718 qua
1481 4645 1732 4719 Virgilius
1758 4649 1874 4702 ait:

643 4771 654 4783 .
694 4771 706 4783 .
745 4769 757 4782 .
790 4771 802 4783 .
840 4769 854 4785 .
889 4735 1045 4795 Casta,
1073 4735 1200 4797 fave,
1227 4734 1407 4787 Lucina

283 4824 546 4894 Sumpsit
572 4833 751 4881 autem
779 4841 974 4881 nomen
998 4842 1095 4896 per
1121 4827 1493 4882 dirivationem
1520 4845 1548 4884 a
1579 4829 1709 4885 solis
1737 4830 1874 4896 luce,

281 4931 358 4969 eo
388 4915 534 4984 quod
564 4914 631 4969 ab
664 4931 730 4971 eo
759 4915 940 4971 lumen
983 4917 1210 4986 accipiat
1254 4929 1637 4988 acceptumque
1667 4922 1874 4974 reddat.

284 5006 448 5060 Drsc.
495 5004 650 5061 Unde
695 5005 948 5061 dicuntur
993 5007 1194 5062 stellae?
1236 5008 1375 5065 MAG.
1407 5011 1453 5063 A
1488 5011 1709 5076 stando;
1756 5013 1881 5080 quia

285 5096 424 5150 ﬁxae
461 5103 605 5150 stant
645 5111 858 5165 semper
891 5097 945 5150 in
977 5097 1134 5163 C(elo,
1173 5114 1271 5153 nec
1299 5101 1514 5154 cadunt.
1564 5101 1696 5154 Nam
1742 5102 1885 5170 quod

283 5189 549 5242 videmus
573 5204 602 5241 a
639 5189 776 5244 ccelo
806 5189 992 5244 stellas
1037 5191 1190 5260 quasi
1234 5190 1360 5256 labi,
1390 5207 1494 5246 non
1526 5200 1652 5248 sunt
1697 5193 1881 5259 stella},

282 5281 398 5337 sed
448 5280 666 5352 igniculi
697 5281 766 5336 ab
793 5283 997 5338 aethere
1039 5283 1204 5353 lapsi,
1234 5285 1325 5353 qui
1357 5293 1480 5339 sunt
1526 5286 1650 5340 dum
1695 5295 1887 5342 ventus

281 5371 496 5427 altiora
541 5380 728 5440 petens
771 5374 1052 5428 aetherium
1099 5374 1276 5444 ignem
1322 5389 1506 5428 secum
1554 5376 1748 5441 trahit,
1792 5378 1881 5445 qui

284 5471 484 5520 tractu
533 5478 631 5516 suo
679 5463 924 5518 imitatur
966 5463 1151 5519 stellas
1193 5463 1466 5518 cadentes.
1519 5463 1650 5517 Nam
1715 5465 1884 5520 stellae

285 5553 501 5609 cadere
525 5567 630 5606 non
667 5563 910 5622 possunt.
949 5553 1254 5608 lmmobiles
1291 5553 1457 5619 enim,
1486 5560 1542 5606 ut
1571 5554 1884 5622 praedictum

286 5653 410 5707 est,
438 5651 585 5708 sunt,
615 5653 671 5699 et
703 5660 825 5699 cum
855 5645 990 5700 caelo
1013 5644 1130 5698 lixm
1158 5642 1419 5698 feruntur.
1456 5643 1597 5699 Disc.
1634 5644 1689 5699 Si
1720 5647 1888 5700 stell:e

288 5737 352 5790 in
387 5735 531 5792 cmlo
574 5734 692 5790 lixae
737 5746 878 5800 sunt,
914 5747 969 5790 ut
1010 5737 1231 5800 asseris,
1261 5735 1400 5790 unde
1443 5736 1668 5805 planetu:
1699 5737 1886 5792 dicun—

1907 4513 1959 4573 D

1978 3274 2129 3329 denis
2153 3274 2396 3343 partibus
2427 3273 2524 3345 (tot
2550 3283 2673 3328 sunt
2704 3275 2848 3329 enim
2872 3272 3188 3338 latitudinis,
3214 3279 3274 3326 ut
3296 3271 3552 3341 diximus)

1975 3381 2080 3421 non
2110 3366 2338 3437 amplius
2363 3375 2586 3423 octonas
2613 3376 2873 3438 pererret,
2910 3381 3083 3436 neque
3119 3365 3217 3420 has
3252 3363 3552 3435 aequaliter,

1976 3460 2071 3515 sed
2102 3459 2236 3514 duas
2279 3459 2454 3514 medio
2495 3457 2609 3526 ejus
2636 3467 2692 3514 et
2731 3473 2892 3529 supra
2921 3466 3171 3527 quatuor,
3219 3453 3361 3509 infra
3397 3454 3550 3508 duas.

1978 3552 2083 3607 Sed
2129 3553 2207 3608 sol
2254 3553 2307 3607 in
2352 3551 2526 3606 medio
2553 3551 2725 3607 l‘ertur
2751 3552 2891 3606 inter
2928 3552 3061 3606 duas
3105 3557 3288 3620 partes
3314 3547 3567 3602 ﬂexuoso.

1977 3643 2270 3698 draconum
2317 3652 2495 3696 meatu
2545 3642 2842 3711 inzequalis.
2887 3641 3078 3704 Martis
3126 3639 3278 3694 stella
3322 3648 3557 3707 quatuor

1979 3735 2170 3789 mediis
2210 3732 2359 3789 Jovis
2403 3733 2600 3798 media,
2639 3742 2693 3786 et
2722 3747 2880 3803 super
2912 3748 3039 3788 eam,
3074 3731 3302 3797 duabus,
3335 3729 3565 3785 Saturni.

1981 3826 2210 3890 duabus,
2237 3834 2295 3879 ut
2319 3825 2420 3880 sol.

2514 3916 2740 3971 CAPUT
2783 3915 3022 3970 XXXIX.

2479 4009 2551 4062 De
2575 4009 2849 4063 duodecim
2884 4010 3080 4078 signis..

2053 4100 2197 4156 Disc.
2251 4099 2414 4171 Signa
2461 4108 2641 4153 autem
2695 4100 2898 4154 zodiaci
2956 4097 3148 4152 vellem
3202 4106 3260 4151 ut
3287 4097 3563 4150 edisseras-
3611 4089 3614 4094 ’

1983 4189 2123 4243 unde
2155 4189 2420 4243 traxerint
2443 4188 2684 4242 nomina.
2714 4188 2852 4243 MAG.
2886 4187 2928 4240 A
2970 4185 3148 4241 causis
3193 4200 3323 4256 ergo
3351 4185 3558 4239 annali.-

1981 4280 2083 4334 bus
2115 4279 2202 4333 vel
2230 4293 2258 4331 a
2289 4278 2567 4348 gentilium
2604 4277 2800 4331 fabulis
2855 4277 3072 4332 nomina
3105 4282 3453 4346 sumpserunt
3479 4275 3558 4350 si-

1983 4387 2084 4443 gna
2110 4371 2415 4427 duodecim.
2456 4369 2590 4424 Nam
2633 4370 2856 4425 arietem
2899 4369 3094 4425 Martio
3145 4369 3313 4424 mensi
3338 4376 3559 4439 propter

1985 4461 2307 4516 Ammonem
2334 4459 2518 4516 Jovem
2553 4460 2811 4515 tribuunt.
2849 4460 3000 4516 Unde
3032 4469 3087 4514 et
3117 4461 3169 4514 in
3195 4458 3311 4529 ejus
3338 4459 3558 4515 simula-

1987 4567 2080 4607 cro
2103 4551 2290 4607 arietis
2317 4565 2518 4608 cornua
2569 4550 2796 4620 ﬁngunt.
2847 4551 3084 4606 Taurum
3113 4550 3304 4622 Aprili,
3341 4561 3560 4622 propter

1986 4647 2232 4701 eumdem
2259 4643 2464 4710 Jovem,
2497 4644 2637 4714 quod
2666 4645 2719 4698 in
2748 4643 2938 4700 bovem
2970 4646 3042 4700 sit
3067 4644 3308 4702 fabulose
3336 4661 3560 4702 conver-

1988 4752 2098 4792 sus.
2147 4735 2426 4792 Castorem
2457 4745 2512 4791 et
2557 4734 2826 4791 Pollucem
2882 4736 3042 4800 Maio,
3093 4745 3314 4807 propter
3353 4735 3561 4806 insigne

1985 4827 2222 4882 virtutis.
2287 4825 2455 4880 Porro
2499 4825 2768 4880 Cancrum
2821 4823 3002 4890 Junio,
3033 4827 3248 4896 quando
3272 4825 3352 4882 sol
3382 4827 3449 4881 ad
3476 4826 3559 4880 in-

1987 4917 2186 4971 feriora
2238 4916 2392 4982 redit,
2427 4915 2566 4985 quod
2619 4915 2826 4970 Cancer
2864 4916 3123 4986 impulsus
3169 4925 3313 4971 retro
3343 4932 3569 4971 cursum.

1987 5009 2218 5077 dirigere
2248 5006 2436 5062 soleat.
2464 5005 2726 5072 Leonem,
2752 5021 2911 5076 quem
2944 5006 3142 5061 occidit
3167 5003 3441 5066 Hercules,
3467 5002 3563 5056 Ju--

1983 5100 2056 5155 lio
2092 5108 2308 5170 prOpter
2341 5100 2451 5154 vim
2476 5097 2702 5155 fervoris
2735 5101 3029 5172 assignant.
3085 5097 3354 5168 Virginem
3380 5094 3561 5164 Augu-

1990 5199 2091 5256 sto,
2120 5191 2262 5260 quod
2290 5198 2418 5245 tunc
2437 5190 2696 5245 exhausta
2723 5190 2995 5246 caloribus
3023 5189 3178 5244 tellus
3203 5187 3332 5241 nihil
3360 5187 3556 5256 pariat.

1988 5281 2206 5336 Libram
2263 5280 2565 5352 Septembri
2615 5281 2686 5337 ob
2727 5281 3088 5352 aequalitatem
3136 5278 3241 5332 diei
3271 5285 3324 5332 et
3360 5278 3556 5333 noctis.

1991 5373 2272 5442 Scorpium
2297 5379 2352 5427 et
2380 5371 2732 5443 Sagittarium
2778 5372 2988 5440 equinis
3019 5369 3269 5424 cruribus
3295 5367 3560 5422 delorma-

1993 5473 2128 5529 tum,
2153 5471 2372 5534 propter
2399 5462 2616 5518 ﬂumina
2647 5463 2912 5518 mensium
2967 5462 3223 5530 ipsorum,
3249 5459 3481 5514 October
3509 5469 3563 5514 et

1994 5552 2296 5607 November
2347 5553 2634 5623 accipiunt.
2679 5551 3068 5622 Capricornum
3101 5547 3394 5604 December
3441 5564 3565 5619 pro-

1995 5651 2114 5713 pter
2173 5657 2390 5711 capram
2439 5641 2588 5698 Jovis
2636 5639 3108 5710 nutricem,_-cujus
3161 5651 3405 5695 extrema.
3430 5639 3565 5709 pisci

1999 5735 2192 5791 similia
2221 5736 2532 5806 pinguntur,
2581 5736 2722 5805 quod
2779 5734 2935 5805 hujus
2989 5733 3185 5790 mensis
3243 5732 3427 5787 ultima
3458 5732 3575 5788 sint
