3970 6198
422 355 516 410 691
1084 356 1142 409 Β.
1187 355 1435 410 ΒΑΒΑΜ
1473 355 1688 410 MAURl
1723 355 1996 410 ARClllEl

2098 355 2396 412 MOGUNT.
2436 356 2721 412 OPERUM
2759 355 2937 410 PARS
2978 357 3020 410 1.

3562 364 3665 419 692

420 464 688 535 pluvialia.
716 467 1010 534 Aquarium
1035 463 1308 529 Januario,
1361 465 1656 519 Februario
1687 465 1888 530 Pisces,
1918 467 1988 521 ob
2018 472 2062 530 Α
2093 467 2215 520 duo.
2251 466 2446 522 Tribus
2493 483 2620 538 ergo
2669 467 2836 539 signis
2863 477 2920 522 et
2965 468 3176 525 duobus
3221 477 3441 541 punctis
3477 487 3665 532 octava

421 569 633 609 menses
691 553 995 609 imbriferos
1053 556 1287 609 tradunt.
1323 555 1558 626 Singulis
1591 566 1768 611 autem
1819 558 1988 629 signis

422 645 638 716 triginta
667 651 872 716 partes,
929 654 1093 702 terna:
1143 663 1270 702 vero
1317 647 1546 703 decades
1589 657 1868 718 putantur,
1925 665 1990 704 eo

418 738 560 806 quod
607 737 686 793 sol
739 739 956 810 triginta
1006 739 1194 795 diebus
1244 750 1297 794 et
1323 740 1508 795 decem
1538 742 1701 796 semis
1725 742 1872 796 horis
1903 742 1989 797 illa

418 836 723 896 percurrat,
765 843 795 882 a
850 829 1025 883 medio
1052 829 1266 891 mensis,
1300 829 1354 884 id
1382 838 1485 893 est,
1514 845 1581 883 xv
1629 829 1990 885 Kalendarum

416 917 524 982 die,
553 931 766 986 semper
795 918 1074 988 incipiens.
1113 918 1264 974 Unde
1293 927 1349 973 et
1393 920 1714 988 quihusdam
1746 928 1990 974 veterum

419 1007 620 1076 placuit
647 1009 920 1078 sequentis
937 1010 1136 1064 mensis
1154 1025 1272 1065 esse
1303 1011 1534 1078 signum,
1557 1009 1708 1078 cujus
1731 1010 1796 1064 ad
1820 1025 1990 1079 usque

419 1098 761 1153 medietatem
809 1099 1226 1170 unumquodque
1263 1100 1549 1169 pertendit,
1589 1100 1745 1171 eique
1771 1102 1986 1167 ascribi,

419 1188 558 1267 sicut
588 1189 675 1245 ille
702 1191 793 1260 qui
819 1192 1066 1246 versibus
1095 1192 1214 1247 inde
1249 1193 1445 1247 cecinit
1468 1193 1701 1248 heroicis
1730 1194 1801 1248 ita
1833 1213 1846 1247 :

539 1297 762 1363 Bespicis
783 1298 1141 1363 Apriles.Aries
1164 1298 1710 1363 frixe(sic)gl(alendas.

542 1360 700 1409 Maius
723 1361 968 1422 Agenorei
993 1362 1198 1410 miratur
1219 1360 1588 1421 cornua"l‘auri,

419 1471 474 1517 et
495 1472 692 1518 caetera
738 1465 926 1521 eodem
957 1465 1136 1520 modo.
1170 1464 1307 1520 Sunt
1336 1475 1517 1520 autem
1548 1467 1662 1522 haec
1691 1467 1841 1538 signa
1868 1476 1990 1523 tan-

422 1559 487 1605 tae
516 1554 920 1624 magnitudinis,
951 1563 1137 1610 utnon
1173 1556 1379 1610 minore
1415 1571 1575 1626 quam
1606 1557 1833 1611 duarum
1873 1573 1994 1628 spa-

421 1642 495 1696 tio
518 1643 770 1698 horarum
797 1645 877 1700 vel
903 1646 1056 1706 oriri.
1083 1645 1163 1700 vel
1191 1645 1460 1712 occidere,
1501 1646 1584 1700 vel
1632 1647 1698 1702 de
1725 1647 1844 1704 loco
1869 1664 1993 1718 pos-

420 1738 527 1794 sint
556 1739 778 1794 moveri.

1020 1829 1246 1887 CAPUT
1276 1831 1386 1887 XL.

565 1918 948 1974 Demonstratio
985 1921 1252 1990 signorum
1303 1938 1395 1991 per
1424 1920 1550 1976 solis
1578 1939 1809 1976 cursum.

493 2011 635 2066 DlSC.
677 2011 879 2067 Vellem
915 2013 1130 2082 quidem
1159 2023 1218 2068 ut
1271 2013 1505 2083 aliquam
1560 2015 1807 2070 notitiam
1860 2015 1991 2070 mihi

422 2101 546 2156 inde
571 2101 748 2158 dares.
780 2102 919 2158 MAG.
947 2102 1150 2158 Notitia
1194 2119 1320 2175 ergo
1349 2105 1538 2158 horum
1569 2105 1845 2176 signorum
1881 2121 1994 2161 me-

420 2192 524 2248 lius
550 2209 578 2248 a
607 2194 944 2264 colloquente
972 2203 1026 2250 et
1078 2196 1244 2268 digito
1301 2196 1708 2251 demonstrante
1761 2213 1923 2268 quam
1960 2215 1990 2254 a

423 2285 693 2340 scribente
714 2287 1032 2357 percipitur,
1063 2288 1188 2357 quia
1233 2304 1330 2359 per
1357 2289 1540 2344 stellas
1570 2289 1622 2344 in
1651 2291 1731 2348 eis
1759 2291 1992 2362 disposi-

425 2388 507 2434 tas
553 2381 815 2437 notabiles
870 2381 1022 2438 ﬁunt.
1052 2383 1118 2438 Et
1145 2383 1261 2440 haec
1302 2386 1404 2441 nisi
1443 2387 1598 2443 abeo
1626 2388 1718 2458 qui
1747 2397 1996 2448 astrono-

425 2469 548 2524 miae
577 2469 911 2542 disciplinam
943 2481 1108 2541 tenet,
1161 2483 1215 2530 et
1245 2475 1486 2532 siderum
1513 2477 1629 2534 loca
1658 2479 1909 2536 intimare
1930 2498 1996 2538 ac

425 2563 800 2620 demonstrare
863 2569 1093 2633 noverit,
1175 2569 1479 2627 nullatenus
1559 2573 1696 2628 edici
1767 2573 1996 2644 pleniter

423 2664 646 2724 queunt.
674 2655 779 2711 Sed
819 2658 1012 2712 horum
1043 2667 1220 2715 tamen
1248 2661 1524 2733 signorum
1548 2665 1796 2722 curiosus
1817 2667 1995 2737 inqui-

424 2742 561 2797 sitor
592 2753 771 2814 potest
800 2747 1033 2817 aliquam
1069 2750 1312 2819 accipere
1337 2753 1607 2818 notitiam,
1641 2755 1684 2808 si
1711 2753 1996 2826 diligenter

425 2835 556 2890 solis
579 2846 638 2915 et
659 2837 798 2893 luna:
825 2839 880 2894 in
933 2842 1013 2896 eis
1058 2841 1425 2900 observaverit
1480 2861 1692 2913 cursus,
1740 2847 1916 2904 aditus
1941 2856 1998 2903 et

427 2941 692 2983 secessus.
749 2929 1026 3001 Siquidem
1080 2933 1159 2989 sol
1211 2946 1456 2991 moratur
1482 2938 1754 2994 transiens
1780 2938 1832 2994 in
1863 2954 1996 2994 uno-

427 3030 640 3086 quoque
669 3018 820 3092 signo
851 3021 1066 3092 triginta
1095 3023 1234 3090 dies,
1272 3027 1457 3082 decem
1511 3029 1673 3082 horas
1722 3036 1778 3084 et
1809 3029 1998 3084 semis-

427 3122 562 3173 sem,
587 3124 651 3162 ac
678 3110 869 3164 deinde
899 3111 953 3164 in
983 3111 1125 3167 aliud
1154 3114 1366 3186 signum
1395 3117 1713 3188 ingreditur,
1755 3118 1899 3188 quod
1925 3119 1996 3173 si-

429 3198 629 3253 militer
655 3199 707 3253 in
739 3200 958 3271 triginta
983 3201 1168 3258 diebus
1213 3213 1267 3259 ct
1291 3205 1479 3262 decem
1509 3208 1657 3262 horis
1684 3222 1749 3264 ac
1772 3209 1999 3264 semisse

428 3289 819 3358 pertransiens,
871 3291 1086 3346 tertium
1140 3293 1325 3348 intrat.
1362 3296 1557 3366 Sicque
1605 3297 1734 3353 illud
1786 3298 1997 3369 signum

431 3378 573 3447 quod
595 3377 921 3449 jampridem
963 3381 1252 3452 reliquerat
1297 3385 1466 3441 stellis
1513 3389 1892 3457 apparentibus
1930 3391 1998 3447 ab

431 3468 638 3523 oriente
669 3479 794 3524 ante
823 3485 1032 3524 aurora:
1061 3481 1305 3527 exortum
1357 3475 1590 3530 notabile
1618 3475 1822 3532 reddet.
1862 3477 2000 3534 Sunt

429 3561 645 3631 quidem
673 3562 776 3616 tria
803 3563 952 3632 signa
975 3577 1186 3633 semper
1208 3565 1352 3620 circa
1387 3566 1552 3622 solem
1578 3568 1772 3623 diurno
1799 3569 2000 3625 lumine

431 3652 611 3722 plena,
641 3655 692 3708 id
717 3662 821 3720 est,
851 3655 953 3711 hoc
981 3657 1124 3724 quod
1160 3658 1472 3728 nuperrime
1522 3659 1635 3731 ipse
1685 3660 1998 3731 reliquerat,

431 3752 485 3797 et
519 3743 689 3813 ipsum
729 3745 782 3799 in
811 3760 918 3814 quo
947 3761 1186 3814 praesens
1227 3757 1329 3813 est,
1359 3755 1412 3802 et
1441 3748 1569 3804 illud
1612 3749 1666 3803 in
1696 3751 1838 3819 quod
1874 3766 2001 3821 pro-

433 3835 576 3888 xime
632 3835 970 3904 ingressurus
1026 3846 1126 3891 est.
1162 3835 1310 3892 Luna
1358 3854 1572 3910 quoque
1626 3840 1873 3895 similiter
1901 3855 2000 3897 suo

433 3941 593 3980 cursu
626 3926 778 3998 signa
828 3927 1180 3983 demonstrat.
1218 3928 1351 3984 Nam
1384 3931 1497 4000 ipsa
1549 3931 1689 3987 binis
1731 3933 1922 3988 diebus
1945 3943 2001 3988 et

435 4017 599 4071 semis
623 4017 773 4072 horis
796 4033 858 4073 ac
882 4017 1026 4074 bisse
1057 4019 1215 4075 unius
1270 4021 1417 4076 horae
1448 4022 1659 4093 singula
1692 4023 1845 4093 signa
1877 4039 2000 4093 per-

436 4109 652 4164 labitur.
686 4111 823 4166 Etsi
847 4111 1140 4167 calculator
1162 4113 1429 4169 veraciter
1456 4122 1830 4185 argumentum
1855 4117 2000 4186 quod

436 4202 499 4255 de
526 4201 642 4270 ejus
670 4203 900 4257 transitu
925 4218 1022 4273 per
1045 4205 1197 4275 signa
1240 4204 1440 4259 factum
1472 4214 1554 4260 est
1593 4207 1884 4276 perdiscet,
1906 4223 2002 4277 po-

437 4292 565 4347 terit
593 4308 656 4348 ex
681 4293 799 4364 ejus
836 4303 978 4350 statu
1009 4295 1282 4366 signorum
1308 4295 1577 4366 conjicere
1603 4294 1739 4353 loca.

1026 4405 1252 4462 CAPUT
1293 4406 1426 4460 XLI.

853 4475 932 4528 De
958 4475 1094 4529 [una
1119 4492 1273 4529 cursu
1295 4493 1386 4546 per
1405 4478 1570 4546 signa.

507 4563 649 4617 Disc.
692 4562 870 4632 Ipsum
895 4572 1268 4635 argumentum
1300 4565 1490 4621 vellem
1532 4575 1592 4620 ut
1637 4568 1766 4622 mihi
1793 4569 1998 4626 edisse-

437 4655 566 4709 ras?
601 4654 740 4710 MAG.
781 4655 930 4709 Luna
951 4655 1190 4724 quotidie
1217 4665 1447 4725 quatuor
1471 4659 1702 4726 punctis,
1737 4659 1849 4714 sive
1875 4676 1996 4716 cre-

435 4760 592 4800 scens
611 4761 641 4799 a
671 4745 783 4800 sole
820 4745 1028 4815 longius
1058 4744 1193 4805 abit,
1239 4746 1352 4800 sive
1383 4747 1700 4805 decrescens
1747 4750 1846 4806 soli
1872 4752 2002 4807 vici-

435 4837 556 4890 nior
585 4851 745 4906 quam
797 4835 970 4907 pridie
1022 4835 1198 4890 fuerat
1255 4835 1515 4891 redditur.
1551 4837 1771 4909 Singula
1819 4850 2000 4897 autem

435 4929 584 5000 signa
625 4929 806 4984 decem
857 4935 1084 4998 punctos
1125 4926 1345 4992 habent,
1401 4926 1453 4982 id
1501 4936 1601 4994 est,
1642 4929 1777 4985 duas
1814 4929 1996 4995 horas,

433 5022 572 5076 sicut
601 5026 656 5074 et
683 5019 928 5089 superius
956 5017 1351 5072 admonuimus.
1384 5018 1630 5088 Quinque
1651 5020 1793 5074 enim
1815 5022 1999 5090 puncti

433 5118 486 5171 in
521 5115 644 5170 luna
680 5115 867 5170 horam
907 5112 1128 5169 faciunt.
1159 5111 1226 5167 Et
1280 5112 1400 5168 ideo
1451 5113 1494 5168 si
1525 5114 1608 5168 vis
1644 5113 1785 5168 scire
1812 5113 1864 5167 in
1894 5129 2000 5184 quo

431 5209 584 5280 signo
609 5207 733 5261 luna
764 5213 869 5272 est,
895 5219 1046 5261 sume
1073 5203 1253 5259 lunam
1293 5218 1451 5273 quam
1498 5203 1755 5268 volueris,
1784 5212 1843 5257 ut
1869 5213 1996 5273 puta

431 5298 692 5365 quintam,
724 5294 1017 5366 multiplica
1053 5309 1148 5364 per
1176 5301 1434 5364 quatuor,
1463 5292 1596 5348 ﬁunt
1621 5293 1807 5363 viginti
1833 5310 1848 5360 ;
1877 5309 1999 5362 par-

431 5391 533 5444 tire
559 5404 657 5460 per
702 5388 912 5452 decem,
951 5387 1035 5442 bis
1087 5385 1346 5441 denivies.
1400 5383 1616 5440 Duobus
1664 5400 1792 5454 ergo
1831 5384 1998 5456 signis

429 5479 617 5549 quinta
647 5477 772 5533 luna
795 5493 1010 5547 semper
1037 5492 1066 5530 a
1090 5475 1203 5530 sole
1243 5474 1428 5528 distat.
1478 5473 1609 5528 Item
1659 5489 1812 5528 sume
1857 5482 2002 5528 octa-

429 5582 550 5622 vam
595 5566 798 5632 lunam,
852 5565 1149 5634 multiplica
1196 5578 1294 5634 per
1327 5571 1580 5631 quatuor,
1617 5561 1751 5616 fiunt
1779 5561 1998 5632 triginta

430 5658 534 5713 duo
558 5675 575 5724 ;
605 5657 807 5728 partire
833 5671 930 5726 per
956 5655 1163 5719 decem,
1193 5662 1276 5708 ter
1302 5653 1426 5708 deni
1454 5652 1604 5718 tries,
1636 5661 1691 5707 et
1716 5659 1996 5708 remanent

2026 4531 2080 4593 D

2090 555 2214 610 luna
2241 571 2454 625 semper
2482 573 2512 610 a
2537 557 2650 611 sole
2680 557 2972 612 dirimitur.
3010 557 3154 615 Duos
3203 572 3385 616 autem
3417 575 3666 634 punctos,

2089 664 2184 702 sex
2213 658 2394 718 partes
2421 649 2681 719 intellige,
2728 649 2782 704 id
2803 659 2909 714 est,
2958 660 3225 719 quantum
3258 655 3338 709 sol
3363 657 3415 710 in
3445 660 3670 716 zodiaca

2090 754 2182 793 sex
2210 739 2400 795 diebus
2429 741 2648 795 coniicit
2682 740 2912 796 itineris.
2938 740 3180 797 Punctus
3210 744 3479 814 siquidem
3511 751 3673 805 habet

2091 837 2204 883 tres
2226 835 2432 897 partes,
2486 829 2612 898 quia
2643 830 2854 899 signum
2885 831 3137 900 quodque
3185 834 3371 888 decem
3418 848 3668 906 punctos,

2093 918 2313 989 triginta
2337 927 2518 989 partes
2546 919 2727 974 habet.
2761 919 2827 974 Et
2856 936 2926 975 ne
2953 922 3188 991 suspicio
3217 925 3313 979 tibi
3346 923 3487 982 forte
3513 943 3673 998 argu-

2091 1010 2258 1065 menti
2318 1009 2552 1064 fallentis
2601 1009 2818 1074 incidat,
2871 1026 3054 1080 qurere
3084 1013 3151 1066 ad
3191 1015 3516 1073 diametrum
3545 1021 3668 1076 cmli

2091 1103 2236 1172 quod
2257 1103 2501 1172 quintam
2526 1102 2790 1157 decimam
2837 1103 3018 1158 lunam
3050 1112 3234 1159 tenere
3269 1121 3430 1162 nemo
3450 1109 3542 1177 qui
3578 1109 3673 1163 du—

2090 1194 2244 1250 bitet.
2280 1193 2574 1265 Multiplica
2603 1195 2908 1263 quindecim
2943 1209 3040 1266 per
3063 1207 3314 1266 quatuor,
3354 1199 3492 1256 fiunt
3520 1217 3672 1258 sexa—

2093 1284 2280 1356 ginta;
2314 1286 2517 1355 partire
2567 1299 2664 1354 per
2693 1285 2904 1351 decem,
2936 1287 3114 1342 sexies
3161 1289 3284 1343 deni
3322 1291 3521 1346 sexais.
3565 1292 3670 1348 Sex

2097 1374 2237 1430 enim
2285 1374 2457 1443 signis
2486 1373 2692 1428 decima
2735 1374 2923 1444 quinta
2948 1373 3071 1430 luna
3102 1391 3336 1447 semper,
3362 1379 3416 1433 id
3447 1388 3554 1445 est,
3589 1382 3668 1436 di-

2093 1464 2259 1521 midio
2289 1465 2512 1534 sphmrze
2543 1464 2782 1520 cmlestis
2813 1480 2842 1517 a
2887 1464 3000 1519 sole
3031 1465 3378 1533 discernitur,
3406 1468 3522 1523 sive
3548 1478 3671 1526 ante

2094 1569 2188 1609 seu
2225 1562 2370 1608 retro
2397 1554 2720 1623 respexeris.
2753 1554 2992 1626 Denique
3019 1556 3207 1610 orbem
3234 1554 3393 1623 lunae,
3421 1561 3672 1629 quotiens

2095 1643 2430 1716 plerissimus
2457 1653 2559 1710 est,
2588 1653 2778 1701 contra
2808 1645 2972 1700 solem
3005 1647 3184 1701 cernis
3209 1650 3540 1718 oppositum,
3573 1651 3670 1705 hu-

2096 1735 2277 1790 milem
2328 1735 2577 1791 videlicet
2624 1735 2736 1791 sole
2787 1736 3028 1803 sublimi,
3055 1745 3110 1792 et
3138 1739 3425 1794 sublimem
3454 1741 3666 1798 humili.

2026 1828 2072 1890 Β
2101 1837 2126 1866 α
2167 1824 2302 1892 Quia
2339 1827 2594 1882 nimirum
2637 1842 2760 1883 cum
2785 1827 2898 1883 sole
2950 1830 3196 1884 aestivum
3244 1839 3460 1887 tenente
3490 1834 3668 1889 circu-

2098 1913 2207 1969 lum
2232 1914 2387 1986 plena
2433 1925 2534 1982 est,
2566 1916 2683 1986 ipsa
2729 1925 2875 1972 tenet
2923 1919 3263 1989 prumalem;
3297 1936 3417 1976 cum
3451 1923 3567 1978 sole
3597 1925 3672 1978 di-

2095 2020 2231 2061 vexo
2259 2006 2630 2078 imprumalem
2655 2007 2813 2076 plena
2841 2016 2946 2074 est,
2988 2009 3163 2079 ipsam
3207 2010 3473 2066 solstitiali
3514 2029 3673 2068 scan-

2095 2095 2222 2152 dere
2249 2097 2454 2150 circulo
2483 2112 2589 2151 nox
2615 2096 2924 2168 longissima
2950 2099 3149 2169 prodit.
3181 2099 3251 2154 At
3286 2116 3409 2156 cum
3439 2101 3544 2158 iste
3571 2104 3672 2160 hoc

2093 2189 2495 2258 aequinoctium,
2536 2189 2590 2244 in
2617 2189 2910 2259 plenilunio
2938 2199 3052 2246 tum
3079 2191 3170 2246 illa
3199 2193 3431 2249 alterum
3462 2207 3667 2252 servat.

2095 2281 2161 2337 Et
2208 2289 2338 2352 quot
2388 2281 2634 2352 partibus
2668 2281 2747 2336 sol
2800 2282 3182 2352 aequinoctium
3237 2284 3319 2339 vel
3350 2285 3664 2353 solstitium,

2095 2373 2238 2444 quod
2266 2373 2575 2444 nuperrime
2605 2373 2949 2439 lustraverat,
2983 2376 3212 2440 transiit,
3246 2376 3471 2432 totidem
3497 2381 3665 2448 parti-

2096 2468 2198 2522 bus
2223 2466 2346 2522 luna
2369 2467 2523 2538 plena
2547 2467 2630 2522 vel
2656 2467 3040 2538 aequinoctium
3069 2469 3150 2524 vel
3181 2469 3496 2537 solstitium,
3527 2475 3667 2542 quod

2095 2568 2285 2616 contra
2308 2568 2412 2626 est,
2443 2568 2594 2630 patet
2616 2575 2736 2616 esse
2770 2561 3036 2631 ingressa.
3069 2561 3214 2616 DISC.
3238 2561 3365 2618 Post
3401 2573 3538 2634 quot
3559 2566 3672 2620 dies

2095 2651 2175 2708 sol
2228 2651 2373 2706 illam
2421 2661 2628 2722 partem
2675 2651 2798 2706 (ιωιὶ
2845 2653 3172 2708 conscendet
3219 2654 3286 2708 ad
3338 2671 3502 2724 quam
3545 2656 3668 2712 luna

2095 2741 2256 2796 tertia
2291 2742 2612 2811 perveniet?
2654 2741 2794 2798 MAG.
2857 2741 3042 2799 Mense
3079 2751 3193 2800 toto
3224 2751 3284 2798 et
3322 2745 3518 2802 diebus
3551 2762 3664 2803 sex.

2672 2852 2895 2910 CAPUT
2930 2853 3089 2909 XLII.

2203 2924 2579 2994 Argumentum
2615 2925 2684 2977 ad
2715 2925 3129 2994 investigandum
3158 2924 3298 2981 [une
3327 2944 3564 2983 cursum.

2168 3013 2311 3070 Disc.
2369 3013 2602 3070 Ostende
2659 3015 2790 3070 mihi
2834 3016 3121 3086 quomodo.
3162 3017 3298 3074 MAG.
3363 3019 3458 3074 Sol
3511 3021 3672 3090 igitur

2098 3101 2339 3174 quotidie
2369 3110 2576 3172 partem
2631 3119 2793 3158 unam
2841 3105 3046 3160 zodiaci
3079 3107 3160 3162 sui
3204 3107 3457 3178 complet.
3491 3109 3673 3180 Neque

2024 3182 2070 3247 C
2100 3194 2245 3248 enim
2282 3193 2427 3250 aliud
2479 3204 2661 3266 partes
2706 3195 2913 3252 zodiaci
2967 3213 3132 3268 quam
3173 3201 3519 3270 quotidianos
3549 3202 3674 3257 solis

2101 3284 2155 3340 in
2201 3285 2339 3340 cmlo
2393 3286 2594 3340 sentire
2655 3285 2912 3342 debemus
2976 3302 3311 3358 progressus.
3361 3288 3515 3345 Luna
3548 3307 3673 3347 vero

2100 3377 2336 3446 quotidie
2371 3375 2628 3432 tredecim
2677 3384 2859 3448 partes
2891 3375 3131 3446 ejusdem
3179 3379 3382 3434 zodiaci
3435 3380 3669 3446 coniicit,

2100 3470 2154 3525 id
2180 3478 2280 3534 est,
2313 3478 2541 3540 punctos
2586 3479 2820 3540 quatuor
2857 3478 2910 3525 et
2938 3487 3100 3526 unam
3144 3481 3374 3542 partem.
3437 3473 3504 3529 Et
3548 3475 3672 3544 quia

2100 3559 2189 3614 illa
2215 3559 2473 3614 tredecim
2505 3569 2706 3629 partes,
2759 3559 2840 3615 sol
2868 3576 3030 3614 unam
3077 3561 3329 3630 complet,
3381 3564 3509 3619 inde
3538 3564 3670 3630 ﬁeri,

2101 3660 2161 3705 ut
2193 3666 2352 3720 supra
2378 3651 2676 3718 docuimus,
2704 3668 2810 3707 non
2856 3651 2977 3723 plus
3025 3653 3340 3724 quotidiana
3383 3670 3672 3726 progressu

2101 3759 2132 3797 a
2159 3744 2270 3800 sole
2323 3759 2484 3815 quam
2527 3745 2804 3816 quaternis
2851 3746 3086 3814 punctis,
3137 3746 3240 3802 hoc
3269 3755 3374 3810 est,
3414 3748 3675 3804 duodenis

2099 3834 2344 3902 partibus
2370 3834 2670 3906 elongetur.
2697 3835 2868 3891 Ponat
2893 3851 3022 3907 ergo
3068 3837 3250 3892 lunam
3273 3837 3502 3894 ubilibet
3531 3855 3673 3896 com-

2101 3934 2290 3997 putare
2309 3925 2556 3988 voluerit,
2589 3936 2647 3980 ut
2694 3933 2824 3998 puta
2873 3926 2928 3980 in
2958 3925 3212 3982 Kalendis
3263 3925 3511 3983 Januarii
3561 3929 3673 4000 pri—

2101 4032 2244 4070 mam
2276 4034 2290 4070 :
2325 4017 2438 4072 [nec
2460 4016 2551 4072 ubi
2583 4018 2754 4088 prima
2786 4025 2999 4072 noctem
3043 4017 3297 4088 diemque
3326 4021 3673 4090 transegerit,

2102 4107 2250 4162 illum
2278 4107 2399 4163 coeli
2434 4107 2609 4164 locum
2647 4117 2792 4164 tenet
2819 4123 2978 4178 quem
3009 4107 3087 4164 sol
3111 4109 3319 4165 decimo
3351 4111 3516 4166 tertio
3541 4110 3677 4179 ejus-

2102 4197 2223 4252 dem
2271 4197 2470 4253 mensis
2504 4198 2589 4253 die
2631 4197 2914 4268 completo.
2948 4197 3052 4254 Ubi
3098 4199 3204 4254 duo
3243 4207 3347 4265 est,
3376 4200 3674 4271 multiplica

2103 4287 2208 4343 duo
2232 4303 2330 4358 per
2356 4295 2606 4356 quatuor,
2647 4285 2780 4340 ﬁunt
2826 4295 3053 4356 septem.
3109 4287 3242 4343 [tem
3272 4296 3333 4342 ut
3366 4291 3436 4344 de
3462 4291 3676 4360 punctis

2104 4379 2170 4432 ad
2195 4386 2373 4448 partes
2399 4376 2701 4448 pervenias,
2731 4376 3025 4446 multiplica
3055 4386 3178 4432 octo
3217 4393 3315 4448 per
3343 4385 3519 4443 terna,
3545 4381 3677 4433 fiunt

2103 4467 2293 4537 viginti
2325 4475 2572 4538 quatuor.
2628 4465 2772 4520 Illam
2799 4482 2927 4538 ergo
2965 4467 3084 4523 caeli
3114 4479 3326 4538 partem
3378 4478 3528 4526 tenet
3554 4470 3676 4524 luna

2105 4558 2336 4614 secunda
2367 4558 2419 4610 in
2456 4567 2649 4627 quarto
2678 4556 2815 4612 Non.
2848 4555 3086 4612 Januarii
3117 4574 3279 4629 quam
3309 4557 3390 4614 sol
3421 4560 3680 4615 vicesimo

2103 4658 2298 4720 quarto
2323 4647 2390 4703 ab
2416 4649 2542 4704 hinc
2578 4648 2665 4703 die
2687 4647 2949 4704 confecto.
2982 4649 3082 4704 Ubi
3111 4658 3219 4705 tres
3243 4657 3350 4715 est,
3379 4651 3680 4720 multiplica

2107 4741 2207 4795 tria
2241 4754 2338 4810 per
2370 4748 2622 4810 quatuor,
2670 4739 2805 4793 ﬁunt
2857 4737 3156 4795 duodecim.
3190 4739 3406 4794 Partire
3453 4757 3554 4811 per
3591 4744 3681 4795 de-

2104 4845 2241 4895 cem,
2273 4831 2453 4885 decies
2480 4845 2599 4884 asse
2628 4829 2812 4894 decus,
2845 4837 2901 4884 et
2935 4837 3214 4884 remanent
3242 4830 3348 4886 duo
3383 4832 3601 4901 puncti,
3631 4832 3685 4884 id

2104 4927 2208 4985 est,
2235 4935 2327 4974 sex
2356 4927 2558 4989 partes.
2611 4917 2760 4972 Illam
2786 4934 2916 4990 ergo
2963 4918 3086 4974 caeli
3137 4926 3345 4989 partem
3375 4928 3527 4974 tenet
3557 4921 3683 4974 luna

2107 5021 2299 5084 quarta
2334 5014 2387 5068 in
2420 5013 2576 5067 tertio
2619 5010 2756 5068 Non.
2789 5009 3030 5066 Januarii
3058 5027 3218 5082 quam
3249 5011 3329 5068 sol
3357 5027 3548 5067 mense
3573 5021 3686 5067 toto

2105 5116 2161 5162 et
2194 5107 2383 5162 diebus
2413 5121 2527 5160 sex.
2565 5104 2697 5160 Post
2721 5105 2941 5158 tertium
2994 5102 3128 5159 Non.
3175 5100 3417 5159 Januarii
3445 5105 3682 5170 exactis,

2107 5200 2158 5253 id
2185 5207 2269 5254 est
2292 5205 2466 5263 sexto,
2506 5205 2628 5267 post
2658 5195 2874 5254 tertium
2905 5194 3043 5250 Non.
3087 5193 3367 5250 Februarii
3406 5196 3493 5250 die
3543 5212 3682 5251 con-

2105 5299 2390 5344 summato.
2423 5289 2488 5342 Et
2522 5294 2582 5342 ut
2613 5286 2679 5341 ad
2716 5300 2981 5342 summam
3011 5285 3342 5355 perveniam,
3388 5300 3549 5341 sume
3581 5286 3681 5339 tri-

2104 5380 2362 5436 cesimam
2389 5379 2592 5444 lunam,
2624 5392 2743 5448 quae
2769 5383 2896 5429 tunc
2924 5375 2984 5430 tit
3027 5374 3190 5430 tertio
3214 5373 3335 5428 Kal.
3368 5375 3680 5439 Februarii,

2103 5471 2396 5541 multiplica
2450 5486 2548 5540 per
2572 5477 2824 5540 quatuor,
2875 5468 3007 5521 tiunt
3053 5475 3270 5521 centqu
3296 5466 3523 5537 viginti;
3557 5483 3682 5538 par-

2103 5562 2206 5616 tire
2251 5576 2349 5631 per
2392 5561 2575 5615 decem
2625 5559 2913 5616 duodecies
2943 5557 3066 5612 deni
3099 5572 3198 5611 cen
3225 5557 3359 5611 vies.
3390 5557 3483 5611 llla
3523 5568 3684 5628 parte

2105 5651 2226 5706 coeli
2255 5650 2380 5705 luna
2411 5649 2680 5705 tricesima
2711 5649 2879 5704 currit
2914 5663 3067 5719 quam
3091 5645 3375 5703 duodecim
3400 5648 3686 5702 mensibus

504 5760 536 5789 ι
578 5745 712 5802 Vide
770 5745 1026 5800 Cotelerii
1076 5745 1418 5800 Monumenta
1465 5742 1714 5798 Ecclesiae
1767 5741 1988 5807 Grecae,
2027 5747 2158 5795 tom.
2197 5738 2258 5805 11,
2286 5755 2408 5809 pag.
2433 5738 2554 5793 550.
