  <div class='ocr_page' id='page_1' title='image "/cluster/home/n/w/nwhite01/storage/ocr_20150623/107/hvd.32044054759725/352.png"; bbox 0 0 3970 6198; ppageno 0'>
   <div class='ocr_carea' id='block_1_1' title="bbox 1620 286 3593 345">
    <p class='ocr_par' dir='ltr' id='par_1_1' title="bbox 1620 286 3593 345">
     <span class='ocr_line' id='line_1_1' title="bbox 1620 286 3593 345; baseline 0 -3"><span class='ocrx_word' id='word_1_1' title='bbox 1620 287 1823 343; x_wconf 81' lang='lat' dir='ltr'><strong>LIBER</strong></span> <span class='ocrx_word' id='word_1_2' title='bbox 1856 288 1945 343; x_wconf 79' lang='lat' dir='ltr'><strong>DE</strong></span> <span class='ocrx_word' id='word_1_3' title='bbox 1982 286 2328 345; x_wconf 82' lang='lat' dir='ltr'><strong>COMPUTO.</strong></span> <span class='ocrx_word' id='word_1_4' title='bbox 3486 288 3593 343; x_wconf 59' lang='lat'><strong>69.5</strong></span> 
     </span>
    </p>
   </div>
   <div class='ocr_carea' id='block_1_2' title="bbox 336 396 3593 468">
    <p class='ocr_par' dir='ltr' id='par_1_2' title="bbox 336 396 3593 468">
     <span class='ocr_line' id='line_1_2' title="bbox 336 396 3593 468; baseline -0.002 -6"><span class='ocrx_word' id='word_1_5' title='bbox 336 405 568 468; x_wconf 73' lang='lat' dir='ltr'><strong>exactis,</strong></span> <span class='ocrx_word' id='word_1_6' title='bbox 597 403 651 458; x_wconf 91' lang='lat' dir='ltr'><strong>id</strong></span> <span class='ocrx_word' id='word_1_7' title='bbox 681 411 787 467; x_wconf 91' lang='lat' dir='ltr'><strong>est,</strong></span> <span class='ocrx_word' id='word_1_8' title='bbox 817 409 929 455; x_wconf 89' lang='lat' dir='ltr'><strong>toto</strong></span> <span class='ocrx_word' id='word_1_9' title='bbox 979 399 1106 454; x_wconf 87' lang='lat' dir='ltr'><strong>anni</strong></span> <span class='ocrx_word' id='word_1_10' title='bbox 1138 398 1343 455; x_wconf 83' lang='lat' dir='ltr'><strong>circulo</strong></span> <span class='ocrx_word' id='word_1_11' title='bbox 1390 407 1682 463; x_wconf 89' lang='lat' dir='ltr'><strong>transacto,</strong></span> <span class='ocrx_word' id='word_1_12' title='bbox 1708 397 1789 454; x_wconf 88' lang='lat' dir='ltr'><strong>sol</strong></span> <span class='ocrx_word' id='word_1_13' title='bbox 1818 397 1915 452; x_wconf 91' lang='lat' dir='ltr'><strong>ob-</strong></span> <span class='ocrx_word' id='word_1_14' title='bbox 1942 400 1991 460; x_wconf 80' lang='grc' dir='ltr'><strong>Λ</strong></span> <span class='ocrx_word' id='word_1_15' title='bbox 2018 398 2179 453; x_wconf 89' lang='lat' dir='ltr'><strong>dente</strong></span> <span class='ocrx_word' id='word_1_16' title='bbox 2231 399 2376 462; x_wconf 89' lang='lat' dir='ltr'><strong>luna,</strong></span> <span class='ocrx_word' id='word_1_17' title='bbox 2410 414 2453 454; x_wconf 74' lang='lat' dir='ltr'><strong>sn</strong></span> <span class='ocrx_word' id='word_1_18' title='bbox 2483 406 2624 453; x_wconf 87' lang='lat' dir='ltr'><strong>terra</strong></span> <span class='ocrx_word' id='word_1_19' title='bbox 2653 396 2823 466; x_wconf 81' lang='lat' dir='ltr'><strong>major</strong></span> <span class='ocrx_word' id='word_1_20' title='bbox 2850 406 2996 453; x_wconf 89' lang='lat' dir='ltr'><strong>esset</strong></span> <span class='ocrx_word' id='word_1_21' title='bbox 3044 413 3206 467; x_wconf 89' lang='lat' dir='ltr'><strong>quam</strong></span> <span class='ocrx_word' id='word_1_22' title='bbox 3237 399 3384 467; x_wconf 89' lang='lat' dir='ltr'><strong>luna,</strong></span> <span class='ocrx_word' id='word_1_23' title='bbox 3416 401 3593 456; x_wconf 84' lang='lat' dir='ltr'><strong>omni-</strong></span> 
     </span>
    </p>
   </div>
   <div class='ocr_carea' id='block_1_3' title="bbox 337 487 3593 561">
    <p class='ocr_par' dir='ltr' id='par_1_3' title="bbox 337 487 3593 561">
     <span class='ocr_line' id='line_1_3' title="bbox 337 487 3593 561; baseline -0.001 -11"><span class='ocrx_word' id='word_1_24' title='bbox 337 505 588 552; x_wconf 88' lang='lat' dir='ltr'><strong>tenturus</strong></span> <span class='ocrx_word' id='word_1_25' title='bbox 620 500 724 548; x_wconf 90' lang='lat' dir='ltr'><strong>est.</strong></span> <span class='ocrx_word' id='word_1_26' title='bbox 750 492 816 546; x_wconf 85' lang='lat' dir='ltr'><strong>Et</strong></span> <span class='ocrx_word' id='word_1_27' title='bbox 846 491 1140 546; x_wconf 90' lang='lat' dir='ltr'><strong>notandum</strong></span> <span class='ocrx_word' id='word_1_28' title='bbox 1185 491 1329 561; x_wconf 90' lang='lat' dir='ltr'><strong>quod</strong></span> <span class='ocrx_word' id='word_1_29' title='bbox 1359 490 1546 546; x_wconf 87' lang='lat' dir='ltr'>decem</span> <span class='ocrx_word' id='word_1_30' title='bbox 1574 491 1738 545; x_wconf 91' lang='lat' dir='ltr'><strong>semis</strong></span> <span class='ocrx_word' id='word_1_31' title='bbox 1766 490 1915 545; x_wconf 73' lang='lat' dir='ltr'><strong>horae</strong></span> <span class='ocrx_word' id='word_1_32' title='bbox 2017 491 2116 544; x_wconf 88' lang='lat' dir='ltr'><strong>bus</strong></span> <span class='ocrx_word' id='word_1_33' title='bbox 2135 496 2316 543; x_wconf 90' lang='lat' dir='ltr'><strong>autem</strong></span> <span class='ocrx_word' id='word_1_34' title='bbox 2339 488 2495 543; x_wconf 87' lang='lat' dir='ltr'><strong>annis</strong></span> <span class='ocrx_word' id='word_1_35' title='bbox 2539 487 2654 543; x_wconf 83' lang='lat' dir='ltr'><strong>fieri</strong></span> <span class='ocrx_word' id='word_1_36' title='bbox 2682 488 2963 558; x_wconf 90' lang='lat' dir='ltr'><strong>utriusque</strong></span> <span class='ocrx_word' id='word_1_37' title='bbox 3002 488 3195 543; x_wconf 85' lang='lat' dir='ltr'><strong>sideris</strong></span> <span class='ocrx_word' id='word_1_38' title='bbox 3221 487 3461 545; x_wconf 78' lang='lat' dir='ltr'><strong>defectus</strong></span> <span class='ocrx_word' id='word_1_39' title='bbox 3484 499 3593 546; x_wconf 89' lang='lat' dir='ltr'><strong>sta-</strong></span> 
     </span>
    </p>
   </div>
   <div class='ocr_carea' id='block_1_4' title="bbox 337 580 3595 657">
    <p class='ocr_par' dir='ltr' id='par_1_4' title="bbox 337 580 3595 657">
     <span class='ocr_line' id='line_1_4' title="bbox 337 580 3595 657; baseline -0.001 -18"><span class='ocrx_word' id='word_1_40' title='bbox 337 602 458 657; x_wconf 72' lang='lat' dir='ltr'><strong>qua:</strong></span> <span class='ocrx_word' id='word_1_41' title='bbox 485 595 640 640; x_wconf 77' lang='lat' dir='ltr'><strong>extra</strong></span> <span class='ocrx_word' id='word_1_42' title='bbox 678 583 913 638; x_wconf 89' lang='lat' dir='ltr'><strong>tricenas</strong></span> <span class='ocrx_word' id='word_1_43' title='bbox 936 590 1116 652; x_wconf 90' lang='lat' dir='ltr'><strong>partes</strong></span> <span class='ocrx_word' id='word_1_44' title='bbox 1145 581 1197 636; x_wconf 92' lang='lat' dir='ltr'><strong>in</strong></span> <span class='ocrx_word' id='word_1_45' title='bbox 1234 596 1554 651; x_wconf 89' lang='lat' dir='ltr'><strong>unoquoque</strong></span> <span class='ocrx_word' id='word_1_46' title='bbox 1586 581 1740 651; x_wconf 83' lang='lat' dir='ltr'><strong>signo</strong></span> <span class='ocrx_word' id='word_1_47' title='bbox 1765 590 1913 645; x_wconf 91' lang='lat' dir='ltr'><strong>sunt,</strong></span> <span class='ocrx_word' id='word_1_48' title='bbox 2019 580 2356 637; x_wconf 87' lang='lat' dir='ltr'><strong>tutis&#39;diebus</strong></span> <span class='ocrx_word' id='word_1_49' title='bbox 2385 580 2640 651; x_wconf 84' lang='lat' dir='ltr'><strong>horisque</strong></span> <span class='ocrx_word' id='word_1_50' title='bbox 2682 582 2783 636; x_wconf 88' lang='lat' dir='ltr'><strong>sub</strong></span> <span class='ocrx_word' id='word_1_51' title='bbox 2817 589 2982 646; x_wconf 89' lang='lat' dir='ltr'><strong>terra,</strong></span> <span class='ocrx_word' id='word_1_52' title='bbox 3013 594 3112 635; x_wconf 91' lang='lat' dir='ltr'><strong>nec</strong></span> <span class='ocrx_word' id='word_1_53' title='bbox 3144 589 3321 635; x_wconf 90' lang='lat' dir='ltr'><strong>tamen</strong></span> <span class='ocrx_word' id='word_1_54' title='bbox 3357 594 3479 635; x_wconf 85' lang='lat' dir='ltr'><strong>eum</strong></span> <span class='ocrx_word' id='word_1_55' title='bbox 3504 597 3595 636; x_wconf 53' lang='lat' dir='ltr'><strong>suo</strong></span> 
     </span>
    </p>
   </div>
   <div class='ocr_carea' id='block_1_5' title="bbox 339 669 3593 749">
    <p class='ocr_par' dir='ltr' id='par_1_5' title="bbox 339 669 3593 749">
     <span class='ocr_line' id='line_1_5' title="bbox 339 669 3593 749; baseline -0.003 -15"><span class='ocrx_word' id='word_1_56' title='bbox 339 680 471 749; x_wconf 83' lang='lat' dir='ltr'><strong>quia</strong></span> <span class='ocrx_word' id='word_1_57' title='bbox 520 677 734 749; x_wconf 92' lang='lat' dir='ltr'><strong>plenam</strong></span> <span class='ocrx_word' id='word_1_58' title='bbox 784 682 996 744; x_wconf 80' lang='lat' dir='ltr'><strong>partem</strong></span> <span class='ocrx_word' id='word_1_59' title='bbox 1041 674 1229 745; x_wconf 89' lang='lat' dir='ltr'><strong>viginti</strong></span> <span class='ocrx_word' id='word_1_60' title='bbox 1262 682 1496 744; x_wconf 90' lang='lat' dir='ltr'><strong>quatuor</strong></span> <span class='ocrx_word' id='word_1_61' title='bbox 1526 675 1780 730; x_wconf 81' lang='lat' dir='ltr'><strong>horarum</strong></span> <span class='ocrx_word' id='word_1_62' title='bbox 1808 688 1916 727; x_wconf 88' lang='lat' dir='ltr'><strong>non</strong></span> <span class='ocrx_word' id='word_1_63' title='bbox 2018 684 2182 739; x_wconf 91' lang='lat' dir='ltr'><strong>pcrne</strong></span> <span class='ocrx_word' id='word_1_64' title='bbox 2208 669 2359 736; x_wconf 84' lang='lat' dir='ltr'><strong>ﬁant,</strong></span> <span class='ocrx_word' id='word_1_65' title='bbox 2388 670 2585 740; x_wconf 87' lang='lat' dir='ltr'><strong>ubique</strong></span> <span class='ocrx_word' id='word_1_66' title='bbox 2626 670 2776 727; x_wconf 86' lang='lat' dir='ltr'><strong>cerni</strong></span> <span class='ocrx_word' id='word_1_67' title='bbox 2827 670 3116 740; x_wconf 85' lang='lat' dir='ltr'><strong>aliquando</strong></span> <span class='ocrx_word' id='word_1_68' title='bbox 3142 679 3362 741; x_wconf 82' lang='lat' dir='ltr'><strong>propter</strong></span> <span class='ocrx_word' id='word_1_69' title='bbox 3390 671 3593 736; x_wconf 86' lang='lat' dir='ltr'><strong>nubila,</strong></span> 
     </span>
    </p>
   </div>
   <div class='ocr_carea' id='block_1_6' title="bbox 340 759 3592 837">
    <p class='ocr_par' dir='ltr' id='par_1_6' title="bbox 340 759 3592 837">
     <span class='ocr_line' id='line_1_6' title="bbox 340 759 3592 837; baseline -0.004 -10"><span class='ocrx_word' id='word_1_70' title='bbox 340 770 592 833; x_wconf 91' lang='lat' dir='ltr'><strong>reddunt,</strong></span> <span class='ocrx_word' id='word_1_71' title='bbox 644 766 805 823; x_wconf 89' lang='lat' dir='ltr'><strong>simul</strong></span> <span class='ocrx_word' id='word_1_72' title='bbox 854 766 1155 837; x_wconf 84' lang='lat' dir='ltr'><strong>computari</strong></span> <span class='ocrx_word' id='word_1_73' title='bbox 1215 765 1577 837; x_wconf 84' lang='lat' dir='ltr'><strong>negliguntur,</strong></span> <span class='ocrx_word' id='word_1_74' title='bbox 1629 763 1725 820; x_wconf 90' lang='lat' dir='ltr'><strong>sed</strong></span> <span class='ocrx_word' id='word_1_75' title='bbox 1776 763 1917 818; x_wconf 89' lang='lat' dir='ltr'><strong>infra</strong></span> <span class='ocrx_word' id='word_1_76' title='bbox 2019 759 2213 829; x_wconf 66' lang='lat' dir='ltr'><strong>saepius</strong></span> <span class='ocrx_word' id='word_1_77' title='bbox 2251 759 2407 830; x_wconf 80' lang='lat' dir='ltr'><strong>globo</strong></span> <span class='ocrx_word' id='word_1_78' title='bbox 2444 767 2600 814; x_wconf 85' lang='lat' dir='ltr'><strong>terrae</strong></span> <span class='ocrx_word' id='word_1_79' title='bbox 2632 761 2881 815; x_wconf 84' lang='lat' dir='ltr'><strong>obstante</strong></span> <span class='ocrx_word' id='word_1_80' title='bbox 2932 762 3359 816; x_wconf 81' lang='lat' dir='ltr'><strong>convexitatibus</strong></span> <span class='ocrx_word' id='word_1_81' title='bbox 3390 762 3592 816; x_wconf 91' lang='lat' dir='ltr'><strong>mundi.</strong></span> 
     </span>
    </p>
   </div>
   <div class='ocr_carea' id='block_1_7' title="bbox 335 296 441 349">
    <p class='ocr_par' dir='ltr' id='par_1_7' title="bbox 335 296 441 349">
     <span class='ocr_line' id='line_1_7' title="bbox 335 296 441 349; baseline -0.019 0"><span class='ocrx_word' id='word_1_82' title='bbox 335 296 441 349; x_wconf 67' lang='lat' dir='ltr'><strong>tif-5</strong></span> 
     </span>
    </p>
   </div>
   <div class='ocr_carea' id='block_1_8' title="bbox 338 856 1919 933">
    <p class='ocr_par' dir='ltr' id='par_1_8' title="bbox 338 856 1919 933">
     <span class='ocr_line' id='line_1_8' title="bbox 338 856 1919 933; baseline -0.004 -17"><span class='ocrx_word' id='word_1_83' title='bbox 338 864 657 933; x_wconf 64' lang='lat' dir='ltr'><strong>praedictum</strong></span> <span class='ocrx_word' id='word_1_84' title='bbox 683 874 968 915; x_wconf 89' lang='lat' dir='ltr'><strong>numerum</strong></span> <span class='ocrx_word' id='word_1_85' title='bbox 1021 857 1304 913; x_wconf 84' lang='lat' dir='ltr'><strong>duodecim</strong></span> <span class='ocrx_word' id='word_1_86' title='bbox 1360 856 1629 911; x_wconf 87' lang='lat' dir='ltr'><strong>mensium</strong></span> <span class='ocrx_word' id='word_1_87' title='bbox 1671 869 1919 924; x_wconf 88' lang='lat' dir='ltr'><strong>compre-</strong></span> 
     </span>
    </p>
   </div>
   <div class='ocr_carea' id='block_1_9' title="bbox 340 953 669 1008">
    <p class='ocr_par' dir='ltr' id='par_1_9' title="bbox 340 953 669 1008">
     <span class='ocr_line' id='line_1_9' title="bbox 340 953 669 1008; baseline -0.012 -1"><span class='ocrx_word' id='word_1_88' title='bbox 340 953 669 1008; x_wconf 88' lang='lat' dir='ltr'><strong>henduntur.</strong></span> 
     </span>
    </p>
   </div>
   <div class='ocr_carea' id='block_1_10' title="bbox 919 1037 1376 1097">
    <p class='ocr_par' dir='ltr' id='par_1_10' title="bbox 919 1037 1376 1097">
     <span class='ocr_line' id='line_1_10' title="bbox 919 1037 1376 1097; baseline -0.013 0"><span class='ocrx_word' id='word_1_89' title='bbox 919 1037 1145 1097; x_wconf 81' lang='lat' dir='ltr'><strong>CAPUT</strong></span> <span class='ocrx_word' id='word_1_90' title='bbox 1194 1037 1376 1092; x_wconf 80' lang='lat' dir='ltr'><strong>XLIII.</strong></span> 
     </span>
    </p>
   </div>
   <div class='ocr_carea' id='block_1_11' title="bbox 520 1128 1739 1205">
    <p class='ocr_par' dir='ltr' id='par_1_11' title="bbox 520 1128 1739 1205">
     <span class='ocr_line' id='line_1_11' title="bbox 520 1128 1739 1205; baseline -0.005 -16"><span class='ocrx_word' id='word_1_91' title='bbox 520 1136 895 1205; x_wconf 77' lang='lat' dir='ltr'><strong>Argumentum</strong></span> <span class='ocrx_word' id='word_1_92' title='bbox 922 1132 985 1186; x_wconf 84' lang='lat' dir='ltr'><strong>de</strong></span> <span class='ocrx_word' id='word_1_93' title='bbox 1007 1148 1066 1186; x_wconf 79' lang='lat' dir='ltr'><strong>eo</strong></span> <span class='ocrx_word' id='word_1_94' title='bbox 1089 1140 1213 1202; x_wconf 89' lang='lat' dir='ltr'><strong>quot</strong></span> <span class='ocrx_word' id='word_1_95' title='bbox 1237 1130 1380 1184; x_wconf 76' lang='lat' dir='ltr'><strong>horis</strong></span> <span class='ocrx_word' id='word_1_96' title='bbox 1402 1130 1528 1182; x_wconf 87' lang='lat' dir='ltr'><strong>luna</strong></span> <span class='ocrx_word' id='word_1_97' title='bbox 1549 1128 1739 1183; x_wconf 87' lang='lat' dir='ltr'><strong>luceat.</strong></span> 
     </span>
    </p>
   </div>
   <div class='ocr_carea' id='block_1_12' title="bbox 414 1218 1921 1296">
    <p class='ocr_par' dir='ltr' id='par_1_12' title="bbox 414 1218 1921 1296">
     <span class='ocr_line' id='line_1_12' title="bbox 414 1218 1921 1296; baseline -0.005 -16"><span class='ocrx_word' id='word_1_98' title='bbox 414 1227 560 1280; x_wconf 79' lang='lat' dir='ltr'><strong>Disc.</strong></span> <span class='ocrx_word' id='word_1_99' title='bbox 602 1223 808 1281; x_wconf 78' lang='lat' dir='ltr'><strong>Vellem</strong></span> <span class='ocrx_word' id='word_1_100' title='bbox 839 1230 898 1277; x_wconf 91' lang='lat' dir='ltr'><strong>ut</strong></span> <span class='ocrx_word' id='word_1_101' title='bbox 950 1237 1048 1293; x_wconf 91' lang='lat' dir='ltr'><strong>per</strong></span> <span class='ocrx_word' id='word_1_102' title='bbox 1094 1228 1468 1292; x_wconf 89' lang='lat' dir='ltr'><strong>argumentum</strong></span> <span class='ocrx_word' id='word_1_103' title='bbox 1514 1218 1736 1291; x_wconf 86' lang='lat' dir='ltr'><strong>aliquod</strong></span> <span class='ocrx_word' id='word_1_104' title='bbox 1790 1220 1921 1296; x_wconf 82' lang='lat' dir='ltr'><strong>mihi</strong></span> 
     </span>
    </p>
   </div>
   <div class='ocr_carea' id='block_1_13' title="bbox 345 1315 1925 1390">
    <p class='ocr_par' dir='ltr' id='par_1_13' title="bbox 345 1315 1925 1390">
     <span class='ocr_line' id='line_1_13' title="bbox 345 1315 1925 1390; baseline -0.004 -15"><span class='ocrx_word' id='word_1_105' title='bbox 345 1321 631 1376; x_wconf 86' lang='lat' dir='ltr'><strong>intimares</strong></span> <span class='ocrx_word' id='word_1_106' title='bbox 660 1318 931 1390; x_wconf 87' lang='lat' dir='ltr'><strong>quomodo</strong></span> <span class='ocrx_word' id='word_1_107' title='bbox 953 1316 1154 1387; x_wconf 88' lang='lat' dir='ltr'><strong>possim</strong></span> <span class='ocrx_word' id='word_1_108' title='bbox 1195 1315 1649 1385; x_wconf 86' lang='lat' dir='ltr'><strong>comprehendere</strong></span> <span class='ocrx_word' id='word_1_109' title='bbox 1679 1322 1809 1384; x_wconf 92' lang='lat' dir='ltr'><strong>quot</strong></span> <span class='ocrx_word' id='word_1_110' title='bbox 1830 1315 1925 1369; x_wconf 90' lang='lat' dir='ltr'><strong>ho-</strong></span> 
     </span>
    </p>
   </div>
   <div class='ocr_carea' id='block_1_14' title="bbox 344 1404 1919 1482">
    <p class='ocr_par' dir='ltr' id='par_1_14' title="bbox 344 1404 1919 1482">
     <span class='ocr_line' id='line_1_14' title="bbox 344 1404 1919 1482; baseline -0.004 -17"><span class='ocrx_word' id='word_1_111' title='bbox 344 1412 422 1465; x_wconf 86' lang='lat' dir='ltr'><strong>ris</strong></span> <span class='ocrx_word' id='word_1_112' title='bbox 478 1426 576 1482; x_wconf 89' lang='lat' dir='ltr'><strong>per</strong></span> <span class='ocrx_word' id='word_1_113' title='bbox 630 1409 867 1481; x_wconf 85' lang='lat' dir='ltr'><strong>singulas</strong></span> <span class='ocrx_word' id='word_1_114' title='bbox 919 1418 1105 1464; x_wconf 90' lang='lat' dir='ltr'><strong>noctes</strong></span> <span class='ocrx_word' id='word_1_115' title='bbox 1144 1422 1255 1463; x_wconf 77' lang='lat' dir='ltr'><strong>suae</strong></span> <span class='ocrx_word' id='word_1_116' title='bbox 1300 1406 1477 1461; x_wconf 64' lang='lat' dir='ltr'><strong>aetatis</strong></span> <span class='ocrx_word' id='word_1_117' title='bbox 1516 1405 1656 1465; x_wconf 88' lang='lat' dir='ltr'><strong>.luna</strong></span> <span class='ocrx_word' id='word_1_118' title='bbox 1694 1404 1919 1461; x_wconf 89' lang='lat' dir='ltr'><strong>luceret.</strong></span> 
     </span>
    </p>
   </div>
   <div class='ocr_carea' id='block_1_15' title="bbox 346 1499 1923 1578">
    <p class='ocr_par' dir='ltr' id='par_1_15' title="bbox 346 1499 1923 1578">
     <span class='ocr_line' id='line_1_15' title="bbox 346 1499 1923 1578; baseline -0.005 -16"><span class='ocrx_word' id='word_1_119' title='bbox 346 1507 488 1564; x_wconf 71' lang='lat' dir='ltr'><strong>Mm.</strong></span> <span class='ocrx_word' id='word_1_120' title='bbox 533 1506 590 1563; x_wconf 91' lang='lat' dir='ltr'><strong>Si</strong></span> <span class='ocrx_word' id='word_1_121' title='bbox 624 1507 715 1578; x_wconf 75' lang='lat' dir='ltr'><strong>vis</strong></span> <span class='ocrx_word' id='word_1_122' title='bbox 749 1506 892 1561; x_wconf 86' lang='lat' dir='ltr'><strong>scire</strong></span> <span class='ocrx_word' id='word_1_123' title='bbox 920 1512 1053 1574; x_wconf 88' lang='lat' dir='ltr'><strong>quot</strong></span> <span class='ocrx_word' id='word_1_124' title='bbox 1081 1504 1247 1558; x_wconf 86' lang='lat' dir='ltr'><strong>horas</strong></span> <span class='ocrx_word' id='word_1_125' title='bbox 1291 1501 1471 1556; x_wconf 89' lang='lat' dir='ltr'><strong>luceat</strong></span> <span class='ocrx_word' id='word_1_126' title='bbox 1497 1500 1621 1554; x_wconf 90' lang='lat' dir='ltr'><strong>luna</strong></span> <span class='ocrx_word' id='word_1_127' title='bbox 1652 1499 1923 1569; x_wconf 61' lang='lat' dir='ltr'><strong>quaelibet.</strong></span> 
     </span>
    </p>
   </div>
   <div class='ocr_carea' id='block_1_16' title="bbox 348 1589 1927 1665">
    <p class='ocr_par' dir='ltr' id='par_1_16' title="bbox 348 1589 1927 1665">
     <span class='ocr_line' id='line_1_16' title="bbox 348 1589 1927 1665; baseline -0.006 -13"><span class='ocrx_word' id='word_1_128' title='bbox 348 1606 474 1654; x_wconf 85' lang='lat' dir='ltr'><strong>tene</strong></span> <span class='ocrx_word' id='word_1_129' title='bbox 504 1605 716 1652; x_wconf 59' lang='lat' dir='ltr'><strong>aetatem</strong></span> <span class='ocrx_word' id='word_1_130' title='bbox 757 1596 898 1651; x_wconf 69' lang='lat' dir='ltr'><strong>luna:</strong></span> <span class='ocrx_word' id='word_1_131' title='bbox 951 1596 1017 1650; x_wconf 92' lang='lat' dir='ltr'><strong>de</strong></span> <span class='ocrx_word' id='word_1_132' title='bbox 1061 1609 1169 1665; x_wconf 88' lang='lat' dir='ltr'><strong>qua</strong></span> <span class='ocrx_word' id='word_1_133' title='bbox 1222 1590 1472 1661; x_wconf 90' lang='lat' dir='ltr'><strong>inquiris.</strong></span> <span class='ocrx_word' id='word_1_134' title='bbox 1512 1589 1804 1661; x_wconf 86' lang='lat' dir='ltr'><strong>Multiplica</strong></span> <span class='ocrx_word' id='word_1_135' title='bbox 1830 1603 1927 1658; x_wconf 87' lang='lat' dir='ltr'><strong>per</strong></span> 
     </span>
    </p>
   </div>
   <div class='ocr_carea' id='block_1_17' title="bbox 346 1679 1927 1759">
    <p class='ocr_par' dir='ltr' id='par_1_17' title="bbox 346 1679 1927 1759">
     <span class='ocr_line' id='line_1_17' title="bbox 346 1679 1927 1759; baseline -0.004 -18"><span class='ocrx_word' id='word_1_136' title='bbox 346 1698 602 1759; x_wconf 85' lang='lat' dir='ltr'><strong>quatuor,</strong></span> <span class='ocrx_word' id='word_1_137' title='bbox 636 1688 761 1758; x_wconf 90' lang='lat' dir='ltr'><strong>quia</strong></span> <span class='ocrx_word' id='word_1_138' title='bbox 784 1686 960 1757; x_wconf 76' lang='lat' dir='ltr'><strong>prima</strong></span> <span class='ocrx_word' id='word_1_139' title='bbox 989 1685 1114 1740; x_wconf 90' lang='lat' dir='ltr'><strong>luna</strong></span> <span class='ocrx_word' id='word_1_140' title='bbox 1139 1692 1372 1754; x_wconf 87' lang='lat' dir='ltr'><strong>quatuor</strong></span> <span class='ocrx_word' id='word_1_141' title='bbox 1395 1681 1611 1752; x_wconf 88' lang='lat' dir='ltr'><strong>punctis</strong></span> <span class='ocrx_word' id='word_1_142' title='bbox 1635 1680 1800 1737; x_wconf 90' lang='lat' dir='ltr'><strong>lucet.</strong></span> <span class='ocrx_word' id='word_1_143' title='bbox 1822 1679 1927 1735; x_wconf 82' lang='lat' dir='ltr'><strong>Ad-</strong></span> 
     </span>
    </p>
   </div>
   <div class='ocr_carea' id='block_1_18' title="bbox 2575 851 3039 909">
    <p class='ocr_par' dir='ltr' id='par_1_18' title="bbox 2575 851 3039 909">
     <span class='ocr_line' id='line_1_18' title="bbox 2575 851 3039 909; baseline -0.004 -2"><span class='ocrx_word' id='word_1_144' title='bbox 2575 851 2801 909; x_wconf 77' lang='lat' dir='ltr'><strong>CAPUT</strong></span> <span class='ocrx_word' id='word_1_145' title='bbox 2839 852 3039 907; x_wconf 82' lang='lat' dir='ltr'><strong>XLVII.</strong></span> 
     </span>
    </p>
   </div>
   <div class='ocr_carea' id='block_1_19' title="bbox 2349 942 3239 1016">
    <p class='ocr_par' dir='ltr' id='par_1_19' title="bbox 2349 942 3239 1016">
     <span class='ocr_line' id='line_1_19' title="bbox 2349 942 3239 1016; baseline 0 -19"><span class='ocrx_word' id='word_1_146' title='bbox 2349 942 2447 999; x_wconf 76' lang='lat' dir='ltr'><strong>Ubi</strong></span> <span class='ocrx_word' id='word_1_147' title='bbox 2481 944 2711 1015; x_wconf 80' lang='lat' dir='ltr'><strong>eclypsin</strong></span> <span class='ocrx_word' id='word_1_148' title='bbox 2738 962 2841 999; x_wconf 88' lang='lat' dir='ltr'><strong>non</strong></span> <span class='ocrx_word' id='word_1_149' title='bbox 2868 945 2956 1010; x_wconf 78' lang='lat' dir='ltr'><strong>sit,</strong></span> <span class='ocrx_word' id='word_1_150' title='bbox 2987 954 3034 999; x_wconf 84' lang='lat' dir='ltr'><strong>et</strong></span> <span class='ocrx_word' id='word_1_151' title='bbox 3046 962 3239 1016; x_wconf 72' lang='lat' dir='ltr'><strong>quare.</strong></span> 
     </span>
    </p>
   </div>
   <div class='ocr_carea' id='block_1_20' title="bbox 2092 1035 3598 1108">
    <p class='ocr_par' dir='ltr' id='par_1_20' title="bbox 2092 1035 3598 1108">
     <span class='ocr_line' id='line_1_20' title="bbox 2092 1035 3598 1108; baseline 0 -16"><span class='ocrx_word' id='word_1_152' title='bbox 2092 1036 2342 1094; x_wconf 83' lang='lat' dir='ltr'><strong>Defectus</strong></span> <span class='ocrx_word' id='word_1_153' title='bbox 2383 1038 2513 1094; x_wconf 91' lang='lat' dir='ltr'><strong>solis</strong></span> <span class='ocrx_word' id='word_1_154' title='bbox 2539 1051 2603 1093; x_wconf 90' lang='lat' dir='ltr'><strong>ac</strong></span> <span class='ocrx_word' id='word_1_155' title='bbox 2646 1037 2785 1092; x_wconf 76' lang='lat' dir='ltr'><strong>luna:</strong></span> <span class='ocrx_word' id='word_1_156' title='bbox 2841 1039 3177 1108; x_wconf 80' lang='lat' dir='ltr'><strong>vespertinas</strong></span> <span class='ocrx_word' id='word_1_157' title='bbox 3226 1035 3467 1094; x_wconf 88' lang='lat' dir='ltr'><strong>Orientis</strong></span> <span class='ocrx_word' id='word_1_158' title='bbox 3516 1039 3598 1093; x_wconf 92' lang='lat' dir='ltr'><strong>in-</strong></span> 
     </span>
    </p>
   </div>
   <div class='ocr_carea' id='block_1_21' title="bbox 2024 1127 3602 1194">
    <p class='ocr_par' dir='ltr' id='par_1_21' title="bbox 2024 1127 3602 1194">
     <span class='ocr_line' id='line_1_21' title="bbox 2024 1127 3602 1194; baseline -0.001 -11"><span class='ocrx_word' id='word_1_159' title='bbox 2024 1127 2154 1184; x_wconf 61' lang='lat' dir='ltr'><strong>colae</strong></span> <span class='ocrx_word' id='word_1_160' title='bbox 2182 1144 2288 1184; x_wconf 89' lang='lat' dir='ltr'><strong>non</strong></span> <span class='ocrx_word' id='word_1_161' title='bbox 2317 1128 2575 1194; x_wconf 89' lang='lat' dir='ltr'><strong>sentiunt,</strong></span> <span class='ocrx_word' id='word_1_162' title='bbox 2604 1142 2705 1184; x_wconf 88' lang='lat' dir='ltr'><strong>nec</strong></span> <span class='ocrx_word' id='word_1_163' title='bbox 2734 1130 3029 1184; x_wconf 89' lang='lat' dir='ltr'><strong>matutinos</strong></span> <span class='ocrx_word' id='word_1_164' title='bbox 3051 1129 3117 1183; x_wconf 89' lang='lat' dir='ltr'><strong>ad</strong></span> <span class='ocrx_word' id='word_1_165' title='bbox 3164 1144 3414 1185; x_wconf 88' lang='lat' dir='ltr'><strong>occasum</strong></span> <span class='ocrx_word' id='word_1_166' title='bbox 3446 1128 3602 1183; x_wconf 90' lang='lat' dir='ltr'><strong>habi-</strong></span> 
     </span>
    </p>
   </div>
   <div class='ocr_carea' id='block_1_22' title="bbox 2027 1217 3597 1289">
    <p class='ocr_par' dir='ltr' id='par_1_22' title="bbox 2027 1217 3597 1289">
     <span class='ocr_line' id='line_1_22' title="bbox 2027 1217 3597 1289; baseline 0.001 -18"><span class='ocrx_word' id='word_1_167' title='bbox 2027 1225 2223 1283; x_wconf 89' lang='lat' dir='ltr'><strong>tantes,</strong></span> <span class='ocrx_word' id='word_1_168' title='bbox 2278 1217 2529 1273; x_wconf 84' lang='lat' dir='ltr'><strong>obstante</strong></span> <span class='ocrx_word' id='word_1_169' title='bbox 2556 1217 2717 1289; x_wconf 81' lang='lat' dir='ltr'><strong>glon</strong></span> <span class='ocrx_word' id='word_1_170' title='bbox 2766 1227 3054 1273; x_wconf 89' lang='lat' dir='ltr'><strong>terrarum.</strong></span> <span class='ocrx_word' id='word_1_171' title='bbox 3104 1218 3290 1288; x_wconf 89' lang='lat' dir='ltr'><strong>Neque</strong></span> <span class='ocrx_word' id='word_1_172' title='bbox 3316 1219 3459 1275; x_wconf 89' lang='lat' dir='ltr'><strong>enim</strong></span> <span class='ocrx_word' id='word_1_173' title='bbox 3491 1234 3597 1273; x_wconf 78' lang='lat' dir='ltr'><strong>nox</strong></span> 
     </span>
    </p>
   </div>
   <div class='ocr_carea' id='block_1_23' title="bbox 2025 1307 3604 1379">
    <p class='ocr_par' dir='ltr' id='par_1_23' title="bbox 2025 1307 3604 1379">
     <span class='ocr_line' id='line_1_23' title="bbox 2025 1307 3604 1379; baseline 0.001 -17"><span class='ocrx_word' id='word_1_174' title='bbox 2025 1316 2119 1363; x_wconf 89' lang='lat' dir='ltr'><strong>aut</strong></span> <span class='ocrx_word' id='word_1_175' title='bbox 2140 1307 2276 1374; x_wconf 89' lang='lat' dir='ltr'><strong>dies,</strong></span> <span class='ocrx_word' id='word_1_176' title='bbox 2311 1309 2558 1379; x_wconf 88' lang='lat' dir='ltr'><strong>quamvis</strong></span> <span class='ocrx_word' id='word_1_177' title='bbox 2608 1308 2797 1363; x_wconf 90' lang='lat' dir='ltr'><strong>eadem</strong></span> <span class='ocrx_word' id='word_1_178' title='bbox 2828 1316 2941 1363; x_wconf 89' lang='lat' dir='ltr'><strong>toto</strong></span> <span class='ocrx_word' id='word_1_179' title='bbox 2969 1308 3098 1363; x_wconf 87' lang='lat' dir='ltr'><strong>orbe</strong></span> <span class='ocrx_word' id='word_1_180' title='bbox 3125 1308 3284 1363; x_wconf 90' lang='lat' dir='ltr'><strong>simul</strong></span> <span class='ocrx_word' id='word_1_181' title='bbox 3310 1317 3391 1363; x_wconf 91' lang='lat' dir='ltr'><strong>est</strong></span> <span class='ocrx_word' id='word_1_182' title='bbox 3434 1323 3604 1379; x_wconf 89' lang='lat' dir='ltr'><strong>oppo-</strong></span> 
     </span>
    </p>
   </div>
   <div class='ocr_carea' id='block_1_24' title="bbox 2026 1398 3602 1470">
    <p class='ocr_par' dir='ltr' id='par_1_24' title="bbox 2026 1398 3602 1470">
     <span class='ocr_line' id='line_1_24' title="bbox 2026 1398 3602 1470; baseline 0 -17"><span class='ocrx_word' id='word_1_183' title='bbox 2026 1399 2127 1453; x_wconf 90' lang='lat' dir='ltr'><strong>sita</strong></span> <span class='ocrx_word' id='word_1_184' title='bbox 2157 1398 2300 1470; x_wconf 84' lang='lat' dir='ltr'><strong>globi</strong></span> <span class='ocrx_word' id='word_1_185' title='bbox 2327 1405 2542 1452; x_wconf 89' lang='lat' dir='ltr'><strong>noctem</strong></span> <span class='ocrx_word' id='word_1_186' title='bbox 2585 1405 2677 1452; x_wconf 89' lang='lat' dir='ltr'><strong>aut</strong></span> <span class='ocrx_word' id='word_1_187' title='bbox 2701 1398 2905 1452; x_wconf 88' lang='lat' dir='ltr'><strong>ambitu</strong></span> <span class='ocrx_word' id='word_1_188' title='bbox 2939 1398 3079 1454; x_wconf 88' lang='lat' dir='ltr'><strong>diem</strong></span> <span class='ocrx_word' id='word_1_189' title='bbox 3110 1398 3407 1453; x_wconf 83' lang='lat' dir='ltr'><strong>adferente.</strong></span> <span class='ocrx_word' id='word_1_190' title='bbox 3443 1398 3602 1453; x_wconf 90' lang='lat' dir='ltr'><strong>Tem-</strong></span> 
     </span>
    </p>
   </div>
   <div class='ocr_carea' id='block_1_25' title="bbox 2027 1487 3601 1561">
    <p class='ocr_par' dir='ltr' id='par_1_25' title="bbox 2027 1487 3601 1561">
     <span class='ocr_line' id='line_1_25' title="bbox 2027 1487 3601 1561; baseline -0.001 -18"><span class='ocrx_word' id='word_1_191' title='bbox 2027 1504 2157 1559; x_wconf 87' lang='lat' dir='ltr'><strong>pore</strong></span> <span class='ocrx_word' id='word_1_192' title='bbox 2180 1489 2324 1544; x_wconf 90' lang='lat' dir='ltr'><strong>enim</strong></span> <span class='ocrx_word' id='word_1_193' title='bbox 2352 1488 2645 1544; x_wconf 78' lang='lat' dir='ltr'><strong>Alexandri</strong></span> <span class='ocrx_word' id='word_1_194' title='bbox 2678 1488 2853 1561; x_wconf 82' lang='lat' dir='ltr'><strong>Magni</strong></span> <span class='ocrx_word' id='word_1_195' title='bbox 2910 1488 3033 1544; x_wconf 92' lang='lat' dir='ltr'><strong>luna</strong></span> <span class='ocrx_word' id='word_1_196' title='bbox 3081 1487 3278 1544; x_wconf 84' lang='lat' dir='ltr'><strong>defecit</strong></span> <span class='ocrx_word' id='word_1_197' title='bbox 3322 1490 3375 1543; x_wconf 93' lang='lat' dir='ltr'><strong>in</strong></span> <span class='ocrx_word' id='word_1_198' title='bbox 3400 1488 3601 1543; x_wconf 86' lang='lat' dir='ltr'><strong>Arabia</strong></span> 
     </span>
    </p>
   </div>
   <div class='ocr_carea' id='block_1_26' title="bbox 2027 1576 3601 1647">
    <p class='ocr_par' dir='ltr' id='par_1_26' title="bbox 2027 1576 3601 1647">
     <span class='ocr_line' id='line_1_26' title="bbox 2027 1576 3601 1647; baseline -0.003 -12"><span class='ocrx_word' id='word_1_199' title='bbox 2027 1580 2159 1635; x_wconf 91' lang='lat' dir='ltr'><strong>hora</strong></span> <span class='ocrx_word' id='word_1_200' title='bbox 2190 1579 2364 1636; x_wconf 85' lang='lat' dir='ltr'><strong>noctis</strong></span> <span class='ocrx_word' id='word_1_201' title='bbox 2409 1577 2666 1644; x_wconf 88' lang='lat' dir='ltr'><strong>secunda,</strong></span> <span class='ocrx_word' id='word_1_202' title='bbox 2696 1578 2993 1647; x_wconf 87' lang='lat' dir='ltr'><strong>eademque</strong></span> <span class='ocrx_word' id='word_1_203' title='bbox 3022 1578 3075 1632; x_wconf 92' lang='lat' dir='ltr'><strong>in</strong></span> <span class='ocrx_word' id='word_1_204' title='bbox 3113 1576 3297 1633; x_wconf 89' lang='lat' dir='ltr'><strong>Sicilia</strong></span> <span class='ocrx_word' id='word_1_205' title='bbox 3326 1577 3601 1632; x_wconf 82' lang='lat' dir='ltr'><strong>exoriens.</strong></span> 
     </span>
    </p>
   </div>
   <div class='ocr_carea' id='block_1_27' title="bbox 2029 1669 3603 1741">
    <p class='ocr_par' dir='ltr' id='par_1_27' title="bbox 2029 1669 3603 1741">
     <span class='ocr_line' id='line_1_27' title="bbox 2029 1669 3603 1741; baseline -0.004 -12"><span class='ocrx_word' id='word_1_206' title='bbox 2029 1675 2095 1729; x_wconf 90' lang='lat' dir='ltr'><strong>Et</strong></span> <span class='ocrx_word' id='word_1_207' title='bbox 2151 1673 2280 1729; x_wconf 90' lang='lat' dir='ltr'><strong>solis</strong></span> <span class='ocrx_word' id='word_1_208' title='bbox 2327 1672 2598 1728; x_wconf 88' lang='lat' dir='ltr'><strong>defectum</strong></span> <span class='ocrx_word' id='word_1_209' title='bbox 2648 1672 2740 1741; x_wconf 89' lang='lat' dir='ltr'><strong>qui</strong></span> <span class='ocrx_word' id='word_1_210' title='bbox 2794 1670 2894 1725; x_wconf 89' lang='lat' dir='ltr'><strong>fuit</strong></span> <span class='ocrx_word' id='word_1_211' title='bbox 2946 1671 3159 1740; x_wconf 89' lang='lat' dir='ltr'><strong>lspanio</strong></span> <span class='ocrx_word' id='word_1_212' title='bbox 3210 1678 3265 1724; x_wconf 89' lang='lat' dir='ltr'><strong>et</strong></span> <span class='ocrx_word' id='word_1_213' title='bbox 3311 1669 3603 1740; x_wconf 81' lang='lat' dir='ltr'><strong>Frontegio</strong></span> 
     </span>
    </p>
   </div>
   <div class='ocr_carea' id='block_1_28' title="bbox 338 1748 3606 1849">
    <p class='ocr_par' dir='ltr' id='par_1_28' title="bbox 338 1748 3606 1849">
     <span class='ocr_line' id='line_1_28' title="bbox 338 1748 3606 1849; baseline -0.007 -14"><span class='ocrx_word' id='word_1_214' title='bbox 338 1748 1086 1849; x_wconf 49' lang='lat' dir='ltr'><strong>jiciturque-hicmumerus</strong></span> <span class='ocrx_word' id='word_1_215' title='bbox 1135 1748 1174 1829; x_wconf 56' lang='grc' dir='ltr'><strong>τί</strong></span> <span class='ocrx_word' id='word_1_216' title='bbox 1218 1748 1454 1830; x_wconf 81' lang='lat' dir='ltr'><strong>secunda</strong></span> <span class='ocrx_word' id='word_1_217' title='bbox 1512 1772 1639 1826; x_wconf 88' lang='lat' dir='ltr'><strong>luna</strong></span> <span class='ocrx_word' id='word_1_218' title='bbox 1685 1769 1926 1842; x_wconf 90' lang='lat' dir='ltr'><strong>quotidie</strong></span> <span class='ocrx_word' id='word_1_219' title='bbox 1952 1748 2001 1807; x_wconf 76' lang='grc' dir='ltr'><strong>Β</strong></span> <span class='ocrx_word' id='word_1_220' title='bbox 2028 1765 2336 1820; x_wconf 90' lang='lat' dir='ltr'><strong>consulibus</strong></span> <span class='ocrx_word' id='word_1_221' title='bbox 2366 1780 2420 1819; x_wconf 74' lang='grc' dir='ltr'><strong>ιι</strong></span> <span class='ocrx_word' id='word_1_222' title='bbox 2468 1762 2588 1817; x_wconf 85' lang='lat' dir='ltr'><strong>Kal.</strong></span> <span class='ocrx_word' id='word_1_223' title='bbox 2626 1760 2772 1825; x_wconf 84' lang='lat' dir='ltr'><strong>Maii,</strong></span> <span class='ocrx_word' id='word_1_224' title='bbox 2812 1760 3105 1829; x_wconf 87' lang='lat' dir='ltr'><strong>Campania</strong></span> <span class='ocrx_word' id='word_1_225' title='bbox 3149 1762 3283 1814; x_wconf 87' lang='lat' dir='ltr'><strong>hora</strong></span> <span class='ocrx_word' id='word_1_226' title='bbox 3312 1760 3418 1815; x_wconf 92' lang='lat' dir='ltr'><strong>diei</strong></span> <span class='ocrx_word' id='word_1_227' title='bbox 3465 1759 3606 1814; x_wconf 87' lang='lat' dir='ltr'><strong>inter</strong></span> 
     </span>
    </p>
   </div>
   <div class='ocr_carea' id='block_1_29' title="bbox 348 1861 1928 1943">
    <p class='ocr_par' dir='ltr' id='par_1_29' title="bbox 348 1861 1928 1943">
     <span class='ocr_line' id='line_1_29' title="bbox 348 1861 1928 1943; baseline -0.004 -21"><span class='ocrx_word' id='word_1_228' title='bbox 348 1884 519 1939; x_wconf 86' lang='lat' dir='ltr'><strong>usque</strong></span> <span class='ocrx_word' id='word_1_229' title='bbox 542 1867 1011 1941; x_wconf 84' lang='lat' dir='ltr'><strong>ad.plenilunium,</strong></span> <span class='ocrx_word' id='word_1_230' title='bbox 1042 1864 1454 1943; x_wconf 82' lang='lat' dir='ltr'><strong>detrahiturque</strong></span> <span class='ocrx_word' id='word_1_231' title='bbox 1479 1863 1674 1918; x_wconf 86' lang='lat' dir='ltr'><strong>dehinc</strong></span> <span class='ocrx_word' id='word_1_232' title='bbox 1706 1861 1928 1935; x_wconf 91' lang='lat' dir='ltr'><strong>paribus</strong></span> 
     </span>
    </p>
   </div>
   <div class='ocr_carea' id='block_1_30' title="bbox 349 1953 1929 2030">
    <p class='ocr_par' dir='ltr' id='par_1_30' title="bbox 349 1953 1929 2030">
     <span class='ocr_line' id='line_1_30' title="bbox 349 1953 1929 2030; baseline -0.006 -15"><span class='ocrx_word' id='word_1_233' title='bbox 349 1959 540 2030; x_wconf 88' lang='lat' dir='ltr'><strong>spatiis</strong></span> <span class='ocrx_word' id='word_1_234' title='bbox 570 1959 626 2015; x_wconf 90' lang='lat' dir='ltr'><strong>in</strong></span> <span class='ocrx_word' id='word_1_235' title='bbox 656 1958 1086 2024; x_wconf 85' lang='lat' dir='ltr'><strong>diminutionem,</strong></span> <span class='ocrx_word' id='word_1_236' title='bbox 1136 1955 1387 2025; x_wconf 89' lang='lat' dir='ltr'><strong>lucetque</strong></span> <span class='ocrx_word' id='word_1_237' title='bbox 1428 1954 1545 2023; x_wconf 90' lang='lat' dir='ltr'><strong>pari</strong></span> <span class='ocrx_word' id='word_1_238' title='bbox 1598 1954 1758 2009; x_wconf 92' lang='lat' dir='ltr'><strong>modo</strong></span> <span class='ocrx_word' id='word_1_239' title='bbox 1800 1953 1929 2007; x_wconf 90' lang='lat' dir='ltr'><strong>luna</strong></span> 
     </span>
    </p>
   </div>
   <div class='ocr_carea' id='block_1_31' title="bbox 349 2044 1929 2122">
    <p class='ocr_par' dir='ltr' id='par_1_31' title="bbox 349 2044 1929 2122">
     <span class='ocr_line' id='line_1_31' title="bbox 349 2044 1929 2122; baseline -0.006 -16"><span class='ocrx_word' id='word_1_240' title='bbox 349 2053 526 2122; x_wconf 89' lang='lat' dir='ltr'><strong>prima</strong></span> <span class='ocrx_word' id='word_1_241' title='bbox 566 2058 619 2105; x_wconf 90' lang='lat' dir='ltr'><strong>et</strong></span> <span class='ocrx_word' id='word_1_242' title='bbox 674 2050 944 2105; x_wconf 90' lang='lat' dir='ltr'><strong>tricesima</strong></span> <span class='ocrx_word' id='word_1_243' title='bbox 990 2047 1225 2103; x_wconf 88' lang='lat' dir='ltr'><strong>secunda</strong></span> <span class='ocrx_word' id='word_1_244' title='bbox 1273 2056 1328 2101; x_wconf 90' lang='lat' dir='ltr'><strong>et</strong></span> <span class='ocrx_word' id='word_1_245' title='bbox 1355 2045 1614 2103; x_wconf 89' lang='lat' dir='ltr'><strong>vicesima</strong></span> <span class='ocrx_word' id='word_1_246' title='bbox 1662 2060 1822 2100; x_wconf 88' lang='lat' dir='ltr'><strong>nona.</strong></span> <span class='ocrx_word' id='word_1_247' title='bbox 1864 2044 1929 2098; x_wconf 87' lang='lat' dir='ltr'><strong>Et</strong></span> 
     </span>
    </p>
   </div>
   <div class='ocr_carea' id='block_1_32' title="bbox 351 2136 1930 2210">
    <p class='ocr_par' dir='ltr' id='par_1_32' title="bbox 351 2136 1930 2210">
     <span class='ocr_line' id='line_1_32' title="bbox 351 2136 1930 2210; baseline -0.006 -13"><span class='ocrx_word' id='word_1_248' title='bbox 351 2143 476 2197; x_wconf 88' lang='lat' dir='ltr'><strong>ideo</strong></span> <span class='ocrx_word' id='word_1_249' title='bbox 500 2143 738 2198; x_wconf 18' lang='lat' dir='ltr'><strong>siinosse</strong></span> <span class='ocrx_word' id='word_1_250' title='bbox 785 2141 940 2206; x_wconf 90' lang='lat' dir='ltr'><strong>velis,</strong></span> <span class='ocrx_word' id='word_1_251' title='bbox 973 2139 1124 2195; x_wconf 83' lang='lat' dir='ltr'><strong>verbi</strong></span> <span class='ocrx_word' id='word_1_252' title='bbox 1160 2138 1355 2210; x_wconf 84' lang='lat' dir='ltr'><strong>gratia,</strong></span> <span class='ocrx_word' id='word_1_253' title='bbox 1405 2146 1536 2207; x_wconf 91' lang='lat' dir='ltr'><strong>quot</strong></span> <span class='ocrx_word' id='word_1_254' title='bbox 1560 2137 1724 2192; x_wconf 89' lang='lat' dir='ltr'><strong>horas</strong></span> <span class='ocrx_word' id='word_1_255' title='bbox 1749 2136 1930 2191; x_wconf 89' lang='lat' dir='ltr'><strong>luceat</strong></span> 
     </span>
    </p>
   </div>
   <div class='ocr_carea' id='block_1_33' title="bbox 352 2225 1932 2303">
    <p class='ocr_par' dir='ltr' id='par_1_33' title="bbox 352 2225 1932 2303">
     <span class='ocr_line' id='line_1_33' title="bbox 352 2225 1932 2303; baseline -0.006 -15"><span class='ocrx_word' id='word_1_256' title='bbox 352 2234 481 2288; x_wconf 88' lang='lat' dir='ltr'><strong>luna</strong></span> <span class='ocrx_word' id='word_1_257' title='bbox 536 2233 740 2303; x_wconf 91' lang='lat' dir='ltr'><strong>quinta,</strong></span> <span class='ocrx_word' id='word_1_258' title='bbox 772 2231 1069 2302; x_wconf 89' lang='lat' dir='ltr'><strong>multiplica</strong></span> <span class='ocrx_word' id='word_1_259' title='bbox 1123 2229 1363 2300; x_wconf 89' lang='lat' dir='ltr'><strong>quinque</strong></span> <span class='ocrx_word' id='word_1_260' title='bbox 1413 2243 1511 2298; x_wconf 91' lang='lat' dir='ltr'><strong>per</strong></span> <span class='ocrx_word' id='word_1_261' title='bbox 1539 2242 1755 2292; x_wconf 86' lang='lat' dir='ltr'><strong>novem,</strong></span> <span class='ocrx_word' id='word_1_262' title='bbox 1796 2225 1932 2280; x_wconf 80' lang='lat' dir='ltr'><strong>ﬁunt</strong></span> 
     </span>
    </p>
   </div>
   <div class='ocr_carea' id='block_1_34' title="bbox 348 2317 1933 2396">
    <p class='ocr_par' dir='ltr' id='par_1_34' title="bbox 348 2317 1933 2396">
     <span class='ocr_line' id='line_1_34' title="bbox 348 2317 1933 2396; baseline -0.005 -17"><span class='ocrx_word' id='word_1_263' title='bbox 348 2324 579 2396; x_wconf 73' lang='lat' dir='ltr'><strong>viginti;</strong></span> <span class='ocrx_word' id='word_1_264' title='bbox 612 2326 813 2396; x_wconf 90' lang='lat' dir='ltr'><strong>partire</strong></span> <span class='ocrx_word' id='word_1_265' title='bbox 841 2339 939 2395; x_wconf 90' lang='lat' dir='ltr'><strong>per</strong></span> <span class='ocrx_word' id='word_1_266' title='bbox 965 2324 1203 2393; x_wconf 90' lang='lat' dir='ltr'><strong>quinque</strong></span> <span class='ocrx_word' id='word_1_267' title='bbox 1247 2328 1440 2391; x_wconf 85' lang='lat' dir='ltr'><strong>quater</strong></span> <span class='ocrx_word' id='word_1_268' title='bbox 1465 2318 1638 2390; x_wconf 91' lang='lat' dir='ltr'><strong>quini,</strong></span> <span class='ocrx_word' id='word_1_269' title='bbox 1694 2317 1830 2373; x_wconf 87' lang='lat' dir='ltr'><strong>ﬁunt</strong></span> <span class='ocrx_word' id='word_1_270' title='bbox 1856 2318 1933 2371; x_wconf 86' lang='lat' dir='ltr'><strong>vi-</strong></span> 
     </span>
    </p>
   </div>
   <div class='ocr_carea' id='block_1_35' title="bbox 351 2408 1933 2488">
    <p class='ocr_par' dir='ltr' id='par_1_35' title="bbox 351 2408 1933 2488">
     <span class='ocr_line' id='line_1_35' title="bbox 351 2408 1933 2488; baseline -0.003 -21"><span class='ocrx_word' id='word_1_271' title='bbox 351 2415 489 2488; x_wconf 86' lang='lat' dir='ltr'><strong>ginti</strong></span> <span class='ocrx_word' id='word_1_272' title='bbox 516 2432 529 2469; x_wconf 90' lang='lat'>:</span> <span class='ocrx_word' id='word_1_273' title='bbox 563 2422 792 2485; x_wconf 86' lang='lat' dir='ltr'><strong>quatuor</strong></span> <span class='ocrx_word' id='word_1_274' title='bbox 820 2414 981 2469; x_wconf 85' lang='lat' dir='ltr'><strong>horas</strong></span> <span class='ocrx_word' id='word_1_275' title='bbox 1006 2412 1149 2467; x_wconf 87' lang='lat' dir='ltr'><strong>lucet</strong></span> <span class='ocrx_word' id='word_1_276' title='bbox 1171 2410 1299 2466; x_wconf 91' lang='lat' dir='ltr'><strong>luna</strong></span> <span class='ocrx_word' id='word_1_277' title='bbox 1331 2410 1541 2481; x_wconf 89' lang='lat' dir='ltr'><strong>quinta.</strong></span> <span class='ocrx_word' id='word_1_278' title='bbox 1568 2408 1832 2464; x_wconf 89' lang='lat' dir='ltr'><strong>Similiter</strong></span> <span class='ocrx_word' id='word_1_279' title='bbox 1851 2409 1933 2463; x_wconf 90' lang='lat' dir='ltr'><strong>vi-</strong></span> 
     </span>
    </p>
   </div>
   <div class='ocr_carea' id='block_1_36' title="bbox 349 2498 1931 2575">
    <p class='ocr_par' dir='ltr' id='par_1_36' title="bbox 349 2498 1931 2575">
     <span class='ocr_line' id='line_1_36' title="bbox 349 2498 1931 2575; baseline -0.006 -15"><span class='ocrx_word' id='word_1_280' title='bbox 349 2504 555 2560; x_wconf 88' lang='lat' dir='ltr'><strong>cesima</strong></span> <span class='ocrx_word' id='word_1_281' title='bbox 601 2503 808 2575; x_wconf 86' lang='lat' dir='ltr'><strong>quinta.</strong></span> <span class='ocrx_word' id='word_1_282' title='bbox 857 2502 990 2557; x_wconf 89' lang='lat' dir='ltr'><strong>Item</strong></span> <span class='ocrx_word' id='word_1_283' title='bbox 1020 2501 1066 2556; x_wconf 91' lang='lat' dir='ltr'><strong>si</strong></span> <span class='ocrx_word' id='word_1_284' title='bbox 1099 2500 1183 2556; x_wconf 88' lang='lat' dir='ltr'><strong>vis</strong></span> <span class='ocrx_word' id='word_1_285' title='bbox 1222 2500 1364 2556; x_wconf 87' lang='lat' dir='ltr'><strong>scire</strong></span> <span class='ocrx_word' id='word_1_286' title='bbox 1392 2507 1525 2569; x_wconf 90' lang='lat' dir='ltr'><strong>quot</strong></span> <span class='ocrx_word' id='word_1_287' title='bbox 1551 2499 1715 2554; x_wconf 88' lang='lat' dir='ltr'><strong>horas</strong></span> <span class='ocrx_word' id='word_1_288' title='bbox 1750 2498 1931 2554; x_wconf 88' lang='lat' dir='ltr'><strong>luceat</strong></span> 
     </span>
    </p>
   </div>
   <div class='ocr_carea' id='block_1_37' title="bbox 350 2587 1934 2673">
    <p class='ocr_par' dir='ltr' id='par_1_37' title="bbox 350 2587 1934 2673">
     <span class='ocr_line' id='line_1_37' title="bbox 350 2587 1934 2673; baseline -0.003 -27"><span class='ocrx_word' id='word_1_289' title='bbox 350 2592 482 2647; x_wconf 88' lang='lat' dir='ltr'><strong>luna</strong></span> <span class='ocrx_word' id='word_1_290' title='bbox 514 2593 743 2659; x_wconf 90' lang='lat' dir='ltr'><strong>decima,</strong></span> <span class='ocrx_word' id='word_1_291' title='bbox 802 2591 1097 2660; x_wconf 90' lang='lat' dir='ltr'><strong>multiplica</strong></span> <span class='ocrx_word' id='word_1_292' title='bbox 1143 2590 1326 2646; x_wconf 87' lang='lat' dir='ltr'><strong>decem</strong></span> <span class='ocrx_word' id='word_1_293' title='bbox 1359 2604 1456 2660; x_wconf 93' lang='lat' dir='ltr'><strong>per</strong></span> <span class='ocrx_word' id='word_1_294' title='bbox 1501 2596 1753 2673; x_wconf 60' lang='lat' dir='ltr'><strong>quatuor,</strong></span> <span class='ocrx_word' id='word_1_295' title='bbox 1798 2587 1934 2643; x_wconf 84' lang='lat' dir='ltr'><strong>fiunt</strong></span> 
     </span>
    </p>
   </div>
   <div class='ocr_carea' id='block_1_38' title="bbox 351 2679 1936 2759">
    <p class='ocr_par' dir='ltr' id='par_1_38' title="bbox 351 2679 1936 2759">
     <span class='ocr_line' id='line_1_38' title="bbox 351 2679 1936 2759; baseline -0.004 -17"><span class='ocrx_word' id='word_1_296' title='bbox 351 2687 749 2759; x_wconf 75' lang='lat' dir='ltr'><strong>quadraginta;</strong></span> <span class='ocrx_word' id='word_1_297' title='bbox 779 2685 986 2755; x_wconf 88' lang='lat' dir='ltr'><strong>partire</strong></span> <span class='ocrx_word' id='word_1_298' title='bbox 1013 2699 1109 2754; x_wconf 90' lang='lat' dir='ltr'><strong>per</strong></span> <span class='ocrx_word' id='word_1_299' title='bbox 1138 2682 1374 2752; x_wconf 88' lang='lat' dir='ltr'><strong>quinque</strong></span> <span class='ocrx_word' id='word_1_300' title='bbox 1398 2681 1570 2738; x_wconf 89' lang='lat' dir='ltr'><strong>octies</strong></span> <span class='ocrx_word' id='word_1_301' title='bbox 1601 2679 1771 2751; x_wconf 89' lang='lat' dir='ltr'><strong>quini,</strong></span> <span class='ocrx_word' id='word_1_302' title='bbox 1799 2680 1936 2736; x_wconf 82' lang='lat' dir='ltr'><strong>fiunt</strong></span> 
     </span>
    </p>
   </div>
   <div class='ocr_carea' id='block_1_39' title="bbox 352 2768 1935 2849">
    <p class='ocr_par' dir='ltr' id='par_1_39' title="bbox 352 2768 1935 2849">
     <span class='ocr_line' id='line_1_39' title="bbox 352 2768 1935 2849; baseline -0.007 -15"><span class='ocrx_word' id='word_1_303' title='bbox 352 2777 713 2849; x_wconf 81' lang='lat' dir='ltr'><strong>quadraginta</strong></span> <span class='ocrx_word' id='word_1_304' title='bbox 743 2795 754 2829; x_wconf 91' lang='lat'><strong>:</strong></span> <span class='ocrx_word' id='word_1_305' title='bbox 787 2782 912 2831; x_wconf 90' lang='lat' dir='ltr'><strong>octo</strong></span> <span class='ocrx_word' id='word_1_306' title='bbox 959 2774 1118 2833; x_wconf 81' lang='lat' dir='ltr'><strong>horas</strong></span> <span class='ocrx_word' id='word_1_307' title='bbox 1146 2772 1286 2828; x_wconf 89' lang='lat' dir='ltr'><strong>lucet</strong></span> <span class='ocrx_word' id='word_1_308' title='bbox 1313 2771 1439 2827; x_wconf 91' lang='lat' dir='ltr'><strong>luna</strong></span> <span class='ocrx_word' id='word_1_309' title='bbox 1471 2771 1698 2827; x_wconf 88' lang='lat' dir='ltr'><strong>decima.</strong></span> <span class='ocrx_word' id='word_1_310' title='bbox 1733 2768 1935 2826; x_wconf 89' lang='lat' dir='ltr'><strong>Simili-</strong></span> 
     </span>
    </p>
   </div>
   <div class='ocr_carea' id='block_1_40' title="bbox 354 2870 825 2927">
    <p class='ocr_par' dir='ltr' id='par_1_40' title="bbox 354 2870 825 2927">
     <span class='ocr_line' id='line_1_40' title="bbox 354 2870 825 2927; baseline -0.011 0"><span class='ocrx_word' id='word_1_311' title='bbox 354 2880 438 2927; x_wconf 87' lang='lat' dir='ltr'><strong>ter</strong></span> <span class='ocrx_word' id='word_1_312' title='bbox 463 2878 519 2927; x_wconf 91' lang='lat' dir='ltr'><strong>et</strong></span> <span class='ocrx_word' id='word_1_313' title='bbox 549 2870 825 2926; x_wconf 88' lang='lat' dir='ltr'><strong>vicesima.</strong></span> 
     </span>
    </p>
   </div>
   <div class='ocr_carea' id='block_1_41' title="bbox 673 2954 1366 3013">
    <p class='ocr_par' dir='ltr' id='par_1_41' title="bbox 673 2954 1366 3013">
     <span class='ocr_line' id='line_1_41' title="bbox 673 2954 1366 3013; baseline -0.006 0"><span class='ocrx_word' id='word_1_314' title='bbox 673 2966 679 2973; x_wconf 86' lang='lat'>&#39;</span> <span class='ocrx_word' id='word_1_315' title='bbox 923 2954 1150 3012; x_wconf 83' lang='lat' dir='ltr'><strong>CAPUT</strong></span> <span class='ocrx_word' id='word_1_316' title='bbox 1184 2955 1366 3013; x_wconf 81' lang='lat' dir='ltr'><strong>XLIV.</strong></span> 
     </span>
    </p>
   </div>
   <div class='ocr_carea' id='block_1_42' title="bbox 649 3045 1576 3118">
    <p class='ocr_par' dir='ltr' id='par_1_42' title="bbox 649 3045 1576 3118">
     <span class='ocr_line' id='line_1_42' title="bbox 649 3045 1576 3118; baseline -0.002 -16"><span class='ocrx_word' id='word_1_317' title='bbox 649 3046 726 3102; x_wconf 86' lang='lat' dir='ltr'><strong>De</strong></span> <span class='ocrx_word' id='word_1_318' title='bbox 751 3047 1110 3118; x_wconf 83' lang='lat' dir='ltr'><strong>magnitudine</strong></span> <span class='ocrx_word' id='word_1_319' title='bbox 1131 3045 1257 3102; x_wconf 82' lang='lat' dir='ltr'><strong>solis</strong></span> <span class='ocrx_word' id='word_1_320' title='bbox 1285 3046 1391 3101; x_wconf 75' lang='lat' dir='ltr'><strong>sive</strong></span> <span class='ocrx_word' id='word_1_321' title='bbox 1417 3046 1576 3100; x_wconf 72' lang='lat' dir='ltr'><strong>Iunce.</strong></span> 
     </span>
    </p>
   </div>
   <div class='ocr_carea' id='block_1_43' title="bbox 2029 1848 3609 1925">
    <p class='ocr_par' dir='ltr' id='par_1_43' title="bbox 2029 1848 3609 1925">
     <span class='ocr_line' id='line_1_43' title="bbox 2029 1848 3609 1925; baseline -0.004 -16"><span class='ocrx_word' id='word_1_322' title='bbox 2029 1854 2312 1925; x_wconf 84' lang='lat' dir='ltr'><strong>septimam</strong></span> <span class='ocrx_word' id='word_1_323' title='bbox 2343 1860 2399 1907; x_wconf 92' lang='lat' dir='ltr'><strong>et</strong></span> <span class='ocrx_word' id='word_1_324' title='bbox 2424 1859 2695 1915; x_wconf 87' lang='lat' dir='ltr'><strong>octavam,</strong></span> <span class='ocrx_word' id='word_1_325' title='bbox 2745 1848 3001 1904; x_wconf 90' lang='lat' dir='ltr'><strong>Armenia</strong></span> <span class='ocrx_word' id='word_1_326' title='bbox 3054 1848 3197 1902; x_wconf 88' lang='lat' dir='ltr'><strong>inter</strong></span> <span class='ocrx_word' id='word_1_327' title='bbox 3250 1849 3513 1903; x_wconf 84' lang='lat' dir='ltr'><strong>decimam</strong></span> <span class='ocrx_word' id='word_1_328' title='bbox 3550 1857 3609 1903; x_wconf 88' lang='lat' dir='ltr'><strong>et</strong></span> 
     </span>
    </p>
   </div>
   <div class='ocr_carea' id='block_1_44' title="bbox 2029 1942 2590 2000">
    <p class='ocr_par' dir='ltr' id='par_1_44' title="bbox 2029 1942 2590 2000">
     <span class='ocr_line' id='line_1_44' title="bbox 2029 1942 2590 2000; baseline -0.007 -1"><span class='ocrx_word' id='word_1_329' title='bbox 2029 1943 2367 2000; x_wconf 88' lang='lat' dir='ltr'><strong>undecimam</strong></span> <span class='ocrx_word' id='word_1_330' title='bbox 2404 1942 2590 1997; x_wconf 89' lang='lat' dir='ltr'><strong>sensit.</strong></span> 
     </span>
    </p>
   </div>
   <div class='ocr_carea' id='block_1_45' title="bbox 2524 2033 3004 2093">
    <p class='ocr_par' dir='ltr' id='par_1_45' title="bbox 2524 2033 3004 2093">
     <span class='ocr_line' id='line_1_45' title="bbox 2524 2033 3004 2093; baseline -0.013 0"><span class='ocrx_word' id='word_1_331' title='bbox 2524 2035 2749 2093; x_wconf 82' lang='lat' dir='ltr'><strong>CAPUT</strong></span> <span class='ocrx_word' id='word_1_332' title='bbox 2775 2033 3004 2091; x_wconf 79' lang='lat' dir='ltr'><strong>XLVIII.</strong></span> 
     </span>
    </p>
   </div>
   <div class='ocr_carea' id='block_1_46' title="bbox 2316 2103 3333 2176">
    <p class='ocr_par' dir='ltr' id='par_1_46' title="bbox 2316 2103 3333 2176">
     <span class='ocr_line' id='line_1_46' title="bbox 2316 2103 3333 2176; baseline -0.005 -14"><span class='ocrx_word' id='word_1_333' title='bbox 2316 2107 2387 2161; x_wconf 88' lang='lat' dir='ltr'><strong>De</strong></span> <span class='ocrx_word' id='word_1_334' title='bbox 2413 2107 2607 2161; x_wconf 82' lang='lat' dir='ltr'><strong>indicio</strong></span> <span class='ocrx_word' id='word_1_335' title='bbox 2632 2117 2680 2160; x_wconf 89' lang='lat' dir='ltr'><strong>et</strong></span> <span class='ocrx_word' id='word_1_336' title='bbox 2707 2105 2961 2176; x_wconf 82' lang='lat' dir='ltr'><strong>qualitate</strong></span> <span class='ocrx_word' id='word_1_337' title='bbox 2981 2103 3333 2175; x_wconf 84' lang='lat' dir='ltr'><strong>planetarum.</strong></span> 
     </span>
    </p>
   </div>
   <div class='ocr_carea' id='block_1_47' title="bbox 2102 2192 3609 2267">
    <p class='ocr_par' dir='ltr' id='par_1_47' title="bbox 2102 2192 3609 2267">
     <span class='ocr_line' id='line_1_47' title="bbox 2102 2192 3609 2267; baseline -0.008 -9"><span class='ocrx_word' id='word_1_338' title='bbox 2102 2203 2245 2258; x_wconf 82' lang='lat' dir='ltr'><strong>DISC.</strong></span> <span class='ocrx_word' id='word_1_339' title='bbox 2285 2199 2381 2254; x_wconf 88' lang='lat' dir='ltr'><strong>Dic</strong></span> <span class='ocrx_word' id='word_1_340' title='bbox 2403 2198 2535 2254; x_wconf 91' lang='lat' dir='ltr'><strong>mihi</strong></span> <span class='ocrx_word' id='word_1_341' title='bbox 2562 2212 2668 2267; x_wconf 90' lang='lat' dir='ltr'><strong>quo</strong></span> <span class='ocrx_word' id='word_1_342' title='bbox 2702 2195 2883 2252; x_wconf 90' lang='lat' dir='ltr'><strong>colore</strong></span> <span class='ocrx_word' id='word_1_343' title='bbox 2912 2194 3023 2250; x_wconf 84' lang='lat' dir='ltr'><strong>sint</strong></span> <span class='ocrx_word' id='word_1_344' title='bbox 3051 2193 3298 2265; x_wconf 58' lang='lat' dir='ltr'><strong>planetae,</strong></span> <span class='ocrx_word' id='word_1_345' title='bbox 3331 2194 3375 2247; x_wconf 89' lang='lat' dir='ltr'><strong>si</strong></span> <span class='ocrx_word' id='word_1_346' title='bbox 3404 2192 3609 2263; x_wconf 74' lang='lat' dir='ltr'><strong>possint</strong></span> 
     </span>
    </p>
   </div>
   <div class='ocr_carea' id='block_1_48' title="bbox 2031 2285 3608 2364">
    <p class='ocr_par' dir='ltr' id='par_1_48' title="bbox 2031 2285 3608 2364">
     <span class='ocr_line' id='line_1_48' title="bbox 2031 2285 3608 2364; baseline -0.009 -13"><span class='ocrx_word' id='word_1_347' title='bbox 2031 2311 2125 2351; x_wconf 90' lang='lat' dir='ltr'><strong>eas</strong></span> <span class='ocrx_word' id='word_1_348' title='bbox 2160 2294 2287 2349; x_wconf 91' lang='lat' dir='ltr'><strong>inde</strong></span> <span class='ocrx_word' id='word_1_349' title='bbox 2316 2304 2664 2364; x_wconf 80' lang='lat' dir='ltr'><strong>cognoscere,</strong></span> <span class='ocrx_word' id='word_1_350' title='bbox 2714 2296 2769 2343; x_wconf 90' lang='lat' dir='ltr'><strong>et</strong></span> <span class='ocrx_word' id='word_1_351' title='bbox 2807 2294 2989 2343; x_wconf 89' lang='lat' dir='ltr'><strong>utrum</strong></span> <span class='ocrx_word' id='word_1_352' title='bbox 3035 2293 3245 2342; x_wconf 87' lang='lat' dir='ltr'><strong>mutent</strong></span> <span class='ocrx_word' id='word_1_353' title='bbox 3290 2285 3496 2340; x_wconf 90' lang='lat' dir='ltr'><strong>colores</strong></span> <span class='ocrx_word' id='word_1_354' title='bbox 3539 2299 3608 2338; x_wconf 89' lang='lat' dir='ltr'><strong>an</strong></span> 
     </span>
    </p>
   </div>
   <div class='ocr_carea' id='block_1_49' title="bbox 2031 2371 3609 2459">
    <p class='ocr_par' dir='ltr' id='par_1_49' title="bbox 2031 2371 3609 2459">
     <span class='ocr_line' id='line_1_49' title="bbox 2031 2371 3609 2459; baseline -0.01 -18"><span class='ocrx_word' id='word_1_355' title='bbox 2031 2401 2159 2441; x_wconf 86' lang='lat' dir='ltr'><strong>non.</strong></span> <span class='ocrx_word' id='word_1_356' title='bbox 2192 2383 2333 2439; x_wconf 73' lang='grc' dir='ltr'><strong>ΜΑο.</strong></span> <span class='ocrx_word' id='word_1_357' title='bbox 2368 2381 2511 2459; x_wconf 83' lang='lat' dir='ltr'><strong>suus</strong></span> <span class='ocrx_word' id='word_1_358' title='bbox 2533 2379 2748 2450; x_wconf 90' lang='lat' dir='ltr'><strong>quidem</strong></span> <span class='ocrx_word' id='word_1_359' title='bbox 2783 2376 3076 2447; x_wconf 86' lang='lat' dir='ltr'><strong>unicuique</strong></span> <span class='ocrx_word' id='word_1_360' title='bbox 3112 2374 3261 2429; x_wconf 90' lang='lat' dir='ltr'><strong>color</strong></span> <span class='ocrx_word' id='word_1_361' title='bbox 3286 2382 3391 2431; x_wconf 90' lang='lat' dir='ltr'><strong>est.</strong></span> <span class='ocrx_word' id='word_1_362' title='bbox 3419 2371 3609 2427; x_wconf 89' lang='lat' dir='ltr'><strong>Satur-</strong></span> 
     </span>
    </p>
   </div>
   <div class='ocr_carea' id='block_1_50' title="bbox 2033 2463 3610 2539">
    <p class='ocr_par' dir='ltr' id='par_1_50' title="bbox 2033 2463 3610 2539">
     <span class='ocr_line' id='line_1_50' title="bbox 2033 2463 3610 2539; baseline -0.009 -6"><span class='ocrx_word' id='word_1_363' title='bbox 2033 2495 2103 2535; x_wconf 93' lang='lat' dir='ltr'><strong>no</strong></span> <span class='ocrx_word' id='word_1_364' title='bbox 2151 2475 2430 2539; x_wconf 88' lang='lat' dir='ltr'><strong>candidus,</strong></span> <span class='ocrx_word' id='word_1_365' title='bbox 2488 2472 2608 2528; x_wconf 83' lang='lat' dir='ltr'><strong>Jovi</strong></span> <span class='ocrx_word' id='word_1_366' title='bbox 2652 2470 2849 2535; x_wconf 91' lang='lat' dir='ltr'><strong>clarus,</strong></span> <span class='ocrx_word' id='word_1_367' title='bbox 2901 2466 3058 2523; x_wconf 88' lang='lat' dir='ltr'><strong>Marti</strong></span> <span class='ocrx_word' id='word_1_368' title='bbox 3110 2467 3327 2539; x_wconf 84' lang='lat' dir='ltr'><strong>igneus;</strong></span> <span class='ocrx_word' id='word_1_369' title='bbox 3359 2463 3610 2520; x_wconf 86' lang='lat' dir='ltr'><strong>Lucifero</strong></span> 
     </span>
    </p>
   </div>
   <div class='ocr_carea' id='block_1_51' title="bbox 2033 2554 3613 2644">
    <p class='ocr_par' dir='ltr' id='par_1_51' title="bbox 2033 2554 3613 2644">
     <span class='ocr_line' id='line_1_51' title="bbox 2033 2554 3613 2644; baseline -0.01 -19"><span class='ocrx_word' id='word_1_370' title='bbox 2033 2573 2292 2644; x_wconf 86' lang='lat' dir='ltr'><strong>gaudens,</strong></span> <span class='ocrx_word' id='word_1_371' title='bbox 2321 2568 2562 2637; x_wconf 82' lang='lat' dir='ltr'><strong>Vespero</strong></span> <span class='ocrx_word' id='word_1_372' title='bbox 2591 2560 2881 2637; x_wconf 82' lang='lat' dir='ltr'><strong>refulgens,</strong></span> <span class='ocrx_word' id='word_1_373' title='bbox 2910 2558 3179 2615; x_wconf 80' lang='lat' dir='ltr'><strong>Mercurio</strong></span> <span class='ocrx_word' id='word_1_374' title='bbox 3202 2556 3438 2621; x_wconf 87' lang='lat' dir='ltr'><strong>radians,</strong></span> <span class='ocrx_word' id='word_1_375' title='bbox 3471 2554 3613 2610; x_wconf 85' lang='lat' dir='ltr'><strong>lunae</strong></span> 
     </span>
    </p>
   </div>
   <div class='ocr_carea' id='block_1_52' title="bbox 2033 2646 3606 2724">
    <p class='ocr_par' dir='ltr' id='par_1_52' title="bbox 2033 2646 3606 2724">
     <span class='ocr_line' id='line_1_52' title="bbox 2033 2646 3606 2724; baseline -0.012 -6"><span class='ocrx_word' id='word_1_376' title='bbox 2033 2661 2281 2721; x_wconf 87' lang='lat' dir='ltr'><strong>blandus,</strong></span> <span class='ocrx_word' id='word_1_377' title='bbox 2311 2658 2431 2724; x_wconf 86' lang='lat' dir='ltr'><strong>soli,</strong></span> <span class='ocrx_word' id='word_1_378' title='bbox 2462 2672 2587 2711; x_wconf 92' lang='lat' dir='ltr'><strong>cum</strong></span> <span class='ocrx_word' id='word_1_379' title='bbox 2617 2656 2808 2719; x_wconf 91' lang='lat' dir='ltr'><strong>oritur,</strong></span> <span class='ocrx_word' id='word_1_380' title='bbox 2840 2651 3055 2718; x_wconf 89' lang='lat' dir='ltr'><strong>ardens,</strong></span> <span class='ocrx_word' id='word_1_381' title='bbox 3083 2655 3273 2722; x_wconf 90' lang='lat' dir='ltr'><strong>postea</strong></span> <span class='ocrx_word' id='word_1_382' title='bbox 3301 2646 3606 2716; x_wconf 83' lang='lat' dir='ltr'><strong>Splendens.</strong></span> 
     </span>
    </p>
   </div>
   <div class='ocr_carea' id='block_1_53' title="bbox 2036 2738 3611 2819">
    <p class='ocr_par' dir='ltr' id='par_1_53' title="bbox 2036 2738 3611 2819">
     <span class='ocr_line' id='line_1_53' title="bbox 2036 2738 3611 2819; baseline -0.012 -9"><span class='ocrx_word' id='word_1_383' title='bbox 2036 2752 2144 2810; x_wconf 85' lang='lat' dir='ltr'><strong>Sed</strong></span> <span class='ocrx_word' id='word_1_384' title='bbox 2200 2751 2409 2808; x_wconf 90' lang='lat' dir='ltr'><strong>colores</strong></span> <span class='ocrx_word' id='word_1_385' title='bbox 2434 2749 2573 2804; x_wconf 89' lang='lat' dir='ltr'><strong>ratio</strong></span> <span class='ocrx_word' id='word_1_386' title='bbox 2601 2746 2941 2803; x_wconf 89' lang='lat' dir='ltr'><strong>altitudinem</strong></span> <span class='ocrx_word' id='word_1_387' title='bbox 2998 2748 3281 2819; x_wconf 75' lang='lat' dir='ltr'><strong>temperat.</strong></span> <span class='ocrx_word' id='word_1_388' title='bbox 3332 2738 3611 2809; x_wconf 89' lang='lat' dir='ltr'><strong>Siquidem</strong></span> 
     </span>
    </p>
   </div>
   <div class='ocr_carea' id='block_1_54' title="bbox 2036 2833 3611 2905">
    <p class='ocr_par' dir='ltr' id='par_1_54' title="bbox 2036 2833 3611 2905">
     <span class='ocr_line' id='line_1_54' title="bbox 2036 2833 3611 2905; baseline -0.011 -5"><span class='ocrx_word' id='word_1_389' title='bbox 2036 2858 2223 2901; x_wconf 89' lang='lat' dir='ltr'><strong>earum</strong></span> <span class='ocrx_word' id='word_1_390' title='bbox 2268 2840 2676 2898; x_wconf 90' lang='lat' dir='ltr'><strong>similitudinem</strong></span> <span class='ocrx_word' id='word_1_391' title='bbox 2723 2838 2947 2892; x_wconf 89' lang='lat' dir='ltr'><strong>trahunt</strong></span> <span class='ocrx_word' id='word_1_392' title='bbox 2972 2833 3025 2889; x_wconf 94' lang='lat' dir='ltr'><strong>in</strong></span> <span class='ocrx_word' id='word_1_393' title='bbox 3058 2847 3288 2905; x_wconf 88' lang='lat' dir='ltr'><strong>quarum</strong></span> <span class='ocrx_word' id='word_1_394' title='bbox 3310 2844 3490 2887; x_wconf 89' lang='lat' dir='ltr'><strong>aerem</strong></span> <span class='ocrx_word' id='word_1_395' title='bbox 3520 2842 3611 2882; x_wconf 85' lang='lat' dir='ltr'><strong>ve-</strong></span> 
     </span>
    </p>
   </div>
   <div class='ocr_carea' id='block_1_55' title="bbox 2036 2924 3612 3003">
    <p class='ocr_par' dir='ltr' id='par_1_55' title="bbox 2036 2924 3612 3003">
     <span class='ocr_line' id='line_1_55' title="bbox 2036 2924 3612 3003; baseline -0.012 -12"><span class='ocrx_word' id='word_1_396' title='bbox 2036 2949 2167 2991; x_wconf 90' lang='lat' dir='ltr'><strong>nere</strong></span> <span class='ocrx_word' id='word_1_397' title='bbox 2210 2932 2528 2998; x_wconf 89' lang='lat' dir='ltr'><strong>subeundo;</strong></span> <span class='ocrx_word' id='word_1_398' title='bbox 2565 2928 2868 3003; x_wconf 87' lang='lat' dir='ltr'><strong>tinguitque</strong></span> <span class='ocrx_word' id='word_1_399' title='bbox 2898 2926 2962 2981; x_wconf 93' lang='lat' dir='ltr'><strong>ad</strong></span> <span class='ocrx_word' id='word_1_400' title='bbox 2994 2924 3417 2997; x_wconf 86' lang='lat' dir='ltr'><strong>propinquantes</strong></span> <span class='ocrx_word' id='word_1_401' title='bbox 3461 2927 3612 2973; x_wconf 87' lang='lat' dir='ltr'><strong>utra-</strong></span> 
     </span>
    </p>
   </div>
   <div class='ocr_carea' id='block_1_56' title="bbox 2038 3012 3608 3090">
    <p class='ocr_par' dir='ltr' id='par_1_56' title="bbox 2038 3012 3608 3090">
     <span class='ocr_line' id='line_1_56' title="bbox 2038 3012 3608 3090; baseline -0.013 -7"><span class='ocrx_word' id='word_1_402' title='bbox 2038 3028 2169 3083; x_wconf 89' lang='lat' dir='ltr'><strong>libet</strong></span> <span class='ocrx_word' id='word_1_403' title='bbox 2214 3025 2376 3083; x_wconf 86' lang='lat' dir='ltr'><strong>alieni</strong></span> <span class='ocrx_word' id='word_1_404' title='bbox 2427 3030 2639 3079; x_wconf 90' lang='lat' dir='ltr'><strong>meatus</strong></span> <span class='ocrx_word' id='word_1_405' title='bbox 2660 3019 2916 3087; x_wconf 88' lang='lat' dir='ltr'><strong>circulus,</strong></span> <span class='ocrx_word' id='word_1_406' title='bbox 2972 3015 3220 3090; x_wconf 87' lang='lat' dir='ltr'><strong>frigidior</strong></span> <span class='ocrx_word' id='word_1_407' title='bbox 3250 3015 3303 3069; x_wconf 90' lang='lat' dir='ltr'><strong>in</strong></span> <span class='ocrx_word' id='word_1_408' title='bbox 3330 3012 3608 3084; x_wconf 87' lang='lat' dir='ltr'><strong>pallorem,</strong></span> 
     </span>
    </p>
   </div>
   <div class='ocr_carea' id='block_1_57' title="bbox 429 3096 3614 3209">
    <p class='ocr_par' dir='ltr' id='par_1_57' title="bbox 429 3096 3614 3209">
     <span class='ocr_line' id='line_1_57' title="bbox 429 3096 3614 3209; baseline -0.012 -16"><span class='ocrx_word' id='word_1_409' title='bbox 429 3138 574 3194; x_wconf 81' lang='lat' dir='ltr'><strong>Disc.</strong></span> <span class='ocrx_word' id='word_1_410' title='bbox 625 3137 700 3193; x_wconf 90' lang='lat' dir='ltr'><strong>De</strong></span> <span class='ocrx_word' id='word_1_411' title='bbox 728 3096 1097 3209; x_wconf 51' lang='lat' dir='ltr'><strong>maganitudine</strong></span> <span class='ocrx_word' id='word_1_412' title='bbox 1116 3136 1247 3191; x_wconf 88' lang='lat' dir='ltr'><strong>solis</strong></span> <span class='ocrx_word' id='word_1_413' title='bbox 1275 3144 1331 3192; x_wconf 91' lang='lat' dir='ltr'><strong>et</strong></span> <span class='ocrx_word' id='word_1_414' title='bbox 1359 3135 1500 3190; x_wconf 86' lang='lat' dir='ltr'><strong>lunae</strong></span> <span class='ocrx_word' id='word_1_415' title='bbox 1526 3134 1722 3190; x_wconf 87' lang='lat' dir='ltr'><strong>vellem</strong></span> <span class='ocrx_word' id='word_1_416' title='bbox 1752 3140 1812 3188; x_wconf 93' lang='lat' dir='ltr'><strong>ut</strong></span> <span class='ocrx_word' id='word_1_417' title='bbox 1834 3132 1932 3188; x_wconf 88' lang='lat' dir='ltr'><strong>ali-</strong></span> <span class='ocrx_word' id='word_1_418' title='bbox 1962 3096 2009 3160; x_wconf 66' lang='grc' dir='ltr'><strong>Ο</strong></span> <span class='ocrx_word' id='word_1_419' title='bbox 2040 3118 2317 3175; x_wconf 70' lang='grc' dir='ltr'><strong>πάθῐιιὶοΐ</strong></span> <span class='ocrx_word' id='word_1_420' title='bbox 2364 3116 2418 3172; x_wconf 75' lang='lat' dir='ltr'><strong>in</strong></span> <span class='ocrx_word' id='word_1_421' title='bbox 2447 3114 2724 3209; x_wconf 46' lang='lat' dir='ltr'><strong>ruborem.</strong></span> <span class='ocrx_word' id='word_1_422' title='bbox 2775 3118 3031 3209; x_wconf 36' lang='lat' dir='ltr'><strong>ventosus</strong></span> <span class='ocrx_word' id='word_1_423' title='bbox 3080 3108 3134 3162; x_wconf 90' lang='lat' dir='ltr'><strong>in</strong></span> <span class='ocrx_word' id='word_1_424' title='bbox 3164 3107 3464 3161; x_wconf 81' lang='lat' dir='ltr'><strong>horrarem.</strong></span> <span class='ocrx_word' id='word_1_425' title='bbox 3486 3192 3501 3209; x_wconf 45' lang='grc' dir='ltr'>ι</span> <span class='ocrx_word' id='word_1_426' title='bbox 3519 3099 3614 3209; x_wconf 71' lang='lat' dir='ltr'><strong>Sol</strong></span> 
     </span>
    </p>
   </div>
   <div class='ocr_carea' id='block_1_58' title="bbox 353 3226 1932 3301">
    <p class='ocr_par' dir='ltr' id='par_1_58' title="bbox 353 3226 1932 3301">
     <span class='ocr_line' id='line_1_58' title="bbox 353 3226 1932 3301; baseline 0 -18"><span class='ocrx_word' id='word_1_427' title='bbox 353 3246 465 3301; x_wconf 86' lang='lat' dir='ltr'><strong>qua</strong></span> <span class='ocrx_word' id='word_1_428' title='bbox 488 3230 719 3285; x_wconf 86' lang='lat' dir='ltr'><strong>diceres.</strong></span> <span class='ocrx_word' id='word_1_429' title='bbox 752 3228 890 3285; x_wconf 71' lang='lat' dir='ltr'><strong>MAG.</strong></span> <span class='ocrx_word' id='word_1_430' title='bbox 925 3228 1066 3284; x_wconf 91' lang='lat' dir='ltr'><strong>Solis</strong></span> <span class='ocrx_word' id='word_1_431' title='bbox 1095 3229 1274 3299; x_wconf 85' lang='lat' dir='ltr'><strong>ignem</strong></span> <span class='ocrx_word' id='word_1_432' title='bbox 1301 3228 1487 3284; x_wconf 91' lang='lat' dir='ltr'><strong>dicunt</strong></span> <span class='ocrx_word' id='word_1_433' title='bbox 1529 3242 1670 3299; x_wconf 90' lang='lat' dir='ltr'><strong>aqua</strong></span> <span class='ocrx_word' id='word_1_434' title='bbox 1715 3226 1932 3294; x_wconf 87' lang='lat' dir='ltr'><strong>nutriri,</strong></span> 
     </span>
    </p>
   </div>
   <div class='ocr_carea' id='block_1_59' title="bbox 357 3321 1935 3393">
    <p class='ocr_par' dir='ltr' id='par_1_59' title="bbox 357 3321 1935 3393">
     <span class='ocr_line' id='line_1_59' title="bbox 357 3321 1935 3393; baseline -0.001 -15"><span class='ocrx_word' id='word_1_435' title='bbox 357 3323 637 3393; x_wconf 89' lang='lat' dir='ltr'><strong>multoque</strong></span> <span class='ocrx_word' id='word_1_436' title='bbox 666 3323 810 3377; x_wconf 88' lang='lat' dir='ltr'><strong>hunc</strong></span> <span class='ocrx_word' id='word_1_437' title='bbox 835 3321 958 3377; x_wconf 89' lang='lat' dir='ltr'><strong>luna</strong></span> <span class='ocrx_word' id='word_1_438' title='bbox 1009 3321 1350 3392; x_wconf 88' lang='lat' dir='ltr'><strong>ampliorem,</strong></span> <span class='ocrx_word' id='word_1_439' title='bbox 1404 3321 1587 3377; x_wconf 91' lang='lat' dir='ltr'><strong>lunam</strong></span> <span class='ocrx_word' id='word_1_440' title='bbox 1627 3337 1756 3377; x_wconf 89' lang='lat' dir='ltr'><strong>vero</strong></span> <span class='ocrx_word' id='word_1_441' title='bbox 1788 3331 1935 3379; x_wconf 90' lang='lat' dir='ltr'><strong>terra</strong></span> 
     </span>
    </p>
   </div>
   <div class='ocr_carea' id='block_1_60' title="bbox 355 3413 1936 3485">
    <p class='ocr_par' dir='ltr' id='par_1_60' title="bbox 355 3413 1936 3485">
     <span class='ocr_line' id='line_1_60' title="bbox 355 3413 1936 3485; baseline -0.001 -14"><span class='ocrx_word' id='word_1_442' title='bbox 355 3430 480 3471; x_wconf 89' lang='lat' dir='ltr'><strong>esse</strong></span> <span class='ocrx_word' id='word_1_443' title='bbox 507 3413 794 3484; x_wconf 86' lang='lat' dir='ltr'><strong>majorem,</strong></span> <span class='ocrx_word' id='word_1_444' title='bbox 849 3413 990 3469; x_wconf 90' lang='lat' dir='ltr'><strong>unde</strong></span> <span class='ocrx_word' id='word_1_445' title='bbox 1027 3421 1082 3468; x_wconf 89' lang='lat' dir='ltr'><strong>et</strong></span> <span class='ocrx_word' id='word_1_446' title='bbox 1106 3413 1314 3469; x_wconf 90' lang='lat' dir='ltr'><strong>cunctis</strong></span> <span class='ocrx_word' id='word_1_447' title='bbox 1344 3413 1502 3469; x_wconf 89' lang='lat' dir='ltr'><strong>unius</strong></span> <span class='ocrx_word' id='word_1_448' title='bbox 1549 3413 1936 3485; x_wconf 84' lang='lat' dir='ltr'><strong>magnitudinis</strong></span> 
     </span>
    </p>
   </div>
   <div class='ocr_carea' id='block_1_61' title="bbox 272 3503 1936 3578">
    <p class='ocr_par' dir='ltr' id='par_1_61' title="bbox 272 3503 1936 3578">
     <span class='ocr_line' id='line_1_61' title="bbox 272 3503 1936 3578; baseline -0.002 -16"><span class='ocrx_word' id='word_1_449' title='bbox 272 3566 279 3569; x_wconf 63' lang='grc'>,</span> <span class='ocrx_word' id='word_1_450' title='bbox 354 3516 639 3578; x_wconf 89' lang='lat' dir='ltr'><strong>appareat.</strong></span> <span class='ocrx_word' id='word_1_451' title='bbox 663 3504 816 3574; x_wconf 84' lang='lat' dir='ltr'><strong>Quod</strong></span> <span class='ocrx_word' id='word_1_452' title='bbox 846 3504 991 3561; x_wconf 91' lang='lat' dir='ltr'><strong>enim</strong></span> <span class='ocrx_word' id='word_1_453' title='bbox 1026 3503 1107 3561; x_wconf 92' lang='lat' dir='ltr'><strong>sol</strong></span> <span class='ocrx_word' id='word_1_454' title='bbox 1148 3503 1397 3560; x_wconf 89' lang='lat' dir='ltr'><strong>cubitalis</strong></span> <span class='ocrx_word' id='word_1_455' title='bbox 1439 3503 1708 3568; x_wconf 90' lang='lat' dir='ltr'><strong>videatur,</strong></span> <span class='ocrx_word' id='word_1_456' title='bbox 1755 3503 1936 3560; x_wconf 66' lang='lat' dir='ltr'><strong>nimim</strong></span> 
     </span>
    </p>
   </div>
   <div class='ocr_carea' id='block_1_62' title="bbox 356 3595 1935 3668">
    <p class='ocr_par' dir='ltr' id='par_1_62' title="bbox 356 3595 1935 3668">
     <span class='ocr_line' id='line_1_62' title="bbox 356 3595 1935 3668; baseline -0.003 -12"><span class='ocrx_word' id='word_1_457' title='bbox 356 3598 695 3657; x_wconf 82' lang='lat' dir='ltr'><strong>celsitudinis</strong></span> <span class='ocrx_word' id='word_1_458' title='bbox 742 3597 999 3653; x_wconf 88' lang='lat' dir='ltr'><strong>distantia</strong></span> <span class='ocrx_word' id='word_1_459' title='bbox 1047 3595 1197 3653; x_wconf 85' lang='lat' dir='ltr'><strong>facit.</strong></span> <span class='ocrx_word' id='word_1_460' title='bbox 1261 3596 1515 3668; x_wconf 81' lang='lat' dir='ltr'><strong>Alioquin</strong></span> <span class='ocrx_word' id='word_1_461' title='bbox 1567 3595 1741 3665; x_wconf 84' lang='lat' dir='ltr'><strong>major</strong></span> <span class='ocrx_word' id='word_1_462' title='bbox 1790 3597 1935 3653; x_wconf 89' lang='lat' dir='ltr'><strong>Indis</strong></span> 
     </span>
    </p>
   </div>
   <div class='ocr_carea' id='block_1_63' title="bbox 360 3688 1935 3761">
    <p class='ocr_par' dir='ltr' id='par_1_63' title="bbox 360 3688 1935 3761">
     <span class='ocr_line' id='line_1_63' title="bbox 360 3688 1935 3761; baseline -0.001 -15"><span class='ocrx_word' id='word_1_463' title='bbox 360 3692 568 3757; x_wconf 89' lang='lat' dir='ltr'><strong>oriens,</strong></span> <span class='ocrx_word' id='word_1_464' title='bbox 597 3700 654 3745; x_wconf 89' lang='lat' dir='ltr'><strong>et</strong></span> <span class='ocrx_word' id='word_1_465' title='bbox 699 3689 975 3746; x_wconf 88' lang='lat' dir='ltr'><strong>Britannis</strong></span> <span class='ocrx_word' id='word_1_466' title='bbox 1001 3697 1288 3761; x_wconf 88' lang='lat' dir='ltr'><strong>appareret</strong></span> <span class='ocrx_word' id='word_1_467' title='bbox 1339 3688 1613 3745; x_wconf 88' lang='lat' dir='ltr'><strong>occidens.</strong></span> <span class='ocrx_word' id='word_1_468' title='bbox 1666 3689 1769 3756; x_wconf 84' lang='lat' dir='ltr'><strong>Qui</strong></span> <span class='ocrx_word' id='word_1_469' title='bbox 1809 3689 1935 3745; x_wconf 90' lang='lat' dir='ltr'><strong>dum</strong></span> 
     </span>
    </p>
   </div>
   <div class='ocr_carea' id='block_1_64' title="bbox 359 3778 1936 3852">
    <p class='ocr_par' dir='ltr' id='par_1_64' title="bbox 359 3778 1936 3852">
     <span class='ocr_line' id='line_1_64' title="bbox 359 3778 1936 3852; baseline -0.003 -16"><span class='ocrx_word' id='word_1_470' title='bbox 359 3788 559 3836; x_wconf 89' lang='lat' dir='ltr'><strong>natura</strong></span> <span class='ocrx_word' id='word_1_471' title='bbox 594 3780 667 3836; x_wconf 91' lang='lat' dir='ltr'><strong>sit</strong></span> <span class='ocrx_word' id='word_1_472' title='bbox 691 3780 900 3852; x_wconf 86' lang='lat' dir='ltr'><strong>igneus,</strong></span> <span class='ocrx_word' id='word_1_473' title='bbox 931 3789 1083 3836; x_wconf 89' lang='lat' dir='ltr'><strong>motu</strong></span> <span class='ocrx_word' id='word_1_474' title='bbox 1129 3794 1345 3850; x_wconf 90' lang='lat' dir='ltr'><strong>quoque</strong></span> <span class='ocrx_word' id='word_1_475' title='bbox 1380 3778 1546 3834; x_wconf 90' lang='lat' dir='ltr'><strong>nimio</strong></span> <span class='ocrx_word' id='word_1_476' title='bbox 1575 3779 1810 3835; x_wconf 90' lang='lat' dir='ltr'><strong>calorem</strong></span> <span class='ocrx_word' id='word_1_477' title='bbox 1839 3778 1936 3832; x_wconf 86' lang='lat' dir='ltr'><strong>ad-</strong></span> 
     </span>
    </p>
   </div>
   <div class='ocr_carea' id='block_1_65' title="bbox 359 3876 1935 3949">
    <p class='ocr_par' dir='ltr' id='par_1_65' title="bbox 359 3876 1935 3949">
     <span class='ocr_line' id='line_1_65' title="bbox 359 3876 1935 3949; baseline -0.004 -14"><span class='ocrx_word' id='word_1_478' title='bbox 359 3886 545 3949; x_wconf 80' lang='lat' dir='ltr'><strong>auget.</strong></span> <span class='ocrx_word' id='word_1_479' title='bbox 575 3877 676 3935; x_wconf 75' lang='lat' dir='ltr'><strong>llic</strong></span> <span class='ocrx_word' id='word_1_480' title='bbox 706 3894 866 3935; x_wconf 85' lang='lat' dir='ltr'><strong>cursu</strong></span> <span class='ocrx_word' id='word_1_481' title='bbox 890 3877 1137 3933; x_wconf 90' lang='lat' dir='ltr'><strong>variante</strong></span> <span class='ocrx_word' id='word_1_482' title='bbox 1181 3876 1296 3933; x_wconf 88' lang='lat' dir='ltr'><strong>dies</strong></span> <span class='ocrx_word' id='word_1_483' title='bbox 1342 3883 1397 3932; x_wconf 90' lang='lat' dir='ltr'><strong>et</strong></span> <span class='ocrx_word' id='word_1_484' title='bbox 1423 3890 1661 3939; x_wconf 90' lang='lat' dir='ltr'><strong>menses,</strong></span> <span class='ocrx_word' id='word_1_485' title='bbox 1690 3883 1935 3944; x_wconf 90' lang='lat' dir='ltr'><strong>tempora</strong></span> 
     </span>
    </p>
   </div>
   <div class='ocr_carea' id='block_1_66' title="bbox 358 3960 1937 4036">
    <p class='ocr_par' dir='ltr' id='par_1_66' title="bbox 358 3960 1937 4036">
     <span class='ocr_line' id='line_1_66' title="bbox 358 3960 1937 4036; baseline -0.007 -11"><span class='ocrx_word' id='word_1_486' title='bbox 358 3968 553 4026; x_wconf 87' lang='lat' dir='ltr'><strong>dividit</strong></span> <span class='ocrx_word' id='word_1_487' title='bbox 573 3975 630 4024; x_wconf 90' lang='lat' dir='ltr'><strong>et</strong></span> <span class='ocrx_word' id='word_1_488' title='bbox 654 3982 842 4035; x_wconf 86' lang='lat' dir='ltr'><strong>annos,</strong></span> <span class='ocrx_word' id='word_1_489' title='bbox 876 3967 1126 4036; x_wconf 87' lang='lat' dir='ltr'><strong>aerisque</strong></span> <span class='ocrx_word' id='word_1_490' title='bbox 1181 3964 1497 4036; x_wconf 89' lang='lat' dir='ltr'><strong>temperiem</strong></span> <span class='ocrx_word' id='word_1_491' title='bbox 1518 3961 1825 4018; x_wconf 87' lang='lat' dir='ltr'><strong>accedendo</strong></span> <span class='ocrx_word' id='word_1_492' title='bbox 1849 3960 1937 4015; x_wconf 88' lang='lat' dir='ltr'><strong>vel</strong></span> 
     </span>
    </p>
   </div>
   <div class='ocr_carea' id='block_1_67' title="bbox 356 4052 1935 4129">
    <p class='ocr_par' dir='ltr' id='par_1_67' title="bbox 356 4052 1935 4129">
     <span class='ocr_line' id='line_1_67' title="bbox 356 4052 1935 4129; baseline -0.006 -14"><span class='ocrx_word' id='word_1_493' title='bbox 356 4058 662 4115; x_wconf 88' lang='lat' dir='ltr'><strong>recedendo</strong></span> <span class='ocrx_word' id='word_1_494' title='bbox 705 4073 802 4129; x_wconf 89' lang='lat' dir='ltr'><strong>pro</strong></span> <span class='ocrx_word' id='word_1_495' title='bbox 847 4065 1148 4127; x_wconf 82' lang='lat' dir='ltr'><strong>temporum</strong></span> <span class='ocrx_word' id='word_1_496' title='bbox 1193 4054 1405 4110; x_wconf 84' lang='lat' dir='ltr'><strong>ratione</strong></span> <span class='ocrx_word' id='word_1_497' title='bbox 1449 4052 1747 4123; x_wconf 85' lang='lat' dir='ltr'><strong>dispensat,</strong></span> <span class='ocrx_word' id='word_1_498' title='bbox 1784 4066 1853 4107; x_wconf 90' lang='lat' dir='ltr'><strong>ne</strong></span> <span class='ocrx_word' id='word_1_499' title='bbox 1884 4053 1935 4107; x_wconf 88' lang='lat' dir='ltr'><strong>si</strong></span> 
     </span>
    </p>
   </div>
   <div class='ocr_carea' id='block_1_68' title="bbox 357 4141 1935 4220">
    <p class='ocr_par' dir='ltr' id='par_1_68' title="bbox 357 4141 1935 4220">
     <span class='ocr_line' id='line_1_68' title="bbox 357 4141 1935 4220; baseline -0.008 -14"><span class='ocrx_word' id='word_1_500' title='bbox 357 4165 577 4220; x_wconf 81' lang='lat' dir='ltr'><strong>semper</strong></span> <span class='ocrx_word' id='word_1_501' title='bbox 610 4149 665 4204; x_wconf 92' lang='lat' dir='ltr'><strong>in</strong></span> <span class='ocrx_word' id='word_1_502' title='bbox 699 4148 908 4204; x_wconf 87' lang='lat' dir='ltr'><strong>hisdem</strong></span> <span class='ocrx_word' id='word_1_503' title='bbox 961 4153 1270 4204; x_wconf 89' lang='lat' dir='ltr'><strong>moraretur</strong></span> <span class='ocrx_word' id='word_1_504' title='bbox 1294 4144 1450 4209; x_wconf 90' lang='lat' dir='ltr'><strong>locis,</strong></span> <span class='ocrx_word' id='word_1_505' title='bbox 1477 4142 1580 4197; x_wconf 90' lang='lat' dir='ltr'><strong>alia</strong></span> <span class='ocrx_word' id='word_1_506' title='bbox 1631 4141 1797 4206; x_wconf 88' lang='lat' dir='ltr'><strong>calor,</strong></span> <span class='ocrx_word' id='word_1_507' title='bbox 1830 4141 1935 4195; x_wconf 91' lang='lat' dir='ltr'><strong>alia</strong></span> 
     </span>
    </p>
   </div>
   <div class='ocr_carea' id='block_1_69' title="bbox 359 4241 886 4313">
    <p class='ocr_par' dir='ltr' id='par_1_69' title="bbox 359 4241 886 4313">
     <span class='ocr_line' id='line_1_69' title="bbox 359 4241 886 4313; baseline -0.006 -17"><span class='ocrx_word' id='word_1_508' title='bbox 359 4242 532 4313; x_wconf 84' lang='lat' dir='ltr'><strong>frigor</strong></span> <span class='ocrx_word' id='word_1_509' title='bbox 558 4241 886 4296; x_wconf 85' lang='lat' dir='ltr'><strong>absumeret.</strong></span> 
     </span>
    </p>
   </div>
   <div class='ocr_carea' id='block_1_70' title="bbox 960 4324 1382 4386">
    <p class='ocr_par' dir='ltr' id='par_1_70' title="bbox 960 4324 1382 4386">
     <span class='ocr_line' id='line_1_70' title="bbox 960 4324 1382 4386; baseline -0.012 0"><span class='ocrx_word' id='word_1_510' title='bbox 960 4327 1185 4386; x_wconf 75' lang='lat' dir='ltr'><strong>CAPUT</strong></span> <span class='ocrx_word' id='word_1_511' title='bbox 1223 4324 1382 4382; x_wconf 77' lang='lat' dir='ltr'><strong>XLV.</strong></span> 
     </span>
    </p>
   </div>
   <div class='ocr_carea' id='block_1_71' title="bbox 788 4415 1493 4477">
    <p class='ocr_par' dir='ltr' id='par_1_71' title="bbox 788 4415 1493 4477">
     <span class='ocr_line' id='line_1_71' title="bbox 788 4415 1493 4477; baseline -0.013 0"><span class='ocrx_word' id='word_1_512' title='bbox 788 4421 862 4477; x_wconf 85' lang='lat' dir='ltr'><strong>De</strong></span> <span class='ocrx_word' id='word_1_513' title='bbox 890 4431 1081 4475; x_wconf 87' lang='lat' dir='ltr'><strong>natura</strong></span> <span class='ocrx_word' id='word_1_514' title='bbox 1119 4427 1166 4473; x_wconf 80' lang='lat' dir='ltr'><strong>et</strong></span> <span class='ocrx_word' id='word_1_515' title='bbox 1204 4418 1310 4471; x_wconf 75' lang='lat' dir='ltr'><strong>situ</strong></span> <span class='ocrx_word' id='word_1_516' title='bbox 1334 4415 1493 4470; x_wconf 76' lang='lat' dir='ltr'><strong>lum.</strong></span> 
     </span>
    </p>
   </div>
   <div class='ocr_carea' id='block_1_72' title="bbox 431 4503 1936 4572">
    <p class='ocr_par' dir='ltr' id='par_1_72' title="bbox 431 4503 1936 4572">
     <span class='ocr_line' id='line_1_72' title="bbox 431 4503 1936 4572; baseline -0.009 -1"><span class='ocrx_word' id='word_1_517' title='bbox 431 4515 642 4570; x_wconf 79' lang='lat' dir='ltr'><strong>Lnnam</strong></span> <span class='ocrx_word' id='word_1_518' title='bbox 679 4529 788 4570; x_wconf 88' lang='lat' dir='ltr'><strong>non</strong></span> <span class='ocrx_word' id='word_1_519' title='bbox 814 4512 984 4569; x_wconf 89' lang='lat' dir='ltr'><strong>minui</strong></span> <span class='ocrx_word' id='word_1_520' title='bbox 1018 4526 1118 4567; x_wconf 87' lang='lat' dir='ltr'><strong>nec</strong></span> <span class='ocrx_word' id='word_1_521' title='bbox 1144 4523 1389 4565; x_wconf 86' lang='lat' dir='ltr'><strong>crescere</strong></span> <span class='ocrx_word' id='word_1_522' title='bbox 1410 4507 1617 4572; x_wconf 90' lang='lat' dir='ltr'><strong>dicunt,</strong></span> <span class='ocrx_word' id='word_1_523' title='bbox 1642 4504 1737 4561; x_wconf 87' lang='lat' dir='ltr'><strong>sed</strong></span> <span class='ocrx_word' id='word_1_524' title='bbox 1766 4518 1797 4558; x_wconf 88' lang='lat' dir='ltr'><strong>a</strong></span> <span class='ocrx_word' id='word_1_525' title='bbox 1824 4503 1936 4559; x_wconf 88' lang='lat' dir='ltr'><strong>sole</strong></span> 
     </span>
    </p>
   </div>
   <div class='ocr_carea' id='block_1_73' title="bbox 360 4596 1933 4676">
    <p class='ocr_par' dir='ltr' id='par_1_73' title="bbox 360 4596 1933 4676">
     <span class='ocr_line' id='line_1_73' title="bbox 360 4596 1933 4676; baseline -0.008 -14"><span class='ocrx_word' id='word_1_526' title='bbox 360 4608 690 4663; x_wconf 81' lang='lat' dir='ltr'><strong>illustratam</strong></span> <span class='ocrx_word' id='word_1_527' title='bbox 714 4622 744 4662; x_wconf 90' lang='lat' dir='ltr'><strong>a</strong></span> <span class='ocrx_word' id='word_1_528' title='bbox 771 4614 927 4676; x_wconf 88' lang='lat' dir='ltr'><strong>parte</strong></span> <span class='ocrx_word' id='word_1_529' title='bbox 977 4619 1139 4674; x_wconf 89' lang='lat' dir='ltr'><strong>quam</strong></span> <span class='ocrx_word' id='word_1_530' title='bbox 1187 4601 1347 4657; x_wconf 87' lang='lat' dir='ltr'><strong>habet</strong></span> <span class='ocrx_word' id='word_1_531' title='bbox 1376 4600 1445 4657; x_wconf 84' lang='lat' dir='ltr'><strong>ad</strong></span> <span class='ocrx_word' id='word_1_532' title='bbox 1487 4614 1610 4655; x_wconf 90' lang='lat' dir='ltr'><strong>eum</strong></span> <span class='ocrx_word' id='word_1_533' title='bbox 1654 4596 1933 4670; x_wconf 87' lang='lat' dir='ltr'><strong>paulatim,</strong></span> 
     </span>
    </p>
   </div>
   <div class='ocr_carea' id='block_1_74' title="bbox 358 4686 1938 4763">
    <p class='ocr_par' dir='ltr' id='par_1_74' title="bbox 358 4686 1938 4763">
     <span class='ocr_line' id='line_1_74' title="bbox 358 4686 1938 4763; baseline -0.009 -8"><span class='ocrx_word' id='word_1_534' title='bbox 358 4699 447 4756; x_wconf 87' lang='lat' dir='ltr'><strong>vel</strong></span> <span class='ocrx_word' id='word_1_535' title='bbox 498 4699 568 4752; x_wconf 91' lang='lat' dir='ltr'><strong>ab</strong></span> <span class='ocrx_word' id='word_1_536' title='bbox 612 4712 679 4752; x_wconf 90' lang='lat' dir='ltr'><strong>eo</strong></span> <span class='ocrx_word' id='word_1_537' title='bbox 710 4695 1031 4761; x_wconf 83' lang='lat' dir='ltr'><strong>recedendo,</strong></span> <span class='ocrx_word' id='word_1_538' title='bbox 1078 4693 1165 4749; x_wconf 88' lang='lat' dir='ltr'><strong>vel</strong></span> <span class='ocrx_word' id='word_1_539' title='bbox 1212 4692 1263 4749; x_wconf 90' lang='lat' dir='ltr'><strong>ei</strong></span> <span class='ocrx_word' id='word_1_540' title='bbox 1302 4689 1732 4763; x_wconf 87' lang='lat' dir='ltr'><strong>propinquando,</strong></span> <span class='ocrx_word' id='word_1_541' title='bbox 1781 4686 1938 4743; x_wconf 87' lang='lat' dir='ltr'><strong>nobis</strong></span> 
     </span>
    </p>
   </div>
   <div class='ocr_carea' id='block_1_75' title="bbox 357 4780 1933 4861">
    <p class='ocr_par' dir='ltr' id='par_1_75' title="bbox 357 4780 1933 4861">
     <span class='ocr_line' id='line_1_75' title="bbox 357 4780 1933 4861; baseline -0.008 -15"><span class='ocrx_word' id='word_1_542' title='bbox 357 4790 650 4847; x_wconf 85' lang='lat' dir='ltr'><strong>candidam</strong></span> <span class='ocrx_word' id='word_1_543' title='bbox 703 4797 914 4861; x_wconf 87' lang='lat' dir='ltr'><strong>partem</strong></span> <span class='ocrx_word' id='word_1_544' title='bbox 954 4786 1230 4843; x_wconf 81' lang='lat' dir='ltr'><strong>revolvere</strong></span> <span class='ocrx_word' id='word_1_545' title='bbox 1269 4784 1350 4839; x_wconf 82' lang='lat' dir='ltr'><strong>vel</strong></span> <span class='ocrx_word' id='word_1_546' title='bbox 1386 4792 1561 4840; x_wconf 88' lang='lat' dir='ltr'><strong>atram</strong></span> <span class='ocrx_word' id='word_1_547' title='bbox 1599 4790 1657 4837; x_wconf 90' lang='lat' dir='ltr'><strong>et</strong></span> <span class='ocrx_word' id='word_1_548' title='bbox 1689 4782 1777 4837; x_wconf 89' lang='lat' dir='ltr'><strong>die</strong></span> <span class='ocrx_word' id='word_1_549' title='bbox 1809 4780 1933 4852; x_wconf 88' lang='lat' dir='ltr'><strong>qui-</strong></span> 
     </span>
    </p>
   </div>
   <div class='ocr_carea' id='block_1_76' title="bbox 360 4873 1937 4949">
    <p class='ocr_par' dir='ltr' id='par_1_76' title="bbox 360 4873 1937 4949">
     <span class='ocr_line' id='line_1_76' title="bbox 360 4873 1937 4949; baseline -0.009 -11"><span class='ocrx_word' id='word_1_550' title='bbox 360 4882 485 4938; x_wconf 88' lang='lat' dir='ltr'><strong>dem</strong></span> <span class='ocrx_word' id='word_1_551' title='bbox 509 4888 791 4937; x_wconf 85' lang='lat' dir='ltr'><strong>crescente</strong></span> <span class='ocrx_word' id='word_1_552' title='bbox 830 4878 1075 4949; x_wconf 78' lang='lat' dir='ltr'><strong>supinam</strong></span> <span class='ocrx_word' id='word_1_553' title='bbox 1102 4875 1249 4932; x_wconf 89' lang='lat' dir='ltr'><strong>cerni</strong></span> <span class='ocrx_word' id='word_1_554' title='bbox 1275 4889 1468 4930; x_wconf 88' lang='lat' dir='ltr'><strong>novam</strong></span> <span class='ocrx_word' id='word_1_555' title='bbox 1493 4873 1698 4939; x_wconf 89' lang='lat' dir='ltr'><strong>lunam,</strong></span> <span class='ocrx_word' id='word_1_556' title='bbox 1726 4878 1784 4926; x_wconf 90' lang='lat' dir='ltr'><strong>ut</strong></span> <span class='ocrx_word' id='word_1_557' title='bbox 1811 4876 1937 4942; x_wconf 89' lang='lat' dir='ltr'><strong>pote</strong></span> 
     </span>
    </p>
   </div>
   <div class='ocr_carea' id='block_1_77' title="bbox 361 4965 1705 5042">
    <p class='ocr_par' dir='ltr' id='par_1_77' title="bbox 361 4965 1705 5042">
     <span class='ocr_line' id='line_1_77' title="bbox 361 4965 1705 5042; baseline -0.007 -15"><span class='ocrx_word' id='word_1_558' title='bbox 361 4972 699 5042; x_wconf 88' lang='lat' dir='ltr'><strong>superiorem</strong></span> <span class='ocrx_word' id='word_1_559' title='bbox 725 4971 845 5036; x_wconf 86' lang='lat' dir='ltr'><strong>soli,</strong></span> <span class='ocrx_word' id='word_1_560' title='bbox 880 4978 937 5025; x_wconf 93' lang='lat' dir='ltr'><strong>et</strong></span> <span class='ocrx_word' id='word_1_561' title='bbox 961 4968 1231 5038; x_wconf 87' lang='lat' dir='ltr'><strong>aquilonia</strong></span> <span class='ocrx_word' id='word_1_562' title='bbox 1268 4966 1335 5021; x_wconf 86' lang='lat' dir='ltr'><strong>ad</strong></span> <span class='ocrx_word' id='word_1_563' title='bbox 1357 4965 1705 5022; x_wconf 85' lang='lat' dir='ltr'><strong>subeuntem.</strong></span> 
     </span>
    </p>
   </div>
   <div class='ocr_carea' id='block_1_78' title="bbox 935 5056 1384 5115">
    <p class='ocr_par' dir='ltr' id='par_1_78' title="bbox 935 5056 1384 5115">
     <span class='ocr_line' id='line_1_78' title="bbox 935 5056 1384 5115; baseline -0.013 1"><span class='ocrx_word' id='word_1_564' title='bbox 935 5058 1159 5115; x_wconf 83' lang='lat' dir='ltr'><strong>CAPUT</strong></span> <span class='ocrx_word' id='word_1_565' title='bbox 1202 5056 1384 5112; x_wconf 78' lang='lat' dir='ltr'><strong>LXVI.</strong></span> 
     </span>
    </p>
   </div>
   <div class='ocr_carea' id='block_1_79' title="bbox 766 5144 1558 5221">
    <p class='ocr_par' dir='ltr' id='par_1_79' title="bbox 766 5144 1558 5221">
     <span class='ocr_line' id='line_1_79' title="bbox 766 5144 1558 5221; baseline -0.011 -15"><span class='ocrx_word' id='word_1_566' title='bbox 766 5150 842 5206; x_wconf 85' lang='lat' dir='ltr'><strong>De</strong></span> <span class='ocrx_word' id='word_1_567' title='bbox 864 5148 1095 5221; x_wconf 71' lang='lat' dir='ltr'><strong>eclypsin</strong></span> <span class='ocrx_word' id='word_1_568' title='bbox 1120 5147 1246 5202; x_wconf 71' lang='lat' dir='ltr'><strong>solis</strong></span> <span class='ocrx_word' id='word_1_569' title='bbox 1268 5147 1372 5200; x_wconf 71' lang='lat' dir='ltr'><strong>sive</strong></span> <span class='ocrx_word' id='word_1_570' title='bbox 1397 5144 1558 5199; x_wconf 74' lang='lat' dir='ltr'><strong>luna&#39;.</strong></span> 
     </span>
    </p>
   </div>
   <div class='ocr_carea' id='block_1_80' title="bbox 435 5233 1942 5305">
    <p class='ocr_par' dir='ltr' id='par_1_80' title="bbox 435 5233 1942 5305">
     <span class='ocr_line' id='line_1_80' title="bbox 435 5233 1942 5305; baseline -0.006 -10"><span class='ocrx_word' id='word_1_571' title='bbox 435 5240 583 5297; x_wconf 79' lang='lat' dir='ltr'><strong>Disc.</strong></span> <span class='ocrx_word' id='word_1_572' title='bbox 619 5239 868 5297; x_wconf 88' lang='lat' dir='ltr'><strong>Defectus</strong></span> <span class='ocrx_word' id='word_1_573' title='bbox 896 5239 1115 5294; x_wconf 89' lang='lat' dir='ltr'><strong>luminis</strong></span> <span class='ocrx_word' id='word_1_574' title='bbox 1149 5236 1430 5305; x_wconf 90' lang='lat' dir='ltr'><strong>utriusque</strong></span> <span class='ocrx_word' id='word_1_575' title='bbox 1458 5234 1652 5290; x_wconf 80' lang='lat' dir='ltr'><strong>sideris</strong></span> <span class='ocrx_word' id='word_1_576' title='bbox 1700 5234 1841 5288; x_wconf 90' lang='lat' dir='ltr'><strong>unde</strong></span> <span class='ocrx_word' id='word_1_577' title='bbox 1870 5233 1942 5287; x_wconf 88' lang='lat' dir='ltr'><strong>sit</strong></span> 
     </span>
    </p>
   </div>
   <div class='ocr_carea' id='block_1_81' title="bbox 365 5324 1940 5406">
    <p class='ocr_par' dir='ltr' id='par_1_81' title="bbox 365 5324 1940 5406">
     <span class='ocr_line' id='line_1_81' title="bbox 365 5324 1940 5406; baseline -0.009 -15"><span class='ocrx_word' id='word_1_578' title='bbox 365 5349 498 5406; x_wconf 82' lang='lat' dir='ltr'><strong>rogo</strong></span> <span class='ocrx_word' id='word_1_579' title='bbox 523 5344 585 5390; x_wconf 88' lang='lat' dir='ltr'><strong>ut</strong></span> <span class='ocrx_word' id='word_1_580' title='bbox 613 5335 900 5391; x_wconf 86' lang='lat' dir='ltr'><strong>edisseras.</strong></span> <span class='ocrx_word' id='word_1_581' title='bbox 951 5331 1092 5386; x_wconf 70' lang='lat' dir='ltr'><strong>Mac.</strong></span> <span class='ocrx_word' id='word_1_582' title='bbox 1136 5327 1314 5384; x_wconf 90' lang='lat' dir='ltr'><strong>Solem</strong></span> <span class='ocrx_word' id='word_1_583' title='bbox 1345 5328 1647 5381; x_wconf 83' lang='lat' dir='ltr'><strong>interventu</strong></span> <span class='ocrx_word' id='word_1_584' title='bbox 1672 5324 1827 5388; x_wconf 75' lang='lat' dir='ltr'><strong>lunae,</strong></span> <span class='ocrx_word' id='word_1_585' title='bbox 1858 5324 1940 5378; x_wconf 90' lang='lat' dir='ltr'><strong>lu-</strong></span> 
     </span>
    </p>
   </div>
   <div class='ocr_carea' id='block_1_82' title="bbox 362 5412 1941 5494">
    <p class='ocr_par' dir='ltr' id='par_1_82' title="bbox 362 5412 1941 5494">
     <span class='ocr_line' id='line_1_82' title="bbox 362 5412 1941 5494; baseline -0.007 -16"><span class='ocrx_word' id='word_1_586' title='bbox 362 5438 600 5494; x_wconf 87' lang='lat' dir='ltr'><strong>namque</strong></span> <span class='ocrx_word' id='word_1_587' title='bbox 637 5435 794 5478; x_wconf 69' lang='lat' dir='ltr'><strong>terra:</strong></span> <span class='ocrx_word' id='word_1_588' title='bbox 813 5421 1026 5492; x_wconf 78' lang='lat' dir='ltr'><strong>objecta</strong></span> <span class='ocrx_word' id='word_1_589' title='bbox 1050 5419 1206 5475; x_wconf 86' lang='lat' dir='ltr'><strong>nobis</strong></span> <span class='ocrx_word' id='word_1_590' title='bbox 1230 5416 1516 5488; x_wconf 86' lang='lat' dir='ltr'><strong>perhibent</strong></span> <span class='ocrx_word' id='word_1_591' title='bbox 1539 5412 1821 5480; x_wconf 88' lang='lat' dir='ltr'><strong>occultari,</strong></span> <span class='ocrx_word' id='word_1_592' title='bbox 1845 5413 1941 5468; x_wconf 86' lang='lat' dir='ltr'><strong>sed</strong></span> 
     </span>
    </p>
   </div>
   <div class='ocr_carea' id='block_1_83' title="bbox 364 5502 1939 5577">
    <p class='ocr_par' dir='ltr' id='par_1_83' title="bbox 364 5502 1939 5577">
     <span class='ocr_line' id='line_1_83' title="bbox 364 5502 1939 5577; baseline -0.009 -7"><span class='ocrx_word' id='word_1_593' title='bbox 364 5517 497 5570; x_wconf 81' lang='lat' dir='ltr'><strong>SOIIS</strong></span> <span class='ocrx_word' id='word_1_594' title='bbox 521 5514 788 5569; x_wconf 89' lang='lat' dir='ltr'><strong>deleclum</strong></span> <span class='ocrx_word' id='word_1_595' title='bbox 815 5511 1027 5568; x_wconf 87' lang='lat' dir='ltr'><strong>nonnisi</strong></span> <span class='ocrx_word' id='word_1_596' title='bbox 1057 5508 1348 5577; x_wconf 89' lang='lat' dir='ltr'><strong>novissima</strong></span> <span class='ocrx_word' id='word_1_597' title='bbox 1374 5506 1617 5577; x_wconf 87' lang='lat' dir='ltr'><strong>primave</strong></span> <span class='ocrx_word' id='word_1_598' title='bbox 1638 5502 1753 5559; x_wconf 85' lang='lat' dir='ltr'><strong>ﬁeri</strong></span> <span class='ocrx_word' id='word_1_599' title='bbox 1788 5503 1939 5569; x_wconf 91' lang='lat' dir='ltr'><strong>luna,</strong></span> 
     </span>
    </p>
   </div>
   <div class='ocr_carea' id='block_1_84' title="bbox 362 5594 1938 5676">
    <p class='ocr_par' dir='ltr' id='par_1_84' title="bbox 362 5594 1938 5676">
     <span class='ocr_line' id='line_1_84' title="bbox 362 5594 1938 5676; baseline -0.009 -15"><span class='ocrx_word' id='word_1_600' title='bbox 362 5621 528 5676; x_wconf 90' lang='lat' dir='ltr'><strong>quam</strong></span> <span class='ocrx_word' id='word_1_601' title='bbox 561 5612 755 5660; x_wconf 90' lang='lat' dir='ltr'><strong>vocant</strong></span> <span class='ocrx_word' id='word_1_602' title='bbox 806 5605 1029 5666; x_wconf 89' lang='lat' dir='ltr'><strong>coitum,</strong></span> <span class='ocrx_word' id='word_1_603' title='bbox 1080 5602 1217 5656; x_wconf 64' lang='lat' dir='ltr'><strong>luna:</strong></span> <span class='ocrx_word' id='word_1_604' title='bbox 1262 5606 1445 5654; x_wconf 91' lang='lat' dir='ltr'><strong>autem</strong></span> <span class='ocrx_word' id='word_1_605' title='bbox 1499 5595 1710 5651; x_wconf 88' lang='lat' dir='ltr'><strong>nonnisi</strong></span> <span class='ocrx_word' id='word_1_606' title='bbox 1757 5594 1938 5665; x_wconf 90' lang='lat' dir='ltr'><strong>plena,</strong></span> 
     </span>
    </p>
   </div>
   <div class='ocr_carea' id='block_1_85' title="bbox 364 5686 1942 5769">
    <p class='ocr_par' dir='ltr' id='par_1_85' title="bbox 364 5686 1942 5769">
     <span class='ocr_line' id='line_1_85' title="bbox 364 5686 1942 5769; baseline -0.007 -19"><span class='ocrx_word' id='word_1_607' title='bbox 364 5711 477 5752; x_wconf 83' lang='lat' dir='ltr'><strong>non</strong></span> <span class='ocrx_word' id='word_1_608' title='bbox 502 5711 661 5769; x_wconf 89' lang='lat' dir='ltr'><strong>posse</strong></span> <span class='ocrx_word' id='word_1_609' title='bbox 701 5712 831 5755; x_wconf 86' lang='lat' dir='ltr'><strong>vero</strong></span> <span class='ocrx_word' id='word_1_610' title='bbox 864 5702 1033 5750; x_wconf 91' lang='lat' dir='ltr'><strong>totum</strong></span> <span class='ocrx_word' id='word_1_611' title='bbox 1086 5692 1254 5747; x_wconf 90' lang='lat' dir='ltr'><strong>solem</strong></span> <span class='ocrx_word' id='word_1_612' title='bbox 1307 5688 1468 5744; x_wconf 85' lang='lat' dir='ltr'><strong>adimi</strong></span> <span class='ocrx_word' id='word_1_613' title='bbox 1523 5686 1682 5742; x_wconf 85' lang='lat' dir='ltr'><strong>terris</strong></span> <span class='ocrx_word' id='word_1_614' title='bbox 1711 5686 1942 5740; x_wconf 88' lang='lat' dir='ltr'><strong>interce-</strong></span> 
     </span>
    </p>
   </div>
   <div class='ocr_carea' id='block_1_86' title="bbox 2039 3192 3613 3281">
    <p class='ocr_par' dir='ltr' id='par_1_86' title="bbox 2039 3192 3613 3281">
     <span class='ocr_line' id='line_1_86' title="bbox 2039 3192 3613 3281; baseline -0.013 -17"><span class='ocrx_word' id='word_1_615' title='bbox 2039 3219 2199 3281; x_wconf 90' lang='lat' dir='ltr'><strong>atque</strong></span> <span class='ocrx_word' id='word_1_616' title='bbox 2264 3207 2632 3264; x_wconf 79' lang='lat' dir='ltr'><strong>commissurae</strong></span> <span class='ocrx_word' id='word_1_617' title='bbox 2694 3201 2937 3274; x_wconf 89' lang='lat' dir='ltr'><strong>apsidum</strong></span> <span class='ocrx_word' id='word_1_618' title='bbox 3004 3206 3367 3265; x_wconf 58' lang='lat' dir='ltr'><strong>extremaeque</strong></span> <span class='ocrx_word' id='word_1_619' title='bbox 3423 3192 3613 3248; x_wconf 63' lang='lat' dir='ltr'><strong>orbitae</strong></span> 
     </span>
    </p>
   </div>
   <div class='ocr_carea' id='block_1_87' title="bbox 2038 3283 3614 3360">
    <p class='ocr_par' dir='ltr' id='par_1_87' title="bbox 2038 3283 3614 3360">
     <span class='ocr_line' id='line_1_87' title="bbox 2038 3283 3614 3360; baseline -0.013 -4"><span class='ocrx_word' id='word_1_620' title='bbox 2038 3310 2210 3356; x_wconf 87' lang='lat' dir='ltr'><strong>atram</strong></span> <span class='ocrx_word' id='word_1_621' title='bbox 2236 3300 2290 3355; x_wconf 92' lang='lat' dir='ltr'><strong>in</strong></span> <span class='ocrx_word' id='word_1_622' title='bbox 2324 3298 2731 3356; x_wconf 84' lang='lat' dir='ltr'><strong>obscuritatem.</strong></span> <span class='ocrx_word' id='word_1_623' title='bbox 2763 3293 2906 3348; x_wconf 69' lang='grc' dir='ltr'><strong>[ηδε.</strong></span> <span class='ocrx_word' id='word_1_624' title='bbox 2935 3290 3053 3360; x_wconf 86' lang='lat' dir='ltr'><strong>Quo</strong></span> <span class='ocrx_word' id='word_1_625' title='bbox 3085 3296 3267 3343; x_wconf 88' lang='lat' dir='ltr'><strong>autem</strong></span> <span class='ocrx_word' id='word_1_626' title='bbox 3298 3287 3351 3341; x_wconf 94' lang='lat' dir='ltr'><strong>in</strong></span> <span class='ocrx_word' id='word_1_627' title='bbox 3383 3285 3502 3341; x_wconf 90' lang='lat' dir='ltr'><strong>loco</strong></span> <span class='ocrx_word' id='word_1_628' title='bbox 3529 3283 3614 3337; x_wconf 87' lang='lat' dir='ltr'><strong>vel</strong></span> 
     </span>
    </p>
   </div>
   <div class='ocr_carea' id='block_1_88' title="bbox 2038 3378 3614 3464">
    <p class='ocr_par' dir='ltr' id='par_1_88' title="bbox 2038 3378 3614 3464">
     <span class='ocr_line' id='line_1_88' title="bbox 2038 3378 3614 3464; baseline -0.012 -16"><span class='ocrx_word' id='word_1_629' title='bbox 2038 3394 2091 3449; x_wconf 91' lang='lat' dir='ltr'><strong>in</strong></span> <span class='ocrx_word' id='word_1_630' title='bbox 2121 3392 2316 3464; x_wconf 82' lang='lat' dir='ltr'><strong>quibus</strong></span> <span class='ocrx_word' id='word_1_631' title='bbox 2349 3388 2519 3464; x_wconf 86' lang='lat' dir='ltr'><strong>signis</strong></span> <span class='ocrx_word' id='word_1_632' title='bbox 2556 3397 2684 3446; x_wconf 90' lang='lat' dir='ltr'><strong>sunt</strong></span> <span class='ocrx_word' id='word_1_633' title='bbox 2736 3388 2789 3441; x_wconf 91' lang='lat' dir='ltr'><strong>in</strong></span> <span class='ocrx_word' id='word_1_634' title='bbox 2817 3382 3117 3457; x_wconf 64' lang='lat' dir='ltr'><strong>praesenti?</strong></span> <span class='ocrx_word' id='word_1_635' title='bbox 3150 3379 3290 3437; x_wconf 78' lang='lat' dir='ltr'><strong>MAG.</strong></span> <span class='ocrx_word' id='word_1_636' title='bbox 3329 3378 3484 3433; x_wconf 86' lang='lat' dir='ltr'><strong>Modo</strong></span> <span class='ocrx_word' id='word_1_637' title='bbox 3520 3392 3614 3431; x_wconf 91' lang='lat' dir='ltr'><strong>au-</strong></span> 
     </span>
    </p>
   </div>
   <div class='ocr_carea' id='block_1_89' title="bbox 2039 3464 3617 3551">
    <p class='ocr_par' dir='ltr' id='par_1_89' title="bbox 2039 3464 3617 3551">
     <span class='ocr_line' id='line_1_89' title="bbox 2039 3464 3617 3551; baseline -0.014 -10"><span class='ocrx_word' id='word_1_638' title='bbox 2039 3494 2169 3551; x_wconf 90' lang='lat' dir='ltr'><strong>tem,</strong></span> <span class='ocrx_word' id='word_1_639' title='bbox 2192 3483 2246 3539; x_wconf 93' lang='lat' dir='ltr'><strong>id</strong></span> <span class='ocrx_word' id='word_1_640' title='bbox 2274 3491 2380 3549; x_wconf 91' lang='lat' dir='ltr'><strong>est,</strong></span> <span class='ocrx_word' id='word_1_641' title='bbox 2410 3464 2551 3538; x_wconf 72' lang='lat' dir='ltr'><strong>anno</strong></span> <span class='ocrx_word' id='word_1_642' title='bbox 2571 3478 2866 3536; x_wconf 86' lang='lat' dir='ltr'><strong>Dominicae</strong></span> <span class='ocrx_word' id='word_1_643' title='bbox 2891 3472 3281 3531; x_wconf 89' lang='lat' dir='ltr'><strong>incarnationis</strong></span> <span class='ocrx_word' id='word_1_644' title='bbox 3315 3470 3441 3534; x_wconf 70' lang='lat'><strong>820,</strong></span> <span class='ocrx_word' id='word_1_645' title='bbox 3464 3481 3617 3522; x_wconf 77' lang='lat' dir='ltr'><strong>men-</strong></span> 
     </span>
    </p>
   </div>
   <div class='ocr_carea' id='block_1_90' title="bbox 2038 3557 3614 3639">
    <p class='ocr_par' dir='ltr' id='par_1_90' title="bbox 2038 3557 3614 3639">
     <span class='ocr_line' id='line_1_90' title="bbox 2038 3557 3614 3639; baseline -0.012 -9"><span class='ocrx_word' id='word_1_646' title='bbox 2038 3591 2096 3631; x_wconf 90' lang='lat' dir='ltr'><strong>se</strong></span> <span class='ocrx_word' id='word_1_647' title='bbox 2121 3573 2283 3639; x_wconf 88' lang='lat' dir='ltr'><strong>Julio,</strong></span> <span class='ocrx_word' id='word_1_648' title='bbox 2323 3586 2467 3627; x_wconf 91' lang='lat' dir='ltr'><strong>nona</strong></span> <span class='ocrx_word' id='word_1_649' title='bbox 2505 3570 2592 3625; x_wconf 91' lang='lat' dir='ltr'><strong>die</strong></span> <span class='ocrx_word' id='word_1_650' title='bbox 2619 3567 2843 3631; x_wconf 90' lang='lat' dir='ltr'><strong>mensis,</strong></span> <span class='ocrx_word' id='word_1_651' title='bbox 2870 3573 2953 3621; x_wconf 90' lang='lat' dir='ltr'><strong>est</strong></span> <span class='ocrx_word' id='word_1_652' title='bbox 2979 3564 3059 3620; x_wconf 91' lang='lat' dir='ltr'><strong>sol</strong></span> <span class='ocrx_word' id='word_1_653' title='bbox 3084 3563 3138 3618; x_wconf 91' lang='lat' dir='ltr'><strong>in</strong></span> <span class='ocrx_word' id='word_1_654' title='bbox 3168 3560 3424 3618; x_wconf 88' lang='lat' dir='ltr'><strong>vicesima</strong></span> <span class='ocrx_word' id='word_1_655' title='bbox 3457 3557 3614 3612; x_wconf 91' lang='lat' dir='ltr'><strong>tertia</strong></span> 
     </span>
    </p>
   </div>
   <div class='ocr_carea' id='block_1_91' title="bbox 2038 3647 3614 3739">
    <p class='ocr_par' dir='ltr' id='par_1_91' title="bbox 2038 3647 3614 3739">
     <span class='ocr_line' id='line_1_91' title="bbox 2038 3647 3614 3739; baseline -0.013 -18"><span class='ocrx_word' id='word_1_656' title='bbox 2038 3675 2190 3739; x_wconf 90' lang='lat' dir='ltr'><strong>parte</strong></span> <span class='ocrx_word' id='word_1_657' title='bbox 2219 3663 2435 3727; x_wconf 89' lang='lat' dir='ltr'><strong>Cancri,</strong></span> <span class='ocrx_word' id='word_1_658' title='bbox 2494 3663 2622 3716; x_wconf 89' lang='lat' dir='ltr'><strong>luna</strong></span> <span class='ocrx_word' id='word_1_659' title='bbox 2653 3661 2707 3714; x_wconf 92' lang='lat' dir='ltr'><strong>in</strong></span> <span class='ocrx_word' id='word_1_660' title='bbox 2739 3673 2876 3712; x_wconf 89' lang='lat' dir='ltr'><strong>nona</strong></span> <span class='ocrx_word' id='word_1_661' title='bbox 2922 3662 3074 3726; x_wconf 90' lang='lat' dir='ltr'><strong>parte</strong></span> <span class='ocrx_word' id='word_1_662' title='bbox 3112 3652 3297 3714; x_wconf 91' lang='lat' dir='ltr'><strong>Tauri,</strong></span> <span class='ocrx_word' id='word_1_663' title='bbox 3327 3650 3481 3705; x_wconf 89' lang='lat' dir='ltr'><strong>stella</strong></span> <span class='ocrx_word' id='word_1_664' title='bbox 3511 3647 3614 3703; x_wconf 85' lang='lat' dir='ltr'><strong>Sa-</strong></span> 
     </span>
    </p>
   </div>
   <div class='ocr_carea' id='block_1_92' title="bbox 2039 3736 3613 3823">
    <p class='ocr_par' dir='ltr' id='par_1_92' title="bbox 2039 3736 3613 3823">
     <span class='ocr_line' id='line_1_92' title="bbox 2039 3736 3613 3823; baseline -0.014 -13"><span class='ocrx_word' id='word_1_665' title='bbox 2039 3736 2184 3810; x_wconf 79' lang='lat' dir='ltr'><strong>turni</strong></span> <span class='ocrx_word' id='word_1_666' title='bbox 2213 3754 2267 3808; x_wconf 93' lang='lat' dir='ltr'><strong>in</strong></span> <span class='ocrx_word' id='word_1_667' title='bbox 2297 3753 2451 3823; x_wconf 88' lang='lat' dir='ltr'><strong>signo</strong></span> <span class='ocrx_word' id='word_1_668' title='bbox 2480 3748 2685 3812; x_wconf 81' lang='lat' dir='ltr'><strong>arietis,</strong></span> <span class='ocrx_word' id='word_1_669' title='bbox 2716 3745 2865 3800; x_wconf 82' lang='lat' dir='ltr'><strong>Jovis</strong></span> <span class='ocrx_word' id='word_1_670' title='bbox 2918 3745 2971 3797; x_wconf 90' lang='lat' dir='ltr'><strong>in</strong></span> <span class='ocrx_word' id='word_1_671' title='bbox 3000 3742 3196 3805; x_wconf 71' lang='lat' dir='ltr'><strong>Librze,</strong></span> <span class='ocrx_word' id='word_1_672' title='bbox 3234 3738 3420 3792; x_wconf 87' lang='lat' dir='ltr'><strong>Martis</strong></span> <span class='ocrx_word' id='word_1_673' title='bbox 3447 3738 3501 3791; x_wconf 90' lang='lat' dir='ltr'><strong>in</strong></span> <span class='ocrx_word' id='word_1_674' title='bbox 3529 3736 3613 3805; x_wconf 83' lang='lat' dir='ltr'><strong>pi-</strong></span> 
     </span>
    </p>
   </div>
   <div class='ocr_carea' id='block_1_93' title="bbox 2038 3827 3615 3909">
    <p class='ocr_par' dir='ltr' id='par_1_93' title="bbox 2038 3827 3615 3909">
     <span class='ocr_line' id='line_1_93' title="bbox 2038 3827 3615 3909; baseline -0.013 -9"><span class='ocrx_word' id='word_1_675' title='bbox 2038 3846 2229 3900; x_wconf 90' lang='lat' dir='ltr'><strong>scium.</strong></span> <span class='ocrx_word' id='word_1_676' title='bbox 2262 3841 2492 3896; x_wconf 89' lang='lat' dir='ltr'><strong>Veneris</strong></span> <span class='ocrx_word' id='word_1_677' title='bbox 2513 3851 2727 3909; x_wconf 90' lang='lat' dir='ltr'><strong>quoque</strong></span> <span class='ocrx_word' id='word_1_678' title='bbox 2755 3834 2906 3890; x_wconf 88' lang='lat' dir='ltr'><strong>stella</strong></span> <span class='ocrx_word' id='word_1_679' title='bbox 2931 3840 2985 3887; x_wconf 91' lang='lat' dir='ltr'><strong>et</strong></span> <span class='ocrx_word' id='word_1_680' title='bbox 3015 3829 3284 3892; x_wconf 81' lang='lat' dir='ltr'><strong>Mercurii,</strong></span> <span class='ocrx_word' id='word_1_681' title='bbox 3308 3827 3434 3897; x_wconf 89' lang='lat' dir='ltr'><strong>quia</strong></span> <span class='ocrx_word' id='word_1_682' title='bbox 3457 3827 3615 3896; x_wconf 83' lang='lat' dir='ltr'><strong>juxta</strong></span> 
     </span>
    </p>
   </div>
   <div class='ocr_carea' id='block_1_94' title="bbox 2040 3919 3616 3991">
    <p class='ocr_par' dir='ltr' id='par_1_94' title="bbox 2040 3919 3616 3991">
     <span class='ocr_line' id='line_1_94' title="bbox 2040 3919 3616 3991; baseline -0.013 0"><span class='ocrx_word' id='word_1_683' title='bbox 2040 3935 2205 3991; x_wconf 82' lang='lat' dir='ltr'><strong>solem</strong></span> <span class='ocrx_word' id='word_1_684' title='bbox 2235 3933 2287 3987; x_wconf 90' lang='lat' dir='ltr'><strong>in</strong></span> <span class='ocrx_word' id='word_1_685' title='bbox 2310 3931 2429 3986; x_wconf 89' lang='lat' dir='ltr'><strong>luce</strong></span> <span class='ocrx_word' id='word_1_686' title='bbox 2460 3930 2651 3984; x_wconf 89' lang='lat' dir='ltr'><strong>diurna</strong></span> <span class='ocrx_word' id='word_1_687' title='bbox 2672 3926 2832 3982; x_wconf 83' lang='lat' dir='ltr'><strong>modo</strong></span> <span class='ocrx_word' id='word_1_688' title='bbox 2862 3932 3011 3990; x_wconf 93' lang='lat' dir='ltr'><strong>sunt,</strong></span> <span class='ocrx_word' id='word_1_689' title='bbox 3038 3937 3145 3977; x_wconf 91' lang='lat' dir='ltr'><strong>non</strong></span> <span class='ocrx_word' id='word_1_690' title='bbox 3164 3926 3405 3991; x_wconf 87' lang='lat' dir='ltr'><strong>apparet,</strong></span> <span class='ocrx_word' id='word_1_691' title='bbox 3428 3919 3483 3973; x_wconf 92' lang='lat' dir='ltr'><strong>in</strong></span> <span class='ocrx_word' id='word_1_692' title='bbox 3508 3931 3616 3987; x_wconf 88' lang='lat' dir='ltr'><strong>quo</strong></span> 
     </span>
    </p>
   </div>
   <div class='ocr_carea' id='block_1_95' title="bbox 2039 4009 3615 4097">
    <p class='ocr_par' dir='ltr' id='par_1_95' title="bbox 2039 4009 3615 4097">
     <span class='ocr_line' id='line_1_95' title="bbox 2039 4009 3615 4097; baseline -0.012 -18"><span class='ocrx_word' id='word_1_693' title='bbox 2039 4026 2191 4097; x_wconf 84' lang='lat' dir='ltr'><strong>signo</strong></span> <span class='ocrx_word' id='word_1_694' title='bbox 2230 4028 2530 4077; x_wconf 90' lang='lat' dir='ltr'><strong>morentur.</strong></span> <span class='ocrx_word' id='word_1_695' title='bbox 2578 4017 2725 4074; x_wconf 80' lang='lat' dir='ltr'><strong>Dtsc.</strong></span> <span class='ocrx_word' id='word_1_696' title='bbox 2768 4015 2977 4072; x_wconf 87' lang='lat' dir='ltr'><strong>Caetera</strong></span> <span class='ocrx_word' id='word_1_697' title='bbox 3017 4025 3231 4082; x_wconf 89' lang='lat' dir='ltr'><strong>quoque</strong></span> <span class='ocrx_word' id='word_1_698' title='bbox 3278 4009 3457 4064; x_wconf 90' lang='lat' dir='ltr'><strong>sidera</strong></span> <span class='ocrx_word' id='word_1_699' title='bbox 3495 4022 3615 4077; x_wconf 77' lang='lat' dir='ltr'><strong>quae</strong></span> 
     </span>
    </p>
   </div>
   <div class='ocr_carea' id='block_1_96' title="bbox 2041 4101 3620 4179">
    <p class='ocr_par' dir='ltr' id='par_1_96' title="bbox 2041 4101 3620 4179">
     <span class='ocr_line' id='line_1_96' title="bbox 2041 4101 3620 4179; baseline -0.012 -7"><span class='ocrx_word' id='word_1_700' title='bbox 2041 4123 2194 4173; x_wconf 85' lang='lat' dir='ltr'><strong>extra</strong></span> <span class='ocrx_word' id='word_1_701' title='bbox 2232 4112 2515 4168; x_wconf 85' lang='lat' dir='ltr'><strong>zodiacum</strong></span> <span class='ocrx_word' id='word_1_702' title='bbox 2541 4117 2669 4168; x_wconf 88' lang='lat' dir='ltr'><strong>sunt</strong></span> <span class='ocrx_word' id='word_1_703' title='bbox 2714 4116 2841 4179; x_wconf 90' lang='lat' dir='ltr'><strong>peto</strong></span> <span class='ocrx_word' id='word_1_704' title='bbox 2866 4112 2927 4160; x_wconf 90' lang='lat' dir='ltr'><strong>ut</strong></span> <span class='ocrx_word' id='word_1_705' title='bbox 2952 4101 3191 4160; x_wconf 89' lang='lat' dir='ltr'><strong>breviter</strong></span> <span class='ocrx_word' id='word_1_706' title='bbox 3225 4112 3530 4177; x_wconf 87' lang='lat' dir='ltr'><strong>enumeres,</strong></span> <span class='ocrx_word' id='word_1_707' title='bbox 3562 4107 3620 4154; x_wconf 91' lang='lat' dir='ltr'><strong>et</strong></span> 
     </span>
    </p>
   </div>
   <div class='ocr_carea' id='block_1_97' title="bbox 2040 4188 3619 4278">
    <p class='ocr_par' dir='ltr' id='par_1_97' title="bbox 2040 4188 3619 4278">
     <span class='ocr_line' id='line_1_97' title="bbox 2040 4188 3619 4278; baseline -0.013 -15"><span class='ocrx_word' id='word_1_708' title='bbox 2040 4222 2159 4278; x_wconf 56' lang='lat' dir='ltr'><strong>quae.</strong></span> <span class='ocrx_word' id='word_1_709' title='bbox 2193 4222 2225 4261; x_wconf 89' lang='lat' dir='ltr'><strong>a</strong></span> <span class='ocrx_word' id='word_1_710' title='bbox 2260 4204 2452 4262; x_wconf 81' lang='lat' dir='ltr'><strong>dextra</strong></span> <span class='ocrx_word' id='word_1_711' title='bbox 2494 4209 2647 4274; x_wconf 89' lang='lat' dir='ltr'><strong>parte</strong></span> <span class='ocrx_word' id='word_1_712' title='bbox 2702 4199 2871 4270; x_wconf 89' lang='lat' dir='ltr'><strong>ipsius</strong></span> <span class='ocrx_word' id='word_1_713' title='bbox 2922 4193 3148 4260; x_wconf 86' lang='lat' dir='ltr'><strong>zodiaci,</strong></span> <span class='ocrx_word' id='word_1_714' title='bbox 3201 4204 3387 4262; x_wconf 63' lang='lat' dir='ltr'><strong>quaeve</strong></span> <span class='ocrx_word' id='word_1_715' title='bbox 3422 4204 3452 4244; x_wconf 91' lang='lat' dir='ltr'><strong>a</strong></span> <span class='ocrx_word' id='word_1_716' title='bbox 3484 4188 3619 4244; x_wconf 88' lang='lat' dir='ltr'><strong>sini-</strong></span> 
     </span>
    </p>
   </div>
   <div class='ocr_carea' id='block_1_98' title="bbox 2042 4279 3615 4361">
    <p class='ocr_par' dir='ltr' id='par_1_98' title="bbox 2042 4279 3615 4361">
     <span class='ocr_line' id='line_1_98' title="bbox 2042 4279 3615 4361; baseline -0.013 -9"><span class='ocrx_word' id='word_1_717' title='bbox 2042 4307 2152 4352; x_wconf 90' lang='lat' dir='ltr'><strong>stra</strong></span> <span class='ocrx_word' id='word_1_718' title='bbox 2202 4296 2330 4361; x_wconf 85' lang='lat' dir='ltr'><strong>sint,</strong></span> <span class='ocrx_word' id='word_1_719' title='bbox 2370 4292 2662 4348; x_wconf 89' lang='lat' dir='ltr'><strong>edisseras.</strong></span> <span class='ocrx_word' id='word_1_720' title='bbox 2697 4286 2836 4342; x_wconf 75' lang='lat' dir='ltr'><strong>MAG.</strong></span> <span class='ocrx_word' id='word_1_721' title='bbox 2878 4284 2939 4341; x_wconf 89' lang='lat' dir='ltr'><strong>Si</strong></span> <span class='ocrx_word' id='word_1_722' title='bbox 2974 4284 3041 4339; x_wconf 89' lang='lat' dir='ltr'><strong>de</strong></span> <span class='ocrx_word' id='word_1_723' title='bbox 3067 4297 3229 4338; x_wconf 88' lang='lat' dir='ltr'><strong>cursu</strong></span> <span class='ocrx_word' id='word_1_724' title='bbox 3276 4279 3615 4351; x_wconf 88' lang='lat' dir='ltr'><strong>planetarum</strong></span> 
     </span>
    </p>
   </div>
   <div class='ocr_carea' id='block_1_99' title="bbox 2044 4371 3616 4445">
    <p class='ocr_par' dir='ltr' id='par_1_99' title="bbox 2044 4371 3616 4445">
     <span class='ocr_line' id='line_1_99' title="bbox 2044 4371 3616 4445; baseline -0.013 -3"><span class='ocrx_word' id='word_1_725' title='bbox 2044 4396 2252 4441; x_wconf 87' lang='lat' dir='ltr'><strong>tantum</strong></span> <span class='ocrx_word' id='word_1_726' title='bbox 2294 4389 2579 4440; x_wconf 84' lang='lat' dir='ltr'><strong>contentus</strong></span> <span class='ocrx_word' id='word_1_727' title='bbox 2613 4392 2784 4441; x_wconf 86' lang='lat' dir='ltr'><strong>esses,</strong></span> <span class='ocrx_word' id='word_1_728' title='bbox 2809 4375 2923 4445; x_wconf 87' lang='lat' dir='ltr'><strong>jam</strong></span> <span class='ocrx_word' id='word_1_729' title='bbox 2952 4373 3088 4429; x_wconf 89' lang='lat' dir='ltr'><strong>satis</strong></span> <span class='ocrx_word' id='word_1_730' title='bbox 3122 4372 3219 4428; x_wconf 91' lang='lat' dir='ltr'><strong>tibi</strong></span> <span class='ocrx_word' id='word_1_731' title='bbox 3259 4371 3466 4426; x_wconf 91' lang='lat' dir='ltr'><strong>dictum</strong></span> <span class='ocrx_word' id='word_1_732' title='bbox 3495 4382 3616 4426; x_wconf 88' lang='lat' dir='ltr'><strong>esse</strong></span> 
     </span>
    </p>
   </div>
   <div class='ocr_carea' id='block_1_100' title="bbox 1966 4455 3617 4550">
    <p class='ocr_par' dir='ltr' id='par_1_100' title="bbox 1966 4455 3617 4550">
     <span class='ocr_line' id='line_1_100' title="bbox 1966 4455 3617 4550; baseline -0.012 -15"><span class='ocrx_word' id='word_1_733' title='bbox 1966 4455 2019 4513; x_wconf 84' lang='grc' dir='ltr'><strong>Ῑ)</strong></span> <span class='ocrx_word' id='word_1_734' title='bbox 2046 4488 2311 4550; x_wconf 89' lang='lat' dir='ltr'><strong>putarem.</strong></span> <span class='ocrx_word' id='word_1_735' title='bbox 2362 4472 2469 4529; x_wconf 88' lang='lat' dir='ltr'><strong>Sed</strong></span> <span class='ocrx_word' id='word_1_736' title='bbox 2517 4471 2644 4541; x_wconf 85' lang='lat' dir='ltr'><strong>quia</strong></span> <span class='ocrx_word' id='word_1_737' title='bbox 2700 4467 2926 4523; x_wconf 89' lang='lat' dir='ltr'><strong>nimium</strong></span> <span class='ocrx_word' id='word_1_738' title='bbox 2951 4464 3196 4521; x_wconf 84' lang='lat' dir='ltr'><strong>curiosus</strong></span> <span class='ocrx_word' id='word_1_739' title='bbox 3225 4462 3293 4517; x_wconf 90' lang='lat' dir='ltr'><strong>ad</strong></span> <span class='ocrx_word' id='word_1_740' title='bbox 3319 4468 3514 4516; x_wconf 69' lang='lat' dir='ltr'><strong>caetera</strong></span> <span class='ocrx_word' id='word_1_741' title='bbox 3544 4459 3617 4516; x_wconf 88' lang='lat' dir='ltr'><strong>si-</strong></span> 
     </span>
    </p>
   </div>
   <div class='ocr_carea' id='block_1_101' title="bbox 2041 4552 3616 4641">
    <p class='ocr_par' dir='ltr' id='par_1_101' title="bbox 2041 4552 3616 4641">
     <span class='ocr_line' id='line_1_101' title="bbox 2041 4552 3616 4641; baseline -0.011 -19"><span class='ocrx_word' id='word_1_742' title='bbox 2041 4582 2144 4639; x_wconf 83' lang='lat' dir='ltr'><strong>gna</strong></span> <span class='ocrx_word' id='word_1_743' title='bbox 2166 4578 2286 4636; x_wconf 70' lang='lat' dir='ltr'><strong>quae</strong></span> <span class='ocrx_word' id='word_1_744' title='bbox 2310 4577 2408 4634; x_wconf 88' lang='lat' dir='ltr'><strong>per</strong></span> <span class='ocrx_word' id='word_1_745' title='bbox 2438 4568 2608 4617; x_wconf 85' lang='lat' dir='ltr'><strong>totum</strong></span> <span class='ocrx_word' id='word_1_746' title='bbox 2638 4557 2866 4641; x_wconf 64' lang='lat' dir='ltr'><strong>sphaerae</strong></span> <span class='ocrx_word' id='word_1_747' title='bbox 2894 4554 3131 4612; x_wconf 60' lang='lat' dir='ltr'><strong>caelestis</strong></span> <span class='ocrx_word' id='word_1_748' title='bbox 3174 4552 3435 4608; x_wconf 85' lang='lat' dir='ltr'><strong>ambitum</strong></span> <span class='ocrx_word' id='word_1_749' title='bbox 3481 4565 3616 4606; x_wconf 88' lang='lat' dir='ltr'><strong>con-</strong></span> 
     </span>
    </p>
   </div>
   <div class='ocr_carea' id='block_1_102' title="bbox 2041 4645 3620 4727">
    <p class='ocr_par' dir='ltr' id='par_1_102' title="bbox 2041 4645 3620 4727">
     <span class='ocr_line' id='line_1_102' title="bbox 2041 4645 3620 4727; baseline -0.012 -12"><span class='ocrx_word' id='word_1_750' title='bbox 2041 4660 2237 4715; x_wconf 88' lang='lat' dir='ltr'><strong>sistunt</strong></span> <span class='ocrx_word' id='word_1_751' title='bbox 2272 4655 2590 4727; x_wconf 87' lang='lat' dir='ltr'><strong>inquirendo</strong></span> <span class='ocrx_word' id='word_1_752' title='bbox 2616 4649 2979 4724; x_wconf 87' lang='lat' dir='ltr'><strong>progrederis,</strong></span> <span class='ocrx_word' id='word_1_753' title='bbox 3018 4645 3385 4703; x_wconf 88' lang='lat' dir='ltr'><strong>necessarium</strong></span> <span class='ocrx_word' id='word_1_754' title='bbox 3416 4657 3540 4699; x_wconf 90' lang='lat' dir='ltr'><strong>reor</strong></span> <span class='ocrx_word' id='word_1_755' title='bbox 3560 4650 3620 4696; x_wconf 91' lang='lat' dir='ltr'><strong>ut</strong></span> 
     </span>
    </p>
   </div>
   <div class='ocr_carea' id='block_1_103' title="bbox 2043 4739 3621 4819">
    <p class='ocr_par' dir='ltr' id='par_1_103' title="bbox 2043 4739 3621 4819">
     <span class='ocr_line' id='line_1_103' title="bbox 2043 4739 3621 4819; baseline -0.01 -15"><span class='ocrx_word' id='word_1_756' title='bbox 2043 4750 2212 4819; x_wconf 88' lang='lat' dir='ltr'><strong>ipsius</strong></span> <span class='ocrx_word' id='word_1_757' title='bbox 2262 4749 2490 4817; x_wconf 71' lang='lat' dir='ltr'><strong>sphaerae</strong></span> <span class='ocrx_word' id='word_1_758' title='bbox 2537 4746 2642 4800; x_wconf 87' lang='lat' dir='ltr'><strong>situ</strong></span> <span class='ocrx_word' id='word_1_759' title='bbox 2682 4750 2738 4798; x_wconf 90' lang='lat' dir='ltr'><strong>et</strong></span> <span class='ocrx_word' id='word_1_760' title='bbox 2764 4747 3017 4795; x_wconf 89' lang='lat' dir='ltr'><strong>naturam</strong></span> <span class='ocrx_word' id='word_1_761' title='bbox 3054 4739 3209 4809; x_wconf 89' lang='lat' dir='ltr'><strong>prius</strong></span> <span class='ocrx_word' id='word_1_762' title='bbox 3244 4751 3508 4807; x_wconf 81' lang='lat' dir='ltr'><strong>exponam</strong></span> <span class='ocrx_word' id='word_1_763' title='bbox 3535 4750 3621 4790; x_wconf 89' lang='lat' dir='ltr'><strong>se-</strong></span> 
     </span>
    </p>
   </div>
   <div class='ocr_carea' id='block_1_104' title="bbox 2044 4828 3622 4909">
    <p class='ocr_par' dir='ltr' id='par_1_104' title="bbox 2044 4828 3622 4909">
     <span class='ocr_line' id='line_1_104' title="bbox 2044 4828 3622 4909; baseline -0.012 -11"><span class='ocrx_word' id='word_1_764' title='bbox 2044 4843 2276 4898; x_wconf 89' lang='lat' dir='ltr'><strong>cundum</strong></span> <span class='ocrx_word' id='word_1_765' title='bbox 2331 4839 2599 4909; x_wconf 89' lang='lat' dir='ltr'><strong>majorum</strong></span> <span class='ocrx_word' id='word_1_766' title='bbox 2653 4834 2976 4892; x_wconf 87' lang='lat' dir='ltr'><strong>sententiam</strong></span> <span class='ocrx_word' id='word_1_767' title='bbox 3029 4832 3290 4891; x_wconf 87' lang='lat' dir='ltr'><strong>breviter,</strong></span> <span class='ocrx_word' id='word_1_768' title='bbox 3328 4836 3384 4884; x_wconf 90' lang='lat' dir='ltr'><strong>et</strong></span> <span class='ocrx_word' id='word_1_769' title='bbox 3410 4828 3488 4882; x_wconf 88' lang='lat' dir='ltr'><strong>sic</strong></span> <span class='ocrx_word' id='word_1_770' title='bbox 3516 4834 3622 4880; x_wconf 71' lang='lat' dir='ltr'><strong>tua:</strong></span> 
     </span>
    </p>
   </div>
   <div class='ocr_carea' id='block_1_105' title="bbox 2043 4926 3177 5004">
    <p class='ocr_par' dir='ltr' id='par_1_105' title="bbox 2043 4926 3177 5004">
     <span class='ocr_line' id='line_1_105' title="bbox 2043 4926 3177 5004; baseline -0.011 -14"><span class='ocrx_word' id='word_1_771' title='bbox 2043 4934 2451 5004; x_wconf 81' lang='lat' dir='ltr'><strong>interrogationi</strong></span> <span class='ocrx_word' id='word_1_772' title='bbox 2481 4931 2547 4986; x_wconf 91' lang='lat' dir='ltr'><strong>de</strong></span> <span class='ocrx_word' id='word_1_773' title='bbox 2573 4930 2783 4986; x_wconf 87' lang='lat' dir='ltr'><strong>caeteris</strong></span> <span class='ocrx_word' id='word_1_774' title='bbox 2802 4926 3177 4997; x_wconf 87' lang='lat' dir='ltr'><strong>respondeam.</strong></span> 
     </span>
    </p>
   </div>
   <div class='ocr_carea' id='block_1_106' title="bbox 2612 5040 3043 5099">
    <p class='ocr_par' dir='ltr' id='par_1_106' title="bbox 2612 5040 3043 5099">
     <span class='ocr_line' id='line_1_106' title="bbox 2612 5040 3043 5099; baseline -0.012 0"><span class='ocrx_word' id='word_1_775' title='bbox 2612 5042 2836 5099; x_wconf 82' lang='lat' dir='ltr'><strong>CAPUT</strong></span> <span class='ocrx_word' id='word_1_776' title='bbox 2862 5040 3043 5096; x_wconf 76' lang='lat' dir='ltr'><strong>XLIX.</strong></span> 
     </span>
    </p>
   </div>
   <div class='ocr_carea' id='block_1_107' title="bbox 2606 5130 3060 5187">
    <p class='ocr_par' dir='ltr' id='par_1_107' title="bbox 2606 5130 3060 5187">
     <span class='ocr_line' id='line_1_107' title="bbox 2606 5130 3060 5187; baseline -0.011 1"><span class='ocrx_word' id='word_1_777' title='bbox 2606 5132 2684 5187; x_wconf 89' lang='lat' dir='ltr'><strong>De</strong></span> <span class='ocrx_word' id='word_1_778' title='bbox 2713 5141 2902 5186; x_wconf 87' lang='lat' dir='ltr'><strong>natura</strong></span> <span class='ocrx_word' id='word_1_779' title='bbox 2929 5130 3060 5185; x_wconf 71' lang='lat' dir='ltr'><strong>caeli.</strong></span> 
     </span>
    </p>
   </div>
   <div class='ocr_carea' id='block_1_108' title="bbox 2116 5210 3620 5285">
    <p class='ocr_par' dir='ltr' id='par_1_108' title="bbox 2116 5210 3620 5285">
     <span class='ocr_line' id='line_1_108' title="bbox 2116 5210 3620 5285; baseline -0.014 -1"><span class='ocrx_word' id='word_1_780' title='bbox 2116 5231 2260 5285; x_wconf 88' lang='lat' dir='ltr'><strong>Dtsc.</strong></span> <span class='ocrx_word' id='word_1_781' title='bbox 2298 5228 2513 5283; x_wconf 90' lang='lat' dir='ltr'><strong>Utinam</strong></span> <span class='ocrx_word' id='word_1_782' title='bbox 2544 5224 2749 5281; x_wconf 81' lang='lat' dir='ltr'><strong>facias!</strong></span> <span class='ocrx_word' id='word_1_783' title='bbox 2783 5221 2920 5278; x_wconf 71' lang='lat' dir='ltr'><strong>MAG.</strong></span> <span class='ocrx_word' id='word_1_784' title='bbox 2952 5218 3161 5275; x_wconf 67' lang='lat' dir='ltr'><strong>(Icelum</strong></span> <span class='ocrx_word' id='word_1_785' title='bbox 3188 5212 3400 5270; x_wconf 86' lang='lat' dir='ltr'><strong>subtilis</strong></span> <span class='ocrx_word' id='word_1_786' title='bbox 3420 5210 3620 5283; x_wconf 68' lang='lat' dir='ltr'><strong>igneae-</strong></span> 
     </span>
    </p>
   </div>
   <div class='ocr_carea' id='block_1_109' title="bbox 2043 5299 3619 5391">
    <p class='ocr_par' dir='ltr' id='par_1_109' title="bbox 2043 5299 3619 5391">
     <span class='ocr_line' id='line_1_109' title="bbox 2043 5299 3619 5391; baseline -0.016 -14"><span class='ocrx_word' id='word_1_787' title='bbox 2043 5338 2147 5391; x_wconf 90' lang='lat' dir='ltr'><strong>que</strong></span> <span class='ocrx_word' id='word_1_788' title='bbox 2189 5329 2411 5381; x_wconf 65' lang='lat' dir='ltr'><strong>naturae,</strong></span> <span class='ocrx_word' id='word_1_789' title='bbox 2448 5316 2865 5382; x_wconf 89' lang='lat' dir='ltr'><strong>rotundumque,</strong></span> <span class='ocrx_word' id='word_1_790' title='bbox 2902 5317 2958 5364; x_wconf 90' lang='lat' dir='ltr'><strong>et</strong></span> <span class='ocrx_word' id='word_1_791' title='bbox 2985 5323 3016 5362; x_wconf 91' lang='lat' dir='ltr'><strong>a</strong></span> <span class='ocrx_word' id='word_1_792' title='bbox 3045 5315 3203 5361; x_wconf 66' lang='lat' dir='ltr'><strong>terra:</strong></span> <span class='ocrx_word' id='word_1_793' title='bbox 3230 5312 3416 5359; x_wconf 88' lang='lat' dir='ltr'><strong>centro</strong></span> <span class='ocrx_word' id='word_1_794' title='bbox 3448 5299 3619 5369; x_wconf 68' lang='lat' dir='ltr'><strong>aequis</strong></span> 
     </span>
    </p>
   </div>
   <div class='ocr_carea' id='block_1_110' title="bbox 2045 5394 3619 5484">
    <p class='ocr_par' dir='ltr' id='par_1_110' title="bbox 2045 5394 3619 5484">
     <span class='ocr_line' id='line_1_110' title="bbox 2045 5394 3619 5484; baseline -0.017 -15"><span class='ocrx_word' id='word_1_795' title='bbox 2045 5412 2235 5484; x_wconf 88' lang='lat' dir='ltr'><strong>spatiis</strong></span> <span class='ocrx_word' id='word_1_796' title='bbox 2290 5409 2526 5480; x_wconf 89' lang='lat' dir='ltr'><strong>undique</strong></span> <span class='ocrx_word' id='word_1_797' title='bbox 2579 5406 2861 5462; x_wconf 82' lang='lat' dir='ltr'><strong>collectum</strong></span> <span class='ocrx_word' id='word_1_798' title='bbox 2896 5408 2998 5454; x_wconf 90' lang='lat' dir='ltr'><strong>est.</strong></span> <span class='ocrx_word' id='word_1_799' title='bbox 3045 5394 3200 5453; x_wconf 85' lang='lat' dir='ltr'><strong>Unde</strong></span> <span class='ocrx_word' id='word_1_800' title='bbox 3247 5403 3302 5449; x_wconf 91' lang='lat' dir='ltr'><strong>et</strong></span> <span class='ocrx_word' id='word_1_801' title='bbox 3345 5403 3619 5484; x_wconf 78' lang='lat' dir='ltr'><strong>convexus</strong></span> 
     </span>
    </p>
   </div>
   <div class='ocr_carea' id='block_1_111' title="bbox 2044 5478 3619 5571">
    <p class='ocr_par' dir='ltr' id='par_1_111' title="bbox 2044 5478 3619 5571">
     <span class='ocr_line' id='line_1_111' title="bbox 2044 5478 3619 5571; baseline -0.019 -11"><span class='ocrx_word' id='word_1_802' title='bbox 2044 5478 2361 5571; x_wconf 79' lang='lat' dir='ltr'><strong>mediusque</strong></span> <span class='ocrx_word' id='word_1_803' title='bbox 2389 5478 2709 5571; x_wconf 82' lang='lat' dir='ltr'><strong>quacunque</strong></span> <span class='ocrx_word' id='word_1_804' title='bbox 2748 5492 3009 5555; x_wconf 88' lang='lat' dir='ltr'><strong>cernitur,</strong></span> <span class='ocrx_word' id='word_1_805' title='bbox 3044 5481 3391 5542; x_wconf 86' lang='lat' dir='ltr'><strong>inenarrabili</strong></span> <span class='ocrx_word' id='word_1_806' title='bbox 3420 5478 3619 5536; x_wconf 87' lang='lat' dir='ltr'><strong>celeri-</strong></span> 
     </span>
    </p>
   </div>
   <div class='ocr_carea' id='block_1_112' title="bbox 2047 5568 3614 5662">
    <p class='ocr_par' dir='ltr' id='par_1_112' title="bbox 2047 5568 3614 5662">
     <span class='ocr_line' id='line_1_112' title="bbox 2047 5568 3614 5662; baseline -0.02 -14"><span class='ocrx_word' id='word_1_807' title='bbox 2047 5604 2157 5648; x_wconf 88' lang='lat' dir='ltr'><strong>tate</strong></span> <span class='ocrx_word' id='word_1_808' title='bbox 2203 5568 2442 5662; x_wconf 81' lang='lat' dir='ltr'><strong>quotidie</strong></span> <span class='ocrx_word' id='word_1_809' title='bbox 2473 5582 2769 5654; x_wconf 82' lang='lat' dir='ltr'><strong>circumagi</strong></span> <span class='ocrx_word' id='word_1_810' title='bbox 2810 5578 3083 5649; x_wconf 89' lang='lat' dir='ltr'><strong>sapientes</strong></span> <span class='ocrx_word' id='word_1_811' title='bbox 3125 5572 3310 5628; x_wconf 90' lang='lat' dir='ltr'><strong>mundi</strong></span> <span class='ocrx_word' id='word_1_812' title='bbox 3341 5568 3614 5629; x_wconf 78' lang='lat' dir='ltr'><strong>dixerunt,</strong></span> 
     </span>
    </p>
   </div>
   <div class='ocr_carea' id='block_1_113' title="bbox 2047 5658 3586 5744">
    <p class='ocr_par' dir='ltr' id='par_1_113' title="bbox 2047 5658 3586 5744">
     <span class='ocr_line' id='line_1_113' title="bbox 2047 5658 3586 5744; baseline -0.019 -7"><span class='ocrx_word' id='word_1_813' title='bbox 2047 5685 2120 5737; x_wconf 82' lang='lat' dir='ltr'><strong>ita</strong></span> <span class='ocrx_word' id='word_1_814' title='bbox 2158 5658 2422 5735; x_wconf 42' lang='lat' dir='ltr'><strong>ut—rucrct</strong></span> <span class='ocrx_word' id='word_1_815' title='bbox 2455 5677 2500 5732; x_wconf 87' lang='lat' dir='ltr'><strong>si</strong></span> <span class='ocrx_word' id='word_1_816' title='bbox 2530 5691 2635 5730; x_wconf 89' lang='lat' dir='ltr'><strong>non</strong></span> <span class='ocrx_word' id='word_1_817' title='bbox 2664 5671 2999 5744; x_wconf 84' lang='lat' dir='ltr'><strong>planetarum</strong></span> <span class='ocrx_word' id='word_1_818' title='bbox 3046 5677 3274 5720; x_wconf 85' lang='lat' dir='ltr'><strong>occursu</strong></span> <span class='ocrx_word' id='word_1_819' title='bbox 3305 5658 3586 5714; x_wconf 82' lang='lat' dir='ltr'><strong>moderare</strong></span> 
     </span>
    </p>
   </div>
  </div>
