3970 6198
433 280 535 336 695

1083 275 1142 330 Β.
1185 273 1438 329 RABANI
1480 273 1699 330 MAURI
1739 273 2061 330 AllClilEP.
2106 272 2417 331 MOCUNT.
2461 273 2744 330 OPERUM
2787 273 2968 330 PARS
3006 273 3047 329 Ι.

3598 279 3704 336 096

432 405 538 457 tur,
573 401 890 463 argumento
937 391 1174 445 siderum
1203 387 1456 452 nitentes,
1487 402 1608 456 quae
1661 386 1768 441 fixo
1800 401 2011 456 semper
2040 389 2087 447 Α
2117 383 2322 451 dicunt,
2357 394 2411 440 et
2453 386 2505 439 in
2539 386 2719 441 medio
2772 402 2969 442 urnam
3023 397 3292 443 asserunt.
3328 387 3563 445 Ultimus
3590 405 3705 446 om-

432 500 594 540 cursu
626 478 1039 543 circumvolant,
1068 478 1583 548 septentrionalibus
1619 479 1896 533 breviores
1919 494 2015 549 gy-

434 588 523 628 ros
553 571 698 626 circa
723 569 1003 624 cardinem
1029 567 1449 638 peragentibus;
1481 567 1636 638 cujus
1666 567 1902 628 vertices
1925 581 2015 620 ex-

432 675 656 727 tremos,
683 675 790 728 quo
817 659 962 715 circa
985 659 1198 728 sphaera
1219 658 1472 722 volvitur,
1500 657 1653 728 polos
1678 665 2012 728 nuncupant,

431 754 641 826 glaciali
672 755 850 824 rigore
891 752 1250 806 tabescentes.
1286 749 1490 805 [lorum
1525 765 1664 804 unus
1696 750 1763 804 ad
1793 761 2010 820 septen-

434 845 714 902 trionalem
744 844 958 914 plagam
999 857 1332 911 consurgens
1371 841 1594 905 Boreus,
1627 840 1764 895 alter
1791 841 2015 896 divexus

432 935 486 989 in
516 943 756 999 austros,
809 942 1071 1001 terraeque
1123 931 1421 1001 oppositus,
1477 930 1735 985 australis
1764 938 2011 994 vocatur,

431 1042 591 1096 quem
621 1025 881 1081 interiora
911 1023 1095 1077 Austri
1125 1021 1404 1093 Scriptura
1426 1031 1615 1078 sancta
1654 1023 1914 1077 nominat.
1955 1023 2011 1078 In

431 1134 535 1188 qua
558 1119 767 1188 sphaera
788 1117 1025 1187 quinque
1045 1113 1278 1170 circulos
1300 1128 1420 1170 esse
1442 1116 1714 1186 sapientes
1735 1115 2008 1171 dixerunt.

1084 1225 1312 1282 CAPUT
1341 1227 1399 1282 L.

786 1297 865 1350 De
884 1297 1111 1368 quinque
1141 1297 1352 1351 circulis
1378 1299 1576 1352 mundi.

503 1389 744 1457 Quorum
769 1389 978 1459 primus
1007 1398 1089 1444 est
1117 1389 1571 1459 Septentrionalis,
1631 1388 1830 1460 frigore
1859 1391 2013 1446 inha-

430 1478 686 1544 bitabilis,
719 1476 872 1546 cujus
901 1479 1076 1533 sidera
1105 1479 1258 1534 nobis
1292 1495 1570 1548 nunquam
1605 1481 1877 1536 occidunt.
1921 1481 2014 1538 Se-

429 1567 638 1621 cundus
689 1567 994 1621 solstitialis
1022 1583 1088 1622 ex
1119 1575 1272 1637 parte
1325 1567 1594 1638 signiferi,
1641 1569 2012 1625 excelsissima

430 1659 586 1714 nobis
619 1659 684 1712 ad
727 1659 1200 1728 septentrionalem
1249 1660 1462 1730 plagam
1501 1676 1710 1727 versus,
1746 1671 2014 1734 tempera-

2116 475 2264 530 nium
2291 474 2590 530 Anticanus
2619 484 2725 542 est,
2753 476 2891 533 situs
2921 477 3021 532 sub
3051 475 3294 533 Geminis
3322 496 3336 545 ;
3369 488 3425 534 et
3453 480 3577 535 ideo
3601 481 3708 536 An-

2118 567 2333 622 ticanus
2361 577 2605 634 vocatus,
2644 567 2790 639 quod
2833 570 3140 625 contrarius
3165 571 3236 625 sit
3281 570 3435 627 Cani.
3469 573 3540 628 Et
3565 574 3699 630 mira

2115 657 2356 726 gentium
2384 658 2635 724 stultitia,
2679 659 2826 729 quod
2861 659 3041 714 sidera
3071 675 3192 730 quae
3233 661 3377 717 Deus
3419 663 3489 717 ad
3535 663 3706 720 hono-

2117 764 2230 804 rem
2261 749 2496 804 nominis
2526 749 2610 804 sui
2649 750 2874 815 creavit,
2899 758 2953 805 et
2983 750 3037 804 in
3061 751 3375 807 cmlestibus
3397 754 3702 821 constituit,

2115 853 2177 893 ca
2208 838 2309 908 ipsi
2339 838 2619 894 sceleratis
2651 839 2961 895 hominibus
2985 850 3040 896 et
3094 841 3269 896 brutis
3297 843 3626 900 animalibus
3652 845 3702 900 in

2117 940 2257 986 terra
2307 933 2506 987 creatis
2556 931 2947 1002 ascripserunt.
3005 933 3212 989 Prteter
3267 935 3384 990 lucc
3415 937 3621 1000 omnia,
3650 948 3703 991 et

2115 1015 2319 1071 lacteus
2372 1015 2609 1070 circulus
2635 1024 2719 1070 est
2774 1017 2948 1087 figura
3001 1017 3286 1074 candidior
3326 1034 3426 1088 per
3464 1018 3701 1074 medium

2115 1105 2236 1161 cmli
2269 1106 2551 1170 verticem,
2580 1120 2742 1176 quem
2772 1107 2930 1180 vulgo
2956 1109 3139 1164 dicunt
3166 1125 3231 1164 ex
3260 1110 3548 1180 splendore
3576 1111 3702 1168 solis

2116 1197 2168 1250 in
2193 1211 2257 1252 eo
2283 1197 2557 1251 currentis
2581 1197 2652 1251 ita
2685 1196 2910 1268 fulgere.
2945 1197 3052 1253 Sed
3097 1197 3320 1264 frustra,
3369 1215 3491 1254 cum
3518 1201 3588 1256 ab
3612 1201 3702 1256 illo

2115 1303 2389 1358 nunquam
2445 1288 2548 1343 nisi
2601 1289 2652 1343 in
2707 1299 2862 1360 parte
2905 1289 3182 1361 Sagittarii
3236 1292 3317 1346 vel
3347 1290 3700 1347 Geminorum

2116 1391 2393 1454 tangatur,
2419 1382 2470 1436 in
2503 1383 2700 1452 quibus
2728 1383 3016 1438 candidum
3053 1383 3315 1438 circulum
3343 1383 3572 1455 signifer
3593 1386 3701 1440 cin-

2115 1474 2212 1543 git.
2247 1475 2392 1530 DISC.
2427 1473 2509 1529 Ad
2542 1475 2670 1544 quid
2700 1489 2829 1546 ergo
2872 1476 2985 1530 haec
3027 1477 3203 1530 sidera
3238 1475 3543 1546 legentibus
3579 1491 3700 1546 pro-

2119 1569 2338 1634 derunt,
2366 1577 2422 1624 et
2459 1570 2512 1623 in
2540 1584 2646 1638 quo
2671 1567 2930 1637 adjuvant
2971 1569 3398 1640 compulistam?
3447 1569 3588 1625 MAG.
3620 1570 3696 1624 Ad

2117 1659 2540 1729 dignoscendum
2604 1675 2733 1730 ergo
2796 1661 2959 1716 horas
3012 1668 3306 1715 nocturnas
3349 1676 3456 1715 non
3506 1675 3696 1730 parum

430 1760 534 1817 tus,
569 1751 894 1806 habitabilis.
943 1750 1160 1804 Tertius
1208 1749 1624 1819 aequinoctialis,
1679 1753 1856 1808 medio
1894 1768 2010 1806 am-
2040 1739 2086 1798 Β
2115 1751 2386 1821 adjuvant
2428 1751 2832 1807 calculatorem.
2913 1751 3131 1807 Necnon
3182 1760 3238 1807 et
3288 1751 3592 1807 viatoribus
3646 1761 3698 1808 et

428 1846 546 1901 bitu
585 1843 825 1916 signiferi
851 1843 999 1898 orbis
1023 1843 1301 1909 incedens,
1332 1843 1590 1908 torridus,
1617 1844 2004 1902 inhabitabilis.

428 1937 667 2005 Quartus
718 1934 997 2002 brumalis,
1030 1951 1061 1989 a
1091 1943 1245 2006 parte
1297 1935 1598 1989 humillima
1637 1936 1882 2005 signiferi
1940 1939 2008 1993 ad

429 2029 730 2084 austrinum
786 2027 968 2098 polum
1018 2042 1230 2093 versus,
1263 2036 1615 2096 temperatus,
1670 2029 2004 2088 habitabilis.

427 2119 659 2187 Quintus
713 2116 987 2181 australis,
1018 2116 1164 2171 circa
1214 2117 1474 2172 verticem
1533 2119 1857 2184 austrinum,
1914 2122 2004 2190 qui

428 2222 572 2266 terra
603 2210 821 2280 tegitur,
850 2208 1051 2280 frigore
1095 2209 1482 2265 inhabitabilis.
1530 2209 1661 2265 Tres
1690 2220 1871 2267 autem
1897 2227 2007 2267 me-

428 2302 499 2357 dii
531 2301 717 2357 circuli
742 2299 1136 2370 inazqualitates
1165 2307 1466 2370 temporum
1495 2299 1852 2372 distinguunt,
1882 2318 2005 2356 cum

428 2392 506 2447 sol
554 2393 698 2446 hunc
745 2390 997 2455 solstitio,
1031 2389 1180 2444 illum
1210 2390 1578 2460 :equinoctio,-
1605 2391 1764 2446 istum
1817 2392 2004 2446 bruma

429 2492 628 2539 teneat.
661 2482 902 2538 Extremi
930 2482 1074 2537 enim
1132 2496 1348 2552 semper
1394 2481 1506 2536 sole
1531 2491 1736 2537 carent.
1772 2481 1924 2538 Unde
1952 2491 2007 2537 et

425 2595 454 2630 ει
488 2575 617 2646 Tyle
641 2575 814 2630 insula
846 2575 1008 2630 unius
1034 2574 1138 2629 diei
1191 2574 1532 2644 navigatione
1581 2575 1648 2629 ad
1697 2575 2002 2647 aquilonem

424 2682 574 2722 mare
607 2666 947 2737 congelatum
984 2665 1274 2721 invenitur.

1018 2756 1245 2813 CAPUT
1283 2757 1365 2812 LI.

431 2846 503 2900 De
529 2846 608 2900 his
649 2848 812 2918 signis
855 2848 1124 2904 stellarum
1178 2866 1296 2921 quae
1338 2860 1486 2904 extra
1536 2852 1809 2905 zodiacum
1861 2863 2001 2908 sunt.

496 2936 644 2992 DISC.
701 2936 828 2992 llaec
854 2937 1072 3006 quidem
1109 2938 1280 3008 probo
1309 2945 1511 2993 etcum
1567 2941 1741 3011 gratia
1770 2943 2000 3013 accipio.

427 3025 533 3081 Sed
576 3027 642 3080 de
691 3026 958 3095 positione
1011 3028 1270 3093 siderum,
1308 3029 1449 3083 sicut
1497 3030 1629 3085 mihi
1679 3032 1999 3100 promisisti,

424 3125 549 3181 peto
605 3126 664 3170 ut
693 3094 993 3172 iedisseras.
1053 3117 1193 3175 MAG.
1249 3119 1389 3176 Sunt
1424 3137 1554 3192 ergo
1577 3094 1730 3193 signa
1759 3131 1911 3178 extra
2029 3094 2073 3155 Ε

425 3225 543 3278 quae
573 3207 625 3262 in
653 3208 872 3263 zodiaeo
903 3209 1226 3276 consistunt,
1253 3220 1312 3266 ut
1352 3211 1503 3266 Arati
1531 3211 1894 3267 Phaanomena
1924 3223 2000 3268 te-

429 3307 662 3365 stantur,
694 3315 918 3378 numero
966 3301 1203 3371 triginta,
1237 3317 1467 3373 quorum
1521 3302 1624 3356 alia
1668 3303 2003 3374 horoscopus

427 3397 495 3452 ad
550 3397 1002 3466 septentrionem,
1067 3396 1172 3451 alia
1239 3399 1306 3453 ad
1376 3407 1619 3452 austrum
1671 3407 1997 3468 sequestrat.

428 3489 569 3543 Disc.
625 3488 755 3555 Quae
806 3497 932 3544 sunt
967 3489 1056 3543 illa
1091 3505 1211 3560 quze
1237 3490 1303 3545 ad
1358 3490 1782 3560 septentrionem
1835 3493 1999 3546 sunt?

425 3586 560 3641 MAG.
597 3585 724 3640 Dus:
767 3584 1016 3640 videlicet
1064 3585 1296 3656 primum
1354 3583 1523 3651 Ursre,
1573 3585 1676 3640 hoc
1704 3593 1788 3640 est
1831 3585 1998 3652 helix,

422 3693 540 3746 quae
561 3685 614 3732 et
661 3676 930 3732 Arcturus
960 3675 1153 3746 major,
1181 3685 1238 3730 et
1267 3675 1494 3730 Phoenix
1544 3676 1657 3732 sive
1696 3675 1997 3749 Cynosura,

422 3782 540 3839 qua:
565 3777 619 3821 et
646 3765 908 3823 Arcturus
953 3769 1130 3823 minor
1166 3767 1382 3823 dicitur.
1416 3767 1483 3822 Et
1535 3768 1730 3832 Draco,
1765 3768 1856 3837 qui
1879 3782 2001 3824 con-

423 3862 558 3913 tinet
585 3866 842 3928 utrosque
895 3859 1177 3926 Arcturos,
1213 3861 1402 3915 helicis
1446 3875 1607 3930 supra
1659 3858 1882 3915 volvens
1907 3874 1996 3914 ca-

420 3956 531 4018 put,
564 3956 617 4003 et
639 3947 916 4003 Phoenicis
941 3949 1330 4019 circumcigens
1360 3952 1606 4004 caudam.
1640 3948 1844 4006 Deinde
1871 3949 2000 4004 Her-

420 4037 565 4093 cules
628 4053 792 4108 super
845 4019 1071 4109 anguem
1117 4039 1436 4096 incumbens
1475 4056 1614 4111 genu
1641 4038 1801 4104 ﬂexo,
1844 4038 1997 4094 clava

423 4129 639 4199 reiecta,
673 4129 809 4199 pelle
832 4129 1003 4186 leonis
1038 4141 1258 4202 opertus
1286 4131 1504 4186 dicitur.
1546 4130 1738 4186 Postea
1765 4129 1995 4195 Corona,

425 4224 628 4279 habens
654 4222 838 4278 stellas
867 4237 1057 4278 novem
1083 4223 1135 4277 in
1172 4223 1404 4279 circuitu
1441 4223 1666 4293 positas.
1698 4221 1849 4278 Tunc
1879 4222 1998 4278 Ser-

339 4339 353 4351 -
418 4317 714 4386 pentarius,
763 4316 854 4386 qui
907 4324 963 4372 et
1012 4316 1292 4387 Asclepius
1349 4327 1592 4384 vocatur,
1632 4326 1784 4374 stans
1836 4333 1997 4388 supra

420 4410 794 4480 Scorpionem,
821 4419 968 4465 tenet
1015 4421 1321 4479 serpentem
1351 4413 1404 4467 in
1434 4413 1704 4468 manibus.
1741 4413 1874 4468 ltem
1897 4414 1995 4468 Ar-

419 4517 534 4566 cas,
564 4499 656 4570 qui
687 4505 741 4553 et
766 4500 981 4565 Bootes,
1018 4499 1191 4554 fertur
1221 4516 1341 4556 esse
1374 4511 1558 4558 custos
1587 4503 1833 4572 plaustri,
1861 4519 1996 4573 prie-

417 4590 560 4644 cedit
613 4588 906 4644 Arcturum
946 4586 1227 4656 majorem,
1275 4606 1434 4659 quem
1489 4599 1544 4646 et
1583 4592 1694 4660 ipse
1730 4593 1992 4662 sequitur.

420 4681 665 4751 Cepheus
695 4689 750 4732 et
775 4679 966 4749 Aquila
1005 4687 1132 4734 tunc
1156 4681 1450 4749 splendidis
1492 4683 1662 4737 stellis
1717 4684 1990 4757 Cassiepia

423 4784 476 4829 et
523 4771 887 4828 Andromedia
941 4771 1351 4841 dignoscuntur.
1416 4772 1618 4828 Deinde
1657 4775 1886 4832 Perseus
1943 4787 1996 4831 et

423 4863 665 4934 Agitator
714 4876 836 4916 cum
896 4861 1064 4916 luedis
1116 4862 1230 4916 suis
1283 4861 1607 4919 clarescunt.
1665 4864 1995 4920 Bellorofons

417 4968 634 5026 quoque
655 4951 927 5015 etDellin,
959 4951 1174 5023 Cygnus
1219 4962 1274 5007 et
1310 4952 1470 5007 Libra
1524 4955 1639 5009 suis
1666 4955 1718 5010 in
1758 4955 1912 5020 locis,
1943 4965 1998 5010 et

418 5045 616 5117 Trigon
639 5057 801 5115 super
823 5051 986 5113 caput
1013 5043 1220 5108 arietis,
1250 5043 1534 5114 splendore
1561 5046 1826 5100 notabiles
1849 5056 1992 5101 sunt.

417 5136 562 5192 Disc.
595 5136 726 5204 Quae
755 5143 881 5190 sunt
912 5134 1001 5189 illa
1053 5150 1173 5204 qua:
1230 5134 1484 5190 zodiacus
1532 5135 1599 5190 ad
1635 5145 1880 5191 austrum
1912 5139 1993 5192 sui

416 5227 685 5283 secludit?
713 5224 853 5281 MAG.
911 5225 1075 5282 Orion
1114 5226 1323 5281 scilicet
1344 5235 1400 5280 et
1430 5225 1706 5288 Canicula,
1734 5225 1911 5294 Lepus
1941 5235 1996 5280 et

415 5319 575 5390 Argo,
603 5318 766 5374 Cetus
815 5326 869 5373 et
897 5318 1093 5382 Eurus,
1127 5318 1217 5388 qui
1269 5326 1322 5372 et
1364 5317 1686 5371 Euridanus.
1721 5315 1818 5372 Cui
1863 5318 1993 5372 sub-

409 5410 556 5478 jacet
619 5411 772 5466 stella
811 5427 930 5480 qua:
953 5411 1152 5466 dicitur
1199 5410 1471 5480 Canopos,
1513 5411 1823 5479 splendens,
1875 5427 1995 5481 qua:

417 5503 673 5558 timenem
705 5503 859 5557 navis
889 5503 1080 5572 tangit.
1113 5502 1286 5556 Piscis
1317 5517 1567 5572 magnus,
1597 5502 1689 5571 qui
1719 5510 1776 5556 et
1799 5501 1996 5557 Auster

417 5593 631 5647 dicitur.
661 5592 990 5648 Sacrarium.
1007 5593 1310 5648 Centaurus
1326 5609 1449 5648 cum
1466 5593 1635 5647 bestia
1651 5609 1814 5664 quam
1831 5609 1990 5647 manu

417 5689 583 5735 tenet.
615 5681 870 5749 Serpens,
904 5698 1062 5751 super
1097 5687 1251 5756 cujus
1284 5685 1511 5740 caudam
1557 5701 1778 5740 corvum
1807 5685 1995 5741 sedere

2115 1845 2296 1900 nautis
2327 1843 2481 1900 valde
2523 1843 2833 1899 necessaria
2873 1851 3019 1908 sunt,
3048 1843 3142 1914 qui
3171 1843 3465 1898 observant
3490 1843 3698 1899 colores

2111 1951 2299 1992 earum
2334 1945 2389 1990 et
2422 1951 2632 2001 cursus,
2673 1944 2728 1990 et
2753 1934 2990 1990 futuram
3042 1943 3424 2006 tempestatem
3476 1950 3576 1992 seu
3606 1951 3692 1992 se-

2112 2029 2397 2083 renitatem
2428 2027 2553 2083 inde
2581 2027 2901 2097 conjiciunt.

2711 2116 2936 2172 CAPUT
2975 2115 3080 2172 ιιι.

2718 2207 2796 2262 De
2828 2205 3073 2263 Cometis.

2179 2301 2323 2358 DISC.
2365 2300 2616 2356 Cometas
2647 2314 2775 2370 ergo
2811 2299 2991 2355 audivi
3017 2300 3275 2370 quasdam
3306 2299 3493 2356 stellas
3523 2301 3694 2355 nomi-

2109 2395 2248 2459 nari,
2277 2393 2369 2449 sed
2398 2394 2496 2449 has
2523 2393 2576 2448 in
2603 2392 2940 2448 numerando
2964 2393 3149 2448 stellas
3167 2403 3592 2466 prietergressus
3613 2407 3690 2448 es.

2108 2484 2246 2541 ΜΑσ.
2280 2483 2396 2540 Νοη
2421 2483 2566 2539 enim
2588 2483 2741 2554 quasi
2755 2482 3119 2538 obliviscenda
3145 2483 3260 2538 illas
3275 2491 3694 2554 praetergressus

2108 2578 2376 2646 sum,sed
2402 2577 2647 2633 ordinem
2680 2576 2907 2642 servari,
2955 2585 3014 2630 ut
3040 2576 3105 2632 de
3140 2576 3219 2631 eis
3260 2590 3504 2631 seorsum
3552 2576 3693 2630 dice-

2107 2691 2244 2742 rem,
2273 2689 2500 2745 quarum
2522 2673 2756 2744 qualitas
2783 2681 2838 2728 et
2867 2687 3059 2729 cursus
3084 2689 3115 2728 a
3145 2672 3356 2728 caneris
3396 2671 3571 2728 stellis
3611 2687 3694 2728 se-

2107 2774 2296 2839 parata
2334 2773 2437 2821 est.
2486 2766 2722 2821 Cometas
2744 2779 2958 2835 quoque
2986 2771 3116 2818 sunt
3136 2763 3302 2819 stella:
3329 2762 3562 2818 ﬂammis
3587 2763 3691 2818 cri-

2107 2860 2257 2924 nitae,
2293 2866 2516 2928 repente
2541 2867 2852 2922 nascentes,
2881 2854 3053 2928 .regni
3077 2855 3433 2908 mutationem
3479 2861 3575 2907 aut
3599 2867 3688 2923 pe-

2105 2952 2396 3008 stilentiam
2429 2958 2524 3005 aut
2547 2949 2687 3004 bella
2730 2956 2825 3003 aut
2850 2955 3040 3004 ventos
3065 2955 3335 3016 aestusque
3365 2945 3690 3016 portenden—

2108 3053 2211 3109 tes,
2239 3057 2469 3113 quarum
2500 3040 2619 3096 aliae
2666 3039 2958 3096 tenduntur
3003 3038 3298 3093 errantium
3343 3036 3529 3101 modo,
3579 3035 3693 3090 aliae

2107 3132 2408 3190 immobiles
2452 3131 2677 3187 haerent.
2721 3129 2923 3186 Omnes
2959 3127 3130 3184 ferme
3175 3129 3273 3184 sub
3318 3127 3436 3196 ipso
3483 3136 3693 3197 septen-

2106 3223 2281 3279 trione
2323 3221 2503 3292 aliqua
2548 3219 2663 3290 ejus
2705 3227 2859 3290 parte
2885 3233 2991 3272 non
3021 3227 3203 3283 certa,
3249 3217 3343 3272 sed
3375 3217 3614 3271 maxime
3640 3217 3690 3270 in

2105 3315 2351 3378 candida,
2394 3328 2514 3384 qua:
2540 3311 2701 3368 lactei
2750 3310 2936 3366 circuli
2967 3324 3161 3365 nomen
3198 3307 3426 3380 accepit,
3481 3307 3692 3362 brevis-

2105 3405 2302 3459 simum
2331 3418 2439 3474 quo
2486 3409 2837 3459 cernerentur
2862 3402 3096 3472 spatium
3123 3408 3326 3470 septem
3352 3397 3570 3453 dierum
3599 3398 3690 3451 ad-

2105 3504 2351 3550 notatum
2381 3503 2482 3560 est,
2511 3493 2884 3564 longissimum
2909 3490 3201 3563 octoginta.
3237 3489 3579 3561 Sparguntur
3597 3489 3690 3543 ali-

2103 3585 2320 3655 quando
2347 3592 2403 3639 et
2447 3584 2757 3638 errantibus
2784 3580 2953 3638 stellis
2991 3581 3312 3651 ueterisque
3339 3580 3542 3636 crines.
3585 3577 3689 3635 Sed

2104 3683 2341 3731 cometes
2371 3688 2642 3743 nunquam
2666 3673 2719 3727 in
2747 3688 3008 3728 occasura
3032 3681 3185 3743 parte
3215 3671 3338 3728 coeli
3367 3679 3482 3727 est.

2697 3782 2923 3839 CAPUT
2965 3783 3094 3838 Llll.

2505 3853 2583 3909 De
2610 3853 2845 3908 solstitiis
2873 3863 2921 3908 et
2951 3854 3292 3924 aequinoctiis.

2177 3945 2325 4000 DISC.
2367 3943 2662 4013 Postquam
2688 3945 2754 3999 de
2791 3943 3069 3998 stellarum
3112 3944 3216 3998 situ
3255 3953 3311 3998 et
3332 3943 3546 4000 ratione
3565 3944 3692 3999 satis

2100 4035 2306 4100 dixisti,
2354 4035 2722 4090 necessarium
2760 4050 2886 4091 reor
2933 4043 2994 4090 ut
3023 4035 3090 4090 de
3116 4035 3370 4090 maximis
3415 4035 3691 4090 luminari-

2101 4129 2218 4194 bus,
2250 4126 2304 4181 id
2329 4134 2432 4189 est,
2483 4125 2597 4180 sole
2627 4135 2680 4180 et
2703 4125 2848 4190 luna,
2899 4125 3076 4181 adhuc
3103 4124 3325 4188 referas,
3359 4134 3416 4180 et
3439 4126 3688 4180 ostendas

2100 4219 2189 4272 ubi
2224 4215 2536 4286 aequinoctii
2583 4223 2638 4271 et
2678 4215 2894 4271 solstitii
2925 4196 3178 4287 praprius
3226 4216 3378 4270 locus
3409 4217 3504 4270 sit.
3555 4215 3685 4270 Msc.

2101 4308 2345 4364 Solstitia
2384 4305 2523 4378 apud
2544 4306 2834 4378 plerosque
2862 4307 2987 4362 bina
3031 4316 3311 4378 putantur,
3355 4308 3462 4362 hoc
3485 4316 3570 4361 est
3599 4321 3685 4361 vui

2105 4393 2240 4453 Kal.
2265 4399 2509 4454 Januarii
2537 4407 2592 4454 et
2617 4396 2765 4454 Julii.
2815 4397 3080 4453 Similiter
3103 4407 3158 4452 et
3185 4399 3514 4468 arqumoctia
3547 4399 3686 4461 bina,

2108 4491 2158 4547 id
2187 4499 2292 4556 est,
2328 4505 2423 4545 vin
2449 4489 2568 4545 Kal.
2615 4488 2814 4561 Aprilis
2847 4497 2903 4544 et
2942 4488 3211 4554 Octobris,
3255 4489 3467 4544 octavis
3491 4487 3688 4544 scilicet

2108 4584 2160 4638 in
2198 4581 2440 4653 partibus
2467 4580 2781 4651 Capricorni
2829 4589 2883 4636 et
2921 4579 3134 4645 Cancri,
3184 4579 3386 4634 Arietis
3415 4588 3474 4634 et
3498 4580 3684 4634 Librze.

2108 4673 2307 4728 Verum
2357 4672 2504 4743 quia,
2553 4671 2694 4728 sicut
2739 4672 2793 4726 in
2841 4672 3050 4727 ratione
3099 4669 3337 4741 paschali
3381 4671 3684 4733 didicimus,

2106 4764 2488 4835 aequinoctium
2545 4763 2763 4818 vernale
2815 4762 3127 4818 duodecima
3181 4760 3554 4816 Kalendarum
3607 4761 3686 4815 die

2104 4855 2367 4927 Aprilium
2389 4861 2707 4910 cunctorum
2731 4852 3091 4908 Orientalium
3119 4852 3425 4917 sententiis,
3477 4861 3533 4906 et
3579 4867 3685 4906 ma-

2100 4949 2244 5003 xime
2296 4945 2675 5017 Aﬂgyptiorum
2698 4987 2712 5011 ,
2758 4960 2894 5016 quos
2925 4943 3222 5000 calculandi
3257 4959 3380 4999 esse
3425 4943 3683 5014 peritissi-

2100 5056 2215 5096 mos
2243 5047 2474 5102 constat,
2505 5037 2812 5108 specialiter
2834 5039 3123 5093 adnotatur
3152 5053 3164 5088 :
3218 5044 3446 5090 cmtems
3476 5050 3680 5105 quoque

2100 5143 2208 5187 tres
2255 5140 2555 5200 temporum
2584 5129 2844 5184 articulos
2911 5135 3162 5198 putamus
3212 5124 3494 5195 aliquanto
3540 5125 3680 5194 prius

2098 5239 2258 5291 quam
2286 5220 2529 5291 vulgaria
2570 5219 2770 5290 scripta
2802 5219 3079 5274 continent
3117 5232 3238 5272 esse
3276 5217 3563 5271 notandos.
3617 5214 3677 5270 Ut

2097 5315 2240 5368 enim
2268 5314 2333 5367 de
2355 5312 2676 5381 mquiuoctio
2703 5326 2890 5376 verno,
2921 5311 3064 5380 quod
3089 5317 3250 5379 caput
3277 5323 3397 5362 esse
3419 5323 3674 5364 memora-

2100 5414 2276 5459 tarum
2325 5412 2556 5472 quatuor
2598 5401 2958 5456 mutationum
2998 5399 3270 5454 annalinm
3320 5398 3508 5452 mundi
3535 5396 3674 5465 origo

2099 5498 2274 5562 docet,
2305 5496 2544 5552 breviter
2582 5495 2888 5565 loquamur,
2920 5492 3102 5562 regula
3131 5500 3277 5546 tenet
3299 5487 3672 5546 ecclesiastica:

2099 5590 2506 5656 observationis,
2542 5608 2569 5645 a
2607 5590 2821 5645 Nic-.eno
2858 5589 3174 5644 confirmata
3220 5586 3473 5650 concilio,
3500 5594 3555 5637 ut
3578 5581 3670 5635 Γει-

2099 5685 2240 5738 scha:
2289 5683 2401 5738 dies
2459 5685 2524 5739 ab
2568 5700 2620 5738 x1
2669 5682 2892 5738 Kalend.
2953 5680 3154 5752 Aprilis
3213 5692 3383 5749 usque
3428 5678 3481 5732 in
3513 5673 3668 5741 septi.
