3970 6198
287 297 388 352 697

1602 302 1800 358 LIBER
1842 305 1927 360 DE
1965 306 2313 366 COMPUTO.

3448 317 3552 373 698

290 432 435 470 mum
483 415 703 472 Kalend.
767 416 889 470 Maii
937 417 1254 486 iuquiratur.
1289 415 1420 470 Item
1469 418 1746 473 catholicae
1792 420 1873 473 in-
1898 423 2117 482 Amam
2149 432 2375 479 remoto.
2431 425 2584 492 Quod
2625 425 2742 481 ﬁeri
2793 427 2845 481 in
2904 427 3076 482 insula
3122 429 3288 500 Thyle
3326 431 3558 502 Pytheas

285 506 585 562 stitutionis
641 505 822 576 regula
865 506 1120 575 praecepit
1164 514 1223 560 ut
1264 514 1390 560 ante
1433 507 1667 562 vernalis
1708 509 1874 576 aequi-

285 596 451 650 noctii
481 602 878 666 transgressum
922 593 1126 648 Pascha
1152 609 1259 649 non
1290 594 1613 650 celebretur.
1644 596 1744 662 Qui
1774 597 1874 668 igi-

287 696 375 741 tur
401 694 594 741 octavo
627 683 988 740 Kalendarum
1035 683 1299 754 Aprilium
1328 685 1416 740 die
1447 694 1601 756 putat
1633 688 1874 756 aequino-

283 778 474 842 ctium,
519 790 740 832 necesse
783 785 866 831 est
894 777 1036 831 idem
1068 785 1160 831 aut
1189 785 1316 832 ante
1350 779 1734 846 aequinoctium
1762 779 1870 834 Pa-

283 869 415 923 scha
446 868 703 923 celebrari
726 869 934 923 licitum
964 869 1126 933 dicat,
1175 876 1268 922 aut
1288 876 1413 923 ante
1450 871 1736 938 septimum
1761 871 1871 926 Ka-

285 958 563 1014 lendarum
612 959 874 1028 Aprilium
926 959 1068 1013 diem
1112 959 1319 1013 Pascha
1345 959 1607 1014 celebrari
1662 961 1866 1016 licitum

281 1060 465 1118 neget,
520 1051 690 1119 ipsum
721 1065 933 1120 quoque
961 1049 1192 1114 Pascha,
1217 1051 1360 1120 quod
1409 1051 1665 1106 Dominus
1693 1054 1867 1122 pridie

280 1155 444 1209 quam
498 1147 771 1208 pateretur
798 1155 920 1194 cum
960 1140 1236 1210 discipulis
1264 1141 1410 1207 fecit,
1464 1151 1558 1196 aut
1585 1160 1727 1199 nono
1754 1145 1866 1199 Ka-

279 1228 564 1284 lendarum
592 1229 853 1298 Aprilium
891 1229 976 1284 die
1005 1245 1112 1284 non
1156 1229 1322 1286 fuisse
1345 1273 1360 1298 ,
1406 1241 1499 1286 aut
1529 1244 1653 1288 ante
1695 1236 1864 1306 aequi-

279 1321 520 1375 noctium
551 1319 716 1374 fuisse
753 1319 1055 1375 confirmet.
1109 1321 1226 1378 Non
1268 1324 1411 1378 enim
1442 1326 1616 1379 nostri
1654 1336 1861 1382 tantum

278 1412 562 1482 temporis,
592 1411 686 1466 sed
711 1411 873 1465 etiam
897 1411 1082 1483 legalis
1109 1453 1124 1479 ,
1176 1423 1230 1468 et
1257 1413 1489 1470 Mosaica
1516 1417 1758 1472 decernit
1783 1419 1864 1472 in-

275 1504 507 1568 stitutio,
540 1519 646 1558 non
666 1511 792 1558 ante
814 1511 1186 1558 transcensum
1206 1504 1367 1574 hujus
1386 1508 1693 1577 aequinoctii
1719 1509 1862 1564 diem

275 1591 403 1648 festi
439 1591 713 1647 Paschalis
755 1607 874 1647 esse
920 1593 1336 1660 celebrandum;
1383 1597 1524 1652 sicut
1569 1605 1862 1655 attestante

270 1682 529 1737 Anatolio
549 1683 827 1737 evidenter
849 1685 1006 1738 docet
1030 1685 1182 1740 Philo
1207 1695 1260 1740 et
1280 1686 1564 1756 Josephus,
1602 1691 1741 1745 sicut
1767 1706 1857 1746 eo-

1977 511 2322 566 Massiliensis
2350 514 2540 568 scribit
2562 529 2656 570 sex
2687 516 2895 570 dierum
2920 518 3260 589 navigatione
3282 520 3335 574 in
3350 536 3561 591 septen-

1975 601 2148 656 trione
2177 619 2208 656 a
2237 601 2514 659 Britannia
2545 605 2801 661 distante.

2565 714 2793 771 CAPUT
2827 716 2958 773 LIV.

2257 781 2333 837 De
2354 781 2578 864 bissexto
2611 785 2664 839 in
2692 786 2817 840 solis
2847 798 2895 841 et
2930 788 3070 843 [una
3092 807 3272 845 cursu.

2041 871 2186 928 DISC.
2219 873 2452 931 Bissexti
2480 877 2740 932 rationem
2776 895 2905 950 rogo
2933 889 2990 934 ut
3019 880 3202 937 edicas
3234 883 3362 937 mihi
3396 891 3557 953 atque

1969 963 2257 1020 edisseras.
2286 966 2423 1023 MAG.
2458 968 2739 1025 Bissextus
2764 986 2829 1026 ex
2867 974 3184 1042 quadrantis
3216 977 3424 1030 ratione
3461 991 3557 1046 per

1969 1052 2383 1120 quadriennium
2415 1057 2719 1124 conﬁcitur,
2772 1062 2898 1114 dum
2935 1062 3013 1115 sol
3045 1065 3109 1116 ad
3152 1064 3203 1117 id
3232 1065 3443 1134 signum
3487 1083 3550 1119 ex

1967 1157 2074 1210 quo
2099 1157 2348 1213 egressus
2374 1155 2457 1200 est
2477 1187 2489 1209 ,
2523 1163 2626 1200 non
2652 1148 2706 1201 in
2751 1164 2952 1204 ccccxv
2980 1152 3190 1215 diebus,
3238 1155 3331 1207 sed
3361 1164 3552 1222 quarta

1965 1228 2073 1285 diei
2100 1241 2256 1301 parte
2307 1249 2468 1304 super
2508 1237 2737 1306 adjecta,
2788 1241 3095 1294 revertitur.
3152 1242 3308 1296 Verbi
3336 1246 3550 1314 gratia:

1966 1320 2011 1374 si
2037 1339 2179 1379 nunc
2217 1326 2644 1395 aequinoctialem
2691 1331 2811 1384 caeli
2855 1331 3030 1385 locum
3061 1332 3139 1387 sol
3173 1335 3355 1388 oriens
3383 1336 3553 1390 intra-

1963 1416 2124 1481 verit,
2152 1417 2206 1471 in
2229 1418 2372 1474 hunc
2395 1435 2537 1474 anno
2564 1432 2821 1490 sequente
2845 1424 3091 1490 meridie,
3116 1426 3276 1480 tertio
3304 1441 3550 1496 vespero,

1964 1516 2157 1578 quarto
2192 1511 2370 1564 medio
2423 1512 2616 1576 noctis,
2663 1513 2854 1582 quinto
2884 1530 3096 1569 rursum
3143 1516 3196 1569 in
3241 1527 3430 1572 exortu
3469 1532 3552 1570 re-

1964 1612 2208 1663 currens,
2243 1602 2550 1656 necessario
2586 1601 2728 1657 diem
2780 1615 3076 1672 praemonet
3110 1607 3408 1676 augendum
3437 1624 3450 1672 ;
3485 1622 3551 1661 ne

1963 1692 2006 1747 si
2035 1691 2172 1748 forte
2205 1708 2311 1747 non
2341 1695 2589 1759 addatur,
2629 1703 2879 1762 peractos
2903 1697 3178 1768 sexaginta
3204 1698 3438 1766 quinque
3460 1714 3552 1752 an-

274 1786 397 1824 rum
421 1771 754 1841 antiquiores
775 1771 1162 1842 Agathobolus,
1211 1785 1266 1830 et
1290 1778 1357 1832 ab
1379 1791 1444 1832 eo
1464 1779 1708 1836 eruditus
1737 1779 1860 1836 Ari-
1887 1773 1934 1830 Β
1963 1798 2061 1838 nos
2108 1784 2488 1852 aequinoctium
2537 1784 2754 1838 vernale
2800 1785 3030 1840 brumali
3082 1787 3169 1840 die
3218 1789 3497 1856 proveniat
3532 1806 3544 1840 :

271 1861 520 1917 stobulus
547 1877 615 1917 ex
647 1863 891 1918 Paneada
919 1905 934 1928 ,
985 1866 1075 1934 qui
1102 1881 1240 1922 unus
1285 1882 1352 1922 ex
1383 1869 1488 1924 illis
1521 1872 1858 1942 septuaginta

272 1951 584 2007 senioribus
609 1952 709 2006 fuit
754 1953 845 2024 qui
877 1954 1025 2009 missi
1058 1956 1279 2011 fuerunt
1322 1974 1351 2012 a
1396 1961 1742 2031 pontiﬁcibus
1794 1965 1860 2018 a'l

271 2039 639 2096 Ptolomaeum
659 2059 837 2115 regem
858 2085 873 2110 ,
932 2045 1281 2102 Hebraeorum
1310 2049 1476 2106 libros
1518 2052 1860 2123 interpretari

268 2131 328 2184 in
356 2131 608 2188 Graecum
653 2149 958 2190 sermonem
985 2153 1000 2204 ;
1040 2139 1234 2207 quibus
1263 2141 1429 2195 multa
1463 2159 1529 2197 ex
1560 2144 1861 2200 traditioni-

266 2225 376 2280 bus
424 2225 557 2281 Mosi
604 2230 923 2297 proponenti
971 2231 1084 2302 regi
1131 2234 1537 2305 percontatique
1566 2238 1860 2305 responde-

268 2327 420 2371 runt.
462 2318 566 2388 Ipsi
595 2333 743 2390 ergo,
792 2336 917 2375 cum
949 2324 1274 2392 quaestiones
1303 2325 1472 2380 Exodi
1503 2337 1856 2397 exponerent,

266 2409 528 2464 dixerunt
553 2410 758 2468 Pascha
789 2429 894 2469 non
936 2415 1086 2485 prius
1111 2432 1232 2490 esse
1272 2418 1660 2473 immolandum
1693 2435 1856 2490 quam

265 2500 653 2569 aequinoctium
701 2505 920 2560 vernale
968 2487 1239 2562 transiret.
1291 2507 1445 2563 Unde
1493 2523 1592 2564 nos
1638 2524 1860 2565 necesse

266 2601 358 2647 est
383 2634 399 2657 ,
439 2594 510 2648 ob
559 2597 986 2651 conservandam
1028 2599 1270 2654 veritatis
1293 2599 1564 2670 regulam,
1616 2602 1860 2658 dicamus

265 2691 462 2751 aperte
492 2694 549 2738 et
578 2683 787 2739 Pascha
815 2694 940 2740 ante
967 2687 1347 2756 aequinoctium
1385 2689 1740 2760 tenebrasque
1766 2691 1858 2745 de-

263 2774 446 2829 victas
469 2791 575 2829 non
601 2774 1010 2842 immolandum,
1036 2785 1091 2833 et
1117 2778 1220 2834 hoc
1242 2779 1627 2848 aequinoctium
1648 2796 1722 2835 xu
1751 2779 1858 2834 Ka-

263 2867 553 2922 lendarum
585 2866 849 2938 Aprilium
877 2869 964 2924 die
986 2871 1253 2926 veraciter
1277 2871 1651 2929 ascribendum
1677 2892 1690 2937 ;
1719 2875 1857 2929 sicut

261 2975 376 3012 non
427 2957 600 3013 solum
651 2958 975 3014 auctoritate
1021 2968 1272 3029 paterna,
1327 2962 1422 3017 sed
1464 2970 1520 3018 et
1547 2961 1856 3034 horologica

261 3049 704 3105 consideratione
729 3049 1017 3104 docemur:
1068 3052 1161 3106 sed
1190 3059 1247 3107 et
1287 3060 1482 3108 caetera
1508 3054 1608 3108 tria
1645 3063 1852 3125 tempo-

1960 1886 2079 1941 quae
2109 1869 2348 1943 Egyptii
2379 1887 2521 1927 anno
2565 1888 2662 1927 suo
2691 1873 2928 1942 expleto,
2977 1875 3030 1929 id
3058 1883 3141 1929 est
3181 1886 3376 1952 quarto
3429 1876 3545 1930 Kal.

1962 1960 2318 2031 Septembris,
2365 1962 2595 2017 Romani
2623 1971 2776 2018 sexto
2805 1963 2922 2017 Kal.
2954 1963 3152 2029 Martii,
3194 1965 3336 2019 unde
3376 1975 3429 2019 et
3454 1980 3545 2020 no-

1962 2067 2084 2107 men
2109 2054 2346 2122 accepit,
2390 2053 2756 2122 interponunt.
2791 2054 3029 2108 Breviori
3055 2063 3234 2108 autem
3265 2064 3318 2107 et
3343 2055 3545 2126 vulgari

1961 2140 2172 2195 ratione
2221 2142 2519 2195 bissextum
2572 2141 2866 2196 retardatio
2915 2152 3137 2212 generat
3192 2142 3321 2197 solis
3346 2159 3451 2196 non
3479 2145 3543 2199 ad

1959 2231 2200 2285 eamdem
2226 2230 2421 2286 lineam
2445 2233 2678 2300 peractis
2704 2249 2904 2287 cccuv
2932 2234 3119 2288 diebus
3141 2233 3294 2302 plene
3317 2235 3542 2290 redeun-

1961 2323 2046 2377 tis.
2102 2321 2272 2389 Quem
2309 2323 2393 2386 si,
2446 2323 2593 2376 verbi
2622 2324 2813 2394 gratia,
2865 2322 2922 2377 in
2961 2325 3285 2394 aequinoctio
3315 2327 3541 2392 vernali,

1959 2412 2103 2481 quod
2123 2411 2281 2480 juxta
2325 2412 2611 2482 Egyptios
2643 2413 2960 2470 duodecimo
2987 2413 3350 2470 Kalendarum
3381 2416 3541 2486 Apri-

1959 2500 2091 2554 lium
2120 2501 2205 2555 die
2233 2503 2504 2571 provenit,
2555 2511 2862 2574 surgentem
2891 2521 2921 2558 a
2952 2505 3127 2560 medio
3175 2507 3400 2560 orientis
3425 2508 3543 2561 dili-

1958 2601 2148 2662 genter
2175 2591 2522 2648 adnotaveris
2544 2635 2558 2659 ,
2600 2594 2742 2650 hunc
2784 2611 2925 2651 anno
2953 2606 3208 2666 sequente
3237 2600 3323 2654 die
3358 2598 3544 2652 videli-

1958 2693 2045 2739 cet
2069 2685 2254 2739 eodem
2283 2685 2559 2755 aliquanto
2588 2686 2813 2742 inferius
2833 2689 2988 2755 oriri,
3014 2700 3068 2744 et
3104 2691 3282 2756 tertio,
3324 2701 3538 2760 quarto,

1957 2774 2252 2843 quintoque
2277 2775 2520 2829 eamdem
2552 2776 2960 2832 diminutionem
2996 2779 3048 2832 in
3100 2787 3304 2833 tantum
3333 2795 3533 2849 augere

1957 2863 2194 2932 reperies
2218 2872 2275 2917 ut
2300 2864 2401 2918 nisi
2427 2865 2565 2919 diem
2588 2875 2712 2919 ante
2733 2867 3134 2936 superadjicias,
3159 2885 3212 2923 xi
3240 2869 3357 2922 Kal.
3387 2869 3542 2939 Apri-

1958 2953 2025 3007 lis
2053 2953 2432 3023 aequinoctium
2465 2954 2704 3012 facturus
2755 2974 2785 3012 a
2832 2959 3008 3014 medio
3053 2968 3240 3030 surgat
3289 2961 3536 3024 orientis,

1955 3045 2202 3100 eamdem
2250 3046 2456 3101 scilicet
2500 3049 2808 3104 tarditatem
2862 3068 2916 3104 ill
2960 3053 3171 3107 caeteris
3223 3063 3539 3108 servaturus

264 3156 393 3194 rum
419 3137 725 3207 hujusmodi
749 3138 980 3194 conﬁnia
1011 3140 1172 3194 simili
1203 3141 1412 3196 ratione
1437 3141 1641 3212 aliquot
1665 3117 1853 3198 diebus
1880 3117 1924 3180 Ο
1954 3138 2254 3193 exortibus.
2290 3139 2434 3194 DlSC.
2488 3139 2739 3210 Nunquid
2769 3142 2822 3195 in
2849 3141 2989 3196 lunae
3031 3158 3192 3198 cursu
3223 3144 3541 3212 quadrantis

261 3239 398 3283 ante
439 3236 690 3282 octavum
711 3227 1068 3283 Kalendarum
1086 3231 1420 3299 sequentium
1449 3247 1571 3288 esse
1595 3234 1849 3288 notanda.

262 3321 463 3392 Igitur,
490 3319 630 3374 sicut
658 3333 818 3390 supra
840 3319 907 3375 de
935 3320 1393 3376 vicissitudinibus
1415 3322 1668 3388 diximus,
1699 3324 1772 3378 ita
1797 3335 1852 3380 et

260 3429 416 3470 nunc
449 3412 515 3468 de
539 3412 657 3468 istis
682 3422 911 3483 quatuor
939 3413 1184 3468 terminis
1213 3413 1460 3468 dicimus.
1493 3413 1630 3483 Quia
1659 3430 1690 3468 a
1717 3415 1850 3470 duo-

265 3505 479 3560 decima
513 3501 630 3558 Kal.
657 3501 882 3573 Aprilis,
929 3505 1072 3574 quod
1093 3511 1178 3558 est
1197 3503 1578 3575 aequinoctium
1606 3506 1846 3573 vernale,

265 3608 445 3664 usque
477 3593 530 3647 in
563 3593 827 3648 decimum
855 3594 1072 3648 tertium
1094 3593 1212 3648 Kal.
1229 3593 1376 3660 Julii,
1395 3604 1520 3651 sunt
1539 3595 1655 3652 dies
1678 3611 1847 3652 nona-

257 3687 412 3756 ginta
453 3693 508 3740 et
538 3699 696 3740 unus.
744 3685 788 3739 A
811 3685 1127 3742 duodecimo
1158 3685 1276 3741 Kal.
1321 3684 1445 3742 Julii
1469 3703 1640 3758 usque
1676 3689 1732 3744 in
1755 3691 1847 3745 de-

257 3778 468 3832 cimum
511 3773 728 3830 tertium
776 3774 894 3829 Kal.
944 3774 1194 3833 Octobris
1245 3777 1495 3833 similiter
1519 3779 1636 3834 dies
1678 3794 1845 3833 nona-

257 3869 408 3936 ginta
436 3874 491 3921 et
515 3881 675 3921 unus.
723 3866 765 3918 A
789 3865 998 3922 decimo
1026 3867 1188 3923 tertio
1238 3866 1355 3922 Kal.
1387 3868 1636 3923 Octobris
1675 3884 1847 3938 usque

257 3962 312 4015 in
344 3959 617 4013 decimum
662 3957 909 4027 quintum
961 3957 1076 4012 Kal.
1119 3957 1391 4024 Januarii,
1444 3960 1692 4014 similiter
1729 3960 1846 4016 dies

256 4050 553 4119 nonaginta
600 4056 655 4104 et
701 4064 859 4104 unus.
911 4049 954 4103 A
983 4049 1193 4106 decimo
1239 4051 1399 4106 tertio
1450 4049 1568 4106 Kal.
1595 4049 1842 4107 Januarii

254 4153 433 4208 usque
461 4139 514 4192 in
562 4137 829 4194 decimum
878 4145 1133 4208 quartum
1183 4133 1300 4192 Kal.
1349 4137 1552 4209 Aprilis
1597 4139 1846 4194 similiter

253 4236 386 4285 sunt
416 4229 531 4283 dies
552 4228 843 4299 nonaginta
867 4237 922 4284 et
947 4242 1105 4284 unus.
1143 4228 1304 4284 Fiunt
1328 4243 1517 4288 omnes
1541 4229 1701 4284 simul
1729 4230 1844 4285 dies

252 4317 496 4380 trecenti,
519 4317 796 4387 sexaginta
820 4326 946 4383 tres,
977 4327 1032 4372 et
1060 4326 1302 4374 remanet
1320 4319 1435 4374 dies
1455 4335 1593 4375 unus
1622 4319 1688 4374 de
1715 4320 1842 4374 anni

252 4405 486 4470 circulo,
533 4415 592 4459 et
617 4420 714 4460 sex
753 4406 922 4472 horae,
965 4422 1085 4476 quae
1128 4423 1226 4478 per
1251 4424 1687 4480 unumquemque
1739 4426 1838 4464 an-

251 4513 386 4552 num
411 4505 632 4566 propter
653 4497 912 4552 rationem
934 4498 1156 4554 bissexti
1179 4515 1490 4557 accrescere
1511 4482 1835 4572 probantur;
1867 4471 1918 4530 Β

1915 4619 1918 4621 -
1942 4584 2029 4638 nis
2057 4584 2242 4655 viginti
2266 4600 2456 4638 novem
2484 4585 2713 4650 dierum,
2740 4601 2881 4640 anno
2902 4595 3080 4641 autem
3108 4587 3371 4644 bissextili
3395 4606 3516 4644 cum

249 4602 378 4657 quae
405 4588 449 4642 si
479 4587 788 4641 dividantur
811 4603 909 4656 per
930 4599 1162 4659 quatuor
1191 4599 1396 4660 partes,
1434 4600 1489 4647 et
1516 4591 1721 4648 fuerint
1745 4594 1836 4646 ad-

245 4677 412 4746 jectae
460 4677 708 4746 partibus
736 4679 1104 4754 superioribus
1125 4719 1142 4746 ,
1181 4689 1338 4734 erunt
1366 4681 1653 4752 unicuique
1696 4683 1838 4752 parti

248 4769 375 4822 dies
427 4767 719 4837 nonaginta
749 4777 803 4822 et
835 4783 974 4824 unus
1018 4776 1074 4824 et
1099 4777 1303 4839 septem
1332 4770 1478 4825 horae
1519 4779 1573 4825 et
1616 4771 1836 4825 dimidia

249 4857 413 4911 hora.
457 4853 564 4910 Sed
605 4857 896 4910 notandum
934 4857 1078 4926 quod
1106 4858 1492 4926 aequinoctialis
1525 4857 1642 4914 dies
1689 4860 1838 4915 omni

250 4946 464 5001 mundo
485 4947 707 5016 aequalis
729 4955 832 5002 est.
881 4948 1044 5002 Vario
1072 4955 1251 5003 autem
1277 4948 1409 5004 lucis
1433 4949 1762 5005 incremento
1784 4951 1838 5004 in

252 5037 442 5092 Meroe
465 5037 808 5107 longissimus
836 5039 950 5093 dies
977 5037 1255 5093 duodecim
1287 5038 1448 5093 horas
1490 5040 1839 5108 aequinoctia-

250 5128 340 5184 les
384 5136 440 5182 et
486 5137 608 5182 octo
635 5138 816 5198 partes
851 5129 1024 5189 unius
1053 5129 1200 5185 horae
1228 5127 1457 5197 colligit,
1500 5129 1840 5186 Alexandriae

250 5233 394 5272 vero
425 5219 831 5286 quatuordecim
879 5219 1062 5284 horas,
1108 5219 1162 5272 in
1208 5218 1359 5273 Italia
1398 5219 1728 5288 quindecim,
1783 5221 1838 5274 in

249 5309 545 5366 Britannia
594 5309 996 5380 septemdecim,
1043 5309 1135 5365 ubi
1182 5316 1367 5364 aestate
1420 5309 1608 5365 lucidas
1654 5319 1840 5366 noctes

249 5400 406 5455 haud
446 5399 606 5454 dubie
632 5408 898 5455 testantur
925 5399 977 5454 id
1006 5400 1147 5470 quod
1173 5399 1316 5470 cogit
1358 5398 1497 5454 ratio
1538 5401 1708 5466 credi,
1735 5400 1842 5457 sol—

253 5489 395 5544 stitii
439 5489 629 5545 diebus
657 5489 947 5544 accedente
993 5489 1104 5545 sole
1130 5490 1352 5560 propius
1376 5490 1631 5544 verticem
1655 5492 1838 5549 mundi

252 5591 493 5653 angusto
540 5581 674 5637 lucis
716 5583 920 5637 ambitu
963 5580 1201 5650 subjecta
1234 5590 1392 5637 terrae
1413 5581 1696 5638 continuos
1726 5583 1841 5638 dies

256 5675 468 5730 habere
495 5674 639 5728 senis
664 5673 937 5729 mensibus
965 5683 1254 5743 noctesque
1300 5689 1330 5728 e
1375 5673 1588 5729 diverso
1623 5674 1688 5728 ad
1717 5673 1840 5728 bru-

1957 3231 2221 3284 rationem
2266 3230 2557 3285 observare
2587 3229 2892 3286 debemus?
2928 3232 3066 3287 MAG.
3123 3233 3390 3288 Debemus
3427 3232 3537 3288 uti-

1953 3333 2095 3387 que:
2143 3318 2268 3388 quia
2297 3319 2340 3372 si
2381 3319 2522 3374 lunae
2549 3320 2900 3389 quadrantem
2935 3323 3346 3379 accommodare
3373 3337 3538 3393 nega-

1950 3408 2112 3472 veris,
2168 3408 2262 3463 sed
2311 3409 2574 3464 bissextili
2605 3426 2746 3466 anno
2767 3412 3006 3481 ejusdem
3038 3414 3357 3483 quantitatis
3387 3428 3538 3467 men-

1947 3515 2062 3554 sem
2092 3499 2334 3555 lunarem
2348 3501 2664 3570 Februario,
2689 3501 2841 3572 cujus
2863 3513 2918 3559 et
2945 3514 3101 3559 antea
3124 3505 3355 3570 solebas,
3389 3514 3536 3574 apta-

1947 3589 2110 3654 veris,
2141 3590 2198 3643 ﬁt
2223 3589 2467 3660 profecto
2499 3601 2556 3646 ut
2583 3601 2640 3647 et
2661 3596 3067 3664 quartadecima
3110 3596 3232 3650 luna
3262 3597 3535 3666 paschalis

1947 3679 2191 3749 ejusdem
2220 3681 2349 3735 anni
2377 3683 2550 3751 pridie
2581 3698 2740 3749 quam
2765 3685 3029 3738 debuerat
3066 3686 3340 3749 adveniat,
3385 3687 3533 3740 idco-

1945 3781 2050 3836 que
2072 3768 2341 3836 paschalis
2373 3770 2511 3823 ratio
2538 3770 2770 3834 vacillet,
2806 3779 2860 3825 ct
2891 3780 3038 3828 totus
3079 3787 3199 3826 mox
3234 3774 3359 3826 anni
3400 3790 3524 3828 cur-

1945 3871 2038 3912 sus
2069 3857 2283 3921 titubet,
2317 3865 2602 3927 statusque,
2628 3859 2714 3913 ille
2742 3875 2954 3930 semper
2996 3861 3320 3928 inviolabilis
3341 3863 3529 3917 circuli

1945 3949 2432 4005 decennovennalis
2459 3951 2629 4021 magis
2659 3953 2934 4022 magisque
2959 3955 3205 4009 turbatus
3229 3964 3524 4010 evertatur.

1945 4039 2124 4108 Quare
2160 4049 2372 4110 oportet
2398 4051 2454 4096 ut
2505 4043 2644 4097 sicut
2681 4045 2918 4100 dictante
2945 4047 3261 4115 quadrantis
3313 4048 3527 4102 ratione

1944 4141 2138 4202 quarto
2171 4148 2348 4208 anno,
2368 4150 2528 4206 quem
2558 4135 2884 4189 bissextilem
2907 4136 3159 4201 dicimus,
3188 4152 3352 4192 unum
3382 4139 3524 4191 diem

1944 4223 2105 4278 solari
2137 4222 2421 4291 adjicimus
2467 4240 2609 4280 anno
2637 4266 2652 4290 ,
2691 4226 2940 4281 similiter
2981 4228 3151 4282 lunari
3189 4245 3353 4284 unam
3383 4231 3524 4285 diem

1944 4313 2290 4384 adjiciamus,
2329 4329 2558 4384 eamque
2602 4313 2740 4368 lunae
2765 4317 2967 4371 mensis
2995 4317 3273 4372 Februarii
3317 4320 3523 4374 tribua-

1944 4419 2085 4468 mus,
2113 4404 2227 4458 sive
2275 4403 2418 4458 illam
2463 4413 2588 4458 ante
2614 4405 2988 4460 intercalatum
3018 4408 3370 4476 quadrantem
3423 4425 3518 4464 seu

1942 4495 2282 4564 postmodum
2310 4495 2588 4550 terminari
2615 4495 2928 4566 contingat;
2961 4505 3021 4551 ut
3047 4512 3166 4566 qua:
3188 4499 3400 4554 caeteris
3426 4515 3520 4554 an-

1944 4675 2159 4746 triginta
2211 4683 2588 4746 computetur;
2639 4676 2859 4746 ipseque
2901 4691 3094 4743 annus,
3141 4678 3186 4732 si
3215 4681 3519 4737 communis

1941 4766 2034 4832 sit,
2064 4782 2187 4821 cum
2209 4781 2371 4823 ccccv
2395 4768 2611 4832 diebus;
2641 4768 2684 4823 si
2707 4768 3071 4832 embolismus,
3106 4784 3226 4823 cum
3243 4786 3516 4826 cccuxxv

1941 4856 2292 4926 compleatur.
2334 4856 2532 4926 Sicque
2584 4859 2645 4911 lit
2693 4865 2750 4911 ut
2793 4857 2846 4911 in
2894 4873 3001 4912 una
3040 4859 3334 4929 eademque
3362 4873 3514 4915 sexta

1942 4944 2298 5000 Kalendarum
2325 4944 2638 4998 Martiarum
2670 4943 2832 5009 linea,
2874 4952 2931 4998 et
2965 4944 3018 4998 in
3060 4945 3174 5000 sole
3217 4955 3272 5000 et
3314 4947 3364 4999 in
3388 4945 3511 4999 luna

1941 5050 2196 5090 numerus
2244 5035 2564 5104 geminetur.
2619 5033 2687 5089 Ut
2737 5034 2791 5087 i‘n
2837 5035 3088 5104 praesenti
3135 5049 3312 5099 anno,
3363 5036 3512 5088 verbi

1939 5126 2134 5195 gratia,
2188 5127 2393 5179 scittam
2442 5124 2826 5196 septimamque
2859 5125 3106 5195 ponimus
3148 5125 3334 5178 feriam
3365 5165 3380 5188 ,
3437 5126 3510 5179 ita

1941 5217 2136 5271 ibidem
2176 5223 2386 5271 sextam
2424 5215 2814 5286 septimamque
2855 5231 3118 5285 ponamus
3145 5215 3346 5267 lunam.
3401 5214 3512 5271 llac

1940 5320 2156 5375 semper
2180 5305 2444 5360 industria
2488 5305 2794 5375 pervigiles,
2830 5314 2889 5359 ut
2937 5320 3059 5358 cum
3101 5303 3280 5357 lunam
3311 5305 3513 5359 mensis

1940 5394 2221 5451 Februarii
2251 5396 2305 5449 in
2343 5411 2484 5450 anno
2511 5395 2775 5450 bissextili
2814 5395 3034 5464 triginta
3073 5395 3274 5449 habere
3323 5393 3514 5450 feceri—

1941 5504 2078 5551 mus,
2131 5487 2184 5541 in
2219 5487 2408 5542 diebus
2445 5495 2620 5540 tamen
2649 5485 3006 5539 Kalendarum
3053 5485 3388 5550 Martiarum,
3421 5502 3514 5540 ex-

1941 5588 2094 5649 cepto
2120 5579 2291 5634 solum
2326 5579 2608 5634 undecimo
2628 5575 2814 5631 circuli
2843 5575 3326 5632 deccnnovennalis
3346 5591 3514 5642 anno,

1940 5672 2109 5743 ipsam
2140 5687 2300 5741 quam
2324 5679 2377 5727 et
2399 5679 2522 5725 ante
2544 5677 2896 5724 consueverat
2928 5669 3051 5723 luna
3076 5675 3252 5724 servet
3272 5675 3508 5723 aetatem.
