3962 6198
412 285 515 341 699

1083 282 1143 337 Β.
1186 281 1441 337 RABANI
1481 282 1702 337 MAURl
1734 280 2049 338 meumr.
2093 278 2401 337 uocum".
2444 246 2728 337 orsum!
2763 279 2946 336 rans
2985 281 3026 335 ι.

3562 287 3669 342 700

407 403 614 471 Quibus
647 409 823 457 autem
871 374 1155 471 quanttsve
1202 409 1501 471 temporum
1530 403 1807 473 particulis
1836 402 1979 457 idem
2006 400 2056 458 A
2081 397 2371 454 Novembri
2399 399 2600 455 mensis
2633 399 2896 466 agendum
2927 398 3100 467 magis
3121 395 3441 465 autument;
3480 412 3672 471 quate-

408 492 549 548 lunte
572 492 844 561 quadrans
890 499 1194 555 accrescat,
1233 491 1436 561 majore
1483 493 1713 562 quassitu
1758 493 1977 563 indiget.

408 581 651 653 Namque
686 596 807 637 cum
836 581 951 650 ipso
980 583 1279 651 quadrante
1325 583 1489 638 etiam
1517 584 1704 639 crebra
1734 584 1984 639 embolis-

409 691 620 734 morum
646 674 967 744 interruptio
989 685 1044 730 et
1069 674 1238 731 saltus
1265 691 1477 745 quoque
1504 676 1710 732 ratione
1739 684 1847 730 tota
1878 677 1988 731 dis-

411 783 601 824 cursus
621 766 826 822 lunaris
853 781 1112 823 mensura
1146 767 1212 821 ad
1241 782 1434 837 purum
1462 781 1529 821 ne
1556 767 1794 836 diguosci
1825 774 1989 836 queat

305 903 312 910 .
409 860 642 916 obsistit.

1012 950 1238 1007 CAPUT
1274 950 1385 1007 LV.

608 1040 980 1112 Argumentum
1007 1041 1077 1095 ad
1101 1042 1382 1096 bissextum
1405 1041 1767 1095 inveniendum

481 1133 637 1189 Dtsc.
660 1132 860 1189 Vellem
887 1140 948 1187 ut
994 1132 1208 1203 aliquod
1250 1142 1625 1204 argumentum
1666 1134 1800 1188 mihi
1831 1134 1990 1189 dares

414 1242 508 1296 per
534 1225 675 1295 quod
704 1225 843 1282 scire
873 1241 1084 1296 possem
1113 1235 1295 1281 utmm
1346 1226 1641 1282 bissextilis
1679 1242 1852 1283 annus
1888 1227 1984 1281 fie-

412 1325 513 1380 ret,
557 1331 623 1370 an
651 1316 812 1371 etiam
861 1317 1268 1388 praeparationis
1310 1317 1554 1372 bissexti.
1610 1315 1750 1373 MAG.
1800 1315 1859 1372 Si
1886 1317 1987 1373 hoc

410 1424 571 1464 nosse
603 1410 895 1476 desideres,
928 1426 1081 1466 sume
1097 1426 1263 1466 annos
1287 1411 1354 1466 ab
1381 1412 1755 1467 incarnatione
1776 1411 1988 1466 Domini

408 1512 754 1574 quotcunque
804 1506 1023 1573 fuerint,
1058 1516 1118 1561 ut
1158 1514 1286 1576 puta
1318 1507 1370 1561 in
1401 1508 1650 1576 praesenti
1704 1505 1828 1562 820.
1880 1506 1989 1562 Hos

407 1596 612 1664 partire
657 1611 756 1667 per
788 1606 1037 1667 quatuor,
1095 1599 1222 1668 quia
1276 1599 1550 1653 bissextus
1600 1607 1721 1668 post
1758 1606 1989 1669 quatuor

409 1701 579 1741 annos
617 1697 865 1757 peractos
915 1689 1221 1744 intervenit.
1260 1690 1463 1757 Quater
1502 1706 1634 1759 ergo
1678 1706 1761 1756 cc,
1815 1706 1982 1754 accc;

409 1789 602 1848 quater
636 1796 687 1846 v,
719 1798 813 1836 xx.
844 1783 910 1836 Et
939 1783 1066 1852 quia
1101 1782 1231 1837 nihil
1257 1793 1519 1847 remanet,
1569 1798 1742 1838 annus
1767 1791 1850 1838 est
1880 1782 1987 1838 bis-

409 1873 637 1929 sextilis.
679 1872 737 1928 Si
767 1890 894 1946 ergo
923 1891 1061 1930 unus
1082 1877 1420 1943 rananserit,
1457 1876 1663 1945 primus
1699 1883 1782 1930 est
1816 1891 1989 1930 annus

328 1978 341 1981 '
410 1966 821 2036 prmparationis
867 1967 1112 2024 bissexti.
1164 1967 1220 2024 Si
1249 1968 1387 2034 duo,
1417 1967 1723 2034 secundus;
1781 1968 1824 2023 si
1854 1975 1984 2032 tres,

412 2056 625 2113 tertius.

1000 2146 1225 2205 CAPUT
1259 2149 1390 2205 LVI.

959 2240 1038 2296 De
1064 2241 1202 2297 saltu
1231 2241 1427 2298 lunari.

479 2327 623 2383 DISC.
650 2328 727 2383 De
754 2328 893 2384 saltu
919 2329 1057 2386 luna:
1102 2346 1267 2401 posco
1295 2341 1352 2385 ut
1379 2332 1632 2388 similiter
1657 2333 1788 2388 mihi
1816 2336 1987 2391 ratio-

409 2433 534 2472 nem
563 2418 804 2488 proferas
826 2420 965 2475 sicut
991 2428 1045 2475 et
1075 2421 1141 2476 de
1188 2422 1429 2478 hissexto
1469 2421 1664 2477 fecisti.
1695 2422 1835 2479 Msa.
1867 2423 1989 2479 Sal-

410 2517 524 2563 tum
552 2509 692 2564 luna:
728 2510 877 2566 locus
921 2519 976 2566 et
1017 2512 1151 2567 hora
1180 2513 1339 2567 citior
1385 2513 1713 2570 incensionis
1746 2515 1863 2586 ejus
1891 2529 1991 2585 per

409 2599 776 2655 novemdecim
824 2616 994 2657 annos
1050 2600 1227 2657 ellicit.
1276 2601 1531 2670 Quamvis
1577 2604 1721 2660 enim
1770 2605 1990 2676 quidam

408 2692 646 2763 singulas
669 2693 823 2749 lunas
850 2694 1037 2765 viginti
1065 2711 1254 2751 novem
1282 2697 1444 2752 semis
1470 2697 1657 2753 diebus
1678 2706 1992 2768 computan-

410 2788 516 2846 tes,
549 2782 887 2838 incensiones
939 2800 1125 2839 earum
1172 2787 1348 2841 medio
1393 2787 1497 2842 diei
1526 2797 1580 2842 et
1609 2788 1785 2844 medio
1812 2789 1988 2845 noctis

409 2887 624 2943 semper
663 2873 949 2941 alternent,
1000 2891 1107 2931 non
1156 2875 1206 2930 in
1243 2876 1345 2931 hoc
1372 2888 1551 2933 tamen
1576 2878 1862 2934 veritatem
1890 2893 1988 2933 na-

410 2973 545 3019 turae
580 2964 674 3019 sed
721 2964 1015 3020 calculandi
1065 2964 1380 3022 facilitatem
1432 2968 1726 3038 inquirunt.
1782 2967 1915 3024 Nam
1943 2968 1990 3025 si

411 3060 660 3107 naturam
681 3068 915 3122 quaeras,
937 3054 1064 3109 luna
1091 3056 1249 3125 primi
1280 3056 1500 3124 mensis,
1527 3072 1645 3129 quae
1674 3075 1815 3114 nunc
1837 3061 1986 3115 verbi
2015 3097 2059 3161 Ο

410 3144 581 3214 gratia
610 3142 853 3209 meridie,
895 3154 949 3201 et
996 3149 1237 3213 secundi,
1284 3164 1403 3218 quae
1426 3165 1570 3206 nunc
1598 3151 1652 3205 in
1684 3152 1862 3208 medio
1885 3169 1983 3209 no-

411 3235 513 3291 ctis
540 3236 871 3303 accenditur,
911 3252 1050 3293 anno
1088 3238 1267 3295 futuro
1292 3240 1422 3295 hora
1453 3250 1509 3296 et
1532 3241 1717 3298 decem
1743 3237 1989 3300 momen-

411 3326 484 3381 tis
507 3334 563 3382 et
593 3327 813 3383 dimidio
846 3330 1099 3384 momenti
1145 3339 1198 3385 et
1227 3330 1434 3386 decima
1470 3348 1608 3386 nona
1646 3342 1799 3403 parte
1826 3335 1985 3390 dimi-

412 3415 482 3471 dii
512 3417 766 3471 momenti
794 3426 918 3473 ante
943 3419 1178 3473 medium
1204 3419 1309 3474 diei
1353 3420 1436 3475 vel
1460 3422 1634 3476 noctis
1662 3422 1981 3479 illustratur.

411 3503 521 3562 Nec
548 3514 724 3561 tamen
752 3508 852 3563 hac
882 3508 1219 3565 distinctione
1242 3510 1308 3565 ad
1338 3519 1546 3565 certum
1581 3513 1881 3569 embolismi
1904 3515 1987 3570 vel

411 3598 711 3653 communis
734 3600 861 3653 anni
889 3600 1190 3664 terminum,
1221 3601 1312 3657 sed
1342 3601 1407 3657 ad
1431 3617 1639 3673 mquam
1670 3603 1987 3661 divisionem

413 3688 779 3744 novemdecim
815 3689 981 3744 tendit
1009 3705 1291 3745 annorum.
1349 3689 1545 3762 Sicque
1572 3708 1671 3763 per
1693 3695 1984 3752 novemde-

412 3780 517 3833 cim
541 3794 710 3835 annos
734 3780 935 3835 lunaris
962 3782 1209 3837 accensio
1238 3797 1355 3837 sese
1381 3785 1803 3853 praeoccupando
1827 3786 1986 3841 unius

410 3867 516 3924 diei
573 3869 806 3940 spatium
853 3871 1139 3936 amittens,
1202 3872 1449 3928 ultimum
1502 3874 1986 3930 decennovennalis

411 3958 548 4032 cycli
572 3974 769 4013 annum
799 3975 1098 4015 cccnxxxm
1128 3961 1315 4017 diebus
1344 3961 1803 4034 facitcomputari.
1833 3962 1985 4031 Quod

411 4053 455 4108 si
484 4051 662 4106 facere
686 4050 952 4123 'negligas
1000 4068 1097 4123 per
1132 4053 1437 4123 quindecim
1490 4055 1987 4112 decennoveanales

410 4143 611 4213 cyclos,
661 4143 847 4212 quinta
892 4144 1098 4200 decima
1133 4146 1258 4200 luna
1308 4145 1404 4200 tibi
1432 4147 1520 4201 ubi
1552 4148 1725 4216 prima
1766 4156 1987 4218 putatur

408 4241 679 4288 occurret.
730 4233 870 4289 Disc.
909 4233 1179 4302 Quantum
1215 4235 1269 4290 in
1302 4250 1412 4291 uno
1441 4252 1583 4293 anno
1610 4238 1873 4294 accrescit
1918 4238 1985 4294 de

412 4325 551 4379 saltu
582 4323 796 4378 lunari?
827 4324 968 4380 Mm.
999 4324 1138 4381 Hora
1165 4335 1219 4383 et
1244 4343 1386 4383 unus
1412 4337 1644 4399 punctus
1684 4320 1741 4384 et
1777 4329 1985 4386 decima

412 4432 552 4471 nona
592 4432 719 4487 pars
743 4417 901 4473 unius
923 4420 1128 4488 puncti,
1159 4420 1272 4476 sive
1297 4421 1401 4476 alio
1435 4421 1592 4479 modo
1620 4421 1800 4489 dicas,
1850 4423 1984 4478 hora
2010 4451 2063 4512 Β

414 4516 469 4562 et
497 4508 680 4563 decem
708 4518 978 4563 momenta
1007 4518 1061 4564 et
1086 4511 1363 4571 dimidium
1384 4521 1712 4568 momentum
1740 4522 1794 4568 et
1816 4529 1987 4569 nona-

413 4601 619 4655 decima
668 4600 872 4655 dimidii
920 4604 1195 4669 momenti,
1235 4604 1375 4658 sicut
1422 4618 1584 4672 supra
1630 4603 1983 4661 ostendimus.

413 4691 559 4747 DISC.
618 4691 886 4757 Quantum
930 4692 982 4746 in
1028 4707 1137 4748 uno
1167 4707 1347 4773 mense
1392 4695 1611 4750 lunari?
1648 4695 1785 4751 MAG.
1819 4696 1989 4764 Quin-

411 4783 668 4853 quaginta
695 4789 749 4836 et
770 4781 870 4836 tria
896 4791 1164 4837 momenta
1193 4791 1246 4837 et
1268 4783 1505 4854 quinque
1518 4790 1748 4840 ostenta.
1777 4785 1836 4840 ln
1857 4800 1973 4840 uno

411 4866 626 4946 quoque
679 4888 808 4944 ergo
838 4889 1020 4930 mense
1053 4883 1284 4944 quatuor
1317 4876 1602 4931 momentis
1650 4883 1707 4931 et
1748 4877 1985 4947 quinque

2018 1749 2061 1809 Β

2084 506 2188 546 nus
2214 490 2517 561 hujusmodi
2571 491 2971 561 impedimentis
3007 508 3130 548 cum
3162 494 3516 563 praecedentis
3543 499 3672 553 anui

2086 581 2193 637 ﬁne
2216 582 2477 638 absolutis
2497 576 2696 637 novdm
2720 583 2786 638 de
2811 592 3006 638 cetera
3035 599 3237 638 annum
3268 585 3439 643 libero
3460 591 3676 658 possint

2087 684 2337 744 computo
2383 675 2630 746 ingredi;
2673 676 2827 746 juxta
2862 676 3165 745 exemplum
3206 679 3459 736 videlicet
3499 680 3675 753 Egy-

2086 769 2346 837 ptiorum,
2378 768 2469 837 qui
2496 768 2599 823 hoc
2632 768 2929 836 penultimo
2956 769 3084 822 anni
3113 770 3197 824 sui
3226 785 3434 835 mense,
3461 774 3556 842 qui
3586 785 3676 829 est

2088 868 2272 915 noster
2289 857 2482 924 Julius,
2522 857 2703 913 facere
2737 859 3108 927 perhibentur.
3137 858 3242 914 Sed
3271 862 3387 916 sive
3420 861 3529 924 hic,
3556 865 3678 918 sive

2088 952 2220 1015 illic,
2252 951 2364 1006 sive
2384 950 2511 1004 alibi
2536 948 2751 1015 feceris,
2782 963 3004 1004 necesse
3031 960 3115 1005 est
3141 950 3358 1018 ibidem,
3405 953 3459 1007 ni
3488 951 3673 1019 fallor,

2090 1053 2200 1099 tres
2224 1044 2426 1114 pariter
2453 1056 2667 1097 menses
2705 1043 3179 1099 undetriceuorum
3213 1053 3532 1114 computare
3559 1046 3677 1101 die-

2089 1148 2230 1187 rum.

2679 1223 2905 1279 CAPUT
2941 1222 3095 1278 LVII.

2488 1312 2565 1367 De
2595 1313 3040 1371 decennouenuale
3072 1314 3287 1368 circulo.

2157 1402 2301 1458 DISC.
2336 1403 2827 1459 Decennovennalis
2859 1419 2989 1474 ergo
3032 1404 3218 1461 circuli
3250 1405 3545 1469 rationem,
3573 1408 3671 1477 qui

2087 1494 2280 1550 saltum
2310 1494 2552 1549 lunarem
2575 1494 2748 1566 gignit
2783 1504 2839 1550 et
2869 1494 3010 1550 lunae
3040 1511 3256 1551 cursum
3280 1488 3526 1561 ordinat,
3558 1498 3671 1552 vel-

2086 1586 2192 1642 lem
2221 1601 2251 1640 a
2278 1595 2329 1642 te
2356 1587 2541 1641 audire
2560 1594 2615 1641 et
2640 1594 2958 1658 argumento
2989 1587 3278 1657 conjicere.
3312 1588 3450 1644 Mss.
3480 1588 3673 1643 Circu-

2088 1676 2198 1731 lum
2227 1676 2747 1735 deccunovenualem
2795 1685 3017 1746 propter
3058 1678 3465 1747 quatuordecim
3514 1678 3672 1734 lunas

2088 1766 2370 1838 paschales
2418 1765 2631 1821 Nictena
2688 1768 2923 1837 synodus
2980 1768 3244 1834 instituit,
3297 1782 3364 1824 eo
3409 1770 3554 1838 quod
3599 1771 3672 1824 ad

2087 1861 2333 1916 eumdem
2379 1875 2712 1930 unaqumque
2762 1861 2889 1915 luna
2938 1876 3037 1931 per
3080 1862 3448 1918 novemdecim
3499 1876 3674 1918 annos

2088 1951 2362 2007 inerrabili
2392 1967 2553 2007 cursu
2582 1953 2766 2007 redeat
2791 1970 2804 2017 ;
2844 1953 2936 2022 qui
2962 1952 3219 2008 dividitur
3240 1955 3293 2008 in
3323 1954 3595 2025 ogdoadas
3616 1962 3674 2008 et

2087 2038 2411 2106 endecadas,
2466 2042 2570 2096 hoc
2595 2050 2677 2096 est
2705 2042 2758 2096 in
2789 2051 2911 2098 octo
2939 2050 2994 2097 et
3019 2043 3267 2099 undecim
3298 2059 3491 2100 annos.
3533 2042 3674 2100 Octo
3770 2032 3783 2057 ⁸

2088 2134 2232 2190 enim
2258 2133 2384 2188 anni
2413 2133 2627 2189 lunares
2654 2134 2873 2189 totidem
2899 2149 3070 2190 annos
3091 2135 3298 2191 salares
3323 2135 3532 2195 duobus
3556 2143 3676 2191 tan-

2089 2235 2201 2282 tum
2246 2226 2435 2282 diebus
2487 2226 2917 2283 transcendunt:
2957 2242 3185 2296 quorum
3229 2227 3366 2282 alter
3393 2228 3458 2281 ad
3482 2227 3672 2297 exple-
3714 2240 3723 2244 ’

2088 2325 2328 2373 mentum
2369 2317 2606 2373 occurrit
2632 2317 2918 2377 endecadis
2935 2357 2950 2380 ,
2981 2316 3119 2371 alter
3140 2317 3351 2372 ratione
3375 2316 3548 2372 saltus
3568 2317 3667 2372 ab—

2088 2410 2336 2465 sumitur.
2363 2409 2614 2479 Alioquin
2644 2409 2876 2464 endecas
2901 2400 3094 2464 solaris
3132 2424 3239 2463 uno
3266 2410 3351 2464 die
3380 2417 3674 2494 transceu:

2089 2502 2242 2558 deret
2266 2501 2528 2557 lunarem.
2582 2502 2733 2557 Licet
2775 2502 2993 2571 quidam
3021 2501 3287 2558 violenter
3339 2502 3438 2558 hos
3467 2504 3588 2558 dies
3617 2511 3676 2559 et

2087 2595 2340 2653 bissenis
2373 2603 2496 2652 octo
2521 2610 2786 2650 annorum
2828 2594 3076 2667 supplere
3101 2596 3363 2661 nitantur,
3409 2610 3533 2651 cum
3562 2597 3677 2651 bis-

2089 2697 2273 2746 sextus
2301 2689 2471 2744 soleat
2507 2688 2561 2743 in
2588 2703 2773 2744 mense
2810 2687 3108 2743 Februario
3144 2686 3241 2743 soli
3275 2688 3594 2756 superfusus
3619 2695 3675 2744 et

2089 2779 2230 2834 lunae
2258 2778 2440 2834 futuro
2461 2778 2690 2848 tempori
2731 2776 2865 2832 nihil
2892 2776 3260 2846 prejudicare,
3308 2785 3364 2831 et
3400 2777 3501 2845 ipsi
3548 2776 3676 2832 nul-

2089 2870 2199 2926 lum
2237 2870 2477 2925 indecadi
2528 2868 2829 2923 bissextum
2876 2866 3094 2921 addant.
3134 2866 3205 2922 Ut
3252 2880 3382 2935 ergo
3427 2866 3675 2935 apertius

2091 2962 2282 3025 dicam,
2315 2963 2421 3018 duo
2442 2961 2582 3015 lume
2598 2959 2715 3015 dies
2741 2959 2833 3029 qui
2861 2965 3149 3027 supersunt
3168 2958 3220 3011 in
3242 2955 3506 3027 ogdoade,
3537 2956 3677 3013 duos

2091 3054 2184 3126 qui
2209 3053 2403 3109 desunt
2428 3052 2483 3107 in
2508 3051 2777 3107 endecade
2805 3048 3169 3120 complebunt.

2646 3160 2873 3218 CAPUT
2911 3160 3085 3215 LVIII.

2089 3237 2464 3307 Argumentum
2489 3234 2559 3289 ad
2587 3232 2947 3307 inpertiendum
2972 3241 3160 3307 quotus
3191 3229 3254 3286 sit
3280 3246 3452 3284 cum
3480 3228 3677 3283 circuli

2624 3300 3110 3357 decennouemtaﬂs.

2160 3419 2219 3477 Si
2248 3434 2378 3491 ergo
2402 3418 2539 3474 velis
2560 3423 2877 3487 argumento
2901 3428 3226 3485 cognoscere
3243 3419 3441 3482 quotus
3469 3412 3543 3467 sit
3571 3427 3675 3467 arr-

2089 3529 2191 3569 nus
2212 3511 2397 3567 circuli
2427 3505 2928 3571 decennovennalis,
2971 3519 3126 3561 sume
3161 3519 3331 3559 annos
3373 3503 3443 3558 ab
3490 3503 3677 3557 incar-

2089 3605 2307 3660 natione
2334 3602 2546 3657 Domini
2570 3605 2701 3671 quot
2722 3599 2943 3663 fuerint,
2965 3604 3020 3652 et
3038 3611 3204 3651 unum
3231 3609 3442 3666 semper
3465 3594 3671 3663 adiice.

2088 3697 2199 3752 Hos
2236 3695 2443 3766 partire
2483 3708 2582 3762 per
2617 3693 2803 3747 decem
2847 3697 2902 3745 et
2946 3702 3163 3744 novem.
3202 3687 3354 3754 Quod
3395 3694 3670 3751 remanet,

2090 3774 2207 3857 ipSe
2234 3793 2317 3841 est
2339 3799 2511 3838 annus
2532 3781 2663 3853 cycli
2685 3777 3184 3836 decennovennalis.
3217 3776 3273 3831 Si
3298 3775 3431 3830 nihil
3453 3790 3674 3831 reman-

2089 3877 2239 3943 serit,
2274 3889 2449 3930 nonus
2478 3873 2718 3929 decimus
2751 3877 2856 3927 est.
2906 3868 3071 3925 Verbi
3098 3867 3311 3938 gratia:
3359 3875 3422 3922 ut
3445 3866 3500 3921 in
3525 3882 3677 3936 pra-

2089 3966 2226 4023 senti
2258 3972 2384 4020 sunt
2418 3962 2541 4028 8%,
2590 3961 2678 4017 his
2713 3959 2886 4029 adjice
2930 3974 3131 4023 unum,
3155 3958 3281 4029 quia
3325 3957 3383 4012 in
3427 3957 3679 4012 sewndo

2088 4074 2232 4113 anno
2286 4056 2473 4112 circuli
2515 4052 3001 4111 decenuovenualis
3044 4052 3306 4110 Dominus
3353 4051 3683 4106 incarnatus

2088 4159 2191 4213 est,
2241 4156 2297 4204 et
2323 4148 2459 4202 fhmt
2483 4146 2581 4201 821
2618 4165 2630 4201 :
2663 4145 2765 4200 hos
2789 4144 2997 4216 partire
3022 4159 3121 4214 per
3149 4140 3334 4198 decem
3365 4149 3421 4195 et
3446 4155 3677 4207 novem,

2087 4240 2406 4312 quadragies
2431 4239 2551 4294 deni
2575 4245 2632 4294 et
2648 4236 2842 4293 noveni
2863 4251 3050 4292 uchx.
3081 4235 3211 4290 Item
3235 4242 3321 4288 ter
3344 4234 3468 4288 deni
3488 4241 3542 4288 et
3566 4248 3680 4289 no-

2085 4336 2232 4401 veni,
2272 4332 2659 4405 quinquaginta
2707 4338 2932 4401 septem.
2984 4327 3086 4395 Qui
3135 4326 3399 4397 superiori
3436 4339 3681 4381 numero

2087 4426 2320 4497 copulati
2363 4423 2600 4480 eﬂlciuut
2631 4436 2914 4477 numerum
2966 4434 3132 4476 ncccx
3181 4427 3237 4475 et
3281 4433 3376 4472 vtt.
3422 4416 3489 4471 Et
3530 4418 3675 4487 quia

2086 4524 2317 4588 quatuor
2348 4515 2474 4569 anni
2509 4513 2708 4583 prioris
2734 4510 2945 4566 numeri
2971 4516 3270 4573 remanent,
3302 4516 3529 4579 quartus
3556 4521 3672 4563 an-

2088 4624 2190 4664 nus
2212 4616 2297 4663 est
2315 4604 2500 4663 circuli
2528 4602 3032 4661 decennoveunalis.

2675 4711 2901 4770 CAPUT
2937 4710 3074 4766 LIX.

2323 4788 2400 4842 De
2435 4784 2791 4841 communibus
2820 4784 2973 4837 armis
3003 4790 3054 4837 et
3084 4780 3416 4836 embolismis.

2156 4879 2300 4935 Dtsc.
2341 4876 2482 4944 Quid
2525 4876 2592 4932 de
2630 4873 3005 4931 communibus
3043 4872 3199 4927 anuis
3241 4878 3298 4926 et
3324 4869 3674 4926 embolismis

410 4966 638 5021 ostentis
684 4965 822 5021 desit
849 4966 991 5036 quod
1031 4981 1136 5020 una
1183 4965 1388 5023 lunatio
1434 4965 1502 5022 ad
1554 4966 1745 5038 viginti
1790 4982 1985 5023 novem
2080 4973 2234 5029 dicas
2268 4976 2540 5040 exspecto.
2570 4966 2711 5023 MAG.
2741 4965 3010 5027 Dividitur
3047 4971 3225 5019 autem
3254 4961 3488 5018 circulus
3513 4961 3670 5017 idem

411 5059 621 5115 dierum
650 5066 704 5114 et
736 5059 1016 5115 duodecim
1044 5059 1297 5114 horarum
1322 5058 1708 5129 plenitudinem
1733 5073 1842 5114 non
1863 5073 1986 5128 per-

412 5151 611 5205 veniet.
646 5149 713 5204 Et
736 5150 792 5205 in
820 5148 1042 5205 dimidio
1072 5148 1248 5203 lunari
1284 5164 1467 5205 mense
1495 5149 1602 5204 ddo
1636 5155 1907 5204 momenta
1934 5156 1988 5204 et
2020 5143 2023 5146 ’

410 5242 520 5299 duo
546 5249 755 5298 ostenta
787 5251 842 5298 et
890 5242 1166 5298 dimidium
1193 5249 1484 5298 ostentum.
1518 5243 1663 5298 DlSC.
1715 5240 1818 5298 Ubi
1857 5254 1986 5315 ergo

411 5334 562 5391 locus
591 5335 744 5390 istius
771 5335 939 5392 saltus
963 5337 1082 5391 est?
1127 5334 1264 5392 MAG.
1311 5334 1593 5404 Aliquibus
1625 5348 1755 5405 ergo
1778 5334 1981 5390 duode-

411 5426 552 5482 cimo
576 5425 931 5481 Kalendarum
958 5425 1215 5496 Aprilium
1243 5425 1329 5480 die
1352 5425 1563 5479 videtur
1587 5438 1730 5479 anno
1757 5423 1983 5478 redden-

410 5522 530 5584 dus,
582 5527 799 5589 propter
826 5518 1088 5588 originem
1115 5516 1435 5573 conditionis
1464 5516 1698 5571 siderum
1725 5532 1741 5582 ;
1772 5522 1832 5569 ut
1856 5513 1983 5568 luna

410 5612 611 5666 mensis
634 5610 832 5677 Martii,
860 5625 981 5680 quas
1006 5624 1071 5665 eo
1100 5610 1159 5664 fit
1183 5610 1268 5665 die
1291 5608 1543 5663 vicesima
1572 5622 1709 5661 nona
1728 5647 1742 5669 ,
1788 5604 1984 5660 dehinc

411 5709 650 5755 vertatur
680 5701 732 5755 in
761 5715 973 5756 novam.
1023 5699 1126 5756 Sed
1155 5707 1276 5755 sunt
1314 5700 1403 5769 qui
1430 5700 1530 5755 hoc
1577 5695 1731 5752 nobis
1779 5696 1832 5750 in
1859 5695 1980 5751 luna

2086 5064 2141 5121 in
2170 5060 2513 5118 embolismos
2551 5072 2827 5129 annosque
2864 5070 3199 5121 communes,
3228 5069 3366 5125 quos
3405 5052 3674 5109 Hebrzeo-

2087 5171 2206 5210 rum
2235 5168 2447 5224 quoque
2470 5152 2774 5222 priscorum
2804 5148 3126 5203 auctoritate
3153 5152 3365 5201 constat
3399 5143 3676 5199 observa—

2088 5252 2190 5301 tos.
2214 5243 2539 5301 Communes
2564 5240 2777 5311 quidem
2802 5252 2991 5303 annos,
3019 5237 3072 5292 id
3092 5243 3195 5300 est,
3219 5248 3404 5291 cccuv
3422 5233 3666 5297 dierum,

2088 5335 2388 5392 duodecim.
2440 5331 2792 5388 Embolismos
2840 5335 3036 5390 autem,
3096 5324 3149 5380 id
3197 5333 3299 5385 est,
3361 5335 3673 5378 CCCLXXIIV

2090 5424 2298 5479 dierum
2324 5420 2635 5481 continens,
2682 5424 2908 5488 septem.
2941 5414 3157 5470 Primus
3198 5425 3429 5481 namque
3470 5419 3526 5464 et
3571 5424 3676 5464 se-

2091 5512 2298 5568 cundus
2323 5524 2496 5565 annus
2521 5517 2646 5563 sunt
2677 5519 3007 5569 communes,
3049 5502 3242 5558 tertius
3287 5496 3673 5559 embolismus,

2091 5611 2314 5674 quartus
2343 5609 2397 5655 et
2440 5600 2660 5671 quintus
2699 5609 3031 5658 communes,
3079 5601 3265 5647 sextus
3289 5585 3676 5649 embolismus,

2093 5694 2349 5762 septimus
2394 5689 2711 5753 communis,
2741 5695 2961 5742 octavus
3000 5682 3365 5745 embolismus,
3411 5690 3590 5732 nonus
3616 5685 3682 5733 et

2399 5766 2419 5799 \
