  <div class='ocr_page' id='page_1' title='image "/cluster/home/n/w/nwhite01/storage/ocr_20150623/107/hvd.32044054759725/356.png"; bbox 0 0 3970 6198; ppageno 0'>
   <div class='ocr_carea' id='block_1_1' title="bbox 1232 278 1261 295">
    <p class='ocr_par' dir='ltr' id='par_1_1' title="bbox 1232 278 1261 295">
     <span class='ocr_line' id='line_1_1' title="bbox 1232 278 1261 295; baseline 0 0"><span class='ocrx_word' id='word_1_1' title='bbox 1232 278 1261 295; x_wconf 65' lang='grc' dir='ltr'><em>ο</em></span> 
     </span>
    </p>
   </div>
   <div class='ocr_carea' id='block_1_2' title="bbox 275 339 3559 404">
    <p class='ocr_par' dir='ltr' id='par_1_2' title="bbox 275 339 3559 404">
     <span class='ocr_line' id='line_1_2' title="bbox 275 339 3559 404; baseline 0 -3"><span class='ocrx_word' id='word_1_2' title='bbox 275 347 371 404; x_wconf 76' lang='grc' dir='ltr'><strong>τοι</strong></span> <span class='ocrx_word' id='word_1_3' title='bbox 1576 372 1577 375; x_wconf 55' lang='grc' dir='ltr'><strong>η</strong></span> <span class='ocrx_word' id='word_1_4' title='bbox 1596 342 1801 400; x_wconf 82' lang='lat' dir='ltr'><strong>LIBER</strong></span> <span class='ocrx_word' id='word_1_5' title='bbox 1841 341 1929 396; x_wconf 87' lang='lat' dir='ltr'><strong>DE</strong></span> <span class='ocrx_word' id='word_1_6' title='bbox 1967 339 2317 401; x_wconf 80' lang='lat' dir='ltr'><strong>COMPUTO.</strong></span> <span class='ocrx_word' id='word_1_7' title='bbox 3454 347 3559 403; x_wconf 68' lang='lat'><strong>70%</strong></span> 
     </span>
    </p>
   </div>
   <div class='ocr_carea' id='block_1_3' title="bbox 276 452 3556 528">
    <p class='ocr_par' dir='ltr' id='par_1_3' title="bbox 276 452 3556 528">
     <span class='ocr_line' id='line_1_3' title="bbox 276 452 3556 528; baseline 0 -13"><span class='ocrx_word' id='word_1_8' title='bbox 276 458 522 516; x_wconf 83' lang='lat' dir='ltr'><strong>decimus</strong></span> <span class='ocrx_word' id='word_1_9' title='bbox 548 469 882 521; x_wconf 84' lang='lat' dir='ltr'><strong>communes,</strong></span> <span class='ocrx_word' id='word_1_10' title='bbox 923 454 1240 512; x_wconf 80' lang='lat' dir='ltr'><strong>undecimus</strong></span> <span class='ocrx_word' id='word_1_11' title='bbox 1268 454 1638 518; x_wconf 87' lang='lat' dir='ltr'><strong>embolismus,</strong></span> <span class='ocrx_word' id='word_1_12' title='bbox 1666 454 1869 509; x_wconf 85' lang='lat' dir='ltr'><strong>duode-</strong></span> <span class='ocrx_word' id='word_1_13' title='bbox 1894 453 1947 514; x_wconf 82' lang='lat' dir='ltr'><strong>A</strong></span> <span class='ocrx_word' id='word_1_14' title='bbox 1974 459 2185 522; x_wconf 89' lang='lat' dir='ltr'><strong>partem</strong></span> <span class='ocrx_word' id='word_1_15' title='bbox 2226 452 2465 509; x_wconf 90' lang='lat' dir='ltr'><strong>volueris</strong></span> <span class='ocrx_word' id='word_1_16' title='bbox 2495 463 2809 525; x_wconf 84' lang='lat' dir='ltr'><strong>supputare,</strong></span> <span class='ocrx_word' id='word_1_17' title='bbox 2834 453 3127 527; x_wconf 71' lang='lat' dir='ltr'><strong>nonaginta</strong></span> <span class='ocrx_word' id='word_1_18' title='bbox 3161 455 3296 521; x_wconf 89' lang='lat' dir='ltr'><strong>dies,</strong></span> <span class='ocrx_word' id='word_1_19' title='bbox 3325 457 3430 512; x_wconf 90' lang='lat' dir='ltr'><strong>hoc</strong></span> <span class='ocrx_word' id='word_1_20' title='bbox 3450 469 3556 528; x_wconf 89' lang='lat' dir='ltr'><strong>est,</strong></span> 
     </span>
    </p>
   </div>
   <div class='ocr_carea' id='block_1_4' title="bbox 271 542 3559 616">
    <p class='ocr_par' dir='ltr' id='par_1_4' title="bbox 271 542 3559 616">
     <span class='ocr_line' id='line_1_4' title="bbox 271 542 3559 616; baseline 0 -11"><span class='ocrx_word' id='word_1_21' title='bbox 271 550 450 605; x_wconf 84' lang='lat' dir='ltr'><strong>cimus</strong></span> <span class='ocrx_word' id='word_1_22' title='bbox 478 556 533 605; x_wconf 89' lang='lat' dir='ltr'><strong>et</strong></span> <span class='ocrx_word' id='word_1_23' title='bbox 563 546 756 603; x_wconf 85' lang='lat' dir='ltr'><strong>tertius</strong></span> <span class='ocrx_word' id='word_1_24' title='bbox 786 546 1030 603; x_wconf 89' lang='lat' dir='ltr'><strong>decimus</strong></span> <span class='ocrx_word' id='word_1_25' title='bbox 1068 561 1406 612; x_wconf 83' lang='lat' dir='ltr'><strong>communes,</strong></span> <span class='ocrx_word' id='word_1_26' title='bbox 1439 553 1669 616; x_wconf 90' lang='lat' dir='ltr'><strong>quartus</strong></span> <span class='ocrx_word' id='word_1_27' title='bbox 1715 545 1866 601; x_wconf 90' lang='lat' dir='ltr'><strong>deci-</strong></span> <span class='ocrx_word' id='word_1_28' title='bbox 1968 549 2081 597; x_wconf 88' lang='lat' dir='ltr'><strong>tres</strong></span> <span class='ocrx_word' id='word_1_29' title='bbox 2102 557 2336 608; x_wconf 82' lang='lat' dir='ltr'><strong>menses,</strong></span> <span class='ocrx_word' id='word_1_30' title='bbox 2361 542 2582 600; x_wconf 83' lang='lat' dir='ltr'><strong>etIicies.</strong></span> <span class='ocrx_word' id='word_1_31' title='bbox 2630 543 2742 600; x_wconf 83' lang='lat' dir='ltr'><strong>Nec</strong></span> <span class='ocrx_word' id='word_1_32' title='bbox 2775 552 2959 599; x_wconf 91' lang='lat' dir='ltr'><strong>tamen</strong></span> <span class='ocrx_word' id='word_1_33' title='bbox 2997 544 3100 600; x_wconf 90' lang='lat' dir='ltr'><strong>hac</strong></span> <span class='ocrx_word' id='word_1_34' title='bbox 3144 544 3559 606; x_wconf 68' lang='lat' dir='ltr'><strong>ratiocinatione</strong></span> 
     </span>
    </p>
   </div>
   <div class='ocr_carea' id='block_1_5' title="bbox 270 632 3559 708">
    <p class='ocr_par' dir='ltr' id='par_1_5' title="bbox 270 632 3559 708">
     <span class='ocr_line' id='line_1_5' title="bbox 270 632 3559 708; baseline -0.001 -13"><span class='ocrx_word' id='word_1_35' title='bbox 270 654 396 696; x_wconf 90' lang='lat' dir='ltr'><strong>mus</strong></span> <span class='ocrx_word' id='word_1_36' title='bbox 421 638 790 702; x_wconf 91' lang='lat' dir='ltr'><strong>embolismus,</strong></span> <span class='ocrx_word' id='word_1_37' title='bbox 819 638 1039 708; x_wconf 76' lang='lat' dir='ltr'><strong>quintus</strong></span> <span class='ocrx_word' id='word_1_38' title='bbox 1061 638 1304 695; x_wconf 91' lang='lat' dir='ltr'><strong>decimus</strong></span> <span class='ocrx_word' id='word_1_39' title='bbox 1331 648 1387 695; x_wconf 90' lang='lat' dir='ltr'><strong>et</strong></span> <span class='ocrx_word' id='word_1_40' title='bbox 1412 644 1598 695; x_wconf 79' lang='lat' dir='ltr'><strong>sextus</strong></span> <span class='ocrx_word' id='word_1_41' title='bbox 1622 634 1897 695; x_wconf 78' lang='lat' dir='ltr'><strong>decimus</strong></span> <span class='ocrx_word' id='word_1_42' title='bbox 1966 632 2035 689; x_wconf 77' lang='lat' dir='ltr'><strong>ad</strong></span> <span class='ocrx_word' id='word_1_43' title='bbox 2081 643 2285 689; x_wconf 72' lang='lat' dir='ltr'><strong>statum</strong></span> <span class='ocrx_word' id='word_1_44' title='bbox 2332 634 2578 692; x_wconf 81' lang='lat' dir='ltr'><strong>veritatis</strong></span> <span class='ocrx_word' id='word_1_45' title='bbox 2609 635 2897 706; x_wconf 76' lang='lat' dir='ltr'><strong>pervenire</strong></span> <span class='ocrx_word' id='word_1_46' title='bbox 2929 644 3206 705; x_wconf 79' lang='lat' dir='ltr'><strong>poterant.</strong></span> <span class='ocrx_word' id='word_1_47' title='bbox 3246 634 3401 703; x_wconf 86' lang='lat' dir='ltr'><strong>Quod</strong></span> <span class='ocrx_word' id='word_1_48' title='bbox 3438 639 3559 692; x_wconf 90' lang='lat' dir='ltr'><strong>nni-</strong></span> 
     </span>
    </p>
   </div>
   <div class='ocr_carea' id='block_1_6' title="bbox 271 729 1866 799">
    <p class='ocr_par' dir='ltr' id='par_1_6' title="bbox 271 729 1866 799">
     <span class='ocr_line' id='line_1_6' title="bbox 271 729 1866 799; baseline 0.001 -13"><span class='ocrx_word' id='word_1_49' title='bbox 271 745 608 794; x_wconf 86' lang='lat' dir='ltr'><strong>communes,</strong></span> <span class='ocrx_word' id='word_1_50' title='bbox 638 729 900 799; x_wconf 87' lang='lat' dir='ltr'><strong>septimus</strong></span> <span class='ocrx_word' id='word_1_51' title='bbox 939 731 1180 788; x_wconf 87' lang='lat' dir='ltr'><strong>decimus</strong></span> <span class='ocrx_word' id='word_1_52' title='bbox 1225 732 1595 798; x_wconf 89' lang='lat' dir='ltr'><strong>embolismus,</strong></span> <span class='ocrx_word' id='word_1_53' title='bbox 1641 741 1866 788; x_wconf 87' lang='lat' dir='ltr'><strong>octavus</strong></span> 
     </span>
    </p>
   </div>
   <div class='ocr_carea' id='block_1_7' title="bbox 271 822 1861 888">
    <p class='ocr_par' dir='ltr' id='par_1_7' title="bbox 271 822 1861 888">
     <span class='ocr_line' id='line_1_7' title="bbox 271 822 1861 888; baseline 0.001 -9"><span class='ocrx_word' id='word_1_54' title='bbox 271 824 518 880; x_wconf 88' lang='lat' dir='ltr'><strong>decimus</strong></span> <span class='ocrx_word' id='word_1_55' title='bbox 567 822 905 888; x_wconf 81' lang='lat' dir='ltr'><strong>communis,</strong></span> <span class='ocrx_word' id='word_1_56' title='bbox 963 838 1139 879; x_wconf 92' lang='lat' dir='ltr'><strong>nonus</strong></span> <span class='ocrx_word' id='word_1_57' title='bbox 1184 823 1430 880; x_wconf 81' lang='lat' dir='ltr'><strong>decimus</strong></span> <span class='ocrx_word' id='word_1_58' title='bbox 1488 824 1861 881; x_wconf 87' lang='lat' dir='ltr'><strong>embolismus.</strong></span> 
     </span>
    </p>
   </div>
   <div class='ocr_carea' id='block_1_8' title="bbox 270 913 1864 985">
    <p class='ocr_par' dir='ltr' id='par_1_8' title="bbox 270 913 1864 985">
     <span class='ocr_line' id='line_1_8' title="bbox 270 913 1864 985; baseline 0.004 -17"><span class='ocrx_word' id='word_1_59' title='bbox 270 914 374 982; x_wconf 83' lang='lat' dir='ltr'><strong>Qui</strong></span> <span class='ocrx_word' id='word_1_60' title='bbox 401 914 637 984; x_wconf 87' lang='lat' dir='ltr'><strong>utrique,</strong></span> <span class='ocrx_word' id='word_1_61' title='bbox 672 913 815 969; x_wconf 85' lang='lat' dir='ltr'><strong>sient</strong></span> <span class='ocrx_word' id='word_1_62' title='bbox 857 922 914 971; x_wconf 91' lang='lat' dir='ltr'><strong>et</strong></span> <span class='ocrx_word' id='word_1_63' title='bbox 956 930 1118 985; x_wconf 88' lang='lat' dir='ltr'><strong>supra</strong></span> <span class='ocrx_word' id='word_1_64' title='bbox 1164 916 1369 972; x_wconf 89' lang='lat' dir='ltr'><strong>dictum</strong></span> <span class='ocrx_word' id='word_1_65' title='bbox 1411 926 1513 984; x_wconf 89' lang='lat' dir='ltr'><strong>est,</strong></span> <span class='ocrx_word' id='word_1_66' title='bbox 1546 918 1615 973; x_wconf 91' lang='lat' dir='ltr'><strong>ab</strong></span> <span class='ocrx_word' id='word_1_67' title='bbox 1638 918 1864 975; x_wconf 83' lang='lat' dir='ltr'><strong>exordio</strong></span> 
     </span>
    </p>
   </div>
   <div class='ocr_carea' id='block_1_9' title="bbox 270 1005 1863 1079">
    <p class='ocr_par' dir='ltr' id='par_1_9' title="bbox 270 1005 1863 1079">
     <span class='ocr_line' id='line_1_9' title="bbox 270 1005 1863 1079; baseline 0.005 -19"><span class='ocrx_word' id='word_1_68' title='bbox 270 1005 434 1075; x_wconf 86' lang='lat' dir='ltr'><strong>primi</strong></span> <span class='ocrx_word' id='word_1_69' title='bbox 473 1006 698 1071; x_wconf 81' lang='lat' dir='ltr'><strong>mensis,</strong></span> <span class='ocrx_word' id='word_1_70' title='bbox 727 1020 890 1076; x_wconf 86' lang='lat' dir='ltr'><strong>quem</strong></span> <span class='ocrx_word' id='word_1_71' title='bbox 934 1005 1146 1063; x_wconf 75' lang='lat' dir='ltr'><strong>Hebraei</strong></span> <span class='ocrx_word' id='word_1_72' title='bbox 1164 1006 1328 1065; x_wconf 87' lang='lat' dir='ltr'><strong>Nisan</strong></span> <span class='ocrx_word' id='word_1_73' title='bbox 1357 1018 1574 1076; x_wconf 89' lang='lat' dir='ltr'><strong>vocant,</strong></span> <span class='ocrx_word' id='word_1_74' title='bbox 1621 1011 1728 1066; x_wconf 92' lang='lat' dir='ltr'><strong>hoc</strong></span> <span class='ocrx_word' id='word_1_75' title='bbox 1754 1021 1863 1079; x_wconf 88' lang='lat' dir='ltr'><strong>est,</strong></span> 
     </span>
    </p>
   </div>
   <div class='ocr_carea' id='block_1_10' title="bbox 269 1094 1864 1173">
    <p class='ocr_par' dir='ltr' id='par_1_10' title="bbox 269 1094 1864 1173">
     <span class='ocr_line' id='line_1_10' title="bbox 269 1094 1864 1173; baseline 0.009 -26"><span class='ocrx_word' id='word_1_76' title='bbox 269 1094 340 1151; x_wconf 88' lang='lat' dir='ltr'><strong>ab</strong></span> <span class='ocrx_word' id='word_1_77' title='bbox 365 1095 689 1150; x_wconf 88' lang='lat' dir='ltr'><strong>accensione</strong></span> <span class='ocrx_word' id='word_1_78' title='bbox 714 1095 854 1151; x_wconf 85' lang='lat' dir='ltr'><strong>lunae</strong></span> <span class='ocrx_word' id='word_1_79' title='bbox 872 1098 1159 1166; x_wconf 86' lang='lat' dir='ltr'><strong>paschalis,</strong></span> <span class='ocrx_word' id='word_1_80' title='bbox 1185 1100 1400 1156; x_wconf 90' lang='lat' dir='ltr'><strong>initium</strong></span> <span class='ocrx_word' id='word_1_81' title='bbox 1430 1111 1668 1159; x_wconf 90' lang='lat' dir='ltr'><strong>sumunt.</strong></span> <span class='ocrx_word' id='word_1_82' title='bbox 1699 1103 1864 1173; x_wconf 82' lang='lat' dir='ltr'><strong>Cujus</strong></span> 
     </span>
    </p>
   </div>
   <div class='ocr_carea' id='block_1_11' title="bbox 267 1183 1866 1261">
    <p class='ocr_par' dir='ltr' id='par_1_11' title="bbox 267 1183 1866 1261">
     <span class='ocr_line' id='line_1_11' title="bbox 267 1183 1866 1261; baseline 0.009 -24"><span class='ocrx_word' id='word_1_83' title='bbox 267 1183 554 1240; x_wconf 83' lang='lat' dir='ltr'><strong>exordium</strong></span> <span class='ocrx_word' id='word_1_84' title='bbox 594 1185 798 1241; x_wconf 87' lang='lat' dir='ltr'><strong>mensis</strong></span> <span class='ocrx_word' id='word_1_85' title='bbox 849 1186 950 1243; x_wconf 91' lang='lat' dir='ltr'><strong>hac</strong></span> <span class='ocrx_word' id='word_1_86' title='bbox 1000 1188 1185 1259; x_wconf 83' lang='lat' dir='ltr'><strong>regula</strong></span> <span class='ocrx_word' id='word_1_87' title='bbox 1231 1190 1392 1247; x_wconf 84' lang='lat' dir='ltr'><strong>debet</strong></span> <span class='ocrx_word' id='word_1_88' title='bbox 1448 1192 1749 1261; x_wconf 85' lang='lat' dir='ltr'><strong>observari,</strong></span> <span class='ocrx_word' id='word_1_89' title='bbox 1805 1204 1866 1251; x_wconf 94' lang='lat' dir='ltr'><strong>ut</strong></span> 
     </span>
    </p>
   </div>
   <div class='ocr_carea' id='block_1_12' title="bbox 267 1275 1861 1361">
    <p class='ocr_par' dir='ltr' id='par_1_12' title="bbox 267 1275 1861 1361">
     <span class='ocr_line' id='line_1_12' title="bbox 267 1275 1861 1361; baseline 0.008 -34"><span class='ocrx_word' id='word_1_90' title='bbox 267 1290 547 1344; x_wconf 87' lang='lat' dir='ltr'><strong>nunquam</strong></span> <span class='ocrx_word' id='word_1_91' title='bbox 573 1275 702 1332; x_wconf 89' lang='lat' dir='ltr'><strong>luna</strong></span> <span class='ocrx_word' id='word_1_92' title='bbox 748 1276 973 1333; x_wconf 72' lang='lat' dir='ltr'><strong>Paschte</strong></span> <span class='ocrx_word' id='word_1_93' title='bbox 1000 1288 1196 1349; x_wconf 90' lang='lat' dir='ltr'><strong>quarta</strong></span> <span class='ocrx_word' id='word_1_94' title='bbox 1235 1280 1447 1337; x_wconf 86' lang='lat' dir='ltr'><strong>decima</strong></span> <span class='ocrx_word' id='word_1_95' title='bbox 1470 1290 1696 1361; x_wconf 70' lang='lat' dir='ltr'><strong>vernum</strong></span> <span class='ocrx_word' id='word_1_96' title='bbox 1718 1300 1861 1356; x_wconf 77' lang='lat' dir='ltr'><strong>pra:-</strong></span> 
     </span>
    </p>
   </div>
   <div class='ocr_carea' id='block_1_13' title="bbox 264 1366 1864 1445">
    <p class='ocr_par' dir='ltr' id='par_1_13' title="bbox 264 1366 1864 1445">
     <span class='ocr_line' id='line_1_13' title="bbox 264 1366 1864 1445; baseline 0.01 -27"><span class='ocrx_word' id='word_1_97' title='bbox 264 1366 427 1420; x_wconf 84' lang='lat' dir='ltr'><strong>cedat</strong></span> <span class='ocrx_word' id='word_1_98' title='bbox 450 1367 859 1437; x_wconf 59' lang='lat' dir='ltr'><strong>aequinoctium,</strong></span> <span class='ocrx_word' id='word_1_99' title='bbox 896 1371 990 1426; x_wconf 91' lang='lat' dir='ltr'><strong>sed</strong></span> <span class='ocrx_word' id='word_1_100' title='bbox 1032 1372 1115 1427; x_wconf 90' lang='lat' dir='ltr'><strong>vel</strong></span> <span class='ocrx_word' id='word_1_101' title='bbox 1144 1373 1196 1427; x_wconf 91' lang='lat' dir='ltr'><strong>in</strong></span> <span class='ocrx_word' id='word_1_102' title='bbox 1238 1374 1355 1444; x_wconf 89' lang='lat' dir='ltr'><strong>ipso</strong></span> <span class='ocrx_word' id='word_1_103' title='bbox 1378 1375 1727 1445; x_wconf 66' lang='lat' dir='ltr'><strong>aequinoctio,</strong></span> <span class='ocrx_word' id='word_1_104' title='bbox 1758 1378 1864 1435; x_wconf 91' lang='lat' dir='ltr'><strong>hoc</strong></span> 
     </span>
    </p>
   </div>
   <div class='ocr_carea' id='block_1_14' title="bbox 265 1457 1862 1535">
    <p class='ocr_par' dir='ltr' id='par_1_14' title="bbox 265 1457 1862 1535">
     <span class='ocr_line' id='line_1_14' title="bbox 265 1457 1862 1535; baseline 0.011 -25"><span class='ocrx_word' id='word_1_105' title='bbox 265 1465 376 1521; x_wconf 87' lang='lat' dir='ltr'><strong>est,</strong></span> <span class='ocrx_word' id='word_1_106' title='bbox 427 1457 745 1514; x_wconf 89' lang='lat' dir='ltr'><strong>duodecimo</strong></span> <span class='ocrx_word' id='word_1_107' title='bbox 791 1460 1158 1518; x_wconf 83' lang='lat' dir='ltr'><strong>Kalendarum</strong></span> <span class='ocrx_word' id='word_1_108' title='bbox 1199 1465 1464 1535; x_wconf 82' lang='lat' dir='ltr'><strong>Aprilium</strong></span> <span class='ocrx_word' id='word_1_109' title='bbox 1518 1468 1626 1535; x_wconf 90' lang='lat' dir='ltr'><strong>die,</strong></span> <span class='ocrx_word' id='word_1_110' title='bbox 1666 1471 1751 1525; x_wconf 90' lang='lat' dir='ltr'><strong>vel</strong></span> <span class='ocrx_word' id='word_1_111' title='bbox 1796 1487 1862 1529; x_wconf 89' lang='lat' dir='ltr'><strong>eo</strong></span> 
     </span>
    </p>
   </div>
   <div class='ocr_carea' id='block_1_15' title="bbox 267 1546 1864 1622">
    <p class='ocr_par' dir='ltr' id='par_1_15' title="bbox 267 1546 1864 1622">
     <span class='ocr_line' id='line_1_15' title="bbox 267 1546 1864 1622; baseline 0.012 -25"><span class='ocrx_word' id='word_1_112' title='bbox 267 1552 633 1615; x_wconf 85' lang='lat' dir='ltr'><strong>transgresso,</strong></span> <span class='ocrx_word' id='word_1_113' title='bbox 681 1546 918 1620; x_wconf 86' lang='lat' dir='ltr'><strong>legitima</strong></span> <span class='ocrx_word' id='word_1_114' title='bbox 948 1554 1225 1622; x_wconf 86' lang='lat' dir='ltr'><strong>procedat.</strong></span> <span class='ocrx_word' id='word_1_115' title='bbox 1270 1555 1730 1614; x_wconf 84' lang='lat' dir='ltr'><strong>Embolismorum</strong></span> <span class='ocrx_word' id='word_1_116' title='bbox 1766 1576 1864 1616; x_wconf 85' lang='lat' dir='ltr'><strong>an-</strong></span> 
     </span>
    </p>
   </div>
   <div class='ocr_carea' id='block_1_16' title="bbox 268 1635 1858 1717">
    <p class='ocr_par' dir='ltr' id='par_1_16' title="bbox 268 1635 1858 1717">
     <span class='ocr_line' id='line_1_16' title="bbox 268 1635 1858 1717; baseline 0.01 -29"><span class='ocrx_word' id='word_1_117' title='bbox 268 1642 405 1700; x_wconf 88' lang='lat' dir='ltr'><strong>tem,</strong></span> <span class='ocrx_word' id='word_1_118' title='bbox 422 1635 557 1691; x_wconf 86' lang='lat' dir='ltr'><strong>sicut</strong></span> <span class='ocrx_word' id='word_1_119' title='bbox 586 1636 872 1710; x_wconf 81' lang='lat' dir='ltr'><strong>Dionysius</strong></span> <span class='ocrx_word' id='word_1_120' title='bbox 894 1641 993 1708; x_wconf 90' lang='lat' dir='ltr'><strong>ait,</strong></span> <span class='ocrx_word' id='word_1_121' title='bbox 1022 1642 1126 1698; x_wconf 88' lang='lat' dir='ltr'><strong>ista</strong></span> <span class='ocrx_word' id='word_1_122' title='bbox 1155 1645 1298 1700; x_wconf 88' lang='lat' dir='ltr'><strong>ratio</strong></span> <span class='ocrx_word' id='word_1_123' title='bbox 1320 1645 1582 1715; x_wconf 87' lang='lat' dir='ltr'><strong>probatur</strong></span> <span class='ocrx_word' id='word_1_124' title='bbox 1602 1649 1858 1717; x_wconf 78' lang='lat' dir='ltr'><strong>existere,</strong></span> 
     </span>
    </p>
   </div>
   <div class='ocr_carea' id='block_1_17' title="bbox 264 1726 1859 1811">
    <p class='ocr_par' dir='ltr' id='par_1_17' title="bbox 264 1726 1859 1811">
     <span class='ocr_line' id='line_1_17' title="bbox 264 1726 1859 1811; baseline 0.01 -31"><span class='ocrx_word' id='word_1_125' title='bbox 264 1726 415 1796; x_wconf 90' lang='lat' dir='ltr'><strong>quod</strong></span> <span class='ocrx_word' id='word_1_126' title='bbox 460 1732 724 1784; x_wconf 80' lang='lat' dir='ltr'><strong>annorum</strong></span> <span class='ocrx_word' id='word_1_127' title='bbox 771 1734 1140 1789; x_wconf 88' lang='lat' dir='ltr'><strong>communium</strong></span> <span class='ocrx_word' id='word_1_128' title='bbox 1191 1735 1442 1792; x_wconf 90' lang='lat' dir='ltr'><strong>videntur</strong></span> <span class='ocrx_word' id='word_1_129' title='bbox 1482 1737 1682 1795; x_wconf 90' lang='lat' dir='ltr'><strong>damna</strong></span> <span class='ocrx_word' id='word_1_130' title='bbox 1730 1756 1859 1811; x_wconf 89' lang='lat' dir='ltr'><strong>sup-</strong></span> 
     </span>
    </p>
   </div>
   <div class='ocr_carea' id='block_1_18' title="bbox 1966 722 3558 798">
    <p class='ocr_par' dir='ltr' id='par_1_18' title="bbox 1966 722 3558 798">
     <span class='ocr_line' id='line_1_18' title="bbox 1966 722 3558 798; baseline 0.003 -20"><span class='ocrx_word' id='word_1_131' title='bbox 1966 722 2162 793; x_wconf 89' lang='lat' dir='ltr'><strong>cuique</strong></span> <span class='ocrx_word' id='word_1_132' title='bbox 2190 723 2294 779; x_wconf 89' lang='lat' dir='ltr'><strong>rite</strong></span> <span class='ocrx_word' id='word_1_133' title='bbox 2335 724 2630 781; x_wconf 85' lang='lat' dir='ltr'><strong>calculanti</strong></span> <span class='ocrx_word' id='word_1_134' title='bbox 2657 733 2713 780; x_wconf 93' lang='lat' dir='ltr'><strong>et</strong></span> <span class='ocrx_word' id='word_1_135' title='bbox 2753 725 3015 798; x_wconf 85' lang='lat' dir='ltr'><strong>ogdoadis</strong></span> <span class='ocrx_word' id='word_1_136' title='bbox 3046 740 3139 781; x_wconf 89' lang='lat' dir='ltr'><strong>seu</strong></span> <span class='ocrx_word' id='word_1_137' title='bbox 3173 727 3466 784; x_wconf 87' lang='lat' dir='ltr'><strong>endecadis</strong></span> <span class='ocrx_word' id='word_1_138' title='bbox 3490 728 3558 783; x_wconf 86' lang='lat' dir='ltr'><strong>ad</strong></span> 
     </span>
    </p>
   </div>
   <div class='ocr_carea' id='block_1_19' title="bbox 1963 816 3555 887">
    <p class='ocr_par' dir='ltr' id='par_1_19' title="bbox 1963 816 3555 887">
     <span class='ocr_line' id='line_1_19' title="bbox 1963 816 3555 887; baseline 0.003 -17"><span class='ocrx_word' id='word_1_139' title='bbox 1963 828 2160 885; x_wconf 88' lang='lat' dir='ltr'><strong>purum</strong></span> <span class='ocrx_word' id='word_1_140' title='bbox 2215 816 2445 887; x_wconf 84' lang='lat' dir='ltr'><strong>liquebit</strong></span> <span class='ocrx_word' id='word_1_141' title='bbox 2501 832 2787 873; x_wconf 87' lang='lat' dir='ltr'><strong>numerum</strong></span> <span class='ocrx_word' id='word_1_142' title='bbox 2841 817 3113 872; x_wconf 81' lang='lat' dir='ltr'><strong>veraciter</strong></span> <span class='ocrx_word' id='word_1_143' title='bbox 3162 818 3555 876; x_wconf 86' lang='lat' dir='ltr'><strong>consideranti.</strong></span> 
     </span>
    </p>
   </div>
   <div class='ocr_carea' id='block_1_20' title="bbox 1963 905 3560 982">
    <p class='ocr_par' dir='ltr' id='par_1_20' title="bbox 1963 905 3560 982">
     <span class='ocr_line' id='line_1_20' title="bbox 1963 905 3560 982; baseline 0.003 -20"><span class='ocrx_word' id='word_1_144' title='bbox 1963 905 2137 978; x_wconf 78' lang='lat' dir='ltr'><strong>Igitur</strong></span> <span class='ocrx_word' id='word_1_145' title='bbox 2176 923 2436 963; x_wconf 90' lang='lat' dir='ltr'><strong>numerus</strong></span> <span class='ocrx_word' id='word_1_146' title='bbox 2484 908 2602 978; x_wconf 90' lang='lat' dir='ltr'><strong>ipse</strong></span> <span class='ocrx_word' id='word_1_147' title='bbox 2650 907 2949 978; x_wconf 86' lang='lat' dir='ltr'><strong>pulsandus</strong></span> <span class='ocrx_word' id='word_1_148' title='bbox 3002 917 3105 975; x_wconf 89' lang='lat' dir='ltr'><strong>est,</strong></span> <span class='ocrx_word' id='word_1_149' title='bbox 3158 910 3560 982; x_wconf 79' lang='lat' dir='ltr'><strong>videndumque</strong></span> 
     </span>
    </p>
   </div>
   <div class='ocr_carea' id='block_1_21' title="bbox 1964 1000 3583 1075">
    <p class='ocr_par' dir='ltr' id='par_1_21' title="bbox 1964 1000 3583 1075">
     <span class='ocr_line' id='line_1_21' title="bbox 1964 1000 3583 1075; baseline 0.002 -20"><span class='ocrx_word' id='word_1_150' title='bbox 1964 1001 2110 1073; x_wconf 86' lang='lat' dir='ltr'><strong>quod</strong></span> <span class='ocrx_word' id='word_1_151' title='bbox 2154 1009 2279 1057; x_wconf 90' lang='lat' dir='ltr'><strong>octo</strong></span> <span class='ocrx_word' id='word_1_152' title='bbox 2327 1001 2457 1056; x_wconf 91' lang='lat' dir='ltr'><strong>anni</strong></span> <span class='ocrx_word' id='word_1_153' title='bbox 2489 1000 2693 1057; x_wconf 86' lang='lat' dir='ltr'><strong>solares</strong></span> <span class='ocrx_word' id='word_1_154' title='bbox 2731 1002 2933 1057; x_wconf 89' lang='lat' dir='ltr'><strong>habent</strong></span> <span class='ocrx_word' id='word_1_155' title='bbox 2976 1001 3111 1068; x_wconf 87' lang='lat' dir='ltr'><strong>dies,</strong></span> <span class='ocrx_word' id='word_1_156' title='bbox 3162 1004 3403 1075; x_wconf 80' lang='lat' dir='ltr'><strong>exceptis</strong></span> <span class='ocrx_word' id='word_1_157' title='bbox 3447 1004 3583 1075; x_wconf 34' lang='lat' dir='ltr'><strong>bis:</strong></span> 
     </span>
    </p>
   </div>
   <div class='ocr_carea' id='block_1_22' title="bbox 1964 1092 3559 1166">
    <p class='ocr_par' dir='ltr' id='par_1_22' title="bbox 1964 1092 3559 1166">
     <span class='ocr_line' id='line_1_22' title="bbox 1964 1092 3559 1166; baseline 0.001 -17"><span class='ocrx_word' id='word_1_158' title='bbox 1964 1094 2157 1160; x_wconf 89' lang='lat' dir='ltr'><strong>sextis,</strong></span> <span class='ocrx_word' id='word_1_159' title='bbox 2182 1093 2483 1149; x_wconf 77' lang='lat' dir='ltr'><strong>i&#39;Inccccxx.</strong></span> <span class='ocrx_word' id='word_1_160' title='bbox 2522 1092 2704 1150; x_wconf 82' lang='lat' dir='ltr'><strong>Octies</strong></span> <span class='ocrx_word' id='word_1_161' title='bbox 2726 1093 3020 1149; x_wconf 87' lang='lat' dir='ltr'><strong>trecenteni</strong></span> <span class='ocrx_word' id='word_1_162' title='bbox 3053 1096 3305 1166; x_wconf 80' lang='lat' dir='ltr'><strong>sexageni</strong></span> <span class='ocrx_word' id='word_1_163' title='bbox 3334 1104 3389 1150; x_wconf 91' lang='lat' dir='ltr'><strong>et</strong></span> <span class='ocrx_word' id='word_1_164' title='bbox 3410 1095 3559 1165; x_wconf 87' lang='lat' dir='ltr'><strong>quini</strong></span> 
     </span>
    </p>
   </div>
   <div class='ocr_carea' id='block_1_23' title="bbox 1965 1184 3559 1243">
    <p class='ocr_par' dir='ltr' id='par_1_23' title="bbox 1965 1184 3559 1243">
     <span class='ocr_line' id='line_1_23' title="bbox 1965 1184 3559 1243; baseline 0.002 -3"><span class='ocrx_word' id='word_1_165' title='bbox 1965 1185 2174 1242; x_wconf 78' lang='lat' dir='ltr'><strong>faciunt</strong></span> <span class='ocrx_word' id='word_1_166' title='bbox 2216 1188 2517 1242; x_wconf 76' lang='lat' dir='ltr'><strong>ﬁnccccxx.</strong></span> <span class='ocrx_word' id='word_1_167' title='bbox 2571 1184 2707 1240; x_wconf 88' lang='lat' dir='ltr'><strong>Nam</strong></span> <span class='ocrx_word' id='word_1_168' title='bbox 2751 1185 2973 1241; x_wconf 89' lang='lat' dir='ltr'><strong>lunares</strong></span> <span class='ocrx_word' id='word_1_169' title='bbox 3015 1186 3141 1240; x_wconf 88' lang='lat' dir='ltr'><strong>anni</strong></span> <span class='ocrx_word' id='word_1_170' title='bbox 3171 1187 3391 1242; x_wconf 88' lang='lat' dir='ltr'><strong>totidem</strong></span> <span class='ocrx_word' id='word_1_171' title='bbox 3436 1186 3559 1243; x_wconf 81' lang='lat' dir='ltr'><strong>vide</strong></span> 
     </span>
    </p>
   </div>
   <div class='ocr_carea' id='block_1_24' title="bbox 1964 1273 3557 1346">
    <p class='ocr_par' dir='ltr' id='par_1_24' title="bbox 1964 1273 3557 1346">
     <span class='ocr_line' id='line_1_24' title="bbox 1964 1273 3557 1346; baseline 0.001 -17"><span class='ocrx_word' id='word_1_172' title='bbox 1964 1284 2098 1346; x_wconf 89' lang='lat' dir='ltr'><strong>quot</strong></span> <span class='ocrx_word' id='word_1_173' title='bbox 2131 1276 2369 1331; x_wconf 90' lang='lat' dir='ltr'><strong>habeant</strong></span> <span class='ocrx_word' id='word_1_174' title='bbox 2394 1275 2531 1331; x_wconf 92' lang='lat' dir='ltr'><strong>dies.</strong></span> <span class='ocrx_word' id='word_1_175' title='bbox 2569 1273 2753 1331; x_wconf 83' lang='lat' dir='ltr'><strong>Octies</strong></span> <span class='ocrx_word' id='word_1_176' title='bbox 2782 1276 3079 1330; x_wconf 87' lang='lat' dir='ltr'><strong>trecenteni</strong></span> <span class='ocrx_word' id='word_1_177' title='bbox 3110 1275 3477 1345; x_wconf 73' lang='lat' dir='ltr'><strong>quinquageni</strong></span> <span class='ocrx_word' id='word_1_178' title='bbox 3503 1284 3557 1330; x_wconf 89' lang='lat' dir='ltr'><strong>et</strong></span> 
     </span>
    </p>
   </div>
   <div class='ocr_carea' id='block_1_25' title="bbox 1965 1366 3556 1439">
    <p class='ocr_par' dir='ltr' id='par_1_25' title="bbox 1965 1366 3556 1439">
     <span class='ocr_line' id='line_1_25' title="bbox 1965 1366 3556 1439; baseline -0.001 -17"><span class='ocrx_word' id='word_1_179' title='bbox 1965 1368 2215 1438; x_wconf 87' lang='lat' dir='ltr'><strong>quaterni</strong></span> <span class='ocrx_word' id='word_1_180' title='bbox 2253 1366 2461 1423; x_wconf 84' lang='lat' dir='ltr'><strong>faciunt</strong></span> <span class='ocrx_word' id='word_1_181' title='bbox 2481 1367 2834 1424; x_wconf 73' lang='lat' dir='ltr'><strong>Tincccxxxn.</strong></span> <span class='ocrx_word' id='word_1_182' title='bbox 2867 1367 3018 1423; x_wconf 83' lang='lat' dir='ltr'><strong>Adde</strong></span> <span class='ocrx_word' id='word_1_183' title='bbox 3059 1368 3356 1439; x_wconf 83' lang='lat' dir='ltr'><strong>nonaginta</strong></span> <span class='ocrx_word' id='word_1_184' title='bbox 3390 1368 3556 1422; x_wconf 88' lang='lat' dir='ltr'><strong>trium</strong></span> 
     </span>
    </p>
   </div>
   <div class='ocr_carea' id='block_1_26' title="bbox 1963 1458 3555 1525">
    <p class='ocr_par' dir='ltr' id='par_1_26' title="bbox 1963 1458 3555 1525">
     <span class='ocr_line' id='line_1_26' title="bbox 1963 1458 3555 1525; baseline -0.001 -9"><span class='ocrx_word' id='word_1_185' title='bbox 1963 1460 2232 1516; x_wconf 86' lang='lat' dir='ltr'><strong>mensium</strong></span> <span class='ocrx_word' id='word_1_186' title='bbox 2259 1459 2724 1525; x_wconf 84' lang='lat' dir='ltr'><strong>embolismorum,</strong></span> <span class='ocrx_word' id='word_1_187' title='bbox 2751 1460 2866 1515; x_wconf 89' lang='lat' dir='ltr'><strong>dies</strong></span> <span class='ocrx_word' id='word_1_188' title='bbox 2892 1459 3023 1515; x_wconf 82' lang='lat' dir='ltr'><strong>ﬁunt</strong></span> <span class='ocrx_word' id='word_1_189' title='bbox 3066 1474 3412 1515; x_wconf 79' lang='lat' dir='ltr'><strong>ttnccccxxn.</strong></span> <span class='ocrx_word' id='word_1_190' title='bbox 3448 1458 3555 1514; x_wconf 89' lang='lat' dir='ltr'><strong>Sed</strong></span> 
     </span>
    </p>
   </div>
   <div class='ocr_carea' id='block_1_27' title="bbox 1965 1551 3554 1623">
    <p class='ocr_par' dir='ltr' id='par_1_27' title="bbox 1965 1551 3554 1623">
     <span class='ocr_line' id='line_1_27' title="bbox 1965 1551 3554 1623; baseline -0.003 -14"><span class='ocrx_word' id='word_1_191' title='bbox 1965 1553 2072 1609; x_wconf 93' lang='lat' dir='ltr'><strong>duo</strong></span> <span class='ocrx_word' id='word_1_192' title='bbox 2096 1552 2189 1622; x_wconf 92' lang='lat' dir='ltr'><strong>qni</strong></span> <span class='ocrx_word' id='word_1_193' title='bbox 2229 1552 2411 1607; x_wconf 89' lang='lat' dir='ltr'><strong>minus</strong></span> <span class='ocrx_word' id='word_1_194' title='bbox 2444 1552 2715 1608; x_wconf 89' lang='lat' dir='ltr'><strong>habentur</strong></span> <span class='ocrx_word' id='word_1_195' title='bbox 2744 1552 2798 1607; x_wconf 91' lang='lat' dir='ltr'><strong>in</strong></span> <span class='ocrx_word' id='word_1_196' title='bbox 2838 1552 3079 1623; x_wconf 66' lang='lat' dir='ltr'><strong>ogzloade</strong></span> <span class='ocrx_word' id='word_1_197' title='bbox 3123 1551 3287 1607; x_wconf 89' lang='lat' dir='ltr'><strong>solari</strong></span> <span class='ocrx_word' id='word_1_198' title='bbox 3327 1552 3554 1606; x_wconf 77' lang='lat' dir='ltr'><strong>duorum</strong></span> 
     </span>
    </p>
   </div>
   <div class='ocr_carea' id='block_1_28' title="bbox 1963 1640 3553 1712">
    <p class='ocr_par' dir='ltr' id='par_1_28' title="bbox 1963 1640 3553 1712">
     <span class='ocr_line' id='line_1_28' title="bbox 1963 1640 3553 1712; baseline -0.002 -14"><span class='ocrx_word' id='word_1_199' title='bbox 1963 1642 2357 1709; x_wconf 81' lang='lat' dir='ltr'><strong>bissextorum,</strong></span> <span class='ocrx_word' id='word_1_200' title='bbox 2388 1642 2529 1698; x_wconf 90' lang='lat' dir='ltr'><strong>sicut</strong></span> <span class='ocrx_word' id='word_1_201' title='bbox 2564 1657 2728 1712; x_wconf 86' lang='lat' dir='ltr'><strong>supra</strong></span> <span class='ocrx_word' id='word_1_202' title='bbox 2764 1642 3120 1706; x_wconf 88' lang='lat' dir='ltr'><strong>ostendimus,</strong></span> <span class='ocrx_word' id='word_1_203' title='bbox 3153 1650 3375 1711; x_wconf 73' lang='lat' dir='ltr'><strong>Sperant</strong></span> <span class='ocrx_word' id='word_1_204' title='bbox 3403 1640 3553 1709; x_wconf 87' lang='lat' dir='ltr'><strong>adje-</strong></span> 
     </span>
    </p>
   </div>
   <div class='ocr_carea' id='block_1_29' title="bbox 1965 1731 3556 1802">
    <p class='ocr_par' dir='ltr' id='par_1_29' title="bbox 1965 1731 3556 1802">
     <span class='ocr_line' id='line_1_29' title="bbox 1965 1731 3556 1802; baseline 0.001 -17"><span class='ocrx_word' id='word_1_205' title='bbox 1965 1732 2144 1786; x_wconf 91' lang='lat' dir='ltr'><strong>ctione</strong></span> <span class='ocrx_word' id='word_1_206' title='bbox 2172 1732 2429 1802; x_wconf 89' lang='lat' dir='ltr'><strong>suppleri.</strong></span> <span class='ocrx_word' id='word_1_207' title='bbox 2478 1732 2772 1787; x_wconf 81' lang='lat' dir='ltr'><strong>Videamus</strong></span> <span class='ocrx_word' id='word_1_208' title='bbox 2823 1740 2879 1785; x_wconf 89' lang='lat' dir='ltr'><strong>et</strong></span> <span class='ocrx_word' id='word_1_209' title='bbox 2907 1731 3235 1785; x_wconf 87' lang='lat' dir='ltr'><strong>endecadem</strong></span> <span class='ocrx_word' id='word_1_210' title='bbox 3276 1731 3556 1800; x_wconf 88' lang='lat' dir='ltr'><strong>utriusque</strong></span> 
     </span>
    </p>
   </div>
   <div class='ocr_carea' id='block_1_30' title="bbox 261 1819 3551 1902">
    <p class='ocr_par' dir='ltr' id='par_1_30' title="bbox 261 1819 3551 1902">
     <span class='ocr_line' id='line_1_30' title="bbox 261 1819 3551 1902; baseline 0 -28"><span class='ocrx_word' id='word_1_211' title='bbox 261 1819 439 1889; x_wconf 88' lang='lat' dir='ltr'><strong>plere,</strong></span> <span class='ocrx_word' id='word_1_212' title='bbox 469 1831 734 1891; x_wconf 86' lang='lat' dir='ltr'><strong>quatenus</strong></span> <span class='ocrx_word' id='word_1_213' title='bbox 760 1824 829 1881; x_wconf 88' lang='lat' dir='ltr'><strong>ad</strong></span> <span class='ocrx_word' id='word_1_214' title='bbox 857 1825 1034 1882; x_wconf 88' lang='lat' dir='ltr'><strong>solare</strong></span> <span class='ocrx_word' id='word_1_215' title='bbox 1061 1836 1274 1899; x_wconf 90' lang='lat' dir='ltr'><strong>tempus</strong></span> <span class='ocrx_word' id='word_1_216' title='bbox 1298 1827 1504 1885; x_wconf 89' lang='lat' dir='ltr'><strong>lunaris</strong></span> <span class='ocrx_word' id='word_1_217' title='bbox 1530 1842 1860 1902; x_wconf 77' lang='lat' dir='ltr'><strong>exsequetur</strong></span> <span class='ocrx_word' id='word_1_218' title='bbox 1886 1836 1936 1896; x_wconf 77' lang='grc' dir='ltr'><strong>Β</strong></span> <span class='ocrx_word' id='word_1_219' title='bbox 1964 1821 2179 1887; x_wconf 87' lang='lat' dir='ltr'><strong>sideris,</strong></span> <span class='ocrx_word' id='word_1_220' title='bbox 2210 1821 2257 1875; x_wconf 90' lang='lat' dir='ltr'><strong>si</strong></span> <span class='ocrx_word' id='word_1_221' title='bbox 2298 1821 2440 1875; x_wconf 80' lang='lat' dir='ltr'><strong>forte</strong></span> <span class='ocrx_word' id='word_1_222' title='bbox 2480 1820 2555 1875; x_wconf 87' lang='lat' dir='ltr'><strong>ibi</strong></span> <span class='ocrx_word' id='word_1_223' title='bbox 2599 1820 2679 1875; x_wconf 91' lang='lat' dir='ltr'><strong>sol</strong></span> <span class='ocrx_word' id='word_1_224' title='bbox 2711 1819 2988 1876; x_wconf 88' lang='lat' dir='ltr'><strong>bissextile</strong></span> <span class='ocrx_word' id='word_1_225' title='bbox 3015 1828 3226 1889; x_wconf 84' lang='lat' dir='ltr'><strong>quaerat</strong></span> <span class='ocrx_word' id='word_1_226' title='bbox 3270 1819 3551 1874; x_wconf 79' lang='lat' dir='ltr'><strong>auxilium.</strong></span> 
     </span>
    </p>
   </div>
   <div class='ocr_carea' id='block_1_31' title="bbox 259 1912 1860 1996">
    <p class='ocr_par' dir='ltr' id='par_1_31' title="bbox 259 1912 1860 1996">
     <span class='ocr_line' id='line_1_31' title="bbox 259 1912 1860 1996; baseline 0.01 -32"><span class='ocrx_word' id='word_1_227' title='bbox 259 1912 539 1967; x_wconf 79' lang='lat' dir='ltr'><strong>excursio.</strong></span> <span class='ocrx_word' id='word_1_228' title='bbox 585 1913 844 1981; x_wconf 85' lang='lat' dir='ltr'><strong>Quamvis</strong></span> <span class='ocrx_word' id='word_1_229' title='bbox 880 1918 1025 1972; x_wconf 91' lang='lat' dir='ltr'><strong>enim</strong></span> <span class='ocrx_word' id='word_1_230' title='bbox 1069 1919 1200 1975; x_wconf 89' lang='lat' dir='ltr'><strong>solis</strong></span> <span class='ocrx_word' id='word_1_231' title='bbox 1251 1935 1491 1977; x_wconf 90' lang='lat' dir='ltr'><strong>annuum</strong></span> <span class='ocrx_word' id='word_1_232' title='bbox 1519 1924 1730 1995; x_wconf 85' lang='lat' dir='ltr'><strong>cyclum</strong></span> <span class='ocrx_word' id='word_1_233' title='bbox 1760 1941 1860 1996; x_wconf 92' lang='lat' dir='ltr'><strong>per</strong></span> 
     </span>
    </p>
   </div>
   <div class='ocr_carea' id='block_1_32' title="bbox 1962 1909 3556 1982">
    <p class='ocr_par' dir='ltr' id='par_1_32' title="bbox 1962 1909 3556 1982">
     <span class='ocr_line' id='line_1_32' title="bbox 1962 1909 3556 1982; baseline -0.001 -15"><span class='ocrx_word' id='word_1_234' title='bbox 1962 1909 2155 1967; x_wconf 88' lang='lat' dir='ltr'><strong>Utrum</strong></span> <span class='ocrx_word' id='word_1_235' title='bbox 2186 1910 2333 1967; x_wconf 90' lang='lat' dir='ltr'><strong>enim</strong></span> <span class='ocrx_word' id='word_1_236' title='bbox 2360 1917 2573 1981; x_wconf 87' lang='lat' dir='ltr'><strong>tempus</strong></span> <span class='ocrx_word' id='word_1_237' title='bbox 2599 1926 2825 1966; x_wconf 88' lang='lat' dir='ltr'><strong>necesse</strong></span> <span class='ocrx_word' id='word_1_238' title='bbox 2854 1918 2936 1966; x_wconf 89' lang='lat' dir='ltr'><strong>est</strong></span> <span class='ocrx_word' id='word_1_239' title='bbox 2965 1926 3072 1965; x_wconf 92' lang='lat' dir='ltr'><strong>una</strong></span> <span class='ocrx_word' id='word_1_240' title='bbox 3109 1909 3293 1982; x_wconf 84' lang='lat' dir='ltr'><strong>regula</strong></span> <span class='ocrx_word' id='word_1_241' title='bbox 3319 1910 3556 1980; x_wconf 86' lang='lat' dir='ltr'><strong>comple-</strong></span> 
     </span>
    </p>
   </div>
   <div class='ocr_carea' id='block_1_33' title="bbox 261 1992 3557 2087">
    <p class='ocr_par' dir='ltr' id='par_1_33' title="bbox 261 1992 3557 2087">
     <span class='ocr_line' id='line_1_33' title="bbox 261 1992 3557 2087; baseline 0.001 -32"><span class='ocrx_word' id='word_1_242' title='bbox 261 2001 510 2073; x_wconf 83' lang='lat' dir='ltr'><strong>singulos</strong></span> <span class='ocrx_word' id='word_1_243' title='bbox 546 2017 760 2064; x_wconf 87' lang='lat' dir='ltr'><strong>menses</strong></span> <span class='ocrx_word' id='word_1_244' title='bbox 786 2006 914 2074; x_wconf 81' lang='lat' dir='ltr'><strong>luna</strong></span> <span class='ocrx_word' id='word_1_245' title='bbox 949 2010 1266 2079; x_wconf 86' lang='lat' dir='ltr'><strong>circumeat,</strong></span> <span class='ocrx_word' id='word_1_246' title='bbox 1314 2021 1492 2070; x_wconf 89' lang='lat' dir='ltr'><strong>tamen</strong></span> <span class='ocrx_word' id='word_1_247' title='bbox 1533 1992 1651 2086; x_wconf 77' lang='lat' dir='ltr'><strong>ejus</strong></span> <span class='ocrx_word' id='word_1_248' title='bbox 1679 1992 1860 2087; x_wconf 65' lang='grc' dir='ltr'><strong>ρειῖίε.</strong></span> <span class='ocrx_word' id='word_1_249' title='bbox 1938 1992 2159 2061; x_wconf 80' lang='lat' dir='ltr'><strong>-etatur.</strong></span> <span class='ocrx_word' id='word_1_250' title='bbox 2193 2004 2464 2061; x_wconf 88' lang='lat' dir='ltr'><strong>Undecies</strong></span> <span class='ocrx_word' id='word_1_251' title='bbox 2508 2004 2804 2085; x_wconf 76' lang='lat' dir='ltr'><strong>trecenteni</strong></span> <span class='ocrx_word' id='word_1_252' title='bbox 2840 2003 3096 2074; x_wconf 80' lang='lat' dir='ltr'><strong>sexageni</strong></span> <span class='ocrx_word' id='word_1_253' title='bbox 3122 2011 3179 2057; x_wconf 92' lang='lat' dir='ltr'><strong>et</strong></span> <span class='ocrx_word' id='word_1_254' title='bbox 3223 2003 3373 2072; x_wconf 91' lang='lat' dir='ltr'><strong>quini</strong></span> <span class='ocrx_word' id='word_1_255' title='bbox 3420 2001 3557 2057; x_wconf 81' lang='lat' dir='ltr'><strong>ﬁunt</strong></span> 
     </span>
    </p>
   </div>
   <div class='ocr_carea' id='block_1_34' title="bbox 260 2093 1855 2176">
    <p class='ocr_par' dir='ltr' id='par_1_34' title="bbox 260 2093 1855 2176">
     <span class='ocr_line' id='line_1_34' title="bbox 260 2093 1855 2176; baseline 0.011 -30"><span class='ocrx_word' id='word_1_256' title='bbox 260 2093 505 2149; x_wconf 89' lang='lat' dir='ltr'><strong>ctionem</strong></span> <span class='ocrx_word' id='word_1_257' title='bbox 533 2094 816 2153; x_wconf 89' lang='lat' dir='ltr'><strong>duodecim</strong></span> <span class='ocrx_word' id='word_1_258' title='bbox 846 2099 962 2155; x_wconf 84' lang='lat' dir='ltr'><strong>suis</strong></span> <span class='ocrx_word' id='word_1_259' title='bbox 1001 2102 1281 2158; x_wconf 85' lang='lat' dir='ltr'><strong>mensibus</strong></span> <span class='ocrx_word' id='word_1_260' title='bbox 1320 2103 1548 2174; x_wconf 89' lang='lat' dir='ltr'><strong>implere</strong></span> <span class='ocrx_word' id='word_1_261' title='bbox 1575 2122 1683 2162; x_wconf 92' lang='lat' dir='ltr'><strong>non</strong></span> <span class='ocrx_word' id='word_1_262' title='bbox 1714 2121 1855 2176; x_wconf 73' lang='lat' dir='ltr'><strong>prm-</strong></span> 
     </span>
    </p>
   </div>
   <div class='ocr_carea' id='block_1_35' title="bbox 257 2181 1856 2255">
    <p class='ocr_par' dir='ltr' id='par_1_35' title="bbox 257 2181 1856 2255">
     <span class='ocr_line' id='line_1_35' title="bbox 257 2181 1856 2255; baseline 0.011 -21"><span class='ocrx_word' id='word_1_263' title='bbox 257 2181 432 2236; x_wconf 83' lang='lat' dir='ltr'><strong>valet.</strong></span> <span class='ocrx_word' id='word_1_264' title='bbox 466 2182 711 2254; x_wconf 87' lang='lat' dir='ltr'><strong>Denique</strong></span> <span class='ocrx_word' id='word_1_265' title='bbox 758 2186 812 2243; x_wconf 86' lang='lat' dir='ltr'><strong>in</strong></span> <span class='ocrx_word' id='word_1_266' title='bbox 860 2189 1019 2245; x_wconf 88' lang='lat' dir='ltr'><strong>annis</strong></span> <span class='ocrx_word' id='word_1_267' title='bbox 1065 2193 1440 2249; x_wconf 89' lang='lat' dir='ltr'><strong>communibus</strong></span> <span class='ocrx_word' id='word_1_268' title='bbox 1470 2193 1538 2249; x_wconf 89' lang='lat' dir='ltr'><strong>ad</strong></span> <span class='ocrx_word' id='word_1_269' title='bbox 1586 2195 1856 2255; x_wconf 74' lang='lat' dir='ltr'><strong>rationem</strong></span> 
     </span>
    </p>
   </div>
   <div class='ocr_carea' id='block_1_36' title="bbox 259 2272 1857 2343">
    <p class='ocr_par' dir='ltr' id='par_1_36' title="bbox 259 2272 1857 2343">
     <span class='ocr_line' id='line_1_36' title="bbox 259 2272 1857 2343; baseline 0.009 -15"><span class='ocrx_word' id='word_1_270' title='bbox 259 2272 465 2329; x_wconf 88' lang='lat' dir='ltr'><strong>solaris</strong></span> <span class='ocrx_word' id='word_1_271' title='bbox 496 2275 625 2331; x_wconf 83' lang='lat' dir='ltr'><strong>anni</strong></span> <span class='ocrx_word' id='word_1_272' title='bbox 649 2276 901 2333; x_wconf 86' lang='lat' dir='ltr'><strong>undecim</strong></span> <span class='ocrx_word' id='word_1_273' title='bbox 934 2281 1051 2337; x_wconf 89' lang='lat' dir='ltr'><strong>dies</strong></span> <span class='ocrx_word' id='word_1_274' title='bbox 1075 2280 1216 2337; x_wconf 79' lang='lat' dir='ltr'><strong>luna:</strong></span> <span class='ocrx_word' id='word_1_275' title='bbox 1241 2282 1431 2341; x_wconf 88' lang='lat' dir='ltr'><strong>deesse</strong></span> <span class='ocrx_word' id='word_1_276' title='bbox 1457 2297 1775 2343; x_wconf 80' lang='lat' dir='ltr'><strong>cernuntur.</strong></span> <span class='ocrx_word' id='word_1_277' title='bbox 1797 2287 1857 2343; x_wconf 90' lang='lat' dir='ltr'><strong>In</strong></span> 
     </span>
    </p>
   </div>
   <div class='ocr_carea' id='block_1_37' title="bbox 254 2365 1856 2438">
    <p class='ocr_par' dir='ltr' id='par_1_37' title="bbox 254 2365 1856 2438">
     <span class='ocr_line' id='line_1_37' title="bbox 254 2365 1856 2438; baseline 0.01 -20"><span class='ocrx_word' id='word_1_278' title='bbox 254 2365 599 2438; x_wconf 79' lang='lat' dir='ltr'><strong>embolismis</strong></span> <span class='ocrx_word' id='word_1_279' title='bbox 639 2383 767 2425; x_wconf 91' lang='lat' dir='ltr'><strong>vero</strong></span> <span class='ocrx_word' id='word_1_280' title='bbox 811 2371 996 2428; x_wconf 88' lang='lat' dir='ltr'><strong>decem</strong></span> <span class='ocrx_word' id='word_1_281' title='bbox 1043 2382 1095 2431; x_wconf 88' lang='lat' dir='ltr'><strong>et</strong></span> <span class='ocrx_word' id='word_1_282' title='bbox 1134 2389 1327 2433; x_wconf 90' lang='lat' dir='ltr'><strong>novem</strong></span> <span class='ocrx_word' id='word_1_283' title='bbox 1376 2379 1570 2435; x_wconf 88' lang='lat' dir='ltr'><strong>diebus</strong></span> <span class='ocrx_word' id='word_1_284' title='bbox 1600 2379 1856 2434; x_wconf 90' lang='lat' dir='ltr'><strong>eumdem</strong></span> 
     </span>
    </p>
   </div>
   <div class='ocr_carea' id='block_1_38' title="bbox 256 2456 1859 2543">
    <p class='ocr_par' dir='ltr' id='par_1_38' title="bbox 256 2456 1859 2543">
     <span class='ocr_line' id='line_1_38' title="bbox 256 2456 1859 2543; baseline 0.014 -37"><span class='ocrx_word' id='word_1_285' title='bbox 256 2466 467 2509; x_wconf 91' lang='lat' dir='ltr'><strong>annum</strong></span> <span class='ocrx_word' id='word_1_286' title='bbox 499 2456 710 2513; x_wconf 89' lang='lat' dir='ltr'><strong>videtur</strong></span> <span class='ocrx_word' id='word_1_287' title='bbox 757 2460 992 2522; x_wconf 77' lang='lat' dir='ltr'><strong>solerem</strong></span> <span class='ocrx_word' id='word_1_288' title='bbox 1038 2466 1163 2524; x_wconf 89' lang='lat' dir='ltr'><strong>luna</strong></span> <span class='ocrx_word' id='word_1_289' title='bbox 1209 2472 1615 2543; x_wconf 85' lang='lat' dir='ltr'><strong>transcendere.</strong></span> <span class='ocrx_word' id='word_1_290' title='bbox 1646 2471 1716 2525; x_wconf 88' lang='lat' dir='ltr'><strong>Et</strong></span> <span class='ocrx_word' id='word_1_291' title='bbox 1751 2469 1859 2528; x_wconf 85' lang='lat' dir='ltr'><strong>He-</strong></span> 
     </span>
    </p>
   </div>
   <div class='ocr_carea' id='block_1_39' title="bbox 254 2543 1858 2632">
    <p class='ocr_par' dir='ltr' id='par_1_39' title="bbox 254 2543 1858 2632">
     <span class='ocr_line' id='line_1_39' title="bbox 254 2543 1858 2632; baseline 0.012 -34"><span class='ocrx_word' id='word_1_292' title='bbox 254 2543 394 2600; x_wconf 65' lang='lat' dir='ltr'><strong>braei</strong></span> <span class='ocrx_word' id='word_1_293' title='bbox 432 2547 670 2619; x_wconf 82' lang='lat' dir='ltr'><strong>quidem,</strong></span> <span class='ocrx_word' id='word_1_294' title='bbox 703 2554 796 2624; x_wconf 88' lang='lat' dir='ltr'><strong>qui</strong></span> <span class='ocrx_word' id='word_1_295' title='bbox 833 2555 977 2612; x_wconf 88' lang='lat' dir='ltr'><strong>solos</strong></span> <span class='ocrx_word' id='word_1_296' title='bbox 1018 2556 1240 2615; x_wconf 87' lang='lat' dir='ltr'><strong>lunares</strong></span> <span class='ocrx_word' id='word_1_297' title='bbox 1267 2560 1321 2614; x_wconf 94' lang='lat' dir='ltr'><strong>in</strong></span> <span class='ocrx_word' id='word_1_298' title='bbox 1358 2560 1477 2632; x_wconf 89' lang='lat' dir='ltr'><strong>lege</strong></span> <span class='ocrx_word' id='word_1_299' title='bbox 1512 2569 1777 2617; x_wconf 77' lang='lat' dir='ltr'><strong>noverant</strong></span> <span class='ocrx_word' id='word_1_300' title='bbox 1801 2570 1858 2619; x_wconf 91' lang='lat' dir='ltr'><strong>et</strong></span> 
     </span>
    </p>
   </div>
   <div class='ocr_carea' id='block_1_40' title="bbox 254 2632 1857 2715">
    <p class='ocr_par' dir='ltr' id='par_1_40' title="bbox 254 2632 1857 2715">
     <span class='ocr_line' id='line_1_40' title="bbox 254 2632 1857 2715; baseline 0.011 -25"><span class='ocrx_word' id='word_1_301' title='bbox 254 2632 628 2695; x_wconf 80' lang='lat' dir='ltr'><strong>observabant</strong></span> <span class='ocrx_word' id='word_1_302' title='bbox 657 2657 891 2709; x_wconf 89' lang='lat' dir='ltr'><strong>menses,</strong></span> <span class='ocrx_word' id='word_1_303' title='bbox 926 2644 1083 2715; x_wconf 81' lang='lat' dir='ltr'><strong>juxta</strong></span> <span class='ocrx_word' id='word_1_304' title='bbox 1114 2647 1418 2705; x_wconf 87' lang='lat' dir='ltr'><strong>naturalem</strong></span> <span class='ocrx_word' id='word_1_305' title='bbox 1462 2648 1603 2706; x_wconf 70' lang='lat' dir='ltr'><strong>lunae</strong></span> <span class='ocrx_word' id='word_1_306' title='bbox 1633 2665 1857 2707; x_wconf 90' lang='lat' dir='ltr'><strong>cursum</strong></span> 
     </span>
    </p>
   </div>
   <div class='ocr_carea' id='block_1_41' title="bbox 257 2727 1857 2805">
    <p class='ocr_par' dir='ltr' id='par_1_41' title="bbox 257 2727 1857 2805">
     <span class='ocr_line' id='line_1_41' title="bbox 257 2727 1857 2805; baseline 0.011 -24"><span class='ocrx_word' id='word_1_307' title='bbox 257 2727 491 2784; x_wconf 91' lang='lat' dir='ltr'><strong>tricenis</strong></span> <span class='ocrx_word' id='word_1_308' title='bbox 534 2732 1013 2805; x_wconf 88' lang='lat' dir='ltr'><strong>nndetricenisque</strong></span> <span class='ocrx_word' id='word_1_309' title='bbox 1057 2736 1246 2794; x_wconf 86' lang='lat' dir='ltr'><strong>diebus</strong></span> <span class='ocrx_word' id='word_1_310' title='bbox 1287 2742 1655 2796; x_wconf 91' lang='lat' dir='ltr'><strong>communium</strong></span> <span class='ocrx_word' id='word_1_311' title='bbox 1686 2758 1857 2799; x_wconf 91' lang='lat' dir='ltr'><strong>anno-</strong></span> 
     </span>
    </p>
   </div>
   <div class='ocr_carea' id='block_1_42' title="bbox 254 2821 1855 2897">
    <p class='ocr_par' dir='ltr' id='par_1_42' title="bbox 254 2821 1855 2897">
     <span class='ocr_line' id='line_1_42' title="bbox 254 2821 1855 2897; baseline 0.011 -25"><span class='ocrx_word' id='word_1_312' title='bbox 254 2834 381 2873; x_wconf 89' lang='lat' dir='ltr'><strong>rum</strong></span> <span class='ocrx_word' id='word_1_313' title='bbox 412 2834 632 2877; x_wconf 87' lang='lat' dir='ltr'><strong>menses</strong></span> <span class='ocrx_word' id='word_1_314' title='bbox 660 2821 937 2879; x_wconf 89' lang='lat' dir='ltr'><strong>duodenos</strong></span> <span class='ocrx_word' id='word_1_315' title='bbox 981 2826 1342 2897; x_wconf 82' lang='lat' dir='ltr'><strong>explicabant,</strong></span> <span class='ocrx_word' id='word_1_316' title='bbox 1373 2838 1429 2886; x_wconf 87' lang='lat' dir='ltr'><strong>et</strong></span> <span class='ocrx_word' id='word_1_317' title='bbox 1469 2831 1629 2887; x_wconf 91' lang='lat' dir='ltr'><strong>tertio</strong></span> <span class='ocrx_word' id='word_1_318' title='bbox 1662 2832 1749 2888; x_wconf 91' lang='lat' dir='ltr'><strong>vel</strong></span> <span class='ocrx_word' id='word_1_319' title='bbox 1771 2848 1855 2889; x_wconf 90' lang='lat' dir='ltr'><strong>se-</strong></span> 
     </span>
    </p>
   </div>
   <div class='ocr_carea' id='block_1_43' title="bbox 254 2914 1855 2987">
    <p class='ocr_par' dir='ltr' id='par_1_43' title="bbox 254 2914 1855 2987">
     <span class='ocr_line' id='line_1_43' title="bbox 254 2914 1855 2987; baseline 0.012 -20"><span class='ocrx_word' id='word_1_320' title='bbox 254 2914 444 2969; x_wconf 86' lang='lat' dir='ltr'><strong>cundo</strong></span> <span class='ocrx_word' id='word_1_321' title='bbox 471 2914 566 2971; x_wconf 87' lang='lat' dir='ltr'><strong>ubi</strong></span> <span class='ocrx_word' id='word_1_322' title='bbox 610 2916 839 2974; x_wconf 87' lang='lat' dir='ltr'><strong>decebat</strong></span> <span class='ocrx_word' id='word_1_323' title='bbox 885 2934 1029 2977; x_wconf 90' lang='lat' dir='ltr'><strong>anno</strong></span> <span class='ocrx_word' id='word_1_324' title='bbox 1071 2923 1293 2979; x_wconf 90' lang='lat' dir='ltr'><strong>tertium</strong></span> <span class='ocrx_word' id='word_1_325' title='bbox 1333 2925 1603 2983; x_wconf 89' lang='lat' dir='ltr'><strong>decimum</strong></span> <span class='ocrx_word' id='word_1_326' title='bbox 1642 2929 1696 2984; x_wconf 92' lang='lat' dir='ltr'><strong>in</strong></span> <span class='ocrx_word' id='word_1_327' title='bbox 1746 2928 1855 2987; x_wconf 82' lang='lat' dir='ltr'><strong>ﬁne</strong></span> 
     </span>
    </p>
   </div>
   <div class='ocr_carea' id='block_1_44' title="bbox 252 3005 1856 3086">
    <p class='ocr_par' dir='ltr' id='par_1_44' title="bbox 252 3005 1856 3086">
     <span class='ocr_line' id='line_1_44' title="bbox 252 3005 1856 3086; baseline 0.012 -27"><span class='ocrx_word' id='word_1_328' title='bbox 252 3005 386 3061; x_wconf 87' lang='lat' dir='ltr'><strong>anni</strong></span> <span class='ocrx_word' id='word_1_329' title='bbox 429 3022 673 3063; x_wconf 87' lang='lat' dir='ltr'><strong>mensem</strong></span> <span class='ocrx_word' id='word_1_330' title='bbox 705 3010 925 3081; x_wconf 87' lang='lat' dir='ltr'><strong>triginta</strong></span> <span class='ocrx_word' id='word_1_331' title='bbox 970 3012 1182 3069; x_wconf 88' lang='lat' dir='ltr'><strong>dierum</strong></span> <span class='ocrx_word' id='word_1_332' title='bbox 1216 3019 1579 3086; x_wconf 87' lang='lat' dir='ltr'><strong>apponebant,</strong></span> <span class='ocrx_word' id='word_1_333' title='bbox 1625 3020 1856 3077; x_wconf 81' lang='lat' dir='ltr'><strong>emboli-</strong></span> 
     </span>
    </p>
   </div>
   <div class='ocr_carea' id='block_1_45' title="bbox 252 3096 1850 3180">
    <p class='ocr_par' dir='ltr' id='par_1_45' title="bbox 252 3096 1850 3180">
     <span class='ocr_line' id='line_1_45' title="bbox 252 3096 1850 3180; baseline 0.011 -29"><span class='ocrx_word' id='word_1_334' title='bbox 252 3111 461 3151; x_wconf 89' lang='lat' dir='ltr'><strong>smnm.</strong></span> <span class='ocrx_word' id='word_1_335' title='bbox 490 3096 662 3154; x_wconf 90' lang='lat' dir='ltr'><strong>Porro</strong></span> <span class='ocrx_word' id='word_1_336' title='bbox 695 3100 945 3170; x_wconf 80' lang='lat' dir='ltr'><strong>Romani,</strong></span> <span class='ocrx_word' id='word_1_337' title='bbox 975 3105 1066 3175; x_wconf 90' lang='lat' dir='ltr'><strong>qui</strong></span> <span class='ocrx_word' id='word_1_338' title='bbox 1093 3105 1339 3177; x_wconf 88' lang='lat' dir='ltr'><strong>dispares</strong></span> <span class='ocrx_word' id='word_1_339' title='bbox 1376 3108 1582 3166; x_wconf 87' lang='lat' dir='ltr'><strong>habent</strong></span> <span class='ocrx_word' id='word_1_340' title='bbox 1610 3126 1850 3180; x_wconf 81' lang='lat' dir='ltr'><strong>menses,</strong></span> 
     </span>
    </p>
   </div>
   <div class='ocr_carea' id='block_1_46' title="bbox 1960 2078 3554 2165">
    <p class='ocr_par' dir='ltr' id='par_1_46' title="bbox 1960 2078 3554 2165">
     <span class='ocr_line' id='line_1_46' title="bbox 1960 2078 3554 2165; baseline -0.001 -15"><span class='ocrx_word' id='word_1_341' title='bbox 1960 2096 2288 2150; x_wconf 77' lang='lat' dir='ltr'><strong>tT&#39;uvatem</strong></span> <span class='ocrx_word' id='word_1_342' title='bbox 2329 2096 2585 2151; x_wconf 88' lang='lat' dir='ltr'><strong>undecies</strong></span> <span class='ocrx_word' id='word_1_343' title='bbox 2622 2078 2919 2151; x_wconf 82' lang='lat' dir='ltr'><strong>trecenteni</strong></span> <span class='ocrx_word' id='word_1_344' title='bbox 2939 2094 3311 2165; x_wconf 85' lang='lat' dir='ltr'><strong>quinquageni</strong></span> <span class='ocrx_word' id='word_1_345' title='bbox 3341 2100 3395 2149; x_wconf 88' lang='lat' dir='ltr'><strong>et</strong></span> <span class='ocrx_word' id='word_1_346' title='bbox 3423 2108 3554 2165; x_wconf 55' lang='lat' dir='ltr'><strong>qua.</strong></span> 
     </span>
    </p>
   </div>
   <div class='ocr_carea' id='block_1_47' title="bbox 1961 2186 3557 2246">
    <p class='ocr_par' dir='ltr' id='par_1_47' title="bbox 1961 2186 3557 2246">
     <span class='ocr_line' id='line_1_47' title="bbox 1961 2186 3557 2246; baseline -0.003 0"><span class='ocrx_word' id='word_1_347' title='bbox 1961 2189 2101 2246; x_wconf 82' lang='lat' dir='ltr'><strong>terni</strong></span> <span class='ocrx_word' id='word_1_348' title='bbox 2143 2188 2279 2244; x_wconf 78' lang='lat' dir='ltr'><strong>ﬁunt</strong></span> <span class='ocrx_word' id='word_1_349' title='bbox 2320 2203 2665 2245; x_wconf 75' lang='lat' dir='ltr'><strong>il-DCCCXCW.</strong></span> <span class='ocrx_word' id='word_1_350' title='bbox 2713 2187 2867 2244; x_wconf 83' lang='lat' dir='ltr'><strong>Adde</strong></span> <span class='ocrx_word' id='word_1_351' title='bbox 2915 2186 3360 2243; x_wconf 89' lang='lat' dir='ltr'><strong>embolismornm</strong></span> <span class='ocrx_word' id='word_1_352' title='bbox 3410 2202 3557 2242; x_wconf 88' lang='lat' dir='ltr'><strong>men-</strong></span> 
     </span>
    </p>
   </div>
   <div class='ocr_carea' id='block_1_48' title="bbox 1960 2277 3551 2353">
    <p class='ocr_par' dir='ltr' id='par_1_48' title="bbox 1960 2277 3551 2353">
     <span class='ocr_line' id='line_1_48' title="bbox 1960 2277 3551 2353; baseline -0.003 -16"><span class='ocrx_word' id='word_1_353' title='bbox 1960 2283 2101 2337; x_wconf 88' lang='lat' dir='ltr'><strong>sium</strong></span> <span class='ocrx_word' id='word_1_354' title='bbox 2128 2283 2246 2338; x_wconf 91' lang='lat' dir='ltr'><strong>dies</strong></span> <span class='ocrx_word' id='word_1_355' title='bbox 2270 2290 2488 2338; x_wconf 85' lang='lat' dir='ltr'><strong>centum</strong></span> <span class='ocrx_word' id='word_1_356' title='bbox 2515 2281 2722 2353; x_wconf 83' lang='lat' dir='ltr'><strong>viginti.</strong></span> <span class='ocrx_word' id='word_1_357' title='bbox 2761 2280 2926 2335; x_wconf 82' lang='lat' dir='ltr'><strong>Fiunt</strong></span> <span class='ocrx_word' id='word_1_358' title='bbox 2966 2279 3171 2334; x_wconf 78' lang='lat' dir='ltr'><strong>i&#39;ﬁixtv.</strong></span> <span class='ocrx_word' id='word_1_359' title='bbox 3199 2277 3349 2332; x_wconf 91' lang='lat' dir='ltr'><strong>Tolle</strong></span> <span class='ocrx_word' id='word_1_360' title='bbox 3383 2294 3551 2333; x_wconf 89' lang='lat' dir='ltr'><strong>unum</strong></span> 
     </span>
    </p>
   </div>
   <div class='ocr_carea' id='block_1_49' title="bbox 1959 2364 3552 2438">
    <p class='ocr_par' dir='ltr' id='par_1_49' title="bbox 1959 2364 3552 2438">
     <span class='ocr_line' id='line_1_49' title="bbox 1959 2364 3552 2438; baseline -0.003 -12"><span class='ocrx_word' id='word_1_361' title='bbox 1959 2371 2129 2427; x_wconf 88' lang='lat' dir='ltr'><strong>saltus</strong></span> <span class='ocrx_word' id='word_1_362' title='bbox 2160 2371 2326 2437; x_wconf 88' lang='lat' dir='ltr'><strong>diem,</strong></span> <span class='ocrx_word' id='word_1_363' title='bbox 2361 2378 2646 2427; x_wconf 85' lang='lat' dir='ltr'><strong>remanent</strong></span> <span class='ocrx_word' id='word_1_364' title='bbox 2683 2367 2964 2424; x_wconf 89' lang='lat' dir='ltr'><strong>tredecim.</strong></span> <span class='ocrx_word' id='word_1_365' title='bbox 2996 2367 3129 2423; x_wconf 86' lang='lat' dir='ltr'><strong>Vide</strong></span> <span class='ocrx_word' id='word_1_366' title='bbox 3166 2366 3335 2438; x_wconf 88' lang='lat' dir='ltr'><strong>igitur</strong></span> <span class='ocrx_word' id='word_1_367' title='bbox 3361 2365 3408 2420; x_wconf 92' lang='lat' dir='ltr'><strong>si</strong></span> <span class='ocrx_word' id='word_1_368' title='bbox 3448 2364 3552 2421; x_wconf 91' lang='lat' dir='ltr'><strong>hoc</strong></span> 
     </span>
    </p>
   </div>
   <div class='ocr_carea' id='block_1_50' title="bbox 1958 2456 3552 2536">
    <p class='ocr_par' dir='ltr' id='par_1_50' title="bbox 1958 2456 3552 2536">
     <span class='ocr_line' id='line_1_50' title="bbox 1958 2456 3552 2536; baseline -0.005 -16"><span class='ocrx_word' id='word_1_369' title='bbox 1958 2478 2095 2536; x_wconf 85' lang='lat' dir='ltr'><strong>Opus</strong></span> <span class='ocrx_word' id='word_1_370' title='bbox 2133 2463 2334 2520; x_wconf 88' lang='lat' dir='ltr'><strong>haheat</strong></span> <span class='ocrx_word' id='word_1_371' title='bbox 2356 2462 2591 2519; x_wconf 88' lang='lat' dir='ltr'><strong>endecas</strong></span> <span class='ocrx_word' id='word_1_372' title='bbox 2615 2460 2746 2517; x_wconf 91' lang='lat' dir='ltr'><strong>solis</strong></span> <span class='ocrx_word' id='word_1_373' title='bbox 2788 2459 3099 2516; x_wconf 89' lang='lat' dir='ltr'><strong>subsidialis</strong></span> <span class='ocrx_word' id='word_1_374' title='bbox 3129 2459 3330 2527; x_wconf 85' lang='lat' dir='ltr'><strong>sextili,</strong></span> <span class='ocrx_word' id='word_1_375' title='bbox 3364 2466 3425 2514; x_wconf 93' lang='lat' dir='ltr'><strong>ut</strong></span> <span class='ocrx_word' id='word_1_376' title='bbox 3454 2456 3552 2512; x_wconf 90' lang='lat' dir='ltr'><strong>ad-</strong></span> 
     </span>
    </p>
   </div>
   <div class='ocr_carea' id='block_1_51' title="bbox 1958 2554 3553 2612">
    <p class='ocr_par' dir='ltr' id='par_1_51' title="bbox 1958 2554 3553 2612">
     <span class='ocr_line' id='line_1_51' title="bbox 1958 2554 3553 2612; baseline -0.001 0"><span class='ocrx_word' id='word_1_377' title='bbox 1958 2556 2088 2612; x_wconf 87' lang='lat' dir='ltr'><strong>ditis</strong></span> <span class='ocrx_word' id='word_1_378' title='bbox 2114 2554 2365 2612; x_wconf 87' lang='lat' dir='ltr'><strong>videlicet</strong></span> <span class='ocrx_word' id='word_1_379' title='bbox 2390 2556 2599 2611; x_wconf 85' lang='lat' dir='ltr'><strong>duobus</strong></span> <span class='ocrx_word' id='word_1_380' title='bbox 2612 2554 2694 2610; x_wconf 89' lang='lat' dir='ltr'><strong>vel</strong></span> <span class='ocrx_word' id='word_1_381' title='bbox 2719 2554 2892 2609; x_wconf 91' lang='lat' dir='ltr'><strong>tribus</strong></span> <span class='ocrx_word' id='word_1_382' title='bbox 2915 2554 3107 2609; x_wconf 87' lang='lat' dir='ltr'><strong>diebus</strong></span> <span class='ocrx_word' id='word_1_383' title='bbox 3129 2554 3377 2609; x_wconf 90' lang='lat' dir='ltr'><strong>lunarem</strong></span> <span class='ocrx_word' id='word_1_384' title='bbox 3404 2568 3553 2610; x_wconf 87' lang='lat' dir='ltr'><strong>com-</strong></span> 
     </span>
    </p>
   </div>
   <div class='ocr_carea' id='block_1_52' title="bbox 1956 2644 3547 2719">
    <p class='ocr_par' dir='ltr' id='par_1_52' title="bbox 1956 2644 3547 2719">
     <span class='ocr_line' id='line_1_52' title="bbox 1956 2644 3547 2719; baseline -0.002 -16"><span class='ocrx_word' id='word_1_385' title='bbox 1956 2662 2189 2719; x_wconf 88' lang='lat' dir='ltr'><strong>pensare</strong></span> <span class='ocrx_word' id='word_1_386' title='bbox 2214 2645 2441 2702; x_wconf 69' lang='lat' dir='ltr'><strong>sufﬁciet</strong></span> <span class='ocrx_word' id='word_1_387' title='bbox 2475 2646 2826 2703; x_wconf 88' lang='lat' dir='ltr'><strong>endecadem.</strong></span> <span class='ocrx_word' id='word_1_388' title='bbox 2860 2644 2975 2701; x_wconf 87' lang='lat' dir='ltr'><strong>Non</strong></span> <span class='ocrx_word' id='word_1_389' title='bbox 3008 2660 3137 2715; x_wconf 85' lang='lat' dir='ltr'><strong>ergo</strong></span> <span class='ocrx_word' id='word_1_390' title='bbox 3170 2646 3279 2700; x_wconf 91' lang='lat' dir='ltr'><strong>duo</strong></span> <span class='ocrx_word' id='word_1_391' title='bbox 3311 2645 3426 2700; x_wconf 91' lang='lat' dir='ltr'><strong>dies</strong></span> <span class='ocrx_word' id='word_1_392' title='bbox 3453 2645 3547 2715; x_wconf 91' lang='lat' dir='ltr'><strong>qui</strong></span> 
     </span>
    </p>
   </div>
   <div class='ocr_carea' id='block_1_53' title="bbox 1959 2736 3551 2811">
    <p class='ocr_par' dir='ltr' id='par_1_53' title="bbox 1959 2736 3551 2811">
     <span class='ocr_line' id='line_1_53' title="bbox 1959 2736 3551 2811; baseline -0.001 -18"><span class='ocrx_word' id='word_1_393' title='bbox 1959 2739 2015 2793; x_wconf 93' lang='lat' dir='ltr'><strong>in</strong></span> <span class='ocrx_word' id='word_1_394' title='bbox 2038 2738 2281 2811; x_wconf 86' lang='lat' dir='ltr'><strong>ogdoade</strong></span> <span class='ocrx_word' id='word_1_395' title='bbox 2300 2738 2431 2794; x_wconf 92' lang='lat' dir='ltr'><strong>solis</strong></span> <span class='ocrx_word' id='word_1_396' title='bbox 2457 2753 2489 2793; x_wconf 91' lang='lat' dir='ltr'><strong>a</strong></span> <span class='ocrx_word' id='word_1_397' title='bbox 2525 2738 2701 2794; x_wconf 86' lang='lat' dir='ltr'><strong>lunari</strong></span> <span class='ocrx_word' id='word_1_398' title='bbox 2735 2738 2977 2810; x_wconf 87' lang='lat' dir='ltr'><strong>ogdoade</strong></span> <span class='ocrx_word' id='word_1_399' title='bbox 3023 2737 3202 2792; x_wconf 90' lang='lat' dir='ltr'><strong>minus</strong></span> <span class='ocrx_word' id='word_1_400' title='bbox 3230 2745 3378 2803; x_wconf 87' lang='lat' dir='ltr'><strong>sunt,</strong></span> <span class='ocrx_word' id='word_1_401' title='bbox 3417 2736 3551 2792; x_wconf 90' lang='lat' dir='ltr'><strong>duo—</strong></span> 
     </span>
    </p>
   </div>
   <div class='ocr_carea' id='block_1_54' title="bbox 1958 2830 3549 2903">
    <p class='ocr_par' dir='ltr' id='par_1_54' title="bbox 1958 2830 3549 2903">
     <span class='ocr_line' id='line_1_54' title="bbox 1958 2830 3549 2903; baseline 0.001 -17"><span class='ocrx_word' id='word_1_402' title='bbox 1958 2846 2079 2886; x_wconf 90' lang='lat' dir='ltr'><strong>rum</strong></span> <span class='ocrx_word' id='word_1_403' title='bbox 2120 2831 2536 2887; x_wconf 85' lang='lat' dir='ltr'><strong>intercalatione</strong></span> <span class='ocrx_word' id='word_1_404' title='bbox 2564 2831 2951 2895; x_wconf 86' lang='lat' dir='ltr'><strong>bissextorum,</strong></span> <span class='ocrx_word' id='word_1_405' title='bbox 2980 2830 3076 2886; x_wconf 87' lang='lat' dir='ltr'><strong>sed</strong></span> <span class='ocrx_word' id='word_1_406' title='bbox 3117 2830 3351 2886; x_wconf 86' lang='lat' dir='ltr'><strong>dnorum’</strong></span> <span class='ocrx_word' id='word_1_407' title='bbox 3374 2833 3549 2903; x_wconf 84' lang='lat' dir='ltr'><strong>magis</strong></span> 
     </span>
    </p>
   </div>
   <div class='ocr_carea' id='block_1_55' title="bbox 1957 2920 3547 2993">
    <p class='ocr_par' dir='ltr' id='par_1_55' title="bbox 1957 2920 3547 2993">
     <span class='ocr_line' id='line_1_55' title="bbox 1957 2920 3547 2993; baseline -0.001 -15"><span class='ocrx_word' id='word_1_408' title='bbox 1957 2921 2190 2988; x_wconf 88' lang='lat' dir='ltr'><strong>dierum,</strong></span> <span class='ocrx_word' id='word_1_409' title='bbox 2212 2922 2305 2993; x_wconf 85' lang='lat' dir='ltr'><strong>qui</strong></span> <span class='ocrx_word' id='word_1_410' title='bbox 2336 2922 2392 2977; x_wconf 91' lang='lat' dir='ltr'><strong>in</strong></span> <span class='ocrx_word' id='word_1_411' title='bbox 2419 2921 2693 2979; x_wconf 90' lang='lat' dir='ltr'><strong>endecade</strong></span> <span class='ocrx_word' id='word_1_412' title='bbox 2715 2922 2833 2992; x_wconf 88' lang='lat' dir='ltr'><strong>ejus</strong></span> <span class='ocrx_word' id='word_1_413' title='bbox 2860 2937 2891 2975; x_wconf 89' lang='lat' dir='ltr'><strong>a</strong></span> <span class='ocrx_word' id='word_1_414' title='bbox 2920 2921 3099 2976; x_wconf 90' lang='lat' dir='ltr'><strong>lunari</strong></span> <span class='ocrx_word' id='word_1_415' title='bbox 3130 2920 3252 2992; x_wconf 91' lang='lat' dir='ltr'><strong>plus</strong></span> <span class='ocrx_word' id='word_1_416' title='bbox 3278 2929 3422 2987; x_wconf 90' lang='lat' dir='ltr'><strong>sunt,</strong></span> <span class='ocrx_word' id='word_1_417' title='bbox 3452 2921 3547 2977; x_wconf 84' lang='lat' dir='ltr'><strong>ad-</strong></span> 
     </span>
    </p>
   </div>
   <div class='ocr_carea' id='block_1_56' title="bbox 1949 3009 3545 3083">
    <p class='ocr_par' dir='ltr' id='par_1_56' title="bbox 1949 3009 3545 3083">
     <span class='ocr_line' id='line_1_56' title="bbox 1949 3009 3545 3083; baseline 0.001 -16"><span class='ocrx_word' id='word_1_418' title='bbox 1949 3009 2191 3081; x_wconf 77' lang='lat' dir='ltr'><strong>iectione</strong></span> <span class='ocrx_word' id='word_1_419' title='bbox 2228 3012 2563 3083; x_wconf 82' lang='lat' dir='ltr'><strong>supplentur.</strong></span> <span class='ocrx_word' id='word_1_420' title='bbox 2606 3011 2718 3069; x_wconf 91' lang='lat' dir='ltr'><strong>Nec</strong></span> <span class='ocrx_word' id='word_1_421' title='bbox 2761 3020 2922 3069; x_wconf 89' lang='lat' dir='ltr'><strong>nocet</strong></span> <span class='ocrx_word' id='word_1_422' title='bbox 2949 3013 3093 3082; x_wconf 90' lang='lat' dir='ltr'><strong>quod</strong></span> <span class='ocrx_word' id='word_1_423' title='bbox 3136 3012 3335 3069; x_wconf 89' lang='lat' dir='ltr'><strong>saltum</strong></span> <span class='ocrx_word' id='word_1_424' title='bbox 3384 3012 3545 3078; x_wconf 80' lang='lat' dir='ltr'><strong>lunte,</strong></span> 
     </span>
    </p>
   </div>
   <div class='ocr_carea' id='block_1_57' title="bbox 1958 3103 3545 3175">
    <p class='ocr_par' dir='ltr' id='par_1_57' title="bbox 1958 3103 3545 3175">
     <span class='ocr_line' id='line_1_57' title="bbox 1958 3103 3545 3175; baseline 0.001 -16"><span class='ocrx_word' id='word_1_425' title='bbox 1958 3118 2119 3174; x_wconf 89' lang='lat' dir='ltr'><strong>quem</strong></span> <span class='ocrx_word' id='word_1_426' title='bbox 2145 3104 2362 3175; x_wconf 83' lang='lat' dir='ltr'><strong>quidam</strong></span> <span class='ocrx_word' id='word_1_427' title='bbox 2384 3103 2441 3158; x_wconf 90' lang='lat' dir='ltr'><strong>in</strong></span> <span class='ocrx_word' id='word_1_428' title='bbox 2462 3103 2722 3173; x_wconf 77' lang='lat' dir='ltr'><strong>ogdoadis</strong></span> <span class='ocrx_word' id='word_1_429' title='bbox 2751 3103 2908 3159; x_wconf 89' lang='lat' dir='ltr'><strong>initio</strong></span> <span class='ocrx_word' id='word_1_430' title='bbox 2926 3110 3153 3173; x_wconf 90' lang='lat' dir='ltr'><strong>ponunt,</strong></span> <span class='ocrx_word' id='word_1_431' title='bbox 3186 3104 3239 3159; x_wconf 91' lang='lat' dir='ltr'><strong>in</strong></span> <span class='ocrx_word' id='word_1_432' title='bbox 3270 3103 3545 3160; x_wconf 90' lang='lat' dir='ltr'><strong>endecade</strong></span> 
     </span>
    </p>
   </div>
   <div class='ocr_carea' id='block_1_58' title="bbox 252 3188 3550 3272">
    <p class='ocr_par' dir='ltr' id='par_1_58' title="bbox 252 3188 3550 3272">
     <span class='ocr_line' id='line_1_58' title="bbox 252 3188 3550 3272; baseline 0.004 -33"><span class='ocrx_word' id='word_1_433' title='bbox 252 3199 367 3239; x_wconf 88' lang='lat' dir='ltr'><strong>non</strong></span> <span class='ocrx_word' id='word_1_434' title='bbox 417 3201 526 3242; x_wconf 91' lang='lat' dir='ltr'><strong>uno</strong></span> <span class='ocrx_word' id='word_1_435' title='bbox 555 3188 797 3258; x_wconf 88' lang='lat' dir='ltr'><strong>quolibet</strong></span> <span class='ocrx_word' id='word_1_436' title='bbox 836 3190 894 3248; x_wconf 86' lang='lat' dir='ltr'><strong>in</strong></span> <span class='ocrx_word' id='word_1_437' title='bbox 938 3192 1059 3250; x_wconf 89' lang='lat' dir='ltr'><strong>loco</strong></span> <span class='ocrx_word' id='word_1_438' title='bbox 1104 3194 1453 3255; x_wconf 90' lang='lat' dir='ltr'><strong>embolismos</strong></span> <span class='ocrx_word' id='word_1_439' title='bbox 1490 3204 1853 3272; x_wconf 85' lang='lat' dir='ltr'><strong>computando</strong></span> <span class='ocrx_word' id='word_1_440' title='bbox 1881 3195 1926 3259; x_wconf 89' lang='lat' dir='ltr'><strong>C</strong></span> <span class='ocrx_word' id='word_1_441' title='bbox 1957 3197 2265 3267; x_wconf 89' lang='lat' dir='ltr'><strong>ponendum</strong></span> <span class='ocrx_word' id='word_1_442' title='bbox 2306 3196 2747 3252; x_wconf 88' lang='lat' dir='ltr'><strong>memoravimus.</strong></span> <span class='ocrx_word' id='word_1_443' title='bbox 2778 3195 3098 3266; x_wconf 91' lang='lat' dir='ltr'><strong>Ubicunque</strong></span> <span class='ocrx_word' id='word_1_444' title='bbox 3130 3196 3276 3251; x_wconf 89' lang='lat' dir='ltr'><strong>enim</strong></span> <span class='ocrx_word' id='word_1_445' title='bbox 3309 3196 3550 3268; x_wconf 62' lang='lat' dir='ltr'><strong>interpoo</strong></span> 
     </span>
    </p>
   </div>
   <div class='ocr_carea' id='block_1_59' title="bbox 253 3276 1852 3358">
    <p class='ocr_par' dir='ltr' id='par_1_59' title="bbox 253 3276 1852 3358">
     <span class='ocr_line' id='line_1_59' title="bbox 253 3276 1852 3358; baseline 0.013 -28"><span class='ocrx_word' id='word_1_446' title='bbox 253 3276 612 3348; x_wconf 81' lang='lat' dir='ltr'><strong>interponere</strong></span> <span class='ocrx_word' id='word_1_447' title='bbox 654 3281 965 3349; x_wconf 86' lang='lat' dir='ltr'><strong>voluerunt,</strong></span> <span class='ocrx_word' id='word_1_448' title='bbox 1021 3287 1117 3343; x_wconf 90' lang='lat' dir='ltr'><strong>sed</strong></span> <span class='ocrx_word' id='word_1_449' title='bbox 1156 3289 1337 3358; x_wconf 89' lang='lat' dir='ltr'><strong>potius</strong></span> <span class='ocrx_word' id='word_1_450' title='bbox 1384 3290 1612 3348; x_wconf 90' lang='lat' dir='ltr'><strong>ubilibet</strong></span> <span class='ocrx_word' id='word_1_451' title='bbox 1654 3295 1852 3352; x_wconf 88' lang='lat' dir='ltr'><strong>mediis</strong></span> 
     </span>
    </p>
   </div>
   <div class='ocr_carea' id='block_1_60' title="bbox 253 3366 1847 3453">
    <p class='ocr_par' dir='ltr' id='par_1_60' title="bbox 253 3366 1847 3453">
     <span class='ocr_line' id='line_1_60' title="bbox 253 3366 1847 3453; baseline 0.016 -34"><span class='ocrx_word' id='word_1_452' title='bbox 253 3366 393 3422; x_wconf 90' lang='lat' dir='ltr'><strong>anni</strong></span> <span class='ocrx_word' id='word_1_453' title='bbox 428 3371 765 3439; x_wconf 89' lang='lat' dir='ltr'><strong>temporibus</strong></span> <span class='ocrx_word' id='word_1_454' title='bbox 789 3389 1018 3432; x_wconf 89' lang='lat' dir='ltr'><strong>vacuum</strong></span> <span class='ocrx_word' id='word_1_455' title='bbox 1045 3394 1452 3453; x_wconf 88' lang='lat' dir='ltr'><strong>congruumque</strong></span> <span class='ocrx_word' id='word_1_456' title='bbox 1483 3385 1627 3441; x_wconf 89' lang='lat' dir='ltr'><strong>inter</strong></span> <span class='ocrx_word' id='word_1_457' title='bbox 1650 3386 1847 3443; x_wconf 81' lang='lat' dir='ltr'><strong>Kalen-</strong></span> 
     </span>
    </p>
   </div>
   <div class='ocr_carea' id='block_1_61' title="bbox 253 3456 1850 3549">
    <p class='ocr_par' dir='ltr' id='par_1_61' title="bbox 253 3456 1850 3549">
     <span class='ocr_line' id='line_1_61' title="bbox 253 3456 1850 3549; baseline 0.017 -40"><span class='ocrx_word' id='word_1_458' title='bbox 253 3456 361 3549; x_wconf 80' lang='lat' dir='ltr'><strong>das</strong></span> <span class='ocrx_word' id='word_1_459' title='bbox 387 3457 568 3515; x_wconf 89' lang='lat' dir='ltr'><strong>locum</strong></span> <span class='ocrx_word' id='word_1_460' title='bbox 611 3462 855 3522; x_wconf 87' lang='lat' dir='ltr'><strong>invenire</strong></span> <span class='ocrx_word' id='word_1_461' title='bbox 901 3470 1224 3538; x_wconf 87' lang='lat' dir='ltr'><strong>potuissent.</strong></span> <span class='ocrx_word' id='word_1_462' title='bbox 1274 3472 1515 3530; x_wconf 89' lang='lat' dir='ltr'><strong>Primam</strong></span> <span class='ocrx_word' id='word_1_463' title='bbox 1546 3477 1714 3549; x_wconf 90' lang='lat' dir='ltr'><strong>igitur</strong></span> <span class='ocrx_word' id='word_1_464' title='bbox 1736 3494 1850 3535; x_wconf 82' lang='lat' dir='ltr'><strong>em-</strong></span> 
     </span>
    </p>
   </div>
   <div class='ocr_carea' id='block_1_62' title="bbox 252 3547 1850 3634">
    <p class='ocr_par' dir='ltr' id='par_1_62' title="bbox 252 3547 1850 3634">
     <span class='ocr_line' id='line_1_62' title="bbox 252 3547 1850 3634; baseline 0.016 -33"><span class='ocrx_word' id='word_1_465' title='bbox 252 3547 615 3607; x_wconf 89' lang='lat' dir='ltr'><strong>bolismornm</strong></span> <span class='ocrx_word' id='word_1_466' title='bbox 652 3553 832 3612; x_wconf 87' lang='lat' dir='ltr'><strong>lunam</strong></span> <span class='ocrx_word' id='word_1_467' title='bbox 871 3569 1069 3629; x_wconf 90' lang='lat' dir='ltr'><strong>quarto</strong></span> <span class='ocrx_word' id='word_1_468' title='bbox 1102 3559 1242 3617; x_wconf 88' lang='lat' dir='ltr'><strong>Non.</strong></span> <span class='ocrx_word' id='word_1_469' title='bbox 1278 3547 1612 3634; x_wconf 77' lang='lat' dir='ltr'><strong>Decembris,</strong></span> <span class='ocrx_word' id='word_1_470' title='bbox 1656 3584 1850 3625; x_wconf 86' lang='lat' dir='ltr'><strong>secun-</strong></span> 
     </span>
    </p>
   </div>
   <div class='ocr_carea' id='block_1_63' title="bbox 253 3638 1844 3727">
    <p class='ocr_par' dir='ltr' id='par_1_63' title="bbox 253 3638 1844 3727">
     <span class='ocr_line' id='line_1_63' title="bbox 253 3638 1844 3727; baseline 0.014 -35"><span class='ocrx_word' id='word_1_471' title='bbox 253 3638 387 3693; x_wconf 91' lang='lat' dir='ltr'><strong>dam</strong></span> <span class='ocrx_word' id='word_1_472' title='bbox 414 3651 611 3711; x_wconf 88' lang='lat' dir='ltr'><strong>quarto</strong></span> <span class='ocrx_word' id='word_1_473' title='bbox 641 3644 779 3702; x_wconf 84' lang='lat' dir='ltr'><strong>Non.</strong></span> <span class='ocrx_word' id='word_1_474' title='bbox 826 3646 1181 3720; x_wconf 88' lang='lat' dir='ltr'><strong>Septembris,</strong></span> <span class='ocrx_word' id='word_1_475' title='bbox 1227 3654 1445 3710; x_wconf 88' lang='lat' dir='ltr'><strong>tertiam</strong></span> <span class='ocrx_word' id='word_1_476' title='bbox 1484 3656 1657 3727; x_wconf 87' lang='lat' dir='ltr'><strong>pridie</strong></span> <span class='ocrx_word' id='word_1_477' title='bbox 1706 3657 1844 3714; x_wconf 84' lang='lat' dir='ltr'><strong>Non.</strong></span> 
     </span>
    </p>
   </div>
   <div class='ocr_carea' id='block_1_64' title="bbox 254 3728 1848 3818">
    <p class='ocr_par' dir='ltr' id='par_1_64' title="bbox 254 3728 1848 3818">
     <span class='ocr_line' id='line_1_64' title="bbox 254 3728 1848 3818; baseline 0.013 -35"><span class='ocrx_word' id='word_1_478' title='bbox 254 3728 478 3798; x_wconf 73' lang='lat' dir='ltr'><strong>Martii,</strong></span> <span class='ocrx_word' id='word_1_479' title='bbox 525 3744 775 3804; x_wconf 88' lang='lat' dir='ltr'><strong>quartam</strong></span> <span class='ocrx_word' id='word_1_480' title='bbox 820 3740 997 3809; x_wconf 89' lang='lat' dir='ltr'><strong>pridie</strong></span> <span class='ocrx_word' id='word_1_481' title='bbox 1040 3741 1179 3797; x_wconf 85' lang='lat' dir='ltr'><strong>Non.</strong></span> <span class='ocrx_word' id='word_1_482' title='bbox 1208 3744 1553 3813; x_wconf 89' lang='lat' dir='ltr'><strong>Decembris,</strong></span> <span class='ocrx_word' id='word_1_483' title='bbox 1602 3748 1848 3818; x_wconf 87' lang='lat' dir='ltr'><strong>quintam</strong></span> 
     </span>
    </p>
   </div>
   <div class='ocr_carea' id='block_1_65' title="bbox 254 3823 1850 3911">
    <p class='ocr_par' dir='ltr' id='par_1_65' title="bbox 254 3823 1850 3911">
     <span class='ocr_line' id='line_1_65' title="bbox 254 3823 1850 3911; baseline 0.012 -34"><span class='ocrx_word' id='word_1_484' title='bbox 254 3832 459 3894; x_wconf 86' lang='lat' dir='ltr'><strong>quarto</strong></span> <span class='ocrx_word' id='word_1_485' title='bbox 485 3823 625 3882; x_wconf 86' lang='lat' dir='ltr'><strong>Non.</strong></span> <span class='ocrx_word' id='word_1_486' title='bbox 656 3826 995 3897; x_wconf 84' lang='lat' dir='ltr'><strong>Novembris,</strong></span> <span class='ocrx_word' id='word_1_487' title='bbox 1035 3841 1246 3889; x_wconf 89' lang='lat' dir='ltr'><strong>sextam</strong></span> <span class='ocrx_word' id='word_1_488' title='bbox 1275 3844 1470 3905; x_wconf 78' lang='lat' dir='ltr'><strong>quarto</strong></span> <span class='ocrx_word' id='word_1_489' title='bbox 1502 3836 1641 3894; x_wconf 82' lang='lat' dir='ltr'><strong>Non.</strong></span> <span class='ocrx_word' id='word_1_490' title='bbox 1670 3839 1850 3911; x_wconf 80' lang='lat' dir='ltr'><strong>Augu-</strong></span> 
     </span>
    </p>
   </div>
   <div class='ocr_carea' id='block_1_66' title="bbox 257 3915 1772 3986">
    <p class='ocr_par' dir='ltr' id='par_1_66' title="bbox 257 3915 1772 3986">
     <span class='ocr_line' id='line_1_66' title="bbox 257 3915 1772 3986; baseline 0.012 -18"><span class='ocrx_word' id='word_1_491' title='bbox 257 3915 355 3981; x_wconf 87' lang='lat' dir='ltr'><strong>sti,</strong></span> <span class='ocrx_word' id='word_1_492' title='bbox 385 3916 673 3986; x_wconf 83' lang='lat' dir='ltr'><strong>septimam</strong></span> <span class='ocrx_word' id='word_1_493' title='bbox 698 3916 858 3977; x_wconf 75' lang='lat' dir='ltr'><strong>tertio</strong></span> <span class='ocrx_word' id='word_1_494' title='bbox 885 3921 1024 3979; x_wconf 84' lang='lat' dir='ltr'><strong>Non.</strong></span> <span class='ocrx_word' id='word_1_495' title='bbox 1065 3924 1286 3983; x_wconf 84' lang='lat' dir='ltr'><strong>Martias</strong></span> <span class='ocrx_word' id='word_1_496' title='bbox 1324 3928 1477 3985; x_wconf 92' lang='lat' dir='ltr'><strong>nasci</strong></span> <span class='ocrx_word' id='word_1_497' title='bbox 1501 3928 1772 3986; x_wconf 82' lang='lat' dir='ltr'><strong>dixerunt.</strong></span> 
     </span>
    </p>
   </div>
   <div class='ocr_carea' id='block_1_67' title="bbox 883 4035 1257 4094">
    <p class='ocr_par' dir='ltr' id='par_1_67' title="bbox 883 4035 1257 4094">
     <span class='ocr_line' id='line_1_67' title="bbox 883 4035 1257 4094; baseline 0.011 -4"><span class='ocrx_word' id='word_1_498' title='bbox 883 4035 1113 4094; x_wconf 80' lang='lat' dir='ltr'><strong>CAPUT</strong></span> <span class='ocrx_word' id='word_1_499' title='bbox 1142 4038 1257 4094; x_wconf 84' lang='lat' dir='ltr'><strong>LX.</strong></span> 
     </span>
    </p>
   </div>
   <div class='ocr_carea' id='block_1_68' title="bbox 695 4103 1415 4178">
    <p class='ocr_par' dir='ltr' id='par_1_68' title="bbox 695 4103 1415 4178">
     <span class='ocr_line' id='line_1_68' title="bbox 695 4103 1415 4178; baseline 0.008 -19"><span class='ocrx_word' id='word_1_500' title='bbox 695 4103 771 4160; x_wconf 69' lang='lat' dir='ltr'><strong>De</strong></span> <span class='ocrx_word' id='word_1_501' title='bbox 802 4107 1039 4178; x_wconf 81' lang='lat' dir='ltr'><strong>ogdonde</strong></span> <span class='ocrx_word' id='word_1_502' title='bbox 1063 4118 1112 4163; x_wconf 80' lang='lat' dir='ltr'><strong>et</strong></span> <span class='ocrx_word' id='word_1_503' title='bbox 1136 4111 1415 4167; x_wconf 79' lang='lat' dir='ltr'><strong>endecade.</strong></span> 
     </span>
    </p>
   </div>
   <div class='ocr_carea' id='block_1_69' title="bbox 331 4192 1846 4268">
    <p class='ocr_par' dir='ltr' id='par_1_69' title="bbox 331 4192 1846 4268">
     <span class='ocr_line' id='line_1_69' title="bbox 331 4192 1846 4268; baseline 0.01 -22"><span class='ocrx_word' id='word_1_504' title='bbox 331 4192 481 4247; x_wconf 84' lang='lat' dir='ltr'><strong>Dtsc.</strong></span> <span class='ocrx_word' id='word_1_505' title='bbox 521 4192 658 4261; x_wconf 83' lang='lat' dir='ltr'><strong>Quia</strong></span> <span class='ocrx_word' id='word_1_506' title='bbox 685 4196 945 4268; x_wconf 83' lang='lat' dir='ltr'><strong>ogdoadis</strong></span> <span class='ocrx_word' id='word_1_507' title='bbox 968 4205 1025 4253; x_wconf 91' lang='lat' dir='ltr'><strong>et</strong></span> <span class='ocrx_word' id='word_1_508' title='bbox 1054 4199 1343 4257; x_wconf 91' lang='lat' dir='ltr'><strong>endecadis</strong></span> <span class='ocrx_word' id='word_1_509' title='bbox 1368 4202 1697 4259; x_wconf 89' lang='lat' dir='ltr'><strong>mentionem</strong></span> <span class='ocrx_word' id='word_1_510' title='bbox 1722 4205 1846 4261; x_wconf 91' lang='lat' dir='ltr'><strong>bre-</strong></span> 
     </span>
    </p>
   </div>
   <div class='ocr_carea' id='block_1_70' title="bbox 252 4283 1847 4368">
    <p class='ocr_par' dir='ltr' id='par_1_70' title="bbox 252 4283 1847 4368">
     <span class='ocr_line' id='line_1_70' title="bbox 252 4283 1847 4368; baseline 0.011 -32"><span class='ocrx_word' id='word_1_511' title='bbox 252 4283 399 4339; x_wconf 82' lang='lat' dir='ltr'><strong>viter</strong></span> <span class='ocrx_word' id='word_1_512' title='bbox 429 4286 680 4355; x_wconf 88' lang='lat' dir='ltr'><strong>superius</strong></span> <span class='ocrx_word' id='word_1_513' title='bbox 710 4286 906 4357; x_wconf 82' lang='lat' dir='ltr'><strong>fecisti,</strong></span> <span class='ocrx_word' id='word_1_514' title='bbox 933 4297 1061 4360; x_wconf 90' lang='lat' dir='ltr'><strong>peto</strong></span> <span class='ocrx_word' id='word_1_515' title='bbox 1085 4300 1145 4346; x_wconf 86' lang='lat' dir='ltr'><strong>ut</strong></span> <span class='ocrx_word' id='word_1_516' title='bbox 1174 4293 1384 4363; x_wconf 90' lang='lat' dir='ltr'><strong>plenius</strong></span> <span class='ocrx_word' id='word_1_517' title='bbox 1416 4295 1567 4351; x_wconf 88' lang='lat' dir='ltr'><strong>dicas</strong></span> <span class='ocrx_word' id='word_1_518' title='bbox 1590 4298 1661 4353; x_wconf 86' lang='lat' dir='ltr'><strong>ob</strong></span> <span class='ocrx_word' id='word_1_519' title='bbox 1683 4313 1847 4368; x_wconf 91' lang='lat' dir='ltr'><strong>quam</strong></span> 
     </span>
    </p>
   </div>
   <div class='ocr_carea' id='block_1_71' title="bbox 254 4373 1846 4447">
    <p class='ocr_par' dir='ltr' id='par_1_71' title="bbox 254 4373 1846 4447">
     <span class='ocr_line' id='line_1_71' title="bbox 254 4373 1846 4447; baseline 0.01 -18"><span class='ocrx_word' id='word_1_520' title='bbox 254 4373 549 4431; x_wconf 84' lang='lat' dir='ltr'><strong>utilitatem</strong></span> <span class='ocrx_word' id='word_1_521' title='bbox 582 4379 833 4447; x_wconf 89' lang='lat' dir='ltr'><strong>primitus</strong></span> <span class='ocrx_word' id='word_1_522' title='bbox 880 4381 1006 4436; x_wconf 89' lang='lat' dir='ltr'><strong>talis</strong></span> <span class='ocrx_word' id='word_1_523' title='bbox 1048 4382 1242 4438; x_wconf 90' lang='lat' dir='ltr'><strong>divisio</strong></span> <span class='ocrx_word' id='word_1_524' title='bbox 1283 4383 1427 4440; x_wconf 85' lang='lat' dir='ltr'><strong>facta</strong></span> <span class='ocrx_word' id='word_1_525' title='bbox 1462 4386 1555 4442; x_wconf 94' lang='lat' dir='ltr'><strong>sit.</strong></span> <span class='ocrx_word' id='word_1_526' title='bbox 1598 4387 1738 4445; x_wconf 71' lang='lat' dir='ltr'><strong>MAG.</strong></span> <span class='ocrx_word' id='word_1_527' title='bbox 1767 4389 1846 4445; x_wconf 82' lang='lat' dir='ltr'><strong>Eo</strong></span> 
     </span>
    </p>
   </div>
   <div class='ocr_carea' id='block_1_72' title="bbox 254 4467 1844 4551">
    <p class='ocr_par' dir='ltr' id='par_1_72' title="bbox 254 4467 1844 4551">
     <span class='ocr_line' id='line_1_72' title="bbox 254 4467 1844 4551; baseline 0.011 -32"><span class='ocrx_word' id='word_1_528' title='bbox 254 4467 404 4537; x_wconf 90' lang='lat' dir='ltr'><strong>quod</strong></span> <span class='ocrx_word' id='word_1_529' title='bbox 451 4474 643 4523; x_wconf 89' lang='lat' dir='ltr'><strong>octavo</strong></span> <span class='ocrx_word' id='word_1_530' title='bbox 676 4478 732 4524; x_wconf 92' lang='lat' dir='ltr'><strong>et</strong></span> <span class='ocrx_word' id='word_1_531' title='bbox 778 4471 1066 4527; x_wconf 90' lang='lat' dir='ltr'><strong>undecimo</strong></span> <span class='ocrx_word' id='word_1_532' title='bbox 1100 4474 1352 4532; x_wconf 89' lang='lat' dir='ltr'><strong>videlicet</strong></span> <span class='ocrx_word' id='word_1_533' title='bbox 1391 4491 1535 4533; x_wconf 92' lang='lat' dir='ltr'><strong>anno</strong></span> <span class='ocrx_word' id='word_1_534' title='bbox 1578 4478 1704 4534; x_wconf 89' lang='lat' dir='ltr'><strong>luna</strong></span> <span class='ocrx_word' id='word_1_535' title='bbox 1744 4495 1844 4551; x_wconf 91' lang='lat' dir='ltr'><strong>pa-</strong></span> 
     </span>
    </p>
   </div>
   <div class='ocr_carea' id='block_1_73' title="bbox 1953 3293 3540 3365">
    <p class='ocr_par' dir='ltr' id='par_1_73' title="bbox 1953 3293 3540 3365">
     <span class='ocr_line' id='line_1_73' title="bbox 1953 3293 3540 3365; baseline 0 -16"><span class='ocrx_word' id='word_1_536' title='bbox 1953 3294 2128 3349; x_wconf 89' lang='lat' dir='ltr'><strong>sueris</strong></span> <span class='ocrx_word' id='word_1_537' title='bbox 2152 3333 2168 3360; x_wconf 92' lang='lat'><strong>,</strong></span> <span class='ocrx_word' id='word_1_538' title='bbox 2227 3293 2418 3349; x_wconf 88' lang='lat' dir='ltr'><strong>eodem</strong></span> <span class='ocrx_word' id='word_1_539' title='bbox 2490 3294 2771 3365; x_wconf 87' lang='lat' dir='ltr'><strong>proposita</strong></span> <span class='ocrx_word' id='word_1_540' title='bbox 2834 3295 3063 3365; x_wconf 68' lang='lat' dir='ltr'><strong>quaestio</strong></span> <span class='ocrx_word' id='word_1_541' title='bbox 3114 3294 3221 3351; x_wconf 83' lang='lat' dir='ltr'><strong>line</strong></span> <span class='ocrx_word' id='word_1_542' title='bbox 3281 3295 3540 3351; x_wconf 89' lang='lat' dir='ltr'><strong>solvetur.</strong></span> 
     </span>
    </p>
   </div>
   <div class='ocr_carea' id='block_1_74' title="bbox 1950 3382 3542 3442">
    <p class='ocr_par' dir='ltr' id='par_1_74' title="bbox 1950 3382 3542 3442">
     <span class='ocr_line' id='line_1_74' title="bbox 1950 3382 3542 3442; baseline 0.002 -4"><span class='ocrx_word' id='word_1_543' title='bbox 1950 3382 2020 3438; x_wconf 86' lang='lat' dir='ltr'><strong>Et</strong></span> <span class='ocrx_word' id='word_1_544' title='bbox 2046 3384 2212 3439; x_wconf 89' lang='lat' dir='ltr'><strong>habet</strong></span> <span class='ocrx_word' id='word_1_545' title='bbox 2254 3384 2492 3441; x_wconf 90' lang='lat' dir='ltr'><strong>circulus</strong></span> <span class='ocrx_word' id='word_1_546' title='bbox 2537 3384 3026 3442; x_wconf 84' lang='lat' dir='ltr'><strong>decennovennalis</strong></span> <span class='ocrx_word' id='word_1_547' title='bbox 3075 3400 3290 3442; x_wconf 88' lang='lat' dir='ltr'><strong>menses</strong></span> <span class='ocrx_word' id='word_1_548' title='bbox 3336 3387 3542 3442; x_wconf 88' lang='lat' dir='ltr'><strong>solarcs</strong></span> 
     </span>
    </p>
   </div>
   <div class='ocr_carea' id='block_1_75' title="bbox 1950 3473 3535 3546">
    <p class='ocr_par' dir='ltr' id='par_1_75' title="bbox 1950 3473 3535 3546">
     <span class='ocr_line' id='line_1_75' title="bbox 1950 3473 3535 3546; baseline 0.002 -19"><span class='ocrx_word' id='word_1_549' title='bbox 1950 3487 2222 3540; x_wconf 83' lang='lat' dir='ltr'><strong>ccxxvut,</strong></span> <span class='ocrx_word' id='word_1_550' title='bbox 2267 3473 2487 3530; x_wconf 90' lang='lat' dir='ltr'><strong>lunares</strong></span> <span class='ocrx_word' id='word_1_551' title='bbox 2528 3490 2740 3532; x_wconf 79' lang='lat' dir='ltr'><strong>ccxxxv</strong></span> <span class='ocrx_word' id='word_1_552' title='bbox 2782 3476 2928 3542; x_wconf 89' lang='lat' dir='ltr'><strong>dies,</strong></span> <span class='ocrx_word' id='word_1_553' title='bbox 2971 3477 3212 3546; x_wconf 87' lang='lat' dir='ltr'><strong>exceptis</strong></span> <span class='ocrx_word' id='word_1_554' title='bbox 3256 3476 3535 3541; x_wconf 83' lang='lat' dir='ltr'><strong>hissextis,</strong></span> 
     </span>
    </p>
   </div>
   <div class='ocr_carea' id='block_1_76' title="bbox 1946 3567 3542 3645">
    <p class='ocr_par' dir='ltr' id='par_1_76' title="bbox 1946 3567 3542 3645">
     <span class='ocr_line' id='line_1_76' title="bbox 1946 3567 3542 3645; baseline 0.002 -23"><span class='ocrx_word' id='word_1_555' title='bbox 1946 3567 2010 3622; x_wconf 69' lang='lat' dir='ltr'><strong>il&#39;t</strong></span> <span class='ocrx_word' id='word_1_556' title='bbox 2042 3583 2367 3627; x_wconf 74' lang='lat' dir='ltr'><strong>ncccnxxv.</strong></span> <span class='ocrx_word' id='word_1_557' title='bbox 2395 3568 2549 3636; x_wconf 84' lang='lat' dir='ltr'><strong>Quod</strong></span> <span class='ocrx_word' id='word_1_558' title='bbox 2580 3569 2657 3625; x_wconf 90' lang='lat' dir='ltr'><strong>ita</strong></span> <span class='ocrx_word' id='word_1_559' title='bbox 2692 3578 2938 3641; x_wconf 85' lang='lat' dir='ltr'><strong>apparet.</strong></span> <span class='ocrx_word' id='word_1_560' title='bbox 2971 3569 3108 3645; x_wconf 73' lang='lat' dir='ltr'><strong>Nam</strong></span> <span class='ocrx_word' id='word_1_561' title='bbox 3143 3569 3322 3625; x_wconf 90' lang='lat' dir='ltr'><strong>decies</strong></span> <span class='ocrx_word' id='word_1_562' title='bbox 3353 3569 3542 3626; x_wconf 87' lang='lat' dir='ltr'><strong>novies</strong></span> 
     </span>
    </p>
   </div>
   <div class='ocr_carea' id='block_1_77' title="bbox 1949 3655 3539 3730">
    <p class='ocr_par' dir='ltr' id='par_1_77' title="bbox 1949 3655 3539 3730">
     <span class='ocr_line' id='line_1_77' title="bbox 1949 3655 3539 3730; baseline 0.001 -19"><span class='ocrx_word' id='word_1_563' title='bbox 1949 3658 2250 3713; x_wconf 90' lang='lat' dir='ltr'><strong>trecenteni</strong></span> <span class='ocrx_word' id='word_1_564' title='bbox 2298 3658 2552 3730; x_wconf 83' lang='lat' dir='ltr'><strong>sexageni</strong></span> <span class='ocrx_word' id='word_1_565' title='bbox 2606 3668 2662 3714; x_wconf 89' lang='lat' dir='ltr'><strong>et</strong></span> <span class='ocrx_word' id='word_1_566' title='bbox 2714 3660 2865 3729; x_wconf 91' lang='lat' dir='ltr'><strong>quini</strong></span> <span class='ocrx_word' id='word_1_567' title='bbox 2912 3659 3049 3714; x_wconf 81' lang='lat' dir='ltr'><strong>ﬁunt</strong></span> <span class='ocrx_word' id='word_1_568' title='bbox 3100 3655 3162 3713; x_wconf 68' lang='grc' dir='ltr'>ἦ</span> <span class='ocrx_word' id='word_1_569' title='bbox 3208 3676 3539 3715; x_wconf 82' lang='lat' dir='ltr'><strong>nccccxxxv.</strong></span> 
     </span>
    </p>
   </div>
   <div class='ocr_carea' id='block_1_78' title="bbox 1946 3747 3542 3822">
    <p class='ocr_par' dir='ltr' id='par_1_78' title="bbox 1946 3747 3542 3822">
     <span class='ocr_line' id='line_1_78' title="bbox 1946 3747 3542 3822; baseline 0.003 -20"><span class='ocrx_word' id='word_1_570' title='bbox 1946 3747 2080 3803; x_wconf 85' lang='lat' dir='ltr'><strong>Item</strong></span> <span class='ocrx_word' id='word_1_571' title='bbox 2126 3749 2309 3807; x_wconf 88' lang='lat' dir='ltr'><strong>decies</strong></span> <span class='ocrx_word' id='word_1_572' title='bbox 2350 3751 2538 3806; x_wconf 90' lang='lat' dir='ltr'><strong>novies</strong></span> <span class='ocrx_word' id='word_1_573' title='bbox 2576 3752 2879 3806; x_wconf 87' lang='lat' dir='ltr'><strong>trecenteni</strong></span> <span class='ocrx_word' id='word_1_574' title='bbox 2909 3751 3275 3821; x_wconf 89' lang='lat' dir='ltr'><strong>quinquageni</strong></span> <span class='ocrx_word' id='word_1_575' title='bbox 3321 3760 3376 3806; x_wconf 92' lang='lat' dir='ltr'><strong>et</strong></span> <span class='ocrx_word' id='word_1_576' title='bbox 3403 3767 3542 3822; x_wconf 82' lang='lat' dir='ltr'><strong>qua—</strong></span> 
     </span>
    </p>
   </div>
   <div class='ocr_carea' id='block_1_79' title="bbox 1948 3840 3539 3912">
    <p class='ocr_par' dir='ltr' id='par_1_79' title="bbox 1948 3840 3539 3912">
     <span class='ocr_line' id='line_1_79' title="bbox 1948 3840 3539 3912; baseline 0.002 -17"><span class='ocrx_word' id='word_1_577' title='bbox 1948 3840 2089 3895; x_wconf 87' lang='lat' dir='ltr'><strong>terni</strong></span> <span class='ocrx_word' id='word_1_578' title='bbox 2130 3843 2190 3896; x_wconf 63' lang='lat' dir='ltr'><strong>v—t</strong></span> <span class='ocrx_word' id='word_1_579' title='bbox 2236 3856 2484 3896; x_wconf 79' lang='lat' dir='ltr'><strong>nccxxvr.</strong></span> <span class='ocrx_word' id='word_1_580' title='bbox 2522 3841 2675 3898; x_wconf 80' lang='lat' dir='ltr'><strong>Adde</strong></span> <span class='ocrx_word' id='word_1_581' title='bbox 2715 3841 3065 3897; x_wconf 89' lang='lat' dir='ltr'><strong>embolismos</strong></span> <span class='ocrx_word' id='word_1_582' title='bbox 3110 3850 3346 3912; x_wconf 84' lang='lat' dir='ltr'><strong>quatuor</strong></span> <span class='ocrx_word' id='word_1_583' title='bbox 3386 3856 3539 3898; x_wconf 88' lang='lat' dir='ltr'><strong>men-</strong></span> 
     </span>
    </p>
   </div>
   <div class='ocr_carea' id='block_1_80' title="bbox 1947 3929 3541 4005">
    <p class='ocr_par' dir='ltr' id='par_1_80' title="bbox 1947 3929 3541 4005">
     <span class='ocr_line' id='line_1_80' title="bbox 1947 3929 3541 4005; baseline 0.001 -18"><span class='ocrx_word' id='word_1_584' title='bbox 1947 3929 2107 3993; x_wconf 83' lang='lat' dir='ltr'><strong>sium,</strong></span> <span class='ocrx_word' id='word_1_585' title='bbox 2131 3930 2250 3986; x_wconf 90' lang='lat' dir='ltr'><strong>dies</strong></span> <span class='ocrx_word' id='word_1_586' title='bbox 2270 3932 2717 4005; x_wconf 63' lang='lat' dir='ltr'><strong>ducentidecem.</strong></span> <span class='ocrx_word' id='word_1_587' title='bbox 2736 3931 2903 3987; x_wconf 87' lang='lat' dir='ltr'><strong>Fiunt</strong></span> <span class='ocrx_word' id='word_1_588' title='bbox 2928 3932 2986 3987; x_wconf 62' lang='lat' dir='ltr'><strong>vi</strong></span> <span class='ocrx_word' id='word_1_589' title='bbox 3013 3948 3363 3989; x_wconf 81' lang='lat' dir='ltr'><strong>nccccxxxvt.</strong></span> <span class='ocrx_word' id='word_1_590' title='bbox 3397 3930 3541 3989; x_wconf 91' lang='lat' dir='ltr'><strong>Sub-</strong></span> 
     </span>
    </p>
   </div>
   <div class='ocr_carea' id='block_1_81' title="bbox 1945 4022 3533 4094">
    <p class='ocr_par' dir='ltr' id='par_1_81' title="bbox 1945 4022 3533 4094">
     <span class='ocr_line' id='line_1_81' title="bbox 1945 4022 3533 4094; baseline 0.003 -17"><span class='ocrx_word' id='word_1_591' title='bbox 1945 4023 2103 4078; x_wconf 89' lang='lat' dir='ltr'><strong>trahe</strong></span> <span class='ocrx_word' id='word_1_592' title='bbox 2138 4037 2307 4077; x_wconf 90' lang='lat' dir='ltr'><strong>unum</strong></span> <span class='ocrx_word' id='word_1_593' title='bbox 2349 4022 2518 4078; x_wconf 89' lang='lat' dir='ltr'><strong>saltus</strong></span> <span class='ocrx_word' id='word_1_594' title='bbox 2564 4022 2772 4079; x_wconf 88' lang='lat' dir='ltr'><strong>lunaris</strong></span> <span class='ocrx_word' id='word_1_595' title='bbox 2799 4023 2980 4091; x_wconf 89' lang='lat' dir='ltr'><strong>diem;</strong></span> <span class='ocrx_word' id='word_1_596' title='bbox 3021 4033 3077 4078; x_wconf 86' lang='lat' dir='ltr'><strong>et</strong></span> <span class='ocrx_word' id='word_1_597' title='bbox 3099 4040 3209 4079; x_wconf 91' lang='lat' dir='ltr'><strong>uno</strong></span> <span class='ocrx_word' id='word_1_598' title='bbox 3232 4023 3533 4094; x_wconf 88' lang='lat' dir='ltr'><strong>eodemque</strong></span> 
     </span>
    </p>
   </div>
   <div class='ocr_carea' id='block_1_82' title="bbox 1944 4112 3533 4187">
    <p class='ocr_par' dir='ltr' id='par_1_82' title="bbox 1944 4112 3533 4187">
     <span class='ocr_line' id='line_1_82' title="bbox 1944 4112 3533 4187; baseline 0.002 -19"><span class='ocrx_word' id='word_1_599' title='bbox 1944 4112 2156 4168; x_wconf 91' lang='lat' dir='ltr'><strong>dierum</strong></span> <span class='ocrx_word' id='word_1_600' title='bbox 2185 4128 2412 4168; x_wconf 89' lang='lat' dir='ltr'><strong>numero</strong></span> <span class='ocrx_word' id='word_1_601' title='bbox 2441 4112 2569 4168; x_wconf 90' lang='lat' dir='ltr'><strong>solis</strong></span> <span class='ocrx_word' id='word_1_602' title='bbox 2589 4121 2644 4169; x_wconf 92' lang='lat' dir='ltr'><strong>et</strong></span> <span class='ocrx_word' id='word_1_603' title='bbox 2672 4113 2814 4168; x_wconf 73' lang='lat' dir='ltr'><strong>lunae</strong></span> <span class='ocrx_word' id='word_1_604' title='bbox 2838 4128 3058 4187; x_wconf 84' lang='lat' dir='ltr'><strong>cursum</strong></span> <span class='ocrx_word' id='word_1_605' title='bbox 3081 4114 3533 4171; x_wconf 90' lang='lat' dir='ltr'><strong>decennovenna-</strong></span> 
     </span>
    </p>
   </div>
   <div class='ocr_carea' id='block_1_83' title="bbox 1944 4202 3538 4276">
    <p class='ocr_par' dir='ltr' id='par_1_83' title="bbox 1944 4202 3538 4276">
     <span class='ocr_line' id='line_1_83' title="bbox 1944 4202 3538 4276; baseline 0.004 -19"><span class='ocrx_word' id='word_1_606' title='bbox 1944 4202 2050 4259; x_wconf 91' lang='lat' dir='ltr'><strong>lem</strong></span> <span class='ocrx_word' id='word_1_607' title='bbox 2102 4202 2312 4274; x_wconf 88' lang='lat' dir='ltr'><strong>cyclum</strong></span> <span class='ocrx_word' id='word_1_608' title='bbox 2359 4204 2636 4260; x_wconf 84' lang='lat' dir='ltr'><strong>includere</strong></span> <span class='ocrx_word' id='word_1_609' title='bbox 2673 4204 2948 4275; x_wconf 89' lang='lat' dir='ltr'><strong>probabis.</strong></span> <span class='ocrx_word' id='word_1_610' title='bbox 2999 4203 3134 4259; x_wconf 89' lang='lat' dir='ltr'><strong>Item</strong></span> <span class='ocrx_word' id='word_1_611' title='bbox 3160 4206 3361 4276; x_wconf 89' lang='lat' dir='ltr'><strong>ogdoas</strong></span> <span class='ocrx_word' id='word_1_612' title='bbox 3406 4206 3538 4263; x_wconf 84' lang='lat' dir='ltr'><strong>solis</strong></span> 
     </span>
    </p>
   </div>
   <div class='ocr_carea' id='block_1_84' title="bbox 1946 4294 3534 4367">
    <p class='ocr_par' dir='ltr' id='par_1_84' title="bbox 1946 4294 3534 4367">
     <span class='ocr_line' id='line_1_84' title="bbox 1946 4294 3534 4367; baseline 0.002 -16"><span class='ocrx_word' id='word_1_613' title='bbox 1946 4296 2110 4351; x_wconf 88' lang='lat' dir='ltr'><strong>habet</strong></span> <span class='ocrx_word' id='word_1_614' title='bbox 2137 4310 2353 4350; x_wconf 86' lang='lat' dir='ltr'><strong>menses</strong></span> <span class='ocrx_word' id='word_1_615' title='bbox 2390 4296 2684 4366; x_wconf 85' lang='lat' dir='ltr'><strong>nonaginta</strong></span> <span class='ocrx_word' id='word_1_616' title='bbox 2722 4310 2840 4360; x_wconf 83' lang='lat' dir='ltr'><strong>sex,</strong></span> <span class='ocrx_word' id='word_1_617' title='bbox 2868 4294 3008 4350; x_wconf 73' lang='lat' dir='ltr'><strong>luna:</strong></span> <span class='ocrx_word' id='word_1_618' title='bbox 3033 4304 3211 4351; x_wconf 89' lang='lat' dir='ltr'><strong>autem</strong></span> <span class='ocrx_word' id='word_1_619' title='bbox 3243 4298 3534 4367; x_wconf 81' lang='lat' dir='ltr'><strong>nonaginta</strong></span> 
     </span>
    </p>
   </div>
   <div class='ocr_carea' id='block_1_85' title="bbox 1945 4384 3534 4455">
    <p class='ocr_par' dir='ltr' id='par_1_85' title="bbox 1945 4384 3534 4455">
     <span class='ocr_line' id='line_1_85' title="bbox 1945 4384 3534 4455; baseline 0.001 -13"><span class='ocrx_word' id='word_1_620' title='bbox 1945 4402 2159 4442; x_wconf 89' lang='lat' dir='ltr'><strong>novem.</strong></span> <span class='ocrx_word' id='word_1_621' title='bbox 2192 4385 2438 4442; x_wconf 86' lang='lat' dir='ltr'><strong>Endecas</strong></span> <span class='ocrx_word' id='word_1_622' title='bbox 2464 4401 2598 4441; x_wconf 89' lang='lat' dir='ltr'><strong>vero</strong></span> <span class='ocrx_word' id='word_1_623' title='bbox 2623 4384 2754 4441; x_wconf 91' lang='lat' dir='ltr'><strong>solis</strong></span> <span class='ocrx_word' id='word_1_624' title='bbox 2788 4399 3003 4440; x_wconf 89' lang='lat' dir='ltr'><strong>menses</strong></span> <span class='ocrx_word' id='word_1_625' title='bbox 3030 4385 3189 4441; x_wconf 85' lang='lat' dir='ltr'><strong>habet</strong></span> <span class='ocrx_word' id='word_1_626' title='bbox 3217 4403 3428 4455; x_wconf 80' lang='lat' dir='ltr'><strong>cxxxu,</strong></span> <span class='ocrx_word' id='word_1_627' title='bbox 3454 4388 3534 4445; x_wconf 91' lang='lat' dir='ltr'><strong>lu-</strong></span> 
     </span>
    </p>
   </div>
   <div class='ocr_carea' id='block_1_86' title="bbox 1947 4476 3534 4549">
    <p class='ocr_par' dir='ltr' id='par_1_86' title="bbox 1947 4476 3534 4549">
     <span class='ocr_line' id='line_1_86' title="bbox 1947 4476 3534 4549; baseline 0.003 -20"><span class='ocrx_word' id='word_1_628' title='bbox 1947 4492 2033 4531; x_wconf 63' lang='lat' dir='ltr'><strong>nae</strong></span> <span class='ocrx_word' id='word_1_629' title='bbox 2083 4484 2265 4531; x_wconf 86' lang='lat' dir='ltr'><strong>autem</strong></span> <span class='ocrx_word' id='word_1_630' title='bbox 2315 4491 2534 4531; x_wconf 82' lang='lat' dir='ltr'><strong>cxxxvt.</strong></span> <span class='ocrx_word' id='word_1_631' title='bbox 2572 4477 2651 4531; x_wconf 90' lang='lat' dir='ltr'><strong>De</strong></span> <span class='ocrx_word' id='word_1_632' title='bbox 2695 4488 2925 4531; x_wconf 91' lang='lat' dir='ltr'><strong>numero</strong></span> <span class='ocrx_word' id='word_1_633' title='bbox 2976 4476 3187 4532; x_wconf 88' lang='lat' dir='ltr'><strong>dierum</strong></span> <span class='ocrx_word' id='word_1_634' title='bbox 3237 4492 3399 4549; x_wconf 87' lang='lat' dir='ltr'><strong>supra</strong></span> <span class='ocrx_word' id='word_1_635' title='bbox 3449 4479 3534 4534; x_wconf 90' lang='lat' dir='ltr'><strong>di-</strong></span> 
     </span>
    </p>
   </div>
   <div class='ocr_carea' id='block_1_87' title="bbox 253 4545 2224 4636">
    <p class='ocr_par' dir='ltr' id='par_1_87' title="bbox 253 4545 2224 4636">
     <span class='ocr_line' id='line_1_87' title="bbox 253 4545 2224 4636; baseline 0.007 -25"><span class='ocrx_word' id='word_1_636' title='bbox 253 4556 460 4613; x_wconf 83' lang='lat' dir='ltr'><strong>schalis</strong></span> <span class='ocrx_word' id='word_1_637' title='bbox 507 4572 793 4628; x_wconf 89' lang='lat' dir='ltr'><strong>supremas</strong></span> <span class='ocrx_word' id='word_1_638' title='bbox 839 4576 951 4616; x_wconf 74' lang='lat' dir='ltr'><strong>sum</strong></span> <span class='ocrx_word' id='word_1_639' title='bbox 992 4564 1293 4621; x_wconf 88' lang='lat' dir='ltr'><strong>nativitatis</strong></span> <span class='ocrx_word' id='word_1_640' title='bbox 1338 4577 1510 4623; x_wconf 90' lang='lat' dir='ltr'><strong>metas</strong></span> <span class='ocrx_word' id='word_1_641' title='bbox 1538 4545 1763 4635; x_wconf 58' lang='lat' dir='ltr'><strong>subeat;</strong></span> <span class='ocrx_word' id='word_1_642' title='bbox 1789 4579 1845 4625; x_wconf 88' lang='lat' dir='ltr'><strong>et</strong></span> <span class='ocrx_word' id='word_1_643' title='bbox 1870 4545 1925 4605; x_wconf 79' lang='grc' dir='ltr'><strong>Ῑ)</strong></span> <span class='ocrx_word' id='word_1_644' title='bbox 1948 4576 2093 4624; x_wconf 89' lang='lat' dir='ltr'><strong>ctum</strong></span> <span class='ocrx_word' id='word_1_645' title='bbox 2116 4578 2224 4636; x_wconf 81' lang='lat' dir='ltr'><strong>est.</strong></span> 
     </span>
    </p>
   </div>
   <div class='ocr_carea' id='block_1_88' title="bbox 252 4652 1848 4727">
    <p class='ocr_par' dir='ltr' id='par_1_88' title="bbox 252 4652 1848 4727">
     <span class='ocr_line' id='line_1_88' title="bbox 252 4652 1848 4727; baseline 0.012 -26"><span class='ocrx_word' id='word_1_646' title='bbox 252 4656 550 4718; x_wconf 87' lang='lat' dir='ltr'><strong>utrumque</strong></span> <span class='ocrx_word' id='word_1_647' title='bbox 595 4665 805 4718; x_wconf 88' lang='lat' dir='ltr'><strong>eorum,</strong></span> <span class='ocrx_word' id='word_1_648' title='bbox 857 4652 1076 4710; x_wconf 88' lang='lat' dir='ltr'><strong>insolito</strong></span> <span class='ocrx_word' id='word_1_649' title='bbox 1113 4658 1443 4715; x_wconf 89' lang='lat' dir='ltr'><strong>embolismis</strong></span> <span class='ocrx_word' id='word_1_650' title='bbox 1494 4676 1662 4727; x_wconf 87' lang='lat' dir='ltr'><strong>more,</strong></span> <span class='ocrx_word' id='word_1_651' title='bbox 1706 4679 1848 4720; x_wconf 91' lang='lat' dir='ltr'><strong>unus</strong></span> 
     </span>
    </p>
   </div>
   <div class='ocr_carea' id='block_1_89' title="bbox 251 4741 1848 4826">
    <p class='ocr_par' dir='ltr' id='par_1_89' title="bbox 251 4741 1848 4826">
     <span class='ocr_line' id='line_1_89' title="bbox 251 4741 1848 4826; baseline 0.011 -33"><span class='ocrx_word' id='word_1_652' title='bbox 251 4741 568 4796; x_wconf 88' lang='lat' dir='ltr'><strong>communis</strong></span> <span class='ocrx_word' id='word_1_653' title='bbox 609 4745 883 4813; x_wconf 60' lang='lat' dir='ltr'><strong>praecedat</strong></span> <span class='ocrx_word' id='word_1_654' title='bbox 923 4762 1114 4802; x_wconf 90' lang='lat' dir='ltr'><strong>annus.</strong></span> <span class='ocrx_word' id='word_1_655' title='bbox 1141 4748 1236 4804; x_wconf 85' lang='lat' dir='ltr'><strong>Vel</strong></span> <span class='ocrx_word' id='word_1_656' title='bbox 1261 4759 1409 4806; x_wconf 89' lang='lat' dir='ltr'><strong>certe</strong></span> <span class='ocrx_word' id='word_1_657' title='bbox 1436 4754 1563 4822; x_wconf 90' lang='lat' dir='ltr'><strong>quia</strong></span> <span class='ocrx_word' id='word_1_658' title='bbox 1607 4755 1848 4826; x_wconf 88' lang='lat' dir='ltr'><strong>antiquis</strong></span> 
     </span>
    </p>
   </div>
   <div class='ocr_carea' id='block_1_90' title="bbox 252 4830 1849 4900">
    <p class='ocr_par' dir='ltr' id='par_1_90' title="bbox 252 4830 1849 4900">
     <span class='ocr_line' id='line_1_90' title="bbox 252 4830 1849 4900; baseline 0.012 -18"><span class='ocrx_word' id='word_1_659' title='bbox 252 4830 435 4885; x_wconf 86' lang='lat' dir='ltr'><strong>visum</strong></span> <span class='ocrx_word' id='word_1_660' title='bbox 458 4841 544 4887; x_wconf 90' lang='lat' dir='ltr'><strong>est</strong></span> <span class='ocrx_word' id='word_1_661' title='bbox 568 4841 694 4890; x_wconf 90' lang='lat' dir='ltr'><strong>octo</strong></span> <span class='ocrx_word' id='word_1_662' title='bbox 719 4848 893 4892; x_wconf 83' lang='lat' dir='ltr'><strong>annos</strong></span> <span class='ocrx_word' id='word_1_663' title='bbox 930 4837 1138 4894; x_wconf 87' lang='lat' dir='ltr'><strong>solares</strong></span> <span class='ocrx_word' id='word_1_664' title='bbox 1169 4840 1391 4895; x_wconf 88' lang='lat' dir='ltr'><strong>totidem</strong></span> <span class='ocrx_word' id='word_1_665' title='bbox 1444 4841 1723 4900; x_wconf 89' lang='lat' dir='ltr'><strong>lunaribus</strong></span> <span class='ocrx_word' id='word_1_666' title='bbox 1749 4861 1849 4900; x_wconf 79' lang='lat' dir='ltr'><strong>an-</strong></span> 
     </span>
    </p>
   </div>
   <div class='ocr_carea' id='block_1_91' title="bbox 252 4922 1846 4999">
    <p class='ocr_par' dir='ltr' id='par_1_91' title="bbox 252 4922 1846 4999">
     <span class='ocr_line' id='line_1_91' title="bbox 252 4922 1846 4999; baseline 0.012 -24"><span class='ocrx_word' id='word_1_667' title='bbox 252 4922 343 4977; x_wconf 88' lang='lat' dir='ltr'><strong>nis</strong></span> <span class='ocrx_word' id='word_1_668' title='bbox 387 4922 600 4978; x_wconf 91' lang='lat' dir='ltr'><strong>dierum</strong></span> <span class='ocrx_word' id='word_1_669' title='bbox 644 4941 873 4983; x_wconf 90' lang='lat' dir='ltr'><strong>numero</strong></span> <span class='ocrx_word' id='word_1_670' title='bbox 914 4929 1140 4999; x_wconf 75' lang='lat' dir='ltr'><strong>aequari.</strong></span> <span class='ocrx_word' id='word_1_671' title='bbox 1178 4931 1331 4997; x_wconf 85' lang='lat' dir='ltr'><strong>Quod</strong></span> <span class='ocrx_word' id='word_1_672' title='bbox 1360 4931 1430 4986; x_wconf 89' lang='lat' dir='ltr'><strong>ab</strong></span> <span class='ocrx_word' id='word_1_673' title='bbox 1455 4933 1846 4994; x_wconf 87' lang='lat' dir='ltr'><strong>eruditioribus</strong></span> 
     </span>
    </p>
   </div>
   <div class='ocr_carea' id='block_1_92' title="bbox 252 5012 1840 5090">
    <p class='ocr_par' dir='ltr' id='par_1_92' title="bbox 252 5012 1840 5090">
     <span class='ocr_line' id='line_1_92' title="bbox 252 5012 1840 5090; baseline 0.009 -23"><span class='ocrx_word' id='word_1_674' title='bbox 252 5012 356 5067; x_wconf 65' lang='grc' dir='ltr'><strong>εινὶ</strong></span> <span class='ocrx_word' id='word_1_675' title='bbox 401 5015 682 5083; x_wconf 89' lang='lat' dir='ltr'><strong>sequentis</strong></span> <span class='ocrx_word' id='word_1_676' title='bbox 715 5018 1029 5074; x_wconf 89' lang='lat' dir='ltr'><strong>doctoribus</strong></span> <span class='ocrx_word' id='word_1_677' title='bbox 1065 5029 1348 5090; x_wconf 82' lang='lat' dir='ltr'><strong>expertum</strong></span> <span class='ocrx_word' id='word_1_678' title='bbox 1384 5030 1490 5089; x_wconf 88' lang='lat' dir='ltr'><strong>est,</strong></span> <span class='ocrx_word' id='word_1_679' title='bbox 1531 5024 1636 5079; x_wconf 90' lang='lat' dir='ltr'><strong>nisi</strong></span> <span class='ocrx_word' id='word_1_680' title='bbox 1680 5027 1840 5081; x_wconf 89' lang='lat' dir='ltr'><strong>annis</strong></span> 
     </span>
    </p>
   </div>
   <div class='ocr_carea' id='block_1_93' title="bbox 253 5101 1841 5182">
    <p class='ocr_par' dir='ltr' id='par_1_93' title="bbox 253 5101 1841 5182">
     <span class='ocr_line' id='line_1_93' title="bbox 253 5101 1841 5182; baseline 0.011 -27"><span class='ocrx_word' id='word_1_681' title='bbox 253 5101 511 5158; x_wconf 87' lang='lat' dir='ltr'><strong>undecim</strong></span> <span class='ocrx_word' id='word_1_682' title='bbox 535 5105 781 5175; x_wconf 89' lang='lat' dir='ltr'><strong>adjectis,</strong></span> <span class='ocrx_word' id='word_1_683' title='bbox 829 5124 1171 5179; x_wconf 87' lang='lat' dir='ltr'><strong>nequaquam</strong></span> <span class='ocrx_word' id='word_1_684' title='bbox 1219 5111 1338 5167; x_wconf 84' lang='lat' dir='ltr'><strong>ﬁeri</strong></span> <span class='ocrx_word' id='word_1_685' title='bbox 1362 5126 1542 5182; x_wconf 89' lang='lat' dir='ltr'><strong>posse.</strong></span> <span class='ocrx_word' id='word_1_686' title='bbox 1573 5113 1655 5170; x_wconf 85' lang='lat' dir='ltr'><strong>Ad</strong></span> <span class='ocrx_word' id='word_1_687' title='bbox 1700 5116 1841 5172; x_wconf 81' lang='lat' dir='ltr'><strong>indi-</strong></span> 
     </span>
    </p>
   </div>
   <div class='ocr_carea' id='block_1_94' title="bbox 253 5194 1842 5275">
    <p class='ocr_par' dir='ltr' id='par_1_94' title="bbox 253 5194 1842 5275">
     <span class='ocr_line' id='line_1_94' title="bbox 253 5194 1842 5275; baseline 0.009 -26"><span class='ocrx_word' id='word_1_688' title='bbox 253 5194 403 5250; x_wconf 89' lang='lat' dir='ltr'><strong>cium</strong></span> <span class='ocrx_word' id='word_1_689' title='bbox 429 5210 562 5268; x_wconf 91' lang='lat' dir='ltr'><strong>ergo</strong></span> <span class='ocrx_word' id='word_1_690' title='bbox 585 5200 868 5271; x_wconf 87' lang='lat' dir='ltr'><strong>utriusque</strong></span> <span class='ocrx_word' id='word_1_691' title='bbox 894 5203 1290 5259; x_wconf 87' lang='lat' dir='ltr'><strong>observationis</strong></span> <span class='ocrx_word' id='word_1_692' title='bbox 1315 5204 1651 5275; x_wconf 84' lang='lat' dir='ltr'><strong>ogdoadibus</strong></span> <span class='ocrx_word' id='word_1_693' title='bbox 1676 5215 1759 5262; x_wconf 89' lang='lat' dir='ltr'><strong>est</strong></span> <span class='ocrx_word' id='word_1_694' title='bbox 1786 5217 1842 5264; x_wconf 92' lang='lat' dir='ltr'><strong>et</strong></span> 
     </span>
    </p>
   </div>
   <div class='ocr_carea' id='block_1_95' title="bbox 250 5287 1842 5366">
    <p class='ocr_par' dir='ltr' id='par_1_95' title="bbox 250 5287 1842 5366">
     <span class='ocr_line' id='line_1_95' title="bbox 250 5287 1842 5366; baseline 0.011 -26"><span class='ocrx_word' id='word_1_695' title='bbox 250 5287 626 5346; x_wconf 85' lang='lat' dir='ltr'><strong>endecadibus</strong></span> <span class='ocrx_word' id='word_1_696' title='bbox 670 5298 782 5346; x_wconf 85' lang='lat' dir='ltr'><strong>tota</strong></span> <span class='ocrx_word' id='word_1_697' title='bbox 829 5291 968 5348; x_wconf 66' lang='lat' dir='ltr'><strong>lunae</strong></span> <span class='ocrx_word' id='word_1_698' title='bbox 1010 5293 1214 5366; x_wconf 89' lang='lat' dir='ltr'><strong>digesta</strong></span> <span class='ocrx_word' id='word_1_699' title='bbox 1267 5296 1571 5352; x_wconf 88' lang='lat' dir='ltr'><strong>conversio.</strong></span> <span class='ocrx_word' id='word_1_700' title='bbox 1623 5297 1756 5353; x_wconf 87' lang='lat' dir='ltr'><strong>Nam</strong></span> <span class='ocrx_word' id='word_1_701' title='bbox 1785 5308 1842 5357; x_wconf 89' lang='lat' dir='ltr'><strong>et</strong></span> 
     </span>
    </p>
   </div>
   <div class='ocr_carea' id='block_1_96' title="bbox 251 5376 1839 5456">
    <p class='ocr_par' dir='ltr' id='par_1_96' title="bbox 251 5376 1839 5456">
     <span class='ocr_line' id='line_1_96' title="bbox 251 5376 1839 5456; baseline 0.008 -22"><span class='ocrx_word' id='word_1_702' title='bbox 251 5376 436 5435; x_wconf 70' lang='lat' dir='ltr'><strong>Graeci</strong></span> <span class='ocrx_word' id='word_1_703' title='bbox 481 5381 778 5451; x_wconf 89' lang='lat' dir='ltr'><strong>quondam,</strong></span> <span class='ocrx_word' id='word_1_704' title='bbox 808 5399 945 5454; x_wconf 90' lang='lat' dir='ltr'><strong>quos</strong></span> <span class='ocrx_word' id='word_1_705' title='bbox 983 5394 1041 5440; x_wconf 91' lang='lat' dir='ltr'><strong>et</strong></span> <span class='ocrx_word' id='word_1_706' title='bbox 1079 5385 1442 5456; x_wconf 86' lang='lat' dir='ltr'><strong>antiquissimi</strong></span> <span class='ocrx_word' id='word_1_707' title='bbox 1472 5386 1839 5447; x_wconf 81' lang='lat' dir='ltr'><strong>Romanorum</strong></span> 
     </span>
    </p>
   </div>
   <div class='ocr_carea' id='block_1_97' title="bbox 251 5473 1844 5559">
    <p class='ocr_par' dir='ltr' id='par_1_97' title="bbox 251 5473 1844 5559">
     <span class='ocr_line' id='line_1_97' title="bbox 251 5473 1844 5559; baseline 0.006 -33"><span class='ocrx_word' id='word_1_708' title='bbox 251 5473 616 5542; x_wconf 84' lang='lat' dir='ltr'><strong>perhibentur</strong></span> <span class='ocrx_word' id='word_1_709' title='bbox 642 5474 856 5542; x_wconf 88' lang='lat' dir='ltr'><strong>imitati,</strong></span> <span class='ocrx_word' id='word_1_710' title='bbox 882 5492 1007 5533; x_wconf 90' lang='lat' dir='ltr'><strong>cum</strong></span> <span class='ocrx_word' id='word_1_711' title='bbox 1034 5478 1105 5534; x_wconf 89' lang='lat' dir='ltr'><strong>ad</strong></span> <span class='ocrx_word' id='word_1_712' title='bbox 1137 5477 1278 5533; x_wconf 74' lang='lat' dir='ltr'><strong>luna:</strong></span> <span class='ocrx_word' id='word_1_713' title='bbox 1299 5492 1520 5535; x_wconf 83' lang='lat' dir='ltr'><strong>cursum</strong></span> <span class='ocrx_word' id='word_1_714' title='bbox 1544 5481 1723 5536; x_wconf 89' lang='lat' dir='ltr'><strong>adhuc</strong></span> <span class='ocrx_word' id='word_1_715' title='bbox 1746 5497 1844 5559; x_wconf 42' lang='lat' dir='ltr'><strong>an:-</strong></span> 
     </span>
    </p>
   </div>
   <div class='ocr_carea' id='block_1_98' title="bbox 256 5569 1843 5641">
    <p class='ocr_par' dir='ltr' id='par_1_98' title="bbox 256 5569 1843 5641">
     <span class='ocr_line' id='line_1_98' title="bbox 256 5569 1843 5641; baseline 0.004 -21"><span class='ocrx_word' id='word_1_716' title='bbox 256 5579 359 5620; x_wconf 89' lang='lat' dir='ltr'><strong>nos</strong></span> <span class='ocrx_word' id='word_1_717' title='bbox 383 5574 784 5637; x_wconf 89' lang='lat' dir='ltr'><strong>computarent,</strong></span> <span class='ocrx_word' id='word_1_718' title='bbox 835 5576 958 5624; x_wconf 88' lang='lat' dir='ltr'><strong>octo</strong></span> <span class='ocrx_word' id='word_1_719' title='bbox 984 5570 1142 5625; x_wconf 85' lang='lat' dir='ltr'><strong>annis</strong></span> <span class='ocrx_word' id='word_1_720' title='bbox 1179 5569 1558 5626; x_wconf 88' lang='lat' dir='ltr'><strong>communibus</strong></span> <span class='ocrx_word' id='word_1_721' title='bbox 1594 5570 1713 5641; x_wconf 91' lang='lat' dir='ltr'><strong>pari</strong></span> <span class='ocrx_word' id='word_1_722' title='bbox 1749 5586 1843 5626; x_wconf 61' lang='lat' dir='ltr'><strong>rae</strong></span> 
     </span>
    </p>
   </div>
   <div class='ocr_carea' id='block_1_99' title="bbox 254 5661 1843 5737">
    <p class='ocr_par' dir='ltr' id='par_1_99' title="bbox 254 5661 1843 5737">
     <span class='ocr_line' id='line_1_99' title="bbox 254 5661 1843 5737; baseline 0.003 -22"><span class='ocrx_word' id='word_1_723' title='bbox 254 5670 405 5737; x_wconf 65' lang='lat' dir='ltr'><strong>none</strong></span> <span class='ocrx_word' id='word_1_724' title='bbox 436 5661 719 5728; x_wconf 77' lang='lat' dir='ltr'><strong>confectis,</strong></span> <span class='ocrx_word' id='word_1_725' title='bbox 756 5662 1105 5719; x_wconf 88' lang='lat' dir='ltr'><strong>embolismos</strong></span> <span class='ocrx_word' id='word_1_726' title='bbox 1131 5663 1297 5718; x_wconf 89' lang='lat' dir='ltr'><strong>trium</strong></span> <span class='ocrx_word' id='word_1_727' title='bbox 1342 5665 1611 5720; x_wconf 91' lang='lat' dir='ltr'><strong>mensium</strong></span> <span class='ocrx_word' id='word_1_728' title='bbox 1638 5665 1843 5736; x_wconf 88' lang='lat' dir='ltr'><strong>pariter</strong></span> 
     </span>
    </p>
   </div>
   <div class='ocr_carea' id='block_1_100' title="bbox 255 5751 1839 5827">
    <p class='ocr_par' dir='ltr' id='par_1_100' title="bbox 255 5751 1839 5827">
     <span class='ocr_line' id='line_1_100' title="bbox 255 5751 1839 5827; baseline 0.004 -20"><span class='ocrx_word' id='word_1_729' title='bbox 255 5751 674 5811; x_wconf 81' lang='lat' dir='ltr'><strong>intercalabant.</strong></span> <span class='ocrx_word' id='word_1_730' title='bbox 729 5752 788 5810; x_wconf 87' lang='lat' dir='ltr'><strong>Si</strong></span> <span class='ocrx_word' id='word_1_731' title='bbox 832 5754 978 5812; x_wconf 88' lang='lat' dir='ltr'><strong>enim</strong></span> <span class='ocrx_word' id='word_1_732' title='bbox 1011 5754 1183 5812; x_wconf 88' lang='lat' dir='ltr'><strong>octies</strong></span> <span class='ocrx_word' id='word_1_733' title='bbox 1216 5756 1467 5814; x_wconf 89' lang='lat' dir='ltr'><strong>undecim</strong></span> <span class='ocrx_word' id='word_1_734' title='bbox 1501 5766 1555 5814; x_wconf 89' lang='lat' dir='ltr'><strong>et</strong></span> <span class='ocrx_word' id='word_1_735' title='bbox 1591 5767 1839 5827; x_wconf 89' lang='lat' dir='ltr'><strong>quartam</strong></span> 
     </span>
    </p>
   </div>
   <div class='ocr_carea' id='block_1_101' title="bbox 2538 4661 2939 4720">
    <p class='ocr_par' dir='ltr' id='par_1_101' title="bbox 2538 4661 2939 4720">
     <span class='ocr_line' id='line_1_101' title="bbox 2538 4661 2939 4720; baseline 0.005 -2"><span class='ocrx_word' id='word_1_736' title='bbox 2538 4661 2766 4719; x_wconf 84' lang='lat' dir='ltr'><strong>CAPUT</strong></span> <span class='ocrx_word' id='word_1_737' title='bbox 2805 4664 2939 4720; x_wconf 79' lang='lat' dir='ltr'><strong>LXI.</strong></span> 
     </span>
    </p>
   </div>
   <div class='ocr_carea' id='block_1_102' title="bbox 2224 4752 3244 4819">
    <p class='ocr_par' dir='ltr' id='par_1_102' title="bbox 2224 4752 3244 4819">
     <span class='ocr_line' id='line_1_102' title="bbox 2224 4752 3244 4819; baseline 0.003 -13"><span class='ocrx_word' id='word_1_738' title='bbox 2224 4752 2303 4807; x_wconf 80' lang='lat' dir='ltr'><strong>De</strong></span> <span class='ocrx_word' id='word_1_739' title='bbox 2339 4755 2491 4809; x_wconf 81' lang='lat' dir='ltr'><strong>annis</strong></span> <span class='ocrx_word' id='word_1_740' title='bbox 2522 4753 2807 4819; x_wconf 68' lang='lat' dir='ltr'><strong>meinica:</strong></span> <span class='ocrx_word' id='word_1_741' title='bbox 2843 4757 3244 4813; x_wconf 77' lang='lat' dir='ltr'><strong>incarnationis.</strong></span> 
     </span>
    </p>
   </div>
   <div class='ocr_carea' id='block_1_103' title="bbox 2014 4842 3535 4915">
    <p class='ocr_par' dir='ltr' id='par_1_103' title="bbox 2014 4842 3535 4915">
     <span class='ocr_line' id='line_1_103' title="bbox 2014 4842 3535 4915; baseline 0.005 -17"><span class='ocrx_word' id='word_1_742' title='bbox 2014 4842 2164 4899; x_wconf 81' lang='lat' dir='ltr'><strong>Dtsc.</strong></span> <span class='ocrx_word' id='word_1_743' title='bbox 2203 4842 2338 4910; x_wconf 85' lang='lat' dir='ltr'><strong>Quia</strong></span> <span class='ocrx_word' id='word_1_744' title='bbox 2366 4858 2497 4915; x_wconf 84' lang='lat' dir='ltr'><strong>ergo</strong></span> <span class='ocrx_word' id='word_1_745' title='bbox 2532 4845 3022 4904; x_wconf 88' lang='lat' dir='ltr'><strong>decennovennalis</strong></span> <span class='ocrx_word' id='word_1_746' title='bbox 3042 4849 3231 4905; x_wconf 90' lang='lat' dir='ltr'><strong>circuli</strong></span> <span class='ocrx_word' id='word_1_747' title='bbox 3263 4851 3535 4906; x_wconf 79' lang='lat' dir='ltr'><strong>rationem</strong></span> 
     </span>
    </p>
   </div>
   <div class='ocr_carea' id='block_1_104' title="bbox 1943 4923 3534 5010">
    <p class='ocr_par' dir='ltr' id='par_1_104' title="bbox 1943 4923 3534 5010">
     <span class='ocr_line' id='line_1_104' title="bbox 1943 4923 3534 5010; baseline 0.004 -20"><span class='ocrx_word' id='word_1_748' title='bbox 1943 4934 2154 5004; x_wconf 63' lang='lat' dir='ltr'><strong>coepisti</strong></span> <span class='ocrx_word' id='word_1_749' title='bbox 2183 4934 2497 5005; x_wconf 85' lang='lat' dir='ltr'><strong>explanare,</strong></span> <span class='ocrx_word' id='word_1_750' title='bbox 2547 4952 2739 5005; x_wconf 86' lang='lat' dir='ltr'><strong>precor</strong></span> <span class='ocrx_word' id='word_1_751' title='bbox 2773 4946 2833 4992; x_wconf 92' lang='lat' dir='ltr'><strong>nt</strong></span> <span class='ocrx_word' id='word_1_752' title='bbox 2864 4954 2964 5007; x_wconf 90' lang='lat' dir='ltr'><strong>per</strong></span> <span class='ocrx_word' id='word_1_753' title='bbox 3003 4923 3241 5010; x_wconf 71' lang='lat' dir='ltr'><strong>singulos</strong></span> <span class='ocrx_word' id='word_1_754' title='bbox 3281 4946 3534 4996; x_wconf 83' lang='lat' dir='ltr'><strong>tramites</strong></span> 
     </span>
    </p>
   </div>
   <div class='ocr_carea' id='block_1_105' title="bbox 1949 5025 3529 5101">
    <p class='ocr_par' dir='ltr' id='par_1_105' title="bbox 1949 5025 3529 5101">
     <span class='ocr_line' id='line_1_105' title="bbox 1949 5025 3529 5101; baseline 0.003 -19"><span class='ocrx_word' id='word_1_755' title='bbox 1949 5026 2066 5097; x_wconf 90' lang='lat' dir='ltr'><strong>ejus</strong></span> <span class='ocrx_word' id='word_1_756' title='bbox 2084 5025 2300 5097; x_wconf 86' lang='lat' dir='ltr'><strong>plenam</strong></span> <span class='ocrx_word' id='word_1_757' title='bbox 2326 5026 2591 5081; x_wconf 88' lang='lat' dir='ltr'><strong>rationem</strong></span> <span class='ocrx_word' id='word_1_758' title='bbox 2620 5028 2749 5083; x_wconf 91' lang='lat' dir='ltr'><strong>mihi</strong></span> <span class='ocrx_word' id='word_1_759' title='bbox 2782 5031 2995 5086; x_wconf 92' lang='lat' dir='ltr'><strong>reddas.</strong></span> <span class='ocrx_word' id='word_1_760' title='bbox 3036 5032 3104 5085; x_wconf 86' lang='lat' dir='ltr'><strong>Et</strong></span> <span class='ocrx_word' id='word_1_761' title='bbox 3130 5033 3366 5101; x_wconf 88' lang='lat' dir='ltr'><strong>primum</strong></span> <span class='ocrx_word' id='word_1_762' title='bbox 3397 5032 3529 5101; x_wconf 87' lang='lat' dir='ltr'><strong>quid</strong></span> 
     </span>
    </p>
   </div>
   <div class='ocr_carea' id='block_1_106' title="bbox 1945 5117 3535 5190">
    <p class='ocr_par' dir='ltr' id='par_1_106' title="bbox 1945 5117 3535 5190">
     <span class='ocr_line' id='line_1_106' title="bbox 1945 5117 3535 5190; baseline 0.002 -18"><span class='ocrx_word' id='word_1_763' title='bbox 1945 5119 2155 5190; x_wconf 89' lang='lat' dir='ltr'><strong>primus</strong></span> <span class='ocrx_word' id='word_1_764' title='bbox 2173 5132 2362 5173; x_wconf 87' lang='lat' dir='ltr'><strong>versus</strong></span> <span class='ocrx_word' id='word_1_765' title='bbox 2389 5117 2665 5174; x_wconf 86' lang='lat' dir='ltr'><strong>contineat</strong></span> <span class='ocrx_word' id='word_1_766' title='bbox 2695 5121 2833 5175; x_wconf 87' lang='lat' dir='ltr'><strong>edic.</strong></span> <span class='ocrx_word' id='word_1_767' title='bbox 2869 5120 3008 5178; x_wconf 65' lang='lat' dir='ltr'><strong>ch.</strong></span> <span class='ocrx_word' id='word_1_768' title='bbox 3045 5121 3228 5175; x_wconf 88' lang='lat' dir='ltr'><strong>Primo</strong></span> <span class='ocrx_word' id='word_1_769' title='bbox 3260 5120 3535 5175; x_wconf 71' lang='lat' dir='ltr'><strong>decenno-</strong></span> 
     </span>
    </p>
   </div>
   <div class='ocr_carea' id='block_1_107' title="bbox 1946 5207 3529 5281">
    <p class='ocr_par' dir='ltr' id='par_1_107' title="bbox 1946 5207 3529 5281">
     <span class='ocr_line' id='line_1_107' title="bbox 1946 5207 3529 5281; baseline 0.001 -18"><span class='ocrx_word' id='word_1_770' title='bbox 1946 5209 2190 5264; x_wconf 89' lang='lat' dir='ltr'><strong>vennalis</strong></span> <span class='ocrx_word' id='word_1_771' title='bbox 2243 5207 2431 5264; x_wconf 87' lang='lat' dir='ltr'><strong>circuli</strong></span> <span class='ocrx_word' id='word_1_772' title='bbox 2471 5224 2628 5264; x_wconf 85' lang='lat' dir='ltr'><strong>versu</strong></span> <span class='ocrx_word' id='word_1_773' title='bbox 2680 5218 2981 5281; x_wconf 90' lang='lat' dir='ltr'><strong>temporum</strong></span> <span class='ocrx_word' id='word_1_774' title='bbox 3030 5211 3165 5265; x_wconf 89' lang='lat' dir='ltr'><strong>ordo</strong></span> <span class='ocrx_word' id='word_1_775' title='bbox 3204 5208 3529 5279; x_wconf 62' lang='lat' dir='ltr'><strong>praeﬁgitur,</strong></span> 
     </span>
    </p>
   </div>
   <div class='ocr_carea' id='block_1_108' title="bbox 1947 5299 3529 5373">
    <p class='ocr_par' dir='ltr' id='par_1_108' title="bbox 1947 5299 3529 5373">
     <span class='ocr_line' id='line_1_108' title="bbox 1947 5299 3529 5373; baseline -0.001 -17"><span class='ocrx_word' id='word_1_776' title='bbox 1947 5317 2108 5373; x_wconf 87' lang='lat' dir='ltr'><strong>quem</strong></span> <span class='ocrx_word' id='word_1_777' title='bbox 2142 5299 2317 5357; x_wconf 77' lang='lat' dir='ltr'><strong>Graeci</strong></span> <span class='ocrx_word' id='word_1_778' title='bbox 2343 5300 2695 5356; x_wconf 87' lang='lat' dir='ltr'><strong>calculatores</strong></span> <span class='ocrx_word' id='word_1_779' title='bbox 2724 5318 2755 5355; x_wconf 87' lang='lat' dir='ltr'><strong>a</strong></span> <span class='ocrx_word' id='word_1_780' title='bbox 2792 5300 3108 5356; x_wconf 86' lang='lat' dir='ltr'><strong>Diocletiani</strong></span> <span class='ocrx_word' id='word_1_781' title='bbox 3135 5299 3394 5370; x_wconf 87' lang='lat' dir='ltr'><strong>principis</strong></span> <span class='ocrx_word' id='word_1_782' title='bbox 3422 5314 3529 5354; x_wconf 77' lang='lat' dir='ltr'><strong>an-</strong></span> 
     </span>
    </p>
   </div>
   <div class='ocr_carea' id='block_1_109' title="bbox 1948 5388 3535 5461">
    <p class='ocr_par' dir='ltr' id='par_1_109' title="bbox 1948 5388 3535 5461">
     <span class='ocr_line' id='line_1_109' title="bbox 1948 5388 3535 5461; baseline -0.001 -14"><span class='ocrx_word' id='word_1_783' title='bbox 1948 5392 2033 5448; x_wconf 89' lang='lat' dir='ltr'><strong>nis</strong></span> <span class='ocrx_word' id='word_1_784' title='bbox 2085 5392 2459 5447; x_wconf 86' lang='lat' dir='ltr'><strong>observavere.</strong></span> <span class='ocrx_word' id='word_1_785' title='bbox 2503 5388 2610 5445; x_wconf 91' lang='lat' dir='ltr'><strong>Sed</strong></span> <span class='ocrx_word' id='word_1_786' title='bbox 2668 5391 2954 5461; x_wconf 86' lang='lat' dir='ltr'><strong>Dionysius</strong></span> <span class='ocrx_word' id='word_1_787' title='bbox 3000 5389 3323 5445; x_wconf 90' lang='lat' dir='ltr'><strong>venerabilis</strong></span> <span class='ocrx_word' id='word_1_788' title='bbox 3357 5390 3535 5446; x_wconf 77' lang='lat' dir='ltr'><strong>abbas</strong></span> 
     </span>
    </p>
   </div>
   <div class='ocr_carea' id='block_1_110' title="bbox 1942 5479 3533 5555">
    <p class='ocr_par' dir='ltr' id='par_1_110' title="bbox 1942 5479 3533 5555">
     <span class='ocr_line' id='line_1_110' title="bbox 1942 5479 3533 5555; baseline -0.003 -15"><span class='ocrx_word' id='word_1_789' title='bbox 1942 5483 2203 5540; x_wconf 69' lang='lat' dir='ltr'><strong>Romanae</strong></span> <span class='ocrx_word' id='word_1_790' title='bbox 2219 5481 2390 5547; x_wconf 90' lang='lat' dir='ltr'><strong>urbis,</strong></span> <span class='ocrx_word' id='word_1_791' title='bbox 2414 5480 2701 5550; x_wconf 89' lang='lat' dir='ltr'><strong>utriusque</strong></span> <span class='ocrx_word' id='word_1_792' title='bbox 2726 5480 2945 5551; x_wconf 73' lang='lat' dir='ltr'><strong>lingum,</strong></span> <span class='ocrx_word' id='word_1_793' title='bbox 2969 5479 3171 5555; x_wconf 65' lang='lat' dir='ltr'><strong>Graecae</strong></span> <span class='ocrx_word' id='word_1_794' title='bbox 3194 5479 3443 5537; x_wconf 88' lang='lat' dir='ltr'><strong>videlicet</strong></span> <span class='ocrx_word' id='word_1_795' title='bbox 3458 5496 3533 5536; x_wconf 82' lang='lat' dir='ltr'><strong>ac</strong></span> 
     </span>
    </p>
   </div>
   <div class='ocr_carea' id='block_1_111' title="bbox 1944 5570 3535 5644">
    <p class='ocr_par' dir='ltr' id='par_1_111' title="bbox 1944 5570 3535 5644">
     <span class='ocr_line' id='line_1_111' title="bbox 1944 5570 3535 5644; baseline -0.002 -13"><span class='ocrx_word' id='word_1_796' title='bbox 1944 5575 2171 5639; x_wconf 68' lang='lat' dir='ltr'><strong>Latium,</strong></span> <span class='ocrx_word' id='word_1_797' title='bbox 2210 5588 2317 5628; x_wconf 92' lang='lat' dir='ltr'><strong>non</strong></span> <span class='ocrx_word' id='word_1_798' title='bbox 2373 5572 2593 5644; x_wconf 86' lang='lat' dir='ltr'><strong>ignobili</strong></span> <span class='ocrx_word' id='word_1_799' title='bbox 2626 5571 2885 5641; x_wconf 68' lang='lat' dir='ltr'><strong>praeditus</strong></span> <span class='ocrx_word' id='word_1_800' title='bbox 2928 5571 3174 5639; x_wconf 83' lang='lat' dir='ltr'><strong>scientia,</strong></span> <span class='ocrx_word' id='word_1_801' title='bbox 3239 5570 3535 5633; x_wconf 79' lang='lat' dir='ltr'><strong>paschales</strong></span> 
     </span>
    </p>
   </div>
   <div class='ocr_carea' id='block_1_112' title="bbox 1945 5661 3527 5733">
    <p class='ocr_par' dir='ltr' id='par_1_112' title="bbox 1945 5661 3527 5733">
     <span class='ocr_line' id='line_1_112' title="bbox 1945 5661 3527 5733; baseline -0.003 -12"><span class='ocrx_word' id='word_1_802' title='bbox 1945 5666 2188 5722; x_wconf 83' lang='lat' dir='ltr'><strong>scribens</strong></span> <span class='ocrx_word' id='word_1_803' title='bbox 2214 5662 2471 5727; x_wconf 85' lang='lat' dir='ltr'><strong>circulos,</strong></span> <span class='ocrx_word' id='word_1_804' title='bbox 2498 5661 2672 5716; x_wconf 87' lang='lat' dir='ltr'><strong>noluit</strong></span> <span class='ocrx_word' id='word_1_805' title='bbox 2695 5661 2798 5727; x_wconf 87' lang='lat' dir='ltr'><strong>eis,</strong></span> <span class='ocrx_word' id='word_1_806' title='bbox 2828 5662 2966 5717; x_wconf 90' lang='lat' dir='ltr'><strong>sicut</strong></span> <span class='ocrx_word' id='word_1_807' title='bbox 2991 5663 3107 5733; x_wconf 81' lang='lat' dir='ltr'><strong>ipse</strong></span> <span class='ocrx_word' id='word_1_808' title='bbox 3134 5670 3383 5731; x_wconf 88' lang='lat' dir='ltr'><strong>testatur,</strong></span> <span class='ocrx_word' id='word_1_809' title='bbox 3405 5677 3527 5718; x_wconf 81' lang='lat' dir='ltr'><strong>me-</strong></span> 
     </span>
    </p>
   </div>
   <div class='ocr_carea' id='block_1_113' title="bbox 1945 5752 3535 5827">
    <p class='ocr_par' dir='ltr' id='par_1_113' title="bbox 1945 5752 3535 5827">
     <span class='ocr_line' id='line_1_113' title="bbox 1945 5752 3535 5827; baseline 0.001 -16"><span class='ocrx_word' id='word_1_810' title='bbox 1945 5755 2173 5812; x_wconf 86' lang='lat' dir='ltr'><strong>moriam</strong></span> <span class='ocrx_word' id='word_1_811' title='bbox 2213 5753 2363 5825; x_wconf 88' lang='lat' dir='ltr'><strong>impii</strong></span> <span class='ocrx_word' id='word_1_812' title='bbox 2390 5761 2444 5809; x_wconf 88' lang='lat' dir='ltr'><strong>et</strong></span> <span class='ocrx_word' id='word_1_813' title='bbox 2473 5752 2838 5824; x_wconf 81' lang='lat' dir='ltr'><strong>persecutoris</strong></span> <span class='ocrx_word' id='word_1_814' title='bbox 2868 5753 3175 5825; x_wconf 83' lang='lat' dir='ltr'><strong>innectere;</strong></span> <span class='ocrx_word' id='word_1_815' title='bbox 3207 5756 3304 5814; x_wconf 84' lang='lat' dir='ltr'><strong>sed</strong></span> <span class='ocrx_word' id='word_1_816' title='bbox 3354 5756 3535 5827; x_wconf 67' lang='lat' dir='ltr'><strong>magis</strong></span> 
     </span>
    </p>
   </div>
  </div>
