3962 6198
394 385 498 439 703

1021 374 1081 429 Β.
1121 369 1372 427 RABANI
1411 366 1627 422 MAURI
1663 359 1981 418 ARCIIIEP.
2025 358 2330 416 MOGUNT.
2369 358 2651 414 OPERUM
2690 357 2869 413 PARS
2902 357 2943 410 l.

3527 347 3554 399 7
3567 351 3644 405 0.5

394 497 554 566 elegit
573 493 641 547 ab
672 486 1042 559 incarnatione
1057 483 1268 538 Domini
1297 479 1467 535 nostri
1487 477 1615 533 Jesu
1639 473 1840 566 Christi
1867 473 2038 566 ant'A
2068 484 2280 539 semper
2321 469 2555 537 adjicere
2594 477 2886 532 memento,
2929 470 3056 536 quia
3100 482 3196 537 per
3236 465 3646 566 circulos-iudi-

395 558 586 638 norum
615 589 854 647 tempora
884 581 1216 646 praenotare;
1247 576 1511 638 quatenus
1542 561 1824 619 exordium
1851 558 1964 628 spei

396 681 594 729 nostra:
625 670 804 724 notius
842 666 996 720 nobis
1019 663 1292 724 existeret,
1335 667 1389 712 et
1413 670 1576 711 causa
1607 648 1964 721 reparationis

385 763 662 824 humanae,
704 759 756 812 id
780 765 883 820 est,
916 755 1097 825 passio
1133 747 1492 819 redemptoris
1523 743 1711 805 nostri,
1742 741 1963 797 eviden-

397 853 501 906 tius
526 851 780 904 eluceret.
811 847 910 914 Qui
943 846 994 898 in
1027 844 1203 914 primo
1239 854 1336 895 suo
1366 836 1567 891 circulo
1595 830 1962 904 quingentesi-

397 958 544 997 mum
567 941 897 996 tricesimum
928 934 1219 991 secundum
1258 929 1554 984 Dominicze
1579 921 1966 979 incarnationis

399 1048 596 1088 annum
618 1033 672 1085 in
698 1030 873 1100 capite
894 1026 1140 1096 ponendo
1166 1021 1448 1077 manifeste
1471 1017 1651 1073 docuit
1672 1012 1963 1070 secundum

398 1124 480 1180 sui
508 1122 695 1177 circuli
723 1135 920 1174 annum
947 1119 1121 1187 ipsum
1144 1129 1264 1170 esse
1289 1127 1396 1182 quo
1421 1109 1661 1180 ejusdem
1686 1120 1968 1161 sacrosan-

399 1223 500 1268 ctae
532 1210 913 1266 incarnationis
935 1207 1246 1278 mysterium
1269 1203 1452 1273 coepit.
1476 1203 1622 1256 DISC.
1647 1199 1819 1269 Ipsius
1839 1211 1968 1266 ergo

403 1305 656 1360 curriculi
691 1318 809 1372 qum
836 1302 934 1356 fuit
963 1315 1124 1356 causa
1149 1296 1534 1367 componendi?
1565 1294 1703 1349 MAG.
1741 1292 1970 1361 Propter

401 1393 530 1448 solis
556 1392 798 1460 lunaeque
827 1389 1258 1445 conventionem.
1297 1386 1433 1454 Quia
1459 1385 1606 1439 enim
1630 1383 1835 1438 lunaris
1863 1383 1969 1436 cir-

399 1482 552 1538 culus
589 1480 1070 1536 decennovennalis
1095 1487 1195 1542 est,
1241 1477 1433 1532 solaris
1473 1485 1653 1530 autem
1693 1475 1882 1542 viginti
1916 1482 1971 1527 et

401 1581 523 1628 octo
548 1570 833 1626 conﬁcitur
877 1571 1052 1634 annis,
1098 1568 1489 1638 multiplicatis,
1513 1581 1611 1636 per
1645 1578 1702 1620 se
1739 1566 1968 1620 invicem

402 1664 680 1726 ambobus,
711 1677 918 1716 summa
949 1661 1365 1730 quingentorum
1402 1658 1506 1728 trig
1530 1665 1617 1712 nta
1647 1665 1700 1710 et
1741 1655 1970 1710 duorum

402 1754 672 1825 colligitur
700 1768 982 1806 annorum.
1013 1751 1129 1817 Qua
1161 1750 1372 1804 tandem
1402 1749 1675 1819 replicata,
1707 1757 1852 1801 totus
1877 1761 1967 1800 so—

2065 561 2296 615 ctionem
2325 561 2542 629 qmeris,
2576 571 2631 614 et
2676 560 2756 614 sic
2798 574 2970 614 annos
3002 557 3214 612 Domini
3261 557 3378 612 sine
3422 555 3533 611 ullo
3563 572 3652 611 er-

2069 665 2193 706 rore
2224 652 2482 720 reperies.

2627 741 2857 797 CAPUT
2895 740 3077 795 LXIII.

2351 833 2487 898 Quot
2516 833 2618 886 sint
2646 835 2770 886 anni
2803 850 2833 885 a
2861 832 3099 901 passione
3125 831 3358 885 Domini.

2136 925 2298 980 ὓπερ..
2323 923 2463 990 Quot
2511 931 2636 978 sunt
2677 923 2803 976 anni
2853 937 2884 975 a
2917 922 3164 992 passione
3203 921 3458 976 Domini?
3503 920 3647 975 Mm.

2069 1016 2403 1088 Septingenti
2425 1004 2732 1086 octuaginta
2756 1025 2980 1084 septem.
3006 1014 3177 1069 Habet
3200 1017 3364 1079 enim,
3389 1015 3444 1068 ni
3467 1013 3649 1080 fallor,

2069 1109 2322 1164 Ecclesia:
2364 1107 2497 1161 ﬁdes
2544 1107 2830 1161 Dominum
2870 1106 2924 1160 in
2955 1121 3119 1162 carne
3145 1106 3303 1176 paulo
3334 1106 3453 1176 plus
3481 1121 3651 1176 quam

2071 1200 2291 1268 triginta
2315 1207 2428 1252 tres
2458 1213 2628 1251 annos
2657 1212 2830 1265 usque
2868 1197 2934 1250 ad
2970 1212 3080 1252 sua:
3107 1205 3348 1266 tempora
3377 1196 3655 1265 passionis

2071 1290 2270 1344 vixisse
2297 1306 2308 1341 :
2335 1287 2459 1356 quia
2487 1286 2740 1360 videlicet
2780 1286 2999 1356 triginta
3047 1303 3313 1342 annorum
3351 1285 3516 1342 fuerit
3555 1287 3656 1342 ba-

2070 1378 2323 1447 ptizatus,
2369 1377 2508 1430 sicut
2549 1376 2881 1446 evangelista
2928 1375 3102 1431 Lucas
3142 1385 3391 1440 testatur,
3438 1384 3495 1431 et
3541 1386 3656 1431 tres

2073 1469 2237 1523 semis
2263 1481 2432 1520 annos
2466 1473 2587 1534 post
2613 1466 2879 1534 baptisma
2909 1466 3314 1534 praedicaverit,
3355 1467 3499 1520 sicut
3543 1482 3653 1520 non

2073 1559 2244 1615 solum
2287 1560 2341 1612 in
2387 1558 2680 1628 Evangelio
2713 1574 2813 1612 suo
2836 1557 3071 1614 Joannes
3111 1567 3535 1615 commemorato
3565 1577 3654 1615 re-

2074 1649 2289 1704 deuntis
2313 1647 2536 1702 Pascha:
2570 1657 2838 1717 tempore,
2881 1650 2974 1704 sed
2999 1661 3054 1702 et
3087 1650 3141 1703 in
3180 1648 3498 1721 Apocalypsi
3531 1667 3652 1715 sua,

2075 1737 2259 1792 Daniel
2307 1751 2524 1807 quoque
2573 1737 2626 1790 in
2678 1738 2792 1792 suis
2834 1739 3134 1794 visionibus
3169 1740 3485 1809 prophetice
3515 1741 3659 1796 desi-

402 1844 530 1899 laris
551 1843 858 1912 lunarisque
883 1858 1132 1897 recursus
1159 1842 1290 1896 ordo
1319 1842 1372 1895 in
1399 1857 1456 1896 se
1482 1857 1575 1896 sua
1617 1856 1712 1909 per
1745 1839 1971 1910 vestigia
2003 1837 2050 1896 B
2078 1836 2226 1897 εηειι·
2260 1827 2526 1894 Quoniam
2549 1827 2735 1898 ἱεῖιυτ.
2761 1835 2820 1882 ιιι
2845 1843 3006 1898 supra
3036 1831 3474 1896 ῐηθῐηοΐθνίῐηυευ
3498 1833 3657 1901 (Ιυίῦ-

405 1934 716 1998 revolvitur,
742 1935 987 1988 eumdem
1017 1931 1499 1988 decennovennalis
1528 1931 1840 1999 lunarisque
1874 1945 1969 1999 cy-

403 2027 470 2092 cli
505 2041 726 2091 annum,
753 2025 966 2079 easdem
1001 2032 1219 2092 epactas
1242 2022 1402 2087 lunae,
1449 2021 1577 2076 solis
1605 2035 1818 2091 quoque
1857 2019 1972 2073 dies

403 2124 806 2179 concurrentes,
854 2114 1097 2167 eamdem
1145 2120 1393 2182 quartam
1449 2113 1711 2166 decimam
1767 2111 1969 2176 lunam,

402 2205 646 2259 eumdem
670 2205 934 2258 Dominici
963 2204 1175 2273 pascha:
1203 2203 1368 2268 diem,
1416 2218 1479 2257 ac
1504 2203 1684 2256 lunam
1713 2202 1878 2273 ipsius
1907 2216 1972 2255 ex

400 2295 588 2350 ordine
619 2295 926 2349 restituens.
967 2293 1117 2360 Quod
1148 2309 1276 2362 ergo
1325 2297 1561 2348 secundo
1589 2307 1731 2347 anno
1761 2291 1970 2357 circuli,

400 2403 558 2458 quem
581 2387 809 2457 primum
824 2386 1106 2456 Dionysius
1131 2385 1370 2453 scripsit,
1386 2384 1850 2455 quingentesimus
1876 2384 1976 2438 tri-

401 2479 636 2534 cesimus
679 2478 868 2533 tertius
907 2479 974 2532 ab
1008 2478 1382 2532 incarnatione
1421 2476 1632 2531 Domini
1677 2475 1974 2545 completus

402 2576 486 2624 est
510 2583 703 2633 annus,
746 2567 915 2622 series
939 2582 1200 2622 annorum
1229 2564 1441 2621 Domini
1487 2564 1820 2620 manifestat.
1857 2565 1975 2635 Ipse

401 2669 482 2715 est
513 2660 786 2726 nimirum,
821 2657 974 2727 juxta
1012 2672 1307 2713 concursus
1356 2656 1616 2722 siderum,
1665 2656 1755 2711 ille
1783 2656 1838 2710 in
1865 2671 1973 2726 quo

403 2753 618 2809 carnari
639 2752 886 2822 dignatus
912 2759 1014 2806 est.
1032 2750 1165 2818 Quia
1184 2751 1271 2806 hic
1283 2749 1552 2805 secundus
1573 2763 1750 2803 annus
1773 2747 1970 2802 decen-

402 2847 608 2903 novalis
631 2855 856 2902 octavus
883 2847 1122 2902 decimus
1154 2854 1238 2902 est
1278 2845 1416 2916 cycli
1459 2845 1687 2910 lunaris,
1725 2843 1971 2898 undecim

403 2938 608 2992 habens
657 2946 898 3006 epactas,
937 2937 1174 3006 quinque
1225 2945 1609 2992 concurrentes
1663 2936 1975 3006 septimanae

402 3029 539 3093 dies,
573 3029 752 3082 lunam
779 3035 1025 3096 quartam
1051 3028 1335 3093 decimam,
1367 3043 1464 3083 vm
1500 3027 1722 3082 Kalend.
1750 3026 1971 3097 Aprilis.

403 3117 592 3173 Omnia
627 3127 754 3172 tunc
797 3117 946 3173 fuere
983 3118 1272 3173 simillima.
1320 3119 1387 3173 Et
1426 3120 1472 3175 si
1517 3126 1664 3174 esset
1703 3119 1795 3188 qui
1845 3128 1972 3173 tunc

2073 1919 2252 1990 gentis
2297 1919 2515 1988 triginta
2543 1919 2752 1974 duobus
2796 1921 2952 1974 annis
2977 1921 3522 1998 circulus,pasehalis
3551 1925 3661 1978 cir-

2073 2010 2397 2078 eumagitur,
2427 2009 2510 2064 his
2529 2008 2665 2064 adde
2706 2010 2923 2080 triginta
2951 2020 3078 2078 tres,
3108 2013 3195 2068 vel
3226 2014 3402 2085 potius
3433 2017 3657 2087 triginta

2071 2113 2324 2176 quatuor,
2350 2113 2411 2159 ut
2439 2104 2587 2159 illum
2621 2105 2795 2176 ipsum
2825 2122 2932 2177 quo
2959 2123 3152 2177 passus
3171 2117 3254 2164 est
3289 2109 3548 2166 Dominus
3575 2123 3659 2167 at-

2073 2197 2282 2267 tingere
2308 2198 2482 2266 possis
2509 2212 2728 2262 annum,
2755 2195 2889 2250 ﬁunt
2917 2198 3196 2269 quingenti
3227 2201 3508 2271 sexaginta
3535 2217 3653 2257 sex.

2071 2290 2190 2361 Ipse
2222 2297 2305 2345 est
2343 2305 2474 2360 ergo
2505 2305 2678 2344 annus
2702 2288 2991 2345 Dominica:
3019 2290 3286 2360 passionis
3317 2301 3370 2346 et
3409 2307 3660 2348 resurre-

2074 2383 2315 2438 ctionisa
2345 2383 2592 2437 mortuis.
2622 2382 2756 2450 Quia
2791 2383 2933 2437 sicut
2959 2382 3418 2453 quingentesimus
3445 2383 3659 2438 tricesi-

2073 2491 2194 2531 mus
2221 2476 2412 2530 tertius
2452 2475 2646 2545 primo,
2681 2475 2754 2529 ita
2783 2474 3245 2545 quingentesimus
3282 2475 3657 2546 sexagesimus

2075 2575 2260 2622 sextus
2287 2566 2561 2621 tricesimo
2593 2573 2788 2635 quarto
2814 2581 2911 2636 per
2937 2567 3221 2622 universos
3261 2566 3388 2622 solis
3417 2575 3470 2621 et
3512 2566 3657 2620 luna:

2074 2657 2369 2713 concordat
2403 2655 2697 2712 discursus.

2637 2751 2864 2809 CAPUT
2900 2750 3062 2808 LXIV

2265 2842 2375 2898 Ubi
2392 2844 2567 2915 passio
2595 2843 2804 2897 Domini
2831 2844 3058 2914 primum
3087 2842 3345 2897 celebrata
3364 2843 3453 2897 sit.

2150 2935 2296 2989 Dtsc.
2334 2933 2451 3001 Quo
2473 2948 2658 2988 mense
2687 2939 2742 2986 et
2766 2947 2871 3002 qua
2903 2933 2989 2987 die
3035 2932 3237 2986 mensis
3263 2932 3501 2988 creditur
3527 2946 3658 2986 eru-

2077 3023 2288 3088 eiﬁxus,
2333 3033 2388 3078 et
2430 3023 2522 3078 ubi
2567 3021 2897 3077 resurrectio
2939 3022 3056 3093 ejus
3099 3023 3334 3092 primum
3379 3021 3656 3077 celebrata

2079 3119 2200 3173 est?
2231 3117 2367 3173 MAG.
2401 3115 2514 3171 Hoc
2543 3123 2719 3169 autem
2761 3114 2974 3169 diverse
3001 3130 3030 3168 a
3060 3113 3308 3168 Patribus
3344 3115 3660 3168 nuntiatum

403 3209 609 3264 Pascha
631 3223 780 3262 more
814 3225 955 3264 nunc
979 3209 1234 3264 Ecclesiis
1257 3210 1454 3264 usitato
1481 3211 1566 3266 die
1585 3181 1867 3265 Dominico
1901 3209 1976 3263 fa-
2005 3181 2049 3244 Ο
2082 3217 2185 3263 est.
2210 3207 2344 3262 Nam
2373 3207 2514 3276 quod
2539 3214 2730 3261 octavo
2754 3204 3118 3259 Kalendarum
3148 3202 3407 3274 Aprilium
3436 3203 3521 3258 die
3559 3217 3657 3256 re.

405 3308 572 3363 ceret,
604 3299 718 3367 ipsa
744 3299 996 3354 nimirum
1021 3299 1154 3365 dies,
1191 3301 1461 3370 quomodo
1491 3301 1578 3356 hic
1607 3309 1848 3356 notatum
1871 3309 1972 3365 est,

405 3396 559 3442 sexto
590 3387 707 3441 Kal.
738 3388 937 3459 Aprilis
971 3389 1202 3453 veniret,
1231 3404 1297 3444 ac
1330 3389 1513 3444 lunam
1553 3391 1783 3445 haberet
1814 3405 1977 3460 quar-

411 3488 518 3533 tam
566 3479 850 3533 decimam.
887 3479 1126 3549 Denique
1157 3481 1443 3552 Dionysius
1470 3477 1604 3552 ipse
1651 3483 1807 3538 nobis
1838 3498 1974 3552 quo-

409 3570 533 3622 dam
584 3569 743 3624 modo
772 3571 931 3625 tacite
959 3586 1078 3640 qua:
1112 3571 1341 3626 dicimus
1372 3572 1424 3626 in
1470 3572 1813 3642 paschalibus
1858 3589 1978 3644 quae

405 3659 622 3728 scripsit
677 3660 1006 3728 argumentis
1045 3661 1307 3727 ostendit;
1347 3662 1438 3716 ubi
1489 3665 1556 3717 ad
1599 3663 1980 3718 inveniendum

411 3759 609 3820 quotus
649 3750 720 3804 sit
766 3765 940 3806 annus
979 3751 1168 3806 circuli
1215 3752 1722 3818 decennovennalis,
1765 3768 1980 3808 sumere

405 3857 576 3896 annos
597 3841 827 3906 Domini,
857 3849 912 3895 et
936 3842 1244 3911 priusquam
1268 3842 1368 3897 hos
1385 3857 1482 3912 per
1503 3843 1689 3898 decem
1709 3851 1765 3897 et
1786 3858 1978 3900 novem

404 3933 727 4000 partiamur,
751 3948 912 4007 unum
957 3933 1210 4002 praecepit
1254 3932 1508 4001 adjicere,
1548 3933 1860 4005 significans
1890 3934 1980 3989 illo

406 4022 685 4076 incarnato
715 4038 876 4076 unum
907 4022 1095 4077 circuli
1136 4023 1619 4079 decennovennalis
1645 4041 1844 4080 annum
1865 4024 1979 4094 jam

406 4113 571 4168 fuisse
608 4113 952 4184 completum.
981 4114 1123 4168 Dtsc.
1151 4113 1289 4182 Quot
1309 4124 1437 4170 sunt
1463 4117 1589 4170 anni
1620 4117 1703 4187 .ab
1725 4117 1978 4172 incarna-

407 4205 553 4258 tione
579 4204 789 4260 Domini
833 4205 885 4260 in
931 4207 1181 4275 praesenti
1221 4206 1477 4262 edissere.
1517 4207 1656 4264 MAG.
1687 4207 1979 4281 Octinginti

411 4297 616 4367 viginti.

980 4389 1206 4446 CAPUT
1243 4389 1399 4446 LXII.

537 4481 908 4551 Argumentum
932 4480 1001 4534 ad
1033 4481 1395 4535 inveniendum
1421 4498 1584 4537 annos
1605 4481 1838 4537 Domini.

478 4572 620 4625 DISC.
662 4571 835 4625 Proba
873 4586 1001 4640 ergo
1031 4580 1347 4640 argumento
1373 4572 1517 4642 quod
1549 4572 1703 4627 dicis.
1743 4571 1883 4628 MAG.
1917 4569 1977 4627 Si

407 4661 488 4716 vis
509 4661 648 4715 scire
707 4669 838 4729 quot
882 4668 1008 4713 sunt
1043 4662 1168 4714 anni
1209 4662 1277 4716 ab
1323 4662 1694 4716 incarnatione
1743 4662 1974 4727 Domini,

407 4767 585 4822 quzere
607 4767 701 4820 per
731 4752 960 4806 circulos
983 4752 1352 4819 indictionem,
1382 4754 1474 4823 qui
1506 4762 1625 4809 post
1653 4755 1980 4809 incarnatio-

407 4859 529 4898 nem
559 4841 674 4912 ejus
708 4843 958 4912 completi
989 4851 1130 4896 sunt.
1159 4842 1419 4913 Computa
1459 4858 1589 4913 ergo
1623 4844 1978 4916 quinquagies

407 4945 462 4990 et
498 4943 581 5010 ter
603 4934 935 5003 quindecim,
975 4933 1111 4987 ﬁunt
1139 4945 1368 4989 necxcn.
1409 4935 1560 4990 Adde
1585 4935 1865 4992 duodecim
1894 4951 1979 4992 re-

407 5024 639 5095 gulares,
682 5023 806 5093 quia
843 5024 1055 5092 quando
1094 5023 1393 5080 inca‘rnatio
1436 5026 1650 5081 Domini
1694 5025 1836 5080 facta
1872 5033 1973 5090 est,

408 5115 687 5171 duodecim
717 5114 845 5168 anni
892 5114 957 5169 de
1000 5113 1090 5167 illo
1135 5113 1339 5169 circulo
1375 5114 1731 5170 indictionum
1784 5114 1837 5168 in
1873 5130 1980 5185 quo

409 5206 666 5260 Dominus
699 5213 952 5259 carnatus
981 5211 1066 5257 est
1098 5212 1490 5260 remanserunt.
1533 5203 1823 5259 Duodecim
1850 5220 1980 5275 ergo

408 5296 604 5350 additis
629 5295 697 5350 ad
736 5295 1051 5364 praedictum
1100 5309 1404 5360 numerum,
1459 5293 1597 5348 ﬁunt
1641 5294 1895 5365 nongenti
1926 5302 1982 5348 et

409 5394 637 5457 septem.
681 5385 762 5439 Ad
804 5385 1153 5440 indictionem
1204 5398 1582 5454 quamcunque
1627 5382 1882 5448 volueris,
1922 5394 1983 5440 ut

407 5490 535 5550 puta
570 5481 850 5550 praesentis
889 5480 1014 5534 anni
1058 5481 1272 5534 tertiam
1310 5479 1576 5534 decimam
1611 5479 1978 5544 indictionem,

411 5575 546 5628 ﬁunt
567 5588 787 5628 ncccxx.
815 5572 922 5626 Iste
935 5580 1019 5626 est
1043 5586 1298 5625 numerus
1318 5585 1583 5625 annorum
1607 5570 1817 5624 Domini
1841 5585 1982 5625 anno

412 5666 684 5733 praesenti.
707 5664 840 5718 Cum
863 5671 1040 5716 autem
1063 5663 1129 5718 ad
1153 5662 1537 5733 plenitudinem
1560 5662 1769 5728 circuli,
1799 5663 1850 5718 id
1875 5672 1978 5727 est,

415 5755 482 5808 ad
511 5755 748 5822 quintam
777 5755 1039 5812 decimam
1063 5755 1425 5821 indictionem,
1457 5757 1789 5828 perveneris,
1814 5773 1979 5813 unum

2075 3297 2330 3362 surrexit,
2376 3297 2668 3352 multorum
2712 3296 2818 3350 late
2849 3296 3129 3350 doctorum
3163 3294 3659 3350 ecelesiasticorum

2076 3397 2288 3446 constat
2336 3388 2601 3443 sententia
2646 3387 2942 3458 vulgatum,
2971 3395 3031 3440 ut
3065 3387 3254 3442 beatus
3294 3385 3661 3455 Hieronymus

2079 3483 2134 3537 in
2174 3480 2554 3552 Martyrologio
2596 3486 2827 3534 testatur
2862 3478 3083 3534 dicens:
3113 3497 3131 3528 ‹
3161 3493 3257 3532 vm
3291 3476 3404 3530 Kal.
3454 3475 3664 3545 Aprilis

2079 3570 2444 3642 Hierosolyma
2487 3569 2745 3624 Dominus
2790 3567 3080 3623 cruciﬁxus
3118 3575 3222 3622 est.
3257 3587 3275 3618 ι
3323 3566 3389 3620 Et
3441 3582 3489 3620 vr
3532 3565 3659 3619 Kal.

2079 3660 2325 3731 Aprilis:
2373 3678 2393 3710 ‹
2427 3659 2797 3729 Hierosolyma
2845 3657 3171 3713 resurrectio
3221 3657 3434 3712 Domini
3478 3657 3660 3710 nostri

2077 3750 2204 3807 Jcsu
2245 3750 2444 3806 Christi
2487 3749 2757 3804 celebrata
2797 3755 2899 3803 est.
2939 3767 2956 3798 ι
2990 3746 3320 3817 Augustinus
3355 3759 3567 3814 quoque
3603 3745 3663 3799 in

2080 3845 2218 3900 libro
2245 3845 2312 3900 de
2348 3851 2534 3899 saneta
2563 3840 2830 3895 Trinitate
2856 3848 3051 3911 quarto
3077 3840 3153 3894 ita
3198 3839 3366 3893 dicit:
3402 3856 3420 3889 ι
3450 3837 3665 3893 Octavo

2081 3936 2227 3991 enim
2265 3933 2384 3988 Kal.
2420 3933 2620 4003 Aprilis
2651 3940 2941 4000 conceptus
2987 3929 3242 3996 creditur,
3291 3943 3399 3999 quo
3441 3935 3495 3983 et
3527 3943 3664 3996 pas-

2084 4041 2195 4080 sus.
2225 4024 2302 4078 Ita
2331 4031 2680 4078 monumento
2705 4035 2845 4076 novo
2871 4035 2977 4090 quo
3015 4019 3256 4090 sepultus
3284 4025 3384 4082 est,
3420 4017 3511 4071 ubi
3541 4017 3668 4070 nul-

2081 4119 2166 4175 lus
2209 4125 2326 4172 erat
2360 4117 2569 4187 positus
2613 4122 2971 4178 mortuorum,
3005 4128 3104 4168 nec
3148 4120 3274 4167 ante
3311 4125 3412 4166 nec
3445 4116 3664 4179 postea,

2082 4210 2330 4279 congruit
2365 4216 2553 4264 uterus
2593 4207 2842 4276 virginis,
2891 4204 2982 4259 ubi
3019 4203 3197 4258 nullus
3244 4203 3535 4257 seminatus
3567 4208 3660 4254 est

2081 4299 2407 4356 mortalium.
2451 4317 2471 4350 ι
2529 4296 2602 4351 At
2646 4304 2835 4352 contra
2890 4293 3218 4364 Theophilus
3265 4292 3615 4348 Caesariensis
3645 4335 3663 4358 ,

2084 4391 2333 4462 antiquus
2367 4387 2617 4444 videlicet
2661 4382 2975 4456 vicinosque
3012 4384 3425 4454 apostolicorum
3458 4392 3670 4440 temoo-

2083 4499 2204 4538 rum
2232 4483 2440 4547 doctor,
2466 4481 2519 4534 in
2554 4478 2779 4550 epistola
2806 4477 3062 4549 synodica
3097 4490 3259 4546 quam
3286 4473 3542 4528 adversus
3564 4488 3670 4529 eos

2080 4573 2169 4642 qui
2201 4579 2394 4642 quarta
2420 4569 2627 4624 decima
2666 4567 2790 4622 luna
2819 4582 2940 4622 cum
2965 4565 3164 4621 Iudaeis
3185 4564 3388 4620 Pascha
3419 4563 3672 4618 celebra-

2080 4663 2230 4727 bant,
2270 4677 2377 4716 una
2407 4675 2529 4715 cum
2559 4659 2769 4714 caeteris
2797 4657 3092 4712 Palaestinae
3115 4656 3381 4726 episcopis
3418 4654 3669 4724 scripsit,

2082 4756 2154 4810 ita
2181 4754 2345 4810 dicit:
2375 4770 2394 4804 ι
2423 4752 2491 4806 Ει
2521 4751 2745 4820 impium
2790 4764 2896 4804 non
2924 4755 3009 4803 est
3055 4755 3114 4802 ut
3151 4746 3332 4816 passio
3369 4745 3665 4800 Dominica

2080 4853 2292 4900 tantum
2317 4842 2640 4898 sacramenti
2685 4840 3001 4911 mysterium
3025 4837 3173 4906 foras
3205 4838 3434 4892 limitem
3467 4836 3668 4891 exclu-

2082 4936 2258 4991 datur.
2297 4934 2496 4989 Passus
2537 4947 2774 5002 namque
2816 4931 3075 4986 Dominus
3104 4931 3170 4984 ab
3215 4929 3498 4985 undecimo
3536 4927 3669 4981 Kal.

2084 5024 2302 5096 Aprilis,
2333 5039 2436 5094 qua
2465 5031 2622 5078 nocte
2651 5021 2850 5077 Judzeis
2875 5031 2958 5076 est
2997 5021 3248 5086 traditus,
3279 5029 3337 5076 et
3368 5019 3436 5075 ab
3464 5029 3674 5074 octavo

2085 5115 2204 5169 Kal.
2227 5115 2425 5184 Aprilis
2450 5113 2762 5168 resurrexit.
2793 5110 3076 5179 Quomodo
3098 5120 3210 5166 tres
3239 5111 3353 5166 dies
3377 5109 3520 5164 foras
3546 5118 3672 5164 ter-

2086 5205 2292 5260 minum
2337 5203 2719 5260 excludentur?
2750 5221 2769 5254 ι
2811 5201 3284 5271 Constitutumque
3329 5209 3412 5254 est
3460 5202 3512 5254 in
3569 5200 3669 5256 illa

2087 5298 2291 5369 synodo
2321 5305 2382 5350 ut
2405 5295 2473 5349 ab
2497 5295 2781 5349 undecimo
2807 5293 2924 5348 Kal.
2958 5292 3129 5364 April.
3162 5309 3332 5362 usque
3356 5294 3409 5347 in
3441 5295 3670 5349 undeci—

2087 5405 2236 5444 mum
2262 5387 2379 5443 Kal.
2409 5385 2531 5440 Maii
2557 5386 2763 5441 Pascha
2793 5387 2986 5442 debeat
3022 5385 3321 5442 observari.
3367 5385 3435 5439 Et
3475 5385 3530 5438 in
3568 5400 3672 5439 eo—

2087 5484 2208 5538 dem
2235 5481 2373 5536 libro
2395 5480 2641 5549 superius
2668 5479 2928 5547 scriptum
2967 5489 3084 5534 est:
3118 5497 3135 5531 ι
3171 5478 3308 5533 Nam
3337 5477 3497 5541 Galli,
3524 5491 3673 5546 qua-

2087 5591 2299 5646 cunque
2321 5575 2407 5629 die
2432 5582 2624 5629 octavo
2653 5572 2772 5628 Kal.
2823 5572 3024 5642 Aprilis
3054 5571 3245 5628 fuisset
3269 5571 3485 5642 quando
3502 5568 3673 5624 Chri-

2089 5669 2157 5722 sti
2181 5666 2507 5722 resurrectio
2535 5663 2702 5720 fuisse
2728 5664 3060 5728 tradebatur,
3090 5663 3294 5718 Pascha
3329 5677 3544 5733 semper
3574 5676 3673 5718 ee-

2089 5756 2384 5813 lebrabant.
2421 5775 2436 5805 ν
2473 5755 2537 5809 Et
2572 5755 2692 5812 idco
2724 5753 2940 5810 circulis
2978 5753 3119 5809 beati
3154 5752 3389 5823 Dionysii
3430 5753 3672 5822 apertis,
