3970 6198
322 315 424 370 7ιὸ

1629 317 1826 373 LIBER
1867 318 1954 374 DE
1991 318 2257 375 COMPU'I
2273 317 2336 373 Ο.

3469 327 3572 383 706

319 433 366 486 si
394 429 882 500 quingentesimum
925 431 1320 501 sexagesimum
1359 439 1570 506 sextum
1615 431 1683 485 ab
1720 432 1894 486 incar-
1923 439 1969 497 Α
1999 447 2092 486 sus
2115 432 2437 486 indictiones
2465 445 2585 486 esse
2615 433 2876 487 conditas.
2915 433 3384 505 lncipiuntautem
3422 438 3566 493 indi-
3626 478 3638 493 ς

318 523 540 580 natione
580 521 789 577 Domini
838 523 1152 593 contingens
1189 539 1410 589 annum,
1458 533 1706 593 quartam
1751 525 1895 580 deci-

319 629 465 668 mam
488 613 667 667 lunam
693 613 747 666 in
781 628 867 679 eo,
903 623 1094 669 octavo
1124 615 1242 668 Kal.
1278 615 1497 685 Aprilis,
1523 617 1709 686 quinta
1738 615 1891 682 feria,

319 705 606 774 repereris,
651 712 706 758 et
751 705 893 758 diem
926 704 1147 762 Paschze
1197 705 1535 761 Dominicum
1571 716 1724 762 sexto
1773 708 1890 762 Kal.

316 794 542 867 Aprilis,
573 793 696 847 luna
741 796 967 864 septima
1009 796 1236 859 decima,
1258 812 1356 866 age
1387 797 1497 850 Deo
1538 797 1740 868 gratias
1766 799 1892 867 quia

316 884 460 952 quod
489 885 791 954 quarrebas.
823 887 961 939 sicut
999 887 1110 956 ipse
1137 888 1411 958 promisit,
1445 897 1497 943 te
1529 891 1770 944 invenire
1797 892 1893 946 do-

315 975 485 1029 navit.
529 973 663 1028 Nam
700 976 840 1044 quod
870 977 1127 1032 Dominus
1145 980 1329 1048 quinta
1361 980 1568 1035 decima
1602 983 1726 1036 luna
1754 982 1890 1038 feria

313 1072 466 1118 sexta
491 1079 708 1119 crucem
731 1068 1056 1132 ascenderit,
1087 1077 1142 1123 et
1169 1086 1274 1124 una
1306 1072 1676 1138 sabbatorum,
1705 1074 1757 1128 id
1784 1084 1886 1140 est,

312 1151 402 1206 die
427 1154 724 1218 Dominica,
756 1161 1113 1213 resurrexerit
1141 1175 1171 1213 a
1197 1162 1442 1226 mortuis,
1472 1163 1603 1216 nulli
1644 1164 1768 1218 licet
1798 1165 1890 1218 du-

312 1241 489 1297 bitare
534 1244 820 1308 catholico,
879 1262 946 1300 ne
1001 1247 1125 1317 legi,
1175 1265 1294 1317 qua;
1341 1265 1536 1321 agnum
1576 1253 1888 1320 paschalem

312 1341 506 1410 quarta
531 1334 738 1388 decima
764 1335 848 1389 die
877 1337 1032 1404 primi
1065 1340 1264 1392 mensis
1289 1339 1358 1392 ad
1387 1355 1668 1409 vesperam
1698 1341 1889 1396 immo-

308 1427 410 1481 lari
443 1428 715 1498 praecepit,
751 1428 955 1498 pariter
996 1437 1050 1482 et
1088 1429 1396 1500 Evangelio,
1431 1433 1575 1501 quod
1600 1433 1887 1488 Dominum

306 1518 499 1571 eadem
532 1519 755 1588 vespera
790 1526 994 1573 tentum
1023 1517 1243 1584 Iudaeis,
1273 1529 1329 1574 et
1363 1536 1520 1576 mane
1562 1531 1714 1577 sexta
1752 1521 1887 1580 feria

307 1607 652 1672 crucifixum,
681 1622 745 1662 ac
781 1608 1041 1678 sepultum
1067 1610 1238 1678 prima
1276 1611 1486 1667 sabbati
1521 1598 1886 1671 resurrexisse

305 1699 576 1769 perhibet,
615 1698 860 1752 videatur
885 1698 1208 1754 incredulus.
1241 1700 1334 1754 Sin
1369 1717 1499 1758 vero
1526 1719 1724 1757 annum
1747 1719 1883 1774 qua-

1996 523 2204 576 ctiones
2230 522 2298 576 ab
2339 531 2532 577 octavo
2571 521 2689 577 Kal.
2733 521 3004 590 Octobris,
3039 523 3346 594 ibidemque
3375 529 3565 583 termi-

1994 629 2098 667 nan
2105 622 2190 668 ιυι·

2540 682 2765 738 CAPUT
2803 685 3006 739 LXVII.

2340 775 2709 845 Argumentum
2738 777 2802 828 de
2841 777 3226 832 indictiom'bus.

2063 864 2207 920 DISC.
2264 864 2652 936 Argumentum
2703 874 2882 920 autem
2918 868 2986 920 ad
3037 867 3384 926 inveniendas
3421 871 3568 942 ipsas

1992 956 2315 1012 indictiones
2361 957 2480 1011 volo
2510 966 2569 1011 ut
2598 957 2728 1012 mihi
2760 973 3066 1027 componas.
3106 959 3245 1016 MAG.
3279 962 3334 1016 Si
3384 972 3562 1018 autem

1991 1048 2124 1103 velis
2152 1058 2467 1119 argumento
2497 1064 2821 1119 cognoscere
2846 1059 3009 1118 quota
3049 1051 3119 1104 sit
3144 1052 3384 1120 indictio,
3411 1069 3566 1108 sume

1985 1123 2164 1195 hnnos
2193 1141 2403 1196 Domini
2431 1149 2772 1210 quotcunque
2801 1141 3021 1207 fuerint,
3051 1154 3109 1196 ut
3153 1153 3279 1212 puta
3328 1145 3384 1199 in
3428 1161 3566 1216 pra:-

1992 1231 2131 1286 senti
2181 1246 2403 1286 ncccxx.
2435 1231 2586 1286 Adde
2615 1230 2890 1302 regulares
2919 1240 3049 1297 tres,
3080 1233 3206 1302 quia
3237 1235 3451 1302 quando
3485 1237 3564 1290 in-

1989 1325 2230 1394 carnatio
2267 1323 2476 1377 Domini
2519 1323 2658 1377 facta
2691 1331 2795 1388 est,
2840 1333 2950 1378 tres
2981 1325 3106 1378 anni
3138 1325 3204 1380 de
3245 1325 3336 1380 illo
3363 1326 3565 1381 circulo

1991 1414 2340 1483 indictionum
2361 1414 2452 1482 qui
2482 1421 2608 1468 tunc
2629 1413 2729 1467 fuit
2747 1424 3159 1484 pmcesserunt.
3183 1414 3388 1481 Quibus
3413 1416 3563 1470 addi-

1988 1503 2060 1558 tis
2089 1505 2154 1557 ad
2181 1504 2415 1573 priorem
2446 1518 2748 1567 numerum,
2777 1504 2906 1558 ﬁunt
2929 1504 3087 1558 simul
3116 1505 3243 1558 anni
3272 1521 3559 1560 ncccxxtu.

1990 1592 2100 1648 Hos
2150 1593 2327 1648 divide
2380 1607 2478 1663 per
2525 1593 2852 1662 quindecim.
2909 1594 3204 1662 Quinquies
3263 1603 3317 1648 et
3371 1604 3564 1664 quater

1988 1685 2242 1754 quindeni
2270 1684 2473 1738 faciunt
2504 1699 2690 1748 ncccx,
2725 1693 2779 1738 et
2805 1694 3085 1738 remanent
3117 1685 3396 1739 tredecim.
3427 1683 3560 1738 Ter—

306 1787 415 1842 lem
453 1789 731 1856 quaerebas
778 1787 830 1841 in
879 1787 996 1842 loco
1021 1804 1190 1857 quem
1213 1791 1436 1859 putabas
1483 1792 1726 1848 invenire
1777 1809 1884 1848 non
1915 1788 1960 1844 Β
1991 1777 2065 1831 lia
2096 1775 2304 1830 deeima
2334 1783 2417 1829 εει
2447 1776 2671 1829 indicat)
2713 1790 2856 1828 ³ηηο
2890 1785 3174 1843 Praesente-

304 1878 536 1948 poteris,
580 1877 665 1932 vel
694 1877 1220 1948 chronographorum
1271 1880 1507 1946 incuriae,
1538 1881 1624 1935 vel
1656 1890 1760 1936 tua:
1787 1897 1892 1951 po-

304 1969 417 2023 tius
441 1969 679 2023 tarditati
713 1969 922 2039 culpam
966 1971 1201 2034 ascribe,
1227 1979 1434 2025 tantum
1474 1970 1883 2040 diligentissime

302 2073 505 2114 cavens
535 2074 602 2113 ne
625 2059 1010 2114 Chronicorum
1051 2061 1248 2131 scripta
1279 2062 1623 2128 defensando,
1657 2063 1883 2119 inteme-

301 2150 480 2204 rabile
500 2149 634 2221 legis
660 2150 743 2204 vel
768 2150 1039 2222 Evangelii
1064 2152 1428 2208 testimonium
1456 2153 1688 2208 videaris
1710 2153 1880 2223 impu-

299 2255 409 2310 gna
418 2255 494 2293 re.

885 2328 1110 2386 CAPUT
1149 2329 1310 2386 LXV.

301 2442 574 2497 Numerus
613 2460 869 2498 annorum
909 2448 973 2497 ab
997 2446 1143 2516 initio
1191 2429 1368 2498 mundi
1388 2461 1549 2516 usque
1583 2446 1638 2499 in
1681 2444 1878 2501 adven-

897 2526 1006 2567 tum
1045 2515 1275 2568 Domini.

371 2624 521 2679 DISC.
562 2625 705 2691 Quot
730 2635 854 2681 sunt
877 2628 1006 2680 anni
1030 2626 1096 2680 ab
1125 2627 1280 2681 initio
1305 2628 1490 2682 mundi
1514 2643 1680 2698 usque
1703 2629 1758 2683 in
1784 2629 1872 2683 ad-

290 2721 524 2767 ventum
557 2714 757 2769 Christi
785 2715 808 2767 ?
834 2715 973 2770 MAG.
1025 2714 1331 2771 Secundum
1375 2717 1692 2773 Hebraicam
1737 2721 1879 2776 veri-

295 2812 468 2858 tatem
502 2806 629 2858 anni
652 2806 714 2860 ﬁt
738 2822 1038 2875 nccccu'u;
1070 2812 1360 2864 secundum
1380 2826 1511 2866 vero
1531 2811 1876 2883 Septuaginta

288 2890 629 2963 lnterpretes
673 2896 798 2950 anni
833 2898 864 2948 ii
893 2914 1069 2952 cxcrx.
1112 2898 1446 2970 Colliguntur
1481 2911 1659 2956 autem
1688 2919 1877 2959 omnes

289 2987 428 3040 anni
457 3001 488 3040 a
516 2988 791 3042 creatione
829 2989 990 3058 primi
1033 2991 1268 3047 hominis
1289 3006 1463 3062 usque
1492 2995 1546 3047 in
1588 2995 1874 3063 septimum

288 3091 504 3130 annum
533 3076 790 3132 Ludovici
818 3078 1183 3147 imperatoris,
1223 3083 1517 3137 secundum
1548 3083 1869 3138 Hebraicam

287 3165 607 3230 veritatem,
657 3168 723 3219 ﬁ
755 3182 1058 3236 nGGLxxvn,
1096 3169 1387 3226 secundum
1435 3171 1784 3246 Septuaginta
1814 3190 1866 3230 vt

288 3255 488 3312 decem
518 3267 571 3311 et
602 3272 811 3314 novem.

865 3375 1092 3433 CAPUT
1131 3377 1314 3434 LXVI.

829 3489 909 3544 De
950 3490 1338 3548 indictiom'bus.

375 3601 513 3658 ὓπερ.
557 3603 694 3670 Quid
733 3603 786 3657 in
827 3607 1065 3659 secundo
1111 3606 1324 3660 tramite
1364 3606 1551 3662 circuli
1601 3607 1870 3662 decenno-

292 3693 544 3747 vennalis
573 3694 913 3748 continetur?
937 3694 1074 3750 MAG.
1097 3695 1422 3752 lndictiones
1447 3697 1751 3766 quindecim
1778 3712 1874 3751 an—

288 3795 494 3835 norum
517 3781 745 3836 circuitu
772 3783 824 3836 in
853 3798 948 3837 sua
973 3798 1186 3852 semper
1204 3785 1428 3855 vestigia
1457 3786 1698 3840 reduces.
1724 3787 1868 3840 DISC.

293 3871 454 3928 Unde
481 3888 611 3927 vero
639 3873 722 3926 ha:
745 3873 976 3942 primum
1022 3874 1366 3940 indictiones,
1391 3883 1441 3928 et
1488 3884 1706 3944 propter
1744 3875 1872 3944 quid

287 3965 559 4018 ordinatae
591 3965 749 4018 sunt?
778 3964 915 4020 MAG.
943 3965 1178 4035 Antiqua
1221 3981 1351 4036 ergo
1386 3967 1751 4022 Romanorum
1790 3969 1872 4022 in-

287 4053 504 4108 dustria
553 4054 916 4122 comperimus
978 4056 1070 4108 e'as
1140 4054 1208 4108 ad
1272 4055 1571 4109 cavendum
1627 4071 1867 4110 errorem

288 4145 385 4214 qui
421 4144 488 4198 de
533 4145 862 4213 temporibus
906 4144 1043 4200 forte
1083 4144 1285 4198 oboriri
1321 4154 1532 4215 poterat
1573 4147 1867 4203 institutas.

287 4235 432 4287 Dum
483 4235 643 4297 enim,
683 4235 831 4289 verbi
863 4236 1056 4306 gratia,
1094 4234 1322 4304 quilibet
1367 4236 1660 4305 imperator
1695 4237 1870 4293 medio

287 4323 420 4377 anni
451 4333 690 4393 tempore
720 4325 829 4379 vita
861 4325 943 4380 vel
980 4341 1146 4396 regno
1173 4326 1478 4391 decederet,
1507 4336 1718 4396 poterat
1747 4343 1868 4383 eve-

288 4417 411 4470 nire
445 4425 503 4469 ut
532 4417 779 4470 eumdem
807 4434 1004 4471 annum
1037 4433 1173 4472 unus
1198 4418 1484 4473 historicus
1509 4417 1746 4488 ejusdem
1777 4434 1865 4474 re-

288 4509 376 4578 gis
407 4509 703 4563 ascriberet
742 4510 1091 4579 temporibus,
1123 4525 1188 4564 eo
1213 4509 1356 4579 quod
1393 4509 1507 4578 ejus
1548 4519 1757 4580 partem
1786 4526 1867 4566 re.

288 4607 523 4666 gnaret;
558 4599 696 4651 alter
719 4615 847 4653 vero
886 4599 1178 4654 historicus
1206 4598 1444 4669 ejusdem
1471 4601 1769 4655 successori
1799 4599 1864 4654 il-

289 4691 397 4744 lius
441 4691 619 4759 potius
660 4691 725 4745 ad
772 4691 1090 4747 titulandum
1125 4702 1355 4762 putaret,
1388 4707 1453 4746 eo
1490 4692 1632 4762 quod
1677 4701 1732 4747 et
1777 4693 1864 4747 hic

288 4793 502 4853 partem
530 4799 682 4852 atque
710 4782 826 4852 ejus
870 4785 1095 4838 haberet
1141 4783 1195 4836 in
1226 4799 1409 4854 regno.
1448 4782 1647 4838 Verum
1675 4799 1744 4839 ne
1771 4798 1868 4854 per

289 4875 602 4944 hujusmodi
642 4875 1032 4932 dissonantiam
1057 4889 1211 4930 error
1249 4875 1580 4945 temporibus
1608 4875 1868 4946 inolesce-

287 4977 397 5036 ret,
440 4977 748 5024 statuerunt
771 4969 1107 5034 indictiones,
1137 4968 1332 5038 quibus
1356 4976 1580 5037 uterque
1613 4968 1865 5037 scriptor,

288 5060 402 5114 imo
423 5061 585 5115 etiam
618 5061 806 5132 vulgus
828 5075 1009 5126 omne,
1037 5068 1338 5128 teinporum
1365 5073 1582 5113 cursum
1613 5056 1868 5112 facillime

287 5159 674 5216 conservaret;
707 5167 842 5220 quas
886 5165 988 5222 pro
1033 5149 1292 5204 facilitate
1318 5164 1532 5219 quoque
1568 5148 1866 5204 calculandi

287 5239 602 5308 quindecim
634 5257 754 5296 esse
783 5241 1085 5305 voluerunt,
1126 5248 1186 5293 ut
1217 5239 1532 5308 planissimo
1555 5251 1783 5292 numero
1812 5245 1867 5293 et

288 5330 358 5382 ad
386 5329 846 5399 multiplicandum
877 5329 1277 5400 promptissimo
1302 5326 1732 5396 compendiosius
1763 5333 1868 5380 tra-

286 5423 423 5477 ctati
473 5425 731 5491 temporis
765 5432 942 5479 status
990 5423 1043 5476 in
1084 5421 1401 5477 memoriam
1440 5420 1609 5490 possit
1653 5419 1862 5474 reduci.

287 5510 523 5577 Quidam
568 5520 747 5566 autem
789 5520 979 5584 putant
1002 5513 1127 5583 quia
1168 5510 1438 5581 quondam
1482 5509 1536 5563 in
1566 5509 1862 5579 republica,

289 5608 514 5671 propter
549 5614 770 5656 censum
800 5603 987 5671 quinto
1020 5617 1160 5658 anno
1190 5609 1490 5672 peractum,
1530 5600 1659 5654 urbs
1693 5598 1862 5654 Roma

292 5691 649 5757 lustrabatur,
683 5694 748 5746 ad
777 5693 1067 5748 iudiculum
1091 5702 1262 5749 terna:
1291 5691 1622 5746 lustrationis
1651 5701 1701 5746 et
1729 5709 1856 5746 cen-

2515 1888 2740 1944 CAI‘UT
2781 1889 2870 1943 LX
2880 1889 3005 1945 VIII.

2445 1980 2519 2044 De
2549 1983 2744 2051 epactis
2782 1980 3075 2035 lunaribus.

2051 2073 2195 2128 Dtsc.
2227 2072 2304 2128 De
2331 2072 2536 2142 epactis
2585 2086 2713 2140 ergo
2758 2071 3035 2126 lunaribus
3071 2071 3185 2140 jam
3209 2087 3372 2136 nunc,
3408 2088 3555 2136 reor,

1981 2172 2192 2234 tempus
2219 2164 2372 2220 adest
2397 2173 2456 2217 ut
2495 2165 2661 2219 dicas.
2692 2163 2830 2218 MAG.
2862 2163 2956 2218 Est
2987 2164 3192 2234 utique,
3246 2165 3370 2234 quia
3403 2165 3558 2219 tertia

1978 2254 2191 2327 przefati
2222 2254 2409 2310 circuli
2440 2254 2577 2310 linea
2621 2254 2861 2308 continet
2899 2263 3115 2324 epactas
3161 2254 3397 2318 lunares,
3440 2270 3558 2324 qua:

1981 2347 2049 2402 ad
2075 2363 2293 2403 cursum
2321 2348 2451 2404 solis
2478 2348 2756 2402 annuatim
2783 2349 3012 2404 undenis
3027 2349 3214 2403 diebus
3243 2363 3556 2418 accrescere

1979 2437 2172 2494 solent.
2204 2438 2332 2494 Inde
2362 2440 2557 2509 quippe
2591 2447 2792 2508 epactae
2821 2437 3008 2493 Grazco
3037 2439 3328 2505 vocabulo,
3374 2441 3425 2494 id
3450 2448 3553 2505 est,

1978 2533 2325 2603 adjectiones,
2383 2540 2509 2586 sunt
2553 2531 2734 2597 dictas,
2781 2531 2923 2602 quod
2974 2546 3073 2603 per
3105 2547 3276 2586 annos
3318 2533 3556 2604 singulos

1976 2622 2227 2677 undecim
2284 2622 2525 2686 dierum,
2572 2630 2633 2676 ut
2671 2622 2905 2677 diximus
2933 2664 2951 2691 ,
3005 2623 3412 2679 accumulentur
3456 2641 3553 2679 au-

1976 2721 2233 2782 gmento;
2278 2711 2364 2766 vel
2387 2719 2535 2767 certe
2571 2712 2698 2782 quia
2741 2711 2805 2766 ad
2851 2712 3199 2768 inveniendas
3228 2723 3404 2784 quota:
3431 2726 3557 2771 sunt

1977 2801 2115 2855 lunae
2159 2801 2521 2857 Kalendarum
2565 2801 2841 2857 duodecim
2874 2818 2973 2872 per
3028 2813 3198 2860 totum
3231 2807 3557 2878 adjiciuntur

1975 2906 2196 2946 annum.
2260 2891 2326 2945 Et
2400 2891 2616 2961 quidem
2681 2907 2777 2961 per
2845 2901 3016 2947 totum
3093 2895 3218 2949 anni
3292 2899 3552 2953 vertentis

1975 2981 2160 3036 orbem
2212 2996 2338 3036 suas
2393 2997 2620 3052 quaeque
2668 2984 2782 3038 dies
2825 2984 2988 3040 habet
3037 2985 3365 3056 adjectiones
3398 2988 3551 3043 luna-

1975 3087 2062 3127 res
2110 3073 2377 3128 undecim.
2444 3073 2602 3138 Nam,
2643 3075 2794 3129 verbi
2850 3077 3046 3147 gratia,
3101 3077 3146 3132 si
3199 3078 3380 3144 hodie,
3426 3096 3550 3136 cum

1975 3169 2174 3235 scribo,
2213 3169 2267 3223 in
2296 3170 2580 3225 undecimo
2610 3169 2726 3224 Kal.
2761 3171 2985 3243 Augusti
3016 3173 3243 3242 septima
3274 3181 3356 3228 est
3399 3173 3548 3242 luna,

1973 3267 2098 3330 post
2147 3275 2345 3314 annum
2402 3261 2465 3314 in
2497 3259 2629 3329 ipsis
2681 3260 2933 3316 Kalendis
2972 3272 3161 3317 octava
3191 3262 3396 3318 decima
3444 3275 3546 3331 est,

1975 3361 2094 3421 post
2119 3350 2253 3406 duos
2277 3366 2449 3406 annos
2475 3351 2727 3405 vicesima
2755 3367 2917 3407 nona.
2948 3351 3057 3408 Nec
3090 3355 3278 3408 eadem
3307 3355 3410 3410 huc
3429 3372 3550 3426 qua:

1974 3456 2114 3496 nunc
2140 3450 2223 3496 est
2250 3442 2399 3511 prius
2429 3457 2591 3511 quam
2623 3443 2808 3498 decem
2837 3451 2890 3498 et
2916 3459 3108 3500 novem
3136 3461 3397 3500 annorum
3425 3462 3549 3517 per-

1974 3539 2094 3585 acto
2129 3531 2332 3586 circulo
2366 3531 2522 3586 redit.
2554 3531 2659 3587 Sed
2703 3534 2920 3604 proprie
2961 3551 3079 3604 quas
3131 3535 3185 3589 in
3217 3536 3418 3591 circulo
3458 3537 3550 3592 de-

1972 3622 2184 3677 cennali
2219 3624 2488 3678 adnotata:
2535 3634 2662 3679 sunt
2705 3636 2908 3696 epactaa
2971 3628 3151 3682 lunam
3200 3639 3363 3698 quota
3393 3630 3452 3685 fit
3492 3631 3546 3685 in

1973 3713 2257 3768 undecimo
2287 3713 2404 3767 Kal.
2452 3715 2670 3783 Aprilis,
2701 3717 2791 3769 ubi
2835 3717 3103 3785 paschalis
3131 3728 3214 3770 est
3246 3717 3368 3772 festi
3397 3720 3547 3787 prin-

1972 3803 2192 3872 cipium,
2230 3803 2462 3871 signant.
2500 3802 2649 3857 Hanc
2677 3804 2952 3872 przefixam
2989 3819 3278 3860 succursus
3306 3810 3546 3878 regulam

1972 3907 2186 3964 semper
2213 3895 2584 3958 observantes,
2616 3903 2675 3948 ut
2701 3896 2914 3966 quoties
2959 3897 3222 3952 minorem
3255 3910 3406 3954 sexto
3451 3901 3544 3956 de-

1971 3985 2111 4040 cimo
2133 4000 2418 4040 numerum
2443 3984 2662 4050 habent,
2686 3986 2993 4055 paschalem
3025 3987 3207 4042 lunam
3229 3989 3540 4057 praeferant,

1969 4076 2181 4146 quoties
2210 4085 2386 4131 autem
2414 4077 2693 4147 majorem,
2719 4079 2770 4132 in
2799 4087 3104 4146 sequentem
3127 4079 3307 4133 lunam
3338 4080 3546 4136 Pascha

1970 4168 2316 4238 quaarendum
2369 4169 2756 4222 demonstrent.
2800 4168 2934 4235 Quia
2974 4168 3226 4223 nimirum
3273 4169 3414 4224 lunae
3451 4185 3546 4240 pa-

1969 4261 2167 4316 schalis
2186 4260 2460 4331 plenitudo
2491 4277 2596 4315 non
2617 4261 2998 4330 aequinoctium
3025 4262 3240 4331 praeire,
3268 4264 3382 4329 sed,
3407 4264 3546 4319 sicut

1969 4351 2024 4406 in
2053 4351 2316 4422 principio
2342 4360 2715 4407 creaturarum
2764 4350 3068 4406 ordinatum
3096 4359 3218 4420 est,
3251 4354 3400 4423 sequi
3446 4369 3542 4424 po-

1969 4443 2077 4498 tius
2104 4442 2278 4497 debet.

2533 4531 2757 4588 CAPUT
2795 4532 2979 4588 LXIX.

2404 4624 2778 4695 Argumentum
2817 4625 2880 4680 de
2906 4626 3120 4697 epactis.

2044 4719 2186 4773 DISC.
2214 4717 2601 4786 Argumentum
2639 4717 2707 4771 de
2737 4717 2936 4772 eisdem
2968 4717 3173 4787 epactis
3210 4718 3544 4778 inveniendis

1973 4808 2154 4863 dicito.
2187 4806 2325 4862 MAG.
2372 4807 2428 4861 Si
2469 4808 2551 4861 vis
2597 4821 2917 4878 cognoscere
2947 4818 3124 4877 quota:
3166 4818 3370 4879 epactae
3412 4812 3537 4878 sint,

1972 4914 2124 4953 sume
2153 4913 2324 4955 annos
2372 4899 2582 4954 Domini
2611 4907 2740 4968 quot
2787 4898 3008 4967 fuerint,
3056 4909 3116 4954 ut
3153 4911 3282 4970 puta
3313 4902 3365 4954 in
3405 4916 3541 4970 pra:-

1969 4990 2140 5046 sentis
2188 4990 2315 5044 anni
2364 4998 2554 5060 quarta
2581 4989 2787 5043 decima
2815 4990 3105 5045 indictione
3152 5007 3376 5047 ncccxx.
3404 4992 3538 5046 Par-

1968 5081 2072 5136 tire
2101 5095 2198 5150 per
2221 5080 2406 5135 decem
2433 5087 2488 5133 et
2527 5094 2740 5133 novem.
2773 5078 3098 5150 Quadragies
3139 5088 3193 5133 et
3221 5089 3305 5133 ter
3333 5079 3455 5133 deni
3483 5089 3538 5135 et

1969 5171 2167 5226 noveni
2213 5169 2419 5225 faciunt
2452 5183 2580 5224 nccc
2624 5177 2678 5223 et
2708 5185 2804 5233 vn,
2835 5177 2887 5222 et
2915 5175 3194 5222 remanent
3218 5174 3348 5221 tres.
3403 5165 3535 5222 Illud

1968 5263 2096 5317 item
2127 5273 2225 5330 per
2268 5259 2517 5313 undecim
2567 5257 2881 5326 multiplica,
2922 5257 3044 5324 quia
3073 5255 3125 5308 in
3175 5253 3395 5308 denario
3436 5270 3537 5308 nu-

1971 5366 2123 5405 mero
2155 5356 2356 5418 epacta:
2409 5356 2676 5401 crescunt.
2732 5347 2894 5400 Fiunt
2952 5345 3169 5414 triginta
3225 5353 3355 5398 tres.
3388 5344 3536 5400 Tolle

1971 5443 2220 5512 triginta,
2257 5448 2312 5495 et
2358 5447 2637 5494 remanent
2657 5447 2786 5492 tres.
2835 5437 2966 5490 Tres
2992 5443 3191 5505 epactas
3219 5444 3344 5491 sunt
3390 5451 3532 5491 anno

1969 5540 2254 5605 praesente.
2285 5529 2509 5595 Quando
2545 5541 2753 5597 aequam
2784 5525 3097 5611 divisionem
3133 5540 3393 5580 annorum
3431 5527 3534 5580 Do-

1970 5625 2101 5679 mini
2144 5634 2404 5675 uumcrus
2448 5618 2656 5686 recipit,
2690 5615 2846 5670 nulla:
2871 5624 2990 5670 sunt
3023 5625 3243 5684 epactae.
