3970 6198
991 451 1214 507 CAPUT
1254 449 1413 504 LXX.

904 603 969 659 9e
999 601 1188 673 regulis
1217 601 1512 655 lunaribus.

477 765 616 820 Disc.
655 762 733 817 llli
786 775 914 831 ergo
955 757 1164 812 numeri
1213 756 1304 826 qui
1345 767 1442 823 per
1477 751 1720 821 singutos
1771 761 1985 803 menses

402 858 610 929 epactis
638 853 917 908 lunaribus
963 849 1321 909 associantur,
1371 843 1512 898 unde
1551 841 1814 912 originem
1843 853 1987 894 sum-

403 947 659 1019 pserunt?
692 944 829 998 ch.
864 943 940 996 Ex
969 938 1400 996 consideratione
1428 936 1586 998 lunae,
1621 949 1741 1002 quae
1762 948 1826 987 eo
1846 947 1987 986 anno

403 1056 511 1110 quo
540 1038 698 1094 nullm
743 1043 945 1104 epaetm
994 1040 1122 1087 sunt
1173 1030 1407 1099 aliquam
1451 1027 1503 1081 in
1542 1026 1796 1078 Kalendis
1837 1039 1986 1077 men-

404 1133 544 1186 sium
577 1142 798 1184 necesse
827 1135 908 1178 est
931 1123 1128 1176 habeat
1152 1129 1387 1173 :etatem.
1423 1117 1604 1171 Primo
1635 1130 1762 1183 ergo
1792 1114 1990 1168 decen-

404 1221 719 1279 novennalis
746 1217 936 1273 circuli
981 1229 1144 1277 anno,
1176 1216 1227 1266 in
1256 1227 1364 1281 quo
1398 1211 1556 1264 nullae
1593 1218 1719 1263 sunt
1748 1218 1986 1276 epactaa,

405 1315 458 1368 in
487 1313 604 1366 Kal.
637 1308 877 1364 Januarii
912 1321 1016 1360 non
1049 1313 1132 1359 est
1161 1303 1306 1364 luna,
1340 1302 1394 1355 in
1424 1299 1540 1354 Kal.
1581 1297 1864 1353 Februarii
1892 1296 1988 1350 de-

405 1405 566 1467 cima,
606 1402 658 1455 in
687 1399 804 1452 Kal.
839 1397 1014 1451 Martii
1055 1411 1216 1457 nona,
1253 1394 1306 1446 in
1350 1391 1466 1446 Kal.
1517 1389 1715 1459 Aprilis
1748 1388 1988 1450 decima,

406 1496 459 1548 in
494 1494 612 1547 Kal.
649 1492 772 1544 Maii
818 1488 1132 1551 undecima,
1166 1485 1220 1539 in
1253 1484 1368 1538 Kal.
1415 1481 1604 1536 Junias
1638 1479 1990 1540 duodecima,

408 1583 597 1638 inKal.
629 1581 735 1634 Jul.
765 1579 923 1632 tertia
948 1579 1180 1639 decima,
1199 1576 1251 1628 in
1281 1574 1398 1628 Kal.
1430 1571 1657 1642 Augusti
1684 1579 1876 1640 quarta
1902 1569 1993 1621 de-

408 1675 572 1734 cima,
619 1673 673 1724 in
727 1670 844 1722 Kal.
903 1667 1238 1735 Septembris
1289 1673 1442 1718 sexta
1498 1663 1728 1726 decima,
1775 1661 1828 1714 in
1873 1659 1990 1713 Kal.

407 1765 657 1821 Octobris
687 1763 916 1832 septima
943 1761 1171 1823 decima,
1207 1759 1259 1810 in
1308 1757 1424 1810 Kal.
1457 1753 1774 1808 Novembris
1801 1760 1992 1807 octava

1049 319 1109 375 B.
1148 314 1400 375 RABANI
1440 310 1657 370 MAURI
1699 307 2016 364 ARCHIEP.
2058 275 2367 362 MOGLYNT.
2409 302 2695 361 OPERUM
2736 301 2914 359 PARS
2951 303 2989 358 l.

2013 435 2058 490 Α
2089 435 2186 474 nos
2215 419 2437 490 incipiat
2481 429 2536 474 et
2563 434 2736 489 usque
2766 419 2834 472 ad
2873 418 3164 474 terminum
3192 421 3319 476 anni
3352 430 3472 479 rato
3514 433 3680 496 atque

3561 308 3670 364 708

2087 512 2413 566 intemerato
2441 511 2632 567 ordine
2659 519 2967 582 procurrat.

2650 642 2878 699 CAPUT
2912 643 3098 698 LXXI.

2194 737 2269 790 De
2305 737 2732 790 concurrentibus
2755 777 2769 801 ,
2805 736 2858 818 id
2900 746 2975 790 est
3001 777 3014 801 ,
3045 739 3239 807 epactis
3265 739 3548 796 solaribus.

2159 851 2304 908 DISC.
2334 853 2408 908 De
2439 853 2644 923 epactis
2677 852 2943 908 solaribus
2973 853 3106 907 ordo
3138 853 3381 924 deposcit
3405 866 3464 910 ut
3492 857 3641 913 dicas
3667 900 3685 922 ,

2088 945 2213 1013 quia
2243 945 2310 998 de
2359 945 2641 999 lunaribus
2684 944 2795 1015 jam
2829 943 3035 998 dixisti.
3085 943 3225 999 MAG.
3269 944 3475 1012 Quarto
3520 948 3692 1014 igitur

2089 1033 2576 1088 decennovennalis
2627 1033 2810 1086 circuli
2870 1033 3088 1087 tramite
3141 1034 3424 1104 signantur
3478 1048 3686 1106 epactze

2090 1125 2239 1187 solis,
2280 1125 2330 1178 id
2378 1135 2482 1188 est,
2529 1133 2920 1180 concurrentes
2974 1125 3292 1195 septimana:
3326 1127 3462 1192 dies,
3521 1129 3688 1184 unius

2091 1229 2304 1283 semper
2334 1225 2515 1269 ternos
2541 1231 2636 1284 per
2667 1231 2861 1277 annos,
2887 1216 3115 1270 duorum
3148 1226 3327 1270 autem
3358 1231 3457 1286 per
3479 1233 3686 1272 annum

2090 1304 2422 1358 bissextilem
2457 1319 2626 1373 usque
2654 1305 2719 1358 ad
2743 1304 3030 1374 septimum
3066 1320 3350 1359 numerum
3380 1307 3688 1377 adjectione

2093 1404 2441 1458 crescentes;
2473 1411 2702 1465 quarum
2730 1395 2966 1450 circulus
2996 1397 3156 1450 habet
3191 1413 3362 1453 annos
3387 1407 3582 1469 quater
3604 1416 3690 1455 se-

2091 1493 2306 1555 ptenos,
2336 1483 2389 1537 id
2418 1493 2520 1548 est,
2549 1484 2736 1554 viginti
2780 1494 2923 1538 octo.
2963 1485 3098 1552 Quia
3139 1486 3394 1540 nimirum
3427 1503 3536 1542 non
3564 1499 3690 1544 ante

2094 1584 2273 1646 potest
2301 1577 2670 1630 consummari
2701 1591 2863 1646 quam
2899 1576 3190 1642 bissextus,
3236 1579 3328 1649 qui
3358 1591 3557 1649 quarto
3603 1597 3690 1635 re-

2096 1667 2219 1720 dire‘
2242 1666 2377 1720 solet
2409 1682 2572 1730 anno,
2606 1677 2830 1722 cunctos
2878 1669 3193 1738 septimanae
3226 1671 3340 1726 dies
3384 1673 3686 1743 contingat,

2097 1757 2431 1812 Dominieam
2471 1757 2738 1820 videlicet,
2793 1767 3000 1813 sextam
3057 1759 3279 1826 feriam,
3317 1772 3572 1831 quartam
3614 1762 3692 1818 fe-

407 1857 637 1919 decima,
669 1855 722 1906 in
771 1851 886 1904 Kal.
919 1847 1232 1904 Decembris
1262 1856 1450 1900 octava
1483 1845 1712 1899 decima.
1744 1842 1854 1898 Hos
1898 1842 1993 1896 tibi
2027 1839 2072 1900 Β
2099 1850 2257 1914 riam,
2289 1849 2582 1904 secundum
2610 1850 2824 1915 feriam,
2856 1851 3164 1916 sabbatum,
3194 1854 3443 1922 quintam
3472 1855 3684 1920 feriam,

410 1964 664 2006 numeros
685 1963 784 2018 pro
803 1945 1142 2016 regularibus
1173 1942 1503 2013 singulorum
1529 1941 1796 1995 mensium
1818 1955 1991 1994 sume.

411 2042 617 2108 Quibus
647 2053 856 2092 annuas
881 2036 1084 2089 addens
1110 2043 1348 2104 epactas,
1376 2033 1558 2086 lunam
1591 2041 1754 2102 quota
1785 2033 1858 2086 sit
1897 2046 1997 2100 per

410 2131 678 2186 Kalendas
706 2141 946 2198 quasque
979 2126 1096 2180 sine
1131 2139 1316 2180 errore
1365 2123 1622 2194 reperies.
1655 2122 1712 2177 Si
1742 2123 1888 2177 enim
1915 2123 1997 2177 vis

410 2225 550 2277 scire
579 2229 740 2290 quota
771 2227 853 2273 est
885 2218 1009 2272 luna
1062 2217 1116 2270 in
1163 2214 1279 2270 Kal.
1313 2215 1555 2270 Januarii
1589 2230 1730 2270 anno
1758 2215 1998 2269 secundo

411 2315 602 2370 circuli
636 2309 1145 2374 decennovennalis,
1171 2317 1292 2363 tene
1315 2299 1506 2363 novem
1536 2308 1832 2379 regulares,
1859 2307 1998 2363 adde

411 2414 627 2476 epaetas
664 2403 936 2467 undecim,
985 2400 1121 2455 ﬁunt
1152 2400 1380 2471 viginti:
1433 2399 1688 2454 vicesima
1736 2408 1820 2454 est
1846 2399 1993 2453 luna.

414 2496 472 2552 Si
506 2496 585 2550 vis
614 2495 754 2549 scire
780 2503 943 2564 quota
973 2501 1056 2546 est
1081 2491 1208 2546 luna
1241 2492 1294 2546 in
1322 2490 1442 2546 Kal.
1488 2489 1611 2545 Jun.
1643 2507 1783 2547 anno
1817 2492 1990 2555 tertio,

413 2595 538 2640 tene
573 2584 849 2655 regulares
881 2582 1184 2646 duodecim,
1237 2581 1374 2636 adde
1414 2591 1630 2651 epaetas
1677 2582 1804 2636 anni
1853 2581 1997 2636 illius

412 2676 601 2747 viginti
638 2675 788 2738 duas,
824 2673 959 2728 ﬁunt
1007 2672 1226 2746 triginta
1261 2681 1526 2743 quatuor;
1579 2673 1705 2728 tolle
1734 2674 1954 2743 triginta
1978 2713 1992 2738 ,

416 2776 700 2822 remanent
745 2775 977 2837 quatuor
1027 2784 1040 2820 :
1088 2773 1284 2836 quarta
1329 2776 1413 2820 est
1458 2765 1582 2820 luna
1627 2767 1680 2820 in
1730 2766 1996 2821 Kalendas

414 2865 762 2912 memoratas.
818 2856 960 2908 DISC.
1013 2853 1265 2923 Nunquid
1301 2853 1418 2908 lane
1460 2854 1644 2924 regula
1690 2854 1995 2926 argumenti

415 2947 522 3000 fixa
567 2955 746 3000 manet
771 2961 865 3015 per
913 2954 1082 3000 totum
1126 2944 1386 2998 circulum
1434 2945 1998 2999 decennovennalem?

416 3037 555 3090 Msa.
591 3036 786 3102 Manet,
819 3044 1014 3104 praeter
1043 3051 1214 3090 annos
1249 3045 1379 3100 tres,
1415 3036 1469 3089 in
1500 3035 1695 3105 quibus
1730 3035 1871 3090 idem
1902 3051 1994 3090 ar»

416 3135 733 3199 gumentum
781 3126 1131 3180 stabilitatem
1183 3126 1265 3180 sui
1296 3127 1500 3181 tenoris
1532 3141 1854 3181 conservare
1896 3142 1992 3181 ne-

2099 1941 2318 1994 tertiam
2371 1940 2558 1994 feriam
2595 1959 2606 1994 :
2647 1942 2749 1996 hoc
2781 1942 2982 1996 etenim
3021 1941 3141 1996 illos
3169 1944 3362 1998 ordine
3395 1946 3686 2014 percurrit.

2051 2052 2054 2054 ·
2097 2031 2263 2102 Cujus
2293 2032 2481 2088 circuli
2514 2031 2636 2102 talis
2665 2041 2751 2087 est
2785 2049 2979 2088 cursus
3015 2042 3072 2086 ut
3099 2049 3434 2104 quascunque
3465 2034 3690 2090 bissexti

2098 2141 2241 2181 anno
2297 2135 2422 2180 sunt
2471 2134 2882 2189 concurrentes,
2945 2125 3074 2192 ipsa:
3115 2136 3172 2180 et
3218 2134 3344 2182 ante
3385 2128 3690 2198 quinquen-

2097 2217 2246 2270 nium
2286 2213 2514 2279 fuerint,
2569 2224 2625 2269 et
2673 2223 2794 2285 post
2838 2231 2932 2270 sex
2969 2231 3142 2270 annos
3193 2216 3384 2272 futurae
3418 2218 3533 2272 sint
3573 2222 3690 2289 qum

2097 2306 2272 2376 primo
2302 2314 2422 2376 post
2462 2305 2757 2360 bissextum
2790 2321 2933 2361 anno
2961 2315 3086 2362 sunt
3113 2308 3303 2363 eadem
3334 2317 3391 2364 et
3418 2319 3549 2365 ante
3591 2326 3689 2364 an-

2100 2415 2196 2454 nos
2224 2398 2471 2453 undecim
2506 2399 2859 2465 transierint,
2909 2407 2963 2453 et
2992 2408 3114 2469 post
3161 2387 3257 2455 sex
3305 2401 3536 2456 redeant
3573 2418 3694 2472 qua:

2099 2489 2336 2544 secundo
2371 2497 2492 2559 post
2541 2489 2840 2544 bissextum
2894 2491 3084 2542 eadem
3132 2499 3188 2544 et
3231 2499 3356 2546 ante
3397 2507 3572 2547 annos
3610 2507 3696 2548 sc-

2098 2592 2246 2651 ptem
2297 2580 2500 2636 fuerint
2539 2591 2593 2634 et
2625 2589 2744 2651 post
2773 2579 3022 2635 undecim
3061 2581 3304 2637 redeant.
3349 2581 3484 2650 Quae
3535 2584 3697 2638 tertio

2100 2681 2224 2742 post
2251 2671 2571 2735 bissextum,
2597 2669 2726 2740 ipsae
2753 2680 2806 2724 et
2833 2679 2957 2724 ante
2987 2684 3082 2724 sex
3106 2686 3278 2726 annos
3301 2673 3693 2742 praeterierint,

2099 2776 2153 2820 et
2183 2772 2306 2835 post
2330 2764 2570 2834 quinque
2602 2771 2963 2818 revertantur.
3013 2764 3081 2818 Et
3127 2762 3288 2833 hujus
3322 2765 3456 2820 ordo
3487 2766 3697 2821 discre-

2108 2855 2270 2910 tionis
2323 2863 2547 2909 cunetos
2601 2869 2865 2909 annorum
2917 2855 3243 2910 vertentium
3310 2856 3696 2927 complectitur

2111 2948 2244 3002 dies.
2288 2947 2430 3000 Dtsc.
2470 2945 2719 3015 Nunquid
2765 2945 2855 2999 hic
2907 2945 3142 2999 circulus
3194 2955 3508 3016 epactarum
3561 2948 3696 3004 solis

2103 3035 2600 3092 decennovennalcs
2628 3035 2856 3090 circulos
2882 3036 3059 3106 aliquo
3087 3037 3244 3091 modo
3271 3038 3523 3092 ordinat?
3551 3039 3692 3096 alae.

2100 3125 2295 3180 Etiam.
2327 3125 2458 3180 Nam
2487 3124 2644 3198 hujus
2664 3125 2781 3197 gyri
2813 3127 3022 3192 solaris,
3053 3128 3156 3197 qui
3175 3128 3361 3196 viginti
3385 3138 3511 3184 octo
3537 3132 3696 3186 annis

416 3196 602 3289 queat,
632 3225 857 3271 octavus
900 3217 1172 3282 videlicet,
1207 3217 1545 3284 undecimus,
1571 3226 1627 3272 et
1653 3233 1826 3272 nonus
1853 3218 1998 3273 «1ιεί-
2024 3196 2068 3258 C
2101 3218 2394 3288 peragitur,
2437 3233 2600 3272 causa
2649 3217 2776 3271 facit
2811 3217 3307 3288 decennovennales
3347 3219 3583 3275 circulos
3624 3222 3704 3274 vi-

418 3325 582 3374 mus,
633 3307 720 3362 cui
771 3323 991 3362 causam
1061 3307 1303 3362 mutandi
1383 3309 1536 3363 varia
1596 3307 1726 3364 facit
1787 3324 1852 3363 ac
1918 3309 1999 3364 di-

417 3416 601 3471 spersa
627 3416 722 3471 per
751 3415 950 3454 annum
981 3400 1418 3455 embolismorum
1442 3401 1681 3456 insertio.
1719 3399 1998 3470 Siquidem

419 3508 560 3547 anno
587 3503 778 3547 octavo
801 3491 925 3544 luna
955 3490 1315 3546 Kalendarum
1341 3491 1625 3556 Maiarum,
1650 3490 1807 3560 juxta
1835 3493 1999 3546 ratio-

415 3601 540 3640 nem
574 3585 789 3654 quidem
842 3583 1143 3655 argumenti
1192 3584 1449 3639 vicesima
1475 3593 1668 3638 octava
1715 3593 1996 3654 computa-

418 3686 525 3732 tur.
567 3677 674 3733 Sed
703 3686 922 3747 propter
951 3677 1348 3743 embolismum,
1379 3678 1472 3748 qui
1508 3677 1562 3730 in
1593 3661 1783 3732 Martio
1812 3693 1998 3734 mense

415 3769 694 3833 inseritur,
733 3770 988 3824 vicesima
1022 3771 1251 3840 septima
1284 3772 1545 3840 probatur
1571 3770 1826 3826 existere.
1863 3772 1999 3828 Item

416 3860 469 3914 in
495 3859 611 3913 Kal.
642 3859 750 3914 Jul.
773 3859 928 3929 juxta
957 3871 1334 3931 argumentum
1376 3859 1652 3916 tricesima
1682 3863 1856 3932 potuit
1880 3863 1998 3920 ﬁeri

416 3951 562 4006 luna.
597 3951 702 4006 Sed
739 3962 962 4022 propter
993 3951 1353 4022 adjectionem
1393 3953 1499 4008 diei
1525 3969 1686 4024 quem
1719 3955 2000 4026 superﬂui-

418 4054 502 4098 tas
555 4045 858 4100 embolismi
907 4045 1185 4111 attulerat,
1235 4045 1297 4100 fit
1342 4047 1596 4103 vicesima
1657 4065 1817 4105 nona.
1865 4050 1998 4106 Item

415 4151 557 4190 anno
605 4136 908 4204 undecimo,
943 4137 1068 4206 quia
1101 4137 1227 4192 luna
1257 4139 1562 4196 embolismi
1613 4143 1786 4212 pridie
1816 4142 2000 4199 Nonas

415 4229 726 4284 Decembris
763 4231 1094 4296 accenditur,
1149 4231 1280 4288 facit
1325 4233 1506 4290 lunam
1556 4236 1610 4290 in
1665 4236 1784 4292 Kal.
1836 4237 1993 4292 Mart.

414 4319 725 4372 vicesimam
773 4334 895 4374 esse
941 4328 996 4376 et
1025 4329 1313 4388 octavam,
1331 4338 1454 4379 cum
1485 4325 1627 4380 banc
1672 4327 1811 4382 ratio
1841 4343 1998 4398 argu-

415 4409 581 4462 menti
614 4410 920 4463 vicesimam
949 4427 1143 4465 nonam
1177 4421 1304 4468 tunc
1343 4415 1578 4470 existere
1617 4417 1824 4474 doceat.
1865 4419 1997 4474 Item

417 4514 558 4554 anno
603 4499 811 4554 decimo
855 4517 1015 4566 nono,
1045 4503 1175 4573 quia
1201 4504 1326 4558 luna
1380 4507 1684 4562 embolismi
1725 4512 1883 4566 tertio
1909 4513 1994 4567 die

416 4588 686 4641 Nonarum
739 4589 1049 4644 Martiarum
1101 4593 1310 4662 incipit,
1364 4597 1510 4666 cogit
1550 4597 1730 4653 lunam
1780 4601 1833 4654 in
1874 4602 1993 4658 Kal.
2023 4575 2076 4635 Β

415 4679 540 4734 Maii
572 4680 884 4734 vicesimam
930 4691 1178 4736 octavam
1225 4687 1559 4754 computari,
1591 4703 1714 4744 cum
1741 4692 1996 4748 vicesima

417 4786 557 4824 nona
613 4771 907 4824 secundum
959 4775 1262 4842 argumenti
1292 4775 1699 4834 caleulationem
1742 4792 1990 4838 canatur.

415 4861 718 4914 Notandum
748 4869 927 4916 autem
958 4863 1100 4932 quod
1128 4865 1232 4920 hoc
1263 4879 1637 4936 argumentum
1678 4888 1708 4926 a
1747 4872 1995 4942 Septem-

414 4951 534 5006 brio
575 4951 792 5022 quidam
824 4952 1104 5023 incipiant,
1143 4964 1404 5025 ponentes
1441 4959 1612 5015 eidem
1657 4957 2012 5033 Septembrio'

416 5043 691 5114 regulares
723 5044 982 5114 quinque,
1019 5043 1275 5103 Octobrio
1303 5065 1358 5114 v,
1388 5050 1711 5110 Novembrio
1750 5071 1846 5122 νυ,
1892 5056 1995 5112 De-

413 5133 653 5188 cembrio
682 5149 779 5200 vn,
808 5145 938 5200 etc.,
974 5143 1032 5190 ut
1063 5152 1223 5206 supra
1272 5154 1371 5195 nos
1400 5143 1695 5211 posuimus.
1727 5144 1880 5212 Quod
1925 5151 1994 5204 ob

414 5225 795 5281 auctoritatem
856 5225 1234 5300 JEgyptiorum
1313 5233 1714 5290 rationabiliter
1771 5253 1996 5306 prorsus

413 5324 609 5387 agunt;
652 5324 711 5372 ut
759 5332 787 5370 a
815 5318 1011 5387 quibus
1040 5322 1190 5392 origo
1225 5326 1572 5393 computandi
1621 5338 1834 5400 sumpta
1876 5339 1994 5396 est,

415 5422 603 5462 eorum
633 5423 847 5478 quoque
873 5410 926 5463 iu
967 5415 1328 5482 computando
1357 5416 1487 5471 anui
1515 5419 1838 5488 principium
1878 5421 1999 5479 imi-

417 5505 620 5553 tentur.
656 5500 848 5556 Verum
880 5503 999 5559 aliis
1025 5506 1202 5574 aptius
1241 5507 1408 5563 multo
1435 5518 1492 5564 et
1523 5513 1827 5580 expeditius
1852 5515 1998 5572 vide-

417 5595 507 5640 tur
531 5598 589 5642 ut
613 5595 1050 5661 computationis,
1081 5606 1338 5665 quantum
1369 5616 1475 5655 non
1507 5606 1804 5662 necessitas
1833 5609 1998 5665 ratio-

421 5676 504 5729 nis
531 5677 812 5744 obsistit,a
843 5684 1108 5753 principio
1143 5689 1264 5741 anui
1305 5691 1406 5755 sui,
1441 5692 1601 5747 etiam
1631 5697 1769 5766 apud
1801 5698 1996 5756 Roma-

2098 3307 2227 3377 ginti
2244 3317 2368 3362 octo
2394 3308 2591 3362 debere
2605 3307 2862 3377 compleri
2877 3309 3192 3378 priusquam
3220 3309 3361 3364 idem
3392 3326 3491 3380 per
3512 3313 3699 3367 omnia

2097 3398 2369 3468 paschalis
2397 3398 2757 3453 observantia:
2786 3414 2979 3454 cursus
3016 3400 3068 3454 in
3096 3416 3154 3455 se
3186 3402 3360 3470 ipsum
3393 3403 3605 3468 redeat,
3634 3413 3697 3459 ut

2103 3490 2281 3544 onmis
2309 3490 2564 3544 nimirum
2596 3488 2758 3559 hujus
2782 3489 2972 3546 circuli
3003 3507 3179 3546 annus
3193 3501 3354 3563 caput
3379 3493 3566 3549 circuli
3600 3494 3699 3550 de-

2099 3581 2514 3636 cennovennalis
2529 3583 2795 3649 instituat,
2815 3584 3054 3654 itemque
3074 3601 3246 3640 annus
3258 3587 3491 3657 quisque
3505 3588 3698 3643 circuli

2100 3673 2581 3729 decennovennalis
2611 3674 2770 3743 bujus
2795 3685 2954 3746 caput
2983 3687 3325 3748 assequatur,
3357 3695 3423 3734 ac
3448 3695 3546 3750 per
3589 3681 3696 3736 hoc

2102 3772 2214 3819 tota
2265 3765 2534 3834 paschalis
2561 3766 2921 3822 observantiae
2950 3769 3120 3823 series
3157 3785 3263 3824 non
3317 3770 3500 3826 minus
3525 3773 3692 3842 quin-

2100 3853 2278 3925 gentis
2305 3855 2524 3925 triginta
2565 3856 2776 3911 duobus
2803 3857 3120 3925 explicetur.

2649 3971 2878 4027 CAPUT
2917 3971 3124 4028 LXXII.

2398 4061 2771 4130 Argumentum
2800 4062 2865 4116 de
2894 4065 3088 4133 epactis
3115 4063 3395 4119 solaribus.

2171 4170 2315 4226 DISC.
2346 4169 2404 4226 Si
2435 4172 2654 4242 aliquod
2679 4174 2751 4228 sit
2780 4183 3157 4245 argumentum
3207 4176 3274 4231 de
3302 4178 3516 4246 epactis
3545 4179 3691 4235 sola-

2100 4261 2271 4326 ribus,
2319 4271 2444 4332 peto
2475 4272 2532 4318 ut
2575 4263 2840 4333 proferas.
2885 4263 3025 4321 ΜΑα.
3072 4265 3130 4320 Si
3160 4267 3242 4322 vis
3283 4266 3562 4336 conjicere
3604 4285 3688 4324 ar-

2100 4363 2354 4424 gumento
2379 4355 2523 4424 quod
2567 4356 2676 4410 sint
2705 4356 3035 4427 adjectiones
3061 4357 3209 4424 solis,
3240 4359 3294 4414 id
3329 4370 3437 4424 est,
3465 4375 3690 4415 concur-

2101 4455 2282 4501 rentes
2311 4448 2621 4518 septimana:
2651 4449 2785 4517 dies,
2833 4467 2986 4508 sume
3014 4468 3186 4508 annos
3216 4455 3285 4509 ab
3312 4455 3691 4512 incarnatione

2103 4537 2315 4592 Domini
2353 4547 2484 4608 quot
2527 4539 2746 4605 fuerint,
2801 4551 2862 4596 ut
2907 4553 3037 4614 puta
3065 4545 3122 4599 in
3178 4549 3435 4616 prmsenti
3480 4565 3689 4604 ncccxx

2100 4643 2200 4698 per
2229 4629 2576 4686 indictionem
2610 4633 2820 4688 tertiam
2858 4635 3156 4704 decimam,
3190 4647 3244 4692 et
3282 4641 3555 4694 a'nnorum
3597 4642 3690 4711 qui

2105 4715 2306 4772 fuerint
2329 4729 2577 4788 quartam
2601 4731 2812 4791 partem
2841 4740 3055 4796 semper
3081 4726 3276 4798 adjice,
3317 4728 3371 4783 id
3405 4738 3511 4795 est,
3548 4747 3689 4786 nunc

2100 4810 2360 4866 ducentos
2389 4811 2648 4884 quinque,
2688 4815 2815 4885 quia
2849 4827 3044 4888 quarto
3069 4833 3210 4874 anno
3240 4835 3456 4890 semper
3482 4819 3689 4877 bissex-

2099 4908 2187 4955 tus
2213 4899 2373 4970 adjici
2420 4903 2576 4958 solet.
2629 4903 2739 4960 Nec
2767 4907 2924 4962 aliter
2948 4908 3144 4964 divisio
3173 4927 3269 4980 per
3315 4913 3686 4983 septenarium

2099 4998 2215 5044 rata
2253 4990 2379 5056 erit,
2413 4991 2517 5048 nisi
2547 4994 2845 5051 bissextilis
2881 4998 2997 5054 dies
3047 5000 3354 5071 adjiciatur.
3407 5000 3508 5058 H-is
3561 5017 3686 5073 ergo

2095 5079 2314 5146 additis,
2348 5080 2482 5136 tlunt
2519 5085 2681 5139 simul
2723 5088 2867 5143 mille
2912 5089 3096 5160 viginti
3129 5092 3389 5162 quinque.
3431 5092 3530 5148 His
3559 5093 3682 5149 item

2097 5169 2234 5223 adde
2276 5179 2528 5239 quatuor,
2579 5175 2707 5244 quia
2737 5187 2973 5248 quatuor
3020 5192 3410 5239 concurrentes
3466 5184 3681 5239 fuerunt

2096 5273 2162 5313 eo
2192 5272 2332 5313 anno
2384 5263 2603 5329 quando
2634 5265 2936 5324 incarnatio
2977 5271 3188 5328 Domini
3233 5273 3378 5330 facta
3405 5285 3524 5341 est,
3556 5275 3682 5330 (inut

2100 5355 2244 5410 mille
2274 5355 2464 5426 viginti
2502 5373 2729 5424 novem;
2770 5361 2948 5418 divide
2991 5363 3136 5420 hunc
3183 5380 3474 5420 numerum
3515 5374 3676 5421 totum

2099 5458 2197 5514 per
2251 5447 2452 5518 septies
2503 5450 2764 5506 centies:
2817 5467 2946 5525 ergo
3004 5457 3213 5526 septeni
3287 5466 3417 5512 sunt
3482 5457 3678 5530 septin-

2099 5538 2264 5606 genti.
2314 5539 2447 5595 Item
2499 5542 2821 5616 quadragies
2870 5548 3338 5616 septeuiccrxxx,
3375 5558 3432 5606 et
3482 5549 3679 5620 septies

2098 5628 2306 5696 septeni
2333 5645 2476 5683 xux.
2509 5628 2682 5702 Junge
2715 5648 2845 5705 ergo
2882 5635 2980 5692 bos
3008 5653 3284 5706 numeros,
3314 5640 3368 5696 id
3394 5649 3479 5697 est
3509 5656 3601 5696 occ
3626 5647 3683 5693 et

2099 5730 2309 5769 ccrxxx
2345 5733 2407 5771 ac
2435 5735 2578 5786 xux,
2613 5721 2744 5776 fiunt
2775 5741 2943 5780 nxxtx
2975 5738 3064 5790 ;ct
3090 5731 3213 5799 quia
3245 5731 3380 5786 nihil
3416 5739 3681 5795 remanet,
