3970 6198
290 327 396 385 709

1561 322 1779 380 LIBER'
1800 325 1886 379 DE
1924 325 2268 384 COMPUTO.

3439 330 3536 384 ἨΊ

287 447 496 510 septem
540 443 668 492 sunt
706 444 1108 499 concurrentes.
1168 441 1392 508 Quando
1444 450 1622 495 autem
1664 439 1865 508 aliquid
1893 447 1941 504 Α
1970 438 2217 508 inquiris,
2255 448 2311 493 et
2354 454 2477 494 cum
2508 438 2742 504 noveris,
2794 439 2932 495 adde
2959 437 3147 493 feriam
3191 454 3311 509 quae
3332 440 3431 496 fuit
3459 444 3547 499 die

285 525 641 592 remanserit,
684 526 801 595 ipso
844 541 1074 610 nuntero
1110 532 1360 588 ostendet
1392 540 1523 602 quot
1565 531 1674 584 sint
1714 528 1860 597 ejus-

282 624 410 679 dem
460 617 585 674 anni
638 632 1048 679 concurrentes.
1103 624 1249 679 DlSC.
1282 623 1435 679 Unde
1474 638 1603 693 ergo
1634 636 1863 676 concur-

284 720 471 767 rentes
507 711 624 765 ἰδίω
653 717 989 770 nascuntur?
1028 714 1168 771 Msa.
1202 714 1281 769 Ex
1308 728 1416 768 uno
1443 728 1570 783 ergo
1610 711 1862 784 [numero

283 804 398 876 illo]
428 804 518 874 qui
558 803 614 861 in
643 823 784 864 anno
808 807 969 863 solari
998 822 1164 877 super
1199 805 1585 876 quinquaginta
1632 811 1688 858 et
1726 802 1863 858 duas

282 897 652 956 hebdomadas
695 908 959 955 remanet.
1010 899 1146 967 Quia
1180 914 1351 953 annus
1386 897 1516 951 solis
1544 895 1732 950 eadem
1774 894 1862 950 die

280 1006 388 1060 qua
428 990 638 1060 incipit,
667 988 853 1046 eadem
882 988 1087 1054 ﬁnitur,
1116 988 1218 1042 nisi
1248 989 1520 1042 bissextus
1542 983 1769 1039 eveniat’.
1797 981 1860 1038 Si

278 1087 464 1134 autem
501 1077 795 1133 liissextilis
847 1091 1019 1130 annus
1068 1076 1189 1138 erit,
1240 1075 1476 1129 secundo
1514 1072 1601 1127 die
1651 1070 1857 1126 ﬁnitur.

279 1167 448 1223 Verbi
478 1167 689 1237 gratia:
743 1180 977 1236 praesens
1022 1179 1195 1218 annus
1222 1164 1449 1232 primam
1486 1162 1626 1217 diem
1672 1160 1863 1216 habuit

280 1256 661 1314 Dominicam:
706 1265 761 1311 et
801 1256 925 1325 quia
961 1254 1231 1308 bissextus
1278 1252 1589 1316 intervenit,
1630 1250 1861 1305 novissi-

278 1364 429 1404 mam
461 1348 600 1403 diem
631 1345 847 1400 habebit
874 1344 1163 1399 secundam
1194 1341 1405 1395 feriam.

843 1453 1067 1509 CAPUT
1106 1452 1335 1507 LXXIII.

766 1524 840 1579 De
880 1523 1071 1593 regulis
1109 1523 1387 1577 solaribus.

352 1619 497 1676 Disc.
541 1617 833 1694 Regulares
872 1592 1034 1686 igitur
1086 1614 1177 1684 qui
1227 1614 1481 1668 dicuntur
1525 1612 1591 1666 ad
1641 1592 1858 1679 epaetas

271 1711 405 1766 solis
434 1709 647 1780 adjecti,
674 1707 813 1761 unde
836 1706 1168 1760 nascuntur?
1195 1705 1330 1758 MAG.
1362 1704 1439 1756 Ex
1454 1716 1680 1757 numero
1706 1701 1857 1755 vide-

270 1801 401 1856 licet
428 1800 517 1854 illo
544 1800 632 1870 qui
669 1798 807 1852 ultra
836 1796 1203 1867 septenarium
1229 1792 1460 1849 excedit.
1493 1791 1627 1846 Nam
1652 1790 1858 1845 Janua—

1965 529 2325 584 Kalendarum
2355 526 2752 595 Januariarum;
2771 538 2824 584 et
2842 529 2889 584 si
2923 530 3214 585 bissextilis
3243 546 3417 586 annus
3438 544 3542 599 est,
3606 526 3623 532 ’

1962 618 2129 673 etiam
2178 618 2401 674 bissexti
2439 620 2601 686 diem,
2645 629 2931 691 postquam
2962 622 3255 688 transierit,
3286 638 3545 695 augmen-

1963 715 2079 763 tare
2106 717 2415 764 memento:
2448 709 2650 778 partire
2675 712 2853 765 omnia
2896 726 2993 782 per
3025 721 3251 782 septem,
3299 723 3355 769 et
3398 718 3542 784 quod

1962 805 2225 863 remanet,
2281 798 2420 852 diem
2455 798 2551 852 tibi
2598 799 2911 869 septimanae
2956 816 3076 871 quae
3106 803 3194 868 sit,
3235 805 3543 877 ubicunque

1961 886 2181 955 quaeris,
2208 888 2461 941 ostendit.
2495 888 2647 955 Quod
2682 890 2755 943 ita
2802 891 2971 945 solum
3003 894 3118 948 sine
3157 895 3339 952 labore
3365 899 3539 953 currit
3608 936 3613 941 ς

1962 984 2359 1045 argumentum,
2391 979 2437 1032 si
2468 994 2752 1034 numerum
2788 982 3054 1036 mensium
3082 985 3413 1058 singulorum
3440 1005 3539 1059 per

1960 1066 2226 1124 Kalendas
2270 1069 2451 1124 Nonas
2498 1081 2551 1124 et
2582 1068 2703 1126 Idus
2750 1075 3063 1129 memoriter
3089 1077 3380 1134 decantare
3407 1096 3537 1135 cou-

1960 1172 2179 1213 suescas
2208 1159 2299 1213 ita.
2330 1158 2616 1216 Januarius
2643 1162 2695 1216 in
2727 1162 2977 1219 Kalendis
3000 1180 3243 1233 ecatxvt,
3274 1170 3328 1222 in
3354 1169 3535 1227 Nonas

1959 1267 2031 1313 vi,
2064 1251 2116 1305 in
2144 1250 2269 1307 Idus
2298 1269 2414 1307 xm.
2444 1254 2772 1309 Februarius
2794 1256 2847 1309 in
2875 1256 3129 1312 Kalendis
3158 1275 3328 1327 xxxu,
3354 1263 3408 1319 in
3433 1263 3535 1318 No—

1959 1358 2057 1397 nas
2091 1359 2275 1410 xxxvr,
2314 1346 2368 1398 in
2401 1346 2525 1401 Idus
2563 1363 2704 1401 xuv.
2756 1347 2978 1403 Martius
3021 1351 3075 1403 in
3132 1351 3381 1408 Kalendis
3427 1372 3530 1420 ιιι,

1959 1433 2013 1487 in
2049 1433 2229 1490 Nonas
2262 1451 2409 1498 wa.
2458 1437 2513 1491 in
2565 1437 2685 1511 ldus
2719 1457 2901 1493 Lxxtv.
2932 1441 3131 1510 Aprilis
3178 1444 3231 1498 in
3279 1444 3531 1503 Kalendis

1957 1539 2069 1590 xei,
2120 1525 2174 1579 in
2224 1524 2359 1581 Non.
2407 1544 2530 1594 xcv,
2561 1529 2613 1582 in
2660 1530 2781 1584 ldus
2817 1546 2930 1585 ειη.
2981 1531 3149 1587 Maius
3178 1534 3229 1587 in
3276 1534 3530 1593 Kalendis

1958 1631 2103 1682 cxx],
2138 1616 2193 1671 in
2229 1617 2365 1672 Non.
2398 1634 2581 1684 cxxvt,
2613 1620 2667 1674 in
2711 1621 2835 1676 ldus
2876 1638 3034 1677 cxxv.
3085 1623 3274 1679 Junius
3327 1627 3381 1680 in
3424 1628 3530 1682 Ka-

1958 1708 2130 1764 lendis
2175 1725 2303 1777 cm,
2357 1712 2409 1764 in
2456 1710 2594 1765 Non.
2626 1728 2775 1778 cun,
2806 1714 2858 1767 in
2884 1713 3009 1768 Idus
3036 1729 3211 1769 cum.
3260 1716 3431 1772 Julius
3474 1720 3527 1773 in

1958 1800 2210 1855 Kalendis
2254 1817 2489 1866 cnxxxn,
2520 1803 2572 1855 in
2600 1801 2736 1857 Non.
2783 1819 3077 1872 eLxxxvm,
3106 1807 3159 1861 in
3191 1807 3313 1863 ldus
3341 1825 3523 1865 cxmu.

270 1894 390 1950 rius
439 1894 600 1948 habet
655 1891 931 1961 regulares
983 1889 1134 1953 duos,
1189 1886 1515 1942 Februarius
1574 1885 1809 1955 quinque
1837 1924 1851 1948 ,
1881 1860 1929 1919 Β
1956 1890 2229 1963 Augustus
2257 1891 2310 1944 in
2334 1890 2585 1945 Kalendis
2604 1906 2787 1957 ccxm,
2818 1892 2869 1945 in
2896 1860 3077 1949 Nonas
3099 1911 3273 1951 ccxvu
3292 1938 3305 1961 ,
3332 1898 3384 1951 in
3406 1898 3529 1954 Idus

270 1986 504 2042 Martius
533 1985 790 2056 quinque,
838 1982 1037 2053 Aprilis
1065 1995 1251 2047 unum,
1298 1978 1468 2050 Maius
1505 1987 1633 2032 tres.
1662 1975 1853 2031 Junius

268 2093 388 2143 sex,
436 2075 609 2130 Julius
657 2089 856 2138 unum,
908 2072 1182 2142 Augustus
1228 2077 1486 2139 quatuor,
1538 2066 1855 2135 September

267 2178 502 2239 septem,
530 2165 757 2221 October
779 2165 933 2230 duos,
958 2162 1261 2217 November
1283 2159 1537 2230 quinque,
1561 2158 1853 2214 December

268 2266 499 2328 septem.
534 2254 827 2325 Regulares
855 2268 1088 2322 namque
1117 2252 1207 2307 isti
1239 2252 1341 2308 hoc
1380 2250 1684 2321 specialiter
1715 2247 1852 2302 indi-

268 2359 418 2414 cant,
447 2355 612 2417 quota
645 2345 717 2398 sit
750 2344 886 2399 feria
914 2360 1013 2414 per
1042 2340 1309 2398 Kalendas
1337 2341 1666 2413 singulorum
1697 2355 1849 2394 men-

267 2441 411 2496 sium
437 2454 504 2494 eo
531 2452 672 2491 anno
697 2452 803 2506 quo
828 2444 1032 2505 septem
1057 2443 1441 2490 concurrentes
1469 2430 1687 2501 ascripti
1726 2438 1853 2486 sunt

266 2536 405 2591 dies.
453 2532 674 2590 Caeteris
717 2546 845 2585 vero
874 2530 1031 2585 annis
1068 2529 1221 2583 addis
1259 2534 1665 2588 concurrentes,
1695 2530 1850 2594 quot-

267 2632 401 2697 quot
431 2624 486 2678 in
511 2620 761 2692 praesenti
779 2618 977 2675 fuerint
1008 2617 1272 2682 adnotati,
1303 2616 1369 2671 ad
1398 2614 1676 2686 regulares
1698 2628 1851 2668 men—

266 2719 412 2773 sium
438 2715 791 2787 singulorum.
826 2714 892 2768 Et
930 2713 1003 2767 ita
1034 2712 1175 2766 diem
1222 2709 1580 2764 Kalendarum
1607 2706 1723 2763 sine
1764 2721 1850 2760 er-

266 2825 394 2865 rore
443 2823 659 2879 semper
686 2806 947 2861 invenies.
997 2803 1109 2857 Iloc
1140 2811 1346 2856 tantum
1394 2813 1601 2853 memor
1645 2807 1760 2853 esto
1791 2804 1851 2851 ut

267 2918 392 2957 cum
419 2900 733 2955 imminente
779 2912 919 2951 anno
947 2893 1213 2949 bissextili
1245 2906 1381 2946 unus
1411 2888 1847 2945 concurrentium

266 2990 707 3047 intermittendus
733 2998 818 3043 est
845 2987 978 3049 dies,
1009 3001 1074 3039 eo
1105 2993 1286 3037 tamen
1320 2994 1547 3036 numero
1572 2994 1732 3049 quem
1766 2978 1849 3037 in-

268 3085 625 3139 termissurus
651 3097 709 3135 es
738 3078 994 3133 Januario
1026 3073 1427 3142 Februarioque
1473 3072 1663 3134 utaris,
1712 3076 1769 3122 at
1792 3068 1847 3124 in

266 3173 527 3229 Kalendis
557 3171 785 3241 primum
814 3167 1018 3222 Martiis
1045 3180 1142 3235 per
1170 3163 1316 3217 illum
1357 3161 1448 3230 qui
1478 3157 1683 3214 circulo
1711 3171 1843 3212 con-

268 3269 476 3323 tinetur
520 3265 648 3321 sulis
700 3271 1012 3332 computare
1061 3257 1307 3327 incipias.
1356 3254 1488 3310 Cum
1530 3267 1660 3323 ergo
1701 3250 1845 3306 diem

267 3360 633 3416 Kalendarum
669 3398 681 3421 ,
726 3355 870 3410 verbi
926 3344 1094 3423 gratia
1150 3346 1561 3411 Januariarum,
1614 3356 1855 3414 quatere

268 3455 372 3517 vis,
406 3450 583 3505 dicis:
634 3445 922 3501 Januarius
971 3444 1137 3506 duos;
1183 3438 1320 3493 adde
1345 3443 1737 3493 concurrentes
1771 3448 1854 3489 se-

261 3546 527 3616 ptimana:
560 3540 675 3596 dies
723 3538 815 3607 qui
849 3535 1050 3590 fuerint
1092 3546 1237 3587 anno
1289 3543 1396 3599 quo
1446 3536 1749 3599 eomputas,
1794 3533 1856 3581 ut

264 3644 398 3707 puta
442 3642 587 3696 tres;
619 3629 757 3684 ﬁunt
804 3628 1082 3698 quinque:
1114 3622 1301 3693 quinta
1331 3619 1465 3676 feria
1495 3619 1698 3674 intrant
1743 3616 1855 3671 Ka-

264 3725 441 3781 lendas
473 3721 764 3777 Januarize.
813 3718 944 3773 Item
995 3729 1138 3771 anno
1180 3713 1272 3783 qui
1316 3726 1413 3767 sex
1439 3710 1603 3766 habet
1627 3722 1855 3763 concur-

266 3823 475 3881 rentes,
509 3824 668 3868 sume
696 3811 930 3882 quinque
950 3806 1227 3879 regulares
1254 3802 1453 3858 mensis
1480 3800 1680 3865 Martii,
1719 3796 1856 3853 adde

268 3913 657 3965 concurrentes
684 3918 799 3969 sex,
848 3903 985 3956 ﬁunt
1006 3898 1292 3961 undecim;
1346 3894 1468 3950 tolle
1497 3901 1723 3962 septem,
1769 3906 1854 3945 re-

264 4004 493 4053 manent
521 4002 785 4066 quatuor:
817 3998 1010 4062 quarta
1039 3989 1174 4045 feria
1196 3995 1322 4042 sunt
1346 3983 1598 4040 Kalendae
1624 3982 1850 4037 Martiae.

799 4105 1022 4162 CAPUT
1071 4102 1306 4159 LXXIV.

303 4182 683 4252 Argumentum
725 4174 790 4232 de
829 4177 954 4231 satis
981 4187 1030 4230 et
1055 4174 1195 4229 luna:
1218 4189 1377 4227 cursu
1410 4187 1502 4242 per
1524 4170 1637 4224 dies
1668 4171 1814 4223 eum“.

343 4277 492 4329 Dtse.
525 4271 782 4342 Nunquid
809 4270 953 4324 aliud
981 4273 1358 4338 argumentum
1394 4263 1463 4319 de
1487 4261 1691 4332 epaetis
1715 4261 1854 4317 sola-

264 4365 422 4421 ribus
450 4362 661 4419 exstat?
689 4361 829 4416 Msa.
872 4359 1005 4414 lllud
1049 4358 1236 4427 utique
1274 4369 1372 4426 pro
1399 4360 1714 4424 argumento
1757 4367 1854 4421 po-

262 4463 407 4508 nunt
432 4453 577 4522 quod
614 4460 781 4521 quota
824 4449 1002 4505 fuerat
1028 4447 1165 4503 feria
1211 4447 1263 4500 in
1295 4459 1436 4500 nono
1464 4442 1582 4498 Kal.
1614 4442 1812 4512 Aprilis
1834 4482 1849 4507 ,
1882 4482 1888 4487 -

262 4552 347 4599 tot
381 4549 770 4597 concurrentes
802 4547 961 4594 erunt
987 4552 1087 4608 per
1115 4534 1355 4606 singulos
1404 4547 1593 4588 annos.
1627 4532 1732 4586 Sed
1766 4538 1852 4585 est

259 4642 426 4688 vetus
455 4639 831 4704 argumentum
860 4645 965 4683 non
1010 4626 1171 4683 modo
1207 4626 1274 4680 de
1316 4623 1676 4680 Kalendarum
1703 4661 1718 4687 ,
1757 4636 1853 4677 ve-

260 4740 390 4783 rum
420 4732 479 4778 et
506 4725 574 4777 de
601 4719 963 4790 quorumlibet
995 4720 1140 4774 inter
1173 4715 1441 4772 Kalendas
1466 4714 1676 4769 dierum
1722 4711 1850 4767 luna

258 4814 354 4871 vel
382 4812 521 4869 feria
566 4809 929 4881 diguoscenda
964 4815 1257 4878 repertum,
1304 4804 1599 4874 aliquando
1632 4802 1849 4872 quidem

257 4904 494 4974 gravius
541 4902 609 4956 ad
635 4899 971 4964 discendum,
1016 4896 1111 4952 sed
1139 4894 1407 4965 majorum
1436 4892 1591 4950 nobis
1615 4891 1851 4948 auctori-

260 5002 383 5050 tate
410 4992 796 5047 eontraditum.
827 4988 884 5044 Si
929 5003 1060 5060 ergo
1100 4988 1183 5043 vis
1214 4987 1355 5043 seire
1382 4986 1485 5042 hoc
1512 4985 1596 5041 vel
1628 4985 1721 5039 illo
1760 4983 1848 5039 die

258 5096 436 5158 quota
473 5086 545 5140 sit
568 5083 717 5149 luna,
752 5090 1003 5149 computa
1031 5080 1146 5134 dies
1169 5094 1201 5133 a
1229 5077 1496 5149 principio
1521 5075 1722 5141 mensis
1753 5071 1848 5128 Ja-

259 5179 453 5236 nuarii
480 5190 650 5246 usque
696 5175 752 5228 in
783 5174 923 5229 diem
952 5172 1018 5227 de
1044 5184 1152 5241 quo
1178 5168 1423 5238 inquiris.
1456 5167 1523 5225 Et
1564 5180 1685 5220 cum
1712 5163 1852 5220 scie-

262 5274 392 5335 ris;
427 5269 567 5324 adde
588 5268 753 5322 etiam
783 5265 922 5319 luna:
944 5278 1066 5332 qua:
1092 5260 1254 5315 fuerit
1292 5259 1345 5313 in
1372 5255 1625 5311 Kalendis
1650 5254 1853 5309 Janua-

260 5362 406 5423 riis;
459 5357 662 5428 partire
709 5354 892 5410 omnia
917 5368 1012 5423 per
1051 5347 1440 5419 quinquaginta
1466 5358 1682 5407 novem,
1715 5349 1773 5395 et
1806 5341 1854 5397 si

259 5451 510 5521 amplius
573 5448 777 5519 triginti
829 5441 1239 5504 remanserint,
1305 5435 1430 5490 tolle
1488 5433 1740 5502 triginta;
1798 5438 1853 5485 et

259 5543 423 5617 quod
457 5552 720 5612 superest,
750 5540 864 5609 ipsa
889 5543 974 5591 est
998 5535 1124 5588 luna
1154 5532 1259 5586 dici
1285 5543 1441 5600 quem
1475 5528 1691 5598 quaeris.
1715 5526 1849 5580 ltem

262 5638 316 5690 si
355 5634 441 5687 vis
470 5632 610 5686 seire
638 5630 740 5685 hoc
769 5627 852 5682 vel
879 5626 970 5680 illo
995 5624 1082 5679 die
1110 5627 1272 5692 quota
1313 5620 1383 5674 sit
1412 5617 1567 5680 feria,
1597 5623 1849 5684 computa

262 5730 395 5783 dies
445 5742 475 5779 a
518 5721 768 5779 Kalendis
813 5714 1084 5774 Januariis
1127 5727 1293 5782 usque
1343 5710 1397 5763 in
1447 5709 1586 5762 diem
1629 5706 1693 5760 de
1740 5720 1847 5773 quo

1956 1994 2147 2036 ccxxv.
2213 1978 2534 2049 September
2581 1981 2634 2035 in
2683 1981 2936 2038 Kalendis
2983 2000 3206 2053 ccxuv,
3260 1988 3312 2042 in
3366 1988 3500 2043 Non.

1953 2084 2212 2151 ccxbvm,
2242 2070 2296 2123 in
2329 2070 2453 2124 ldus
2479 2085 2652 2125 CCLvI.
2681 2070 2915 2126 October
2949 2073 3002 2127 in
3034 2075 3284 2131 Kalendis
3312 2092 3524 2145 ccxuv,

1953 2161 2009 2214 in
2070 2160 2209 2215 Non.
2263 2175 2515 2227 ccnxxx,
2555 2163 2609 2214 in
2668 2161 2793 2218 Idus
2848 2176 3172 2220 ccuxxvm.
3224 2166 3528 2223 November

1953 2252 2009 2307 in
2062 2251 2315 2306 Kalendis
2374 2267 2523 2319 cccv,
2587 2253 2639 2306 in
2678 2249 2816 2308 Non.
2872 2270 3069 2321 cccnx,
3132 2257 3187 2310 in
3250 2257 3372 2314 ldus
3432 2276 3526 2316 ccc

1951 2351 2008 2400 et
2054 2358 2151 2398 vn.
2215 2342 2510 2399 December
2562 2344 2615 2397 in
2653 2344 2906 2401 Kalendis
2970 2362 3240 2416 cccxxxv,
3292 2354 3346 2404 in
3387 2351 3523 2406 Non.

1951 2451 2238 2502 cccxxxtx,
2268 2437 2321 2490 in
2361 2435 2483 2491 Idus
2510 2453 2772 2493 cccxu'u.
2804 2437 2859 2493 Si
2890 2454 3018 2510 ergo
3060 2441 3142 2496 vis
3181 2444 3340 2509 scire,
3376 2446 3524 2501 verbi

1951 2527 2144 2595 gratia,
2191 2540 2332 2580 anno
2366 2534 2650 2596 praesente,
2700 2537 2862 2597 quota
2892 2537 2977 2583 est
3025 2528 3149 2583 luna
3180 2532 3232 2585 in
3275 2530 3528 2590 Kalendis

1949 2611 2198 2684 Augusti,
2228 2612 2430 2668 dicito:
2462 2613 2735 2684 Augustus
2770 2614 2824 2668 in
2874 2615 3124 2672 Kalendis
3153 2632 3346 2685 ccxm;
3391 2622 3528 2677 adde

1952 2704 2093 2760 diem
2116 2704 2469 2771 bissextilem,
2493 2708 2618 2776 quia
2649 2706 2917 2762 bissextus
2942 2708 3045 2763 hoc
3067 2724 3207 2766 anno
3230 2710 3350 2765 fuit.
3375 2714 3528 2770 Adde

1950 2806 2005 2852 et
2030 2798 2212 2854 lunam
2240 2802 2456 2855 tertiam
2486 2802 2771 2868 decimam,
2802 2819 2920 2868 quae
2948 2803 3123 2859 fuitin
3168 2806 3419 2863 Kalendis
3441 2807 3529 2863 Ja-

1949 2893 2156 2958 nuarii;
2207 2891 2343 2946 ﬁunt
2380 2908 2626 2958 ccxxvu;
2677 2895 2935 2949 subtrahe
2984 2910 3170 2961 unum,
3221 2898 3344 2966 quia
3383 2898 3525 2952 diem

1948 2981 2309 3039 Kalendarum
2339 2980 2714 3037 Januariarum
2756 2984 2839 3038 bis
2895 2982 3260 3039 adnumerasti
3290 2986 3343 3039 in
3379 2987 3527 3056 pi’ln-

1948 3075 2090 3146 cipio
2116 3075 2326 3130 dierum
2357 3074 2481 3129 anni
2516 3083 2572 3130 et
2602 3075 2654 3128 in
2692 3074 3043 3131 luminatione
3082 3078 3282 3132 mensis
3327 3074 3528 3131 Janua-

1952 3171 2034 3236 rii,
2082 3171 2447 3237 ﬁunt~ccxxv,
2477 3171 2679 3241 partire
2705 3186 2801 3241 per
2840 3186 2927 3225 ιιι
2958 3188 2971 3225 :
3008 3179 3088 3225 ter
3131 3187 3523 3239 th,,c1.xxvu-:

1954 3269 2009 3316 et
2035 3270 2316 3316 remanent
2362 3277 2560 3325 vam;
2613 3261 2793 3316 recide
2835 3278 2938 3327 xx,
2979 3267 3035 3316 et
3083 3270 3360 3316 remanent
3398 3278 3433 3315 x
3473 3270 3528 3316 et

1952 3366 2050 3406 vui
2082 3369 2095 3404 :
2124 3351 2249 3406 tolle
2270 3351 2623 3416 bissextilem,
2652 3366 2810 3421 quem
2836 3353 2888 3406 in
2920 3352 3045 3405 luna
3070 3351 3351 3407 Februarii
3377 3368 3527 3406 men-

1954 3444 2029 3498 sis
2077 3444 2347 3509 addidisti,
2380 3452 2435 3498 et
2475 3451 2679 3499 restant
2726 3445 2910 3499 decem
2936 3452 2989 3499 et
3015 3455 3261 3515 septem:
3300 3447 3524 3514 septima

1954 3532 2161 3587 decima
2188 3540 2271 3587 est
2294 3530 2420 3586 luna
2451 3547 2591 3587 anno
2618 3534 2872 3604 praesenti
2908 3534 2961 3587 in
2994 3534 3244 3588 Kalendis
3272 3533 3520 3605 Augusti.

1952 3620 2087 3678 Item
2122 3623 2167 3679 si
2204 3623 2286 3677 vis
2325 3624 2465 3679 scire
2491 3632 2652 3691 quota
2701 3623 2772 3677 sit
2809 3622 2943 3678 feria
2970 3623 3025 3676 in
3064 3623 3194 3692 ipsis
3235 3622 3524 3689 Kalendis,

1953 3714 2120 3770 dicito
2146 3733 2158 3769 :
2186 3714 2461 3786 Augustus
2481 3714 2534 3767 in
2560 3713 2834 3777 Kalendis,
2855 3729 3042 3778 ccxm,
3062 3714 3317 3766 subtrahe
3339 3730 3526 3779 unum,

1953 3813 2010 3861 et
2040 3806 2175 3861 adde
2199 3805 2389 3859 feriam
2418 3818 2536 3873 qua:
2572 3803 2671 3857 fuit
2698 3803 2750 3856 in
2785 3802 3037 3856 Kalendis
3064 3800 3325 3865 Januarii,
3354 3803 3523 3867 idest,

1952 3897 2213 3967 primam;
2243 3895 2380 3950 adde
2399 3904 2452 3949 et
2473 3894 2613 3948 diem
2639 3893 2992 3959 bissextilem,
3020 3892 3155 3948 fiunt
3181 3893 3310 3948 item
3332 3907 3484 3947 ccxxv
3509 3911 3524 3960 ;

1952 3988 2156 4060 partire
2198 3987 2377 4040 omnia
2405 3999 2503 4054 per
2526 3993 2729 4054 septem
2776 4001 2790 4036 :
2825 3984 3006 4039 tricies
3055 3984 3281 4053 septeni,
3311 3999 3432 4049 ccx,
3470 3993 3530 4038 et

1953 4085 2233 4134 remanent
2262 4084 2492 4146 quatuor
2527 4095 2538 4129 :
2576 4085 2770 4146 quarta
2799 4073 2936 4130 feria
2966 4082 3050 4130 est
3094 4075 3147 4128 in
3186 4072 3304 4127 Kal.
3345 4074 3527 4145 Augu-

1953 4176 2085 4225 stas.

2494 4258 2721 4315 CAPUT
2754 4257 2969 4347 LXXV.

2025 4375 2158 4430 Item
2192 4381 2555 4444 argumentum
2582 4388 2673 4442 per
2697 4370 2808 4424 dies
2836 4367 3026 4424 mensis
3054 4367 3120 4423 de
3147 4369 3329 4424 eadem
3360 4386 3431 4423 re.

2024 4489 2295 4560 Adjiciunt
2318 4496 2373 4543 et
2418 4486 2562 4541 aliud
2608 4493 2984 4557 argumentum
3018 4499 3118 4555 per
3166 4485 3280 4540 dies
3326 4486 3527 4541 mensis

1875 4561 1929 4620 Β
1954 4583 2249 4641 secundum
2273 4580 2440 4635 solem
2466 4590 2522 4634 et
2549 4580 2843 4634 secundum
2869 4576 3051 4633 lunam
3077 4577 3171 4632 ita.
3196 4576 3256 4632 Si
3283 4578 3366 4634 vis
3386 4578 3528 4635 scire

1954 4685 2129 4748 quota
2151 4676 2221 4731 sit
2253 4674 2420 4740 feria,
2467 4673 2533 4728 de
2582 4685 2904 4741 quocunque
2930 4670 3017 4726 die
3045 4670 3316 4740 inquirere
3341 4666 3529 4725 volue-

1952 4770 2048 4834 ris,
2080 4769 2266 4837 accipe
2293 4767 2410 4823 dies
2456 4766 2624 4835 ipsius
2667 4763 2870 4820 mensis
2893 4761 3219 4832 prmteritos,
3262 4770 3317 4816 et
3362 4777 3527 4818 unum

1951 4876 2167 4931 semper
2187 4860 2463 4915 subtrahe.
2489 4858 2639 4913 Adde
2667 4868 2734 4928 et
2761 4871 3045 4912 numerum
3072 4863 3237 4926 quota
3263 4854 3427 4910 fuerit
3452 4854 3530 4910 fe‘

1953 4954 2034 5009 ria
2069 4955 2123 5008 in
2152 4952 2407 5007 Kalendis
2439 4950 2607 5019 ipsius
2636 4949 2856 5013 mensis,
2887 4948 3092 5017 partire
3111 4946 3295 5001 omnia
3312 4958 3417 5015 per
3437 4960 3527 4999 se—

1949 5055 2118 5116 ptem,
2148 5053 2205 5098 et
2225 5050 2357 5112 quot
2382 5040 2763 5103 remanserint,
2793 5045 2903 5094 tota
2942 5036 3079 5093 feria
3106 5037 3212 5090 erit
3249 5035 3393 5089 illius
3420 5035 3526 5089 diei

1953 5140 2021 5195 de
2049 5152 2157 5208 quo
2191 5134 2442 5205 inquiris,
2467 5141 2524 5186 et
2548 5132 2671 5187 luna
2701 5131 2968 5187 similiter.
3002 5128 3059 5185 Si
3098 5129 3182 5183 vis
3205 5127 3346 5182 scire
3364 5140 3527 5193 quom

1954 5233 2097 5306 luna-
2127 5239 2211 5285 est
2259 5228 2311 5283 in
2341 5240 2663 5296 unaquaque
2697 5224 2785 5279 die
2813 5222 3087 5294 praesenti,
3133 5217 3325 5287 collige
3367 5215 3528 5271 simul

1954 5331 2173 5393 epactas
2198 5334 2319 5389 quae
2361 5316 2582 5371 fuerunt
2622 5316 2677 5370 in
2722 5311 2979 5368 Kalendis
3004 5308 3206 5364 mensis
3237 5306 3528 5376 cujuscun-

1956 5428 2062 5486 que
2087 5412 2322 5468 volueris
2348 5418 2408 5464 et
2434 5409 2549 5464 dies
2572 5407 2774 5462 mensis
2800 5404 2942 5457 illius
2968 5415 3139 5469 usque
3185 5400 3241 5453 in
3284 5413 3523 5468 praesen-

1953 5517 2063 5563 tem
2095 5504 2393 5576 quamlibet
2420 5502 2596 5565 diem;
2649 5497 2855 5553 dimitte
2902 5506 3115 5562 semper
3171 5505 3371 5555 unum,
3421 5490 3525 5545 hoc

1951 5610 2052 5668 est,
2083 5600 2231 5654 illum
2257 5598 2399 5652 diem
2433 5592 2787 5647 Kalendarum
2805 5628 2818 5655 ,
2866 5587 2991 5655 quia
3020 5584 3170 5639 illum
3200 5580 3519 5652 computasti

1950 5712 2072 5751 cum
2100 5691 2324 5763 epactis,
2353 5702 2420 5741 ne
2461 5685 2653 5738 iterum
2677 5680 2874 5735 debeas
2913 5683 3226 5744 computare
3253 5688 3377 5728 cum
3410 5672 3507 5725 die
