3970 6198
408 326 502 380 'III

1052 315 1115 370 Β.
1160 311 1408 368 RABANI
1447 309 1666 368 MAURI
1704 307 2017 363 ABCHIEP.
2059 302 2364 360 MOGUNT.
2405 299 2687 357 OPERUM
2727 297 2903 353 PARS
2937 297 2975 351 I.

3549 295 3659 348 ἨΞ

398 441 502 497 bus
533 435 734 493 mensis
763 452 777 487 :
807 440 860 488 et
888 431 933 487 si
965 428 1053 484 ille
1082 428 1281 484 mensis
1315 425 1645 480 tricesimam
1675 423 1854 476 lunam
1881 419 1974 474 de-
2001 426 2052 487 Α
2077 433 2200 472 vum
2239 415 2635 470 embolismum.
2681 411 2960 466 IIendecas
2998 422 3210 478 quoque
3246 406 3386 478 cycli
3428 407 3655 467 lunaris.

400 533 492 586 bet
516 528 737 590 habere,
786 522 993 578 dimitte
1020 519 1274 589 triginta;
1324 523 1418 569 aut
1465 514 1510 569 si
1537 512 1849 566 vicesimam
1897 522 1989 562 no-.

406 633 531 673 nam
583 615 762 669 lunam
810 611 944 666 solet
988 608 1210 670 habere,
1262 603 1472 659 dimitte
1517 599 1704 672 viginti
1751 611 1985 652 novem:

409 715 604 777 quotus
633 716 890 757 numerus
919 695 1261 759 remanserit,
1297 700 1408 747 tota
1448 691 1553 744 erit
1581 696 1771 758 epacta
1802 687 1854 740 in
1901 685 1988 739 illa

409 799 514 853 die.
549 795 606 849 Si
637 800 815 846 autem
845 789 991 843 illum
1023 798 1306 840 numerum
1355 790 1690 851 epactarum,
1720 792 1841 846 quae
1869 790 1992 829 cur-

411 896 538 942 runt
565 887 619 940 in
664 881 916 937 Kalendis
953 877 1220 932 mensium
1251 883 1304 929 et
1334 873 1564 936 dierum,
1596 869 1861 924 mensium
1894 881 1994 920 nu-

413 993 595 1032 merus
641 974 798 1029 simul
845 986 949 1024 non
980 966 1288 1038 pervenerit
1335 964 1403 1018 ad
1432 962 1650 1033 triginta
1683 958 1765 1012 vel
1800 955 1993 1027 viginti

413 1080 628 1129 novem,
666 1070 862 1134 quotus
889 1070 1144 1113 numerus
1175 1053 1359 1118 fuerit,
1404 1059 1516 1105 tota
1542 1049 1648 1103 erit
1684 1047 1808 1101 luna
1857 1059 1994 1114 pra:-

415 1173 560 1212 SCIIS.

961 1259 1186 1317 CAPUT
1223 1257 1455 1312 LXXVI.

419 1405 493 1460 De
520 1402 686 1458 reditu
709 1411 756 1454 et
774 1407 1011 1469 computo
1031 1393 1301 1517 azl'ticulqri
1328 1400 1664 1456 utrarumque
1693 1391 1992 1453 epactarum

1009 1482 1066 1517 so
1092 1481 1134 1517 τε
1160 1473 1206 1516 et
1257 1477 1392 1514 unm.

1009 1473 1134 1520 80118
1160 1473 1206 1516 et
1236 1473 1392 1514 tuum.

492 1603 634 1656 DISC.
669 1599 802 1665 Quia
835 1597 899 1652 de
921 1595 1122 1665 epaclis
1150 1593 1278 1648 solis
1304 1600 1358 1646 et
1378 1589 1518 1643 lunae
1540 1603 1646 1642 non
1669 1599 1857 1655 parum
1881 1580 1993 1650 jam

421 1691 641 1752 dixisti,
692 1695 934 1756 superest
980 1693 1038 1738 u‘t
1075 1681 1340 1752 quomodo
1388 1675 1664 1732 articulari
1707 1673 1996 1742 digitorum

421 1791 672 1851 computo
703 1777 1024 1833 conveniant
1058 1776 1224 1830 dicas.
1269 1771 1409 1826 MAG.
1443 1769 1668 1835 Quidam
1699 1774 1902 1829 autem,
1928 1763 1997 1817 ob
2028 1765 2070 1822 Β

422 1870 796 1940 compendium
835 1864 1155 1929 calculandi,
1199 1861 1478 1929 utriusque
1521 1857 1711 1912 sideris
1751 1855 1993 1909 ordinem

420 1961 628 2020 circuli,
663 1969 716 2013 et
745 1957 938 2012 solaris
965 1954 1213 2009 videlicet
1233 1962 1287 2007 et
1313 1951 1538 2014 lunaris,
1578 1947 1911 2003 transferunt
1941 1945 1997 1998 in

424 2052 708 2107 articulos.
725 2049 860 2104 Nam
906 2049 1028 2117 quia
1082 2060 1274 2099 manus
1318 2044 1551 2097 humana
1607 2039 1864 2095 articulos
1897 2039 1994 2092 ha-

424 2146 514 2198 bet
544 2142 804 2211 adjunetis
835 2139 1100 2210 unguibus
1125 2137 1308 2191 decem
1331 2144 1384 2189 et
1410 2148 1620 2196 novem,
1662 2131 1888 2203 singulis
1915 2129 2000 2185 his

425 2234 663 2306 singulos
710 2241 956 2302 aptantes
1001 2243 1188 2291 annos,
1235 2225 1476 2280 lunarem
1517 2239 1736 2278 cursum
1777 2223 1830 2276 in
1870 2220 2001 2276 Imva

426 2338 586 2376 manu
617 2319 943 2375 intrinsecus
983 2333 1013 2370 a
1061 2315 1239 2370 radice
1283 2312 1492 2384 pollicis
1539 2312 1823 2381 incipiunt,
1863 2319 1920 2365 et
1947 2309 2001 2364 in

427 2428 602 2483 ungue
644 2411 868 2466 minoris
901 2409 1053 2480 digiti
1103 2406 1424 2462 intrinsecus
1461 2404 1711 2459 eumdem
1755 2416 2003 2457 consum-

429 2514 595 2558 mant.
628 2502 761 2556 Item
793 2503 917 2570 quia
944 2514 1134 2554 manus
1169 2498 1308 2552 bina:
1333 2496 1610 2559 articulos,
1637 2495 1878 2564 exceptis
1903 2509 2005 2547 un-

430 2592 652 2662 guibus,
683 2589 883 2645 habent
911 2588 1099 2659 viginti
1133 2595 1274 2652 octo,
1305 2586 1390 2640 his
1416 2584 1654 2654 singulos
1689 2599 1860 2637 annos
1886 2582 2001 2636 sin-

432 2681 569 2753 gulis
589 2687 796 2752 aptant,
828 2680 1142 2734 inchoantes
1170 2691 1200 2730 a
1231 2675 1454 2730 minimo
1477 2673 1621 2728 hera:
1649 2671 1814 2743 digito
1835 2712 1849 2735 ,
1878 2681 1932 2726 et
1950 2672 2005 2725 in

431 2772 632 2826 dextra:
677 2769 868 2840 pollice
909 2767 1258 2838 complentes,
1303 2780 1411 2821 non
1449 2772 1510 2818 ut
1550 2763 1603 2817 in
1645 2762 1818 2816 lunari
1857 2760 2008 2832 cyclo

433 2863 670 2935 singulos
699 2878 763 2918 ex
795 2862 982 2917 ordine
1013 2861 1208 2930 digitos
1229 2857 1597 2928 expedientes,
1626 2853 1720 2910 sed
1753 2853 1822 2908 ob
1847 2853 2010 2907 ratio-

431 2967 560 3006 nem
596 2951 913 3021 quadrantis
955 2965 1051 3021 per
1091 2956 1382 3018 quaternos
1416 2955 1783 3000 transversum
1817 2943 2010 3014 digitos

431 3041 841 3112 quadriennium
870 3055 1029 3096 omne
1050 3038 1347 3110 signantes,
1377 3037 1451 3090 ita
1475 3043 1536 3089 ut
1560 3034 1905 3089 minimorum
1925 3034 2009 3088 bis

434 3105 572 3184 t-erni
595 3128 806 3183 articuli
825 3105 1352 3198 digitorum'totidem
1374 3122 1676 3178 bissextiles
1699 3121 2010 3179 contineant
2036 3105 2080 3169 C

435 3235 624 3286 annos,
657 3220 782 3274 item
808 3218 1235 3290 proximoruma
1257 3215 1494 3271 minimis
1520 3215 1603 3270 bis
1631 3215 1769 3270 terni
1799 3214 2010 3302 a/rticuli

435 3311 721 3389 digitorum
742 3311 1019 3380 proximos
1048 3311 1117 3365 ab
1149 3310 1234 3365 his
1263 3309 1431 3364 ter'nis
1459 3307 1710 3363 bissextis
1736 3322 1906 3363 annos
1928 3315 2011 3362 to-

438 3402 601 3457 tidem
640 3402 926 3472 explicent,
958 3401 1178 3456 secundi
1217 3399 1463 3454 similiter
1491 3395 1761 3452 secundos
1789 3405 1844 3452 et
1868 3397 2014 3452 tertii

437 3491 588 3561 digiti
611 3491 796 3545 tertios
821 3488 1040 3544 totidem
1062 3505 1230 3544 annos
1254 3505 1407 3559 aequa
1429 3489 1637 3544 ratione
1655 3488 2014 3558 complectan-

439 3591 551 3644 tur,
575 3595 736 3650 porro
762 3580 1021 3649 septimus
1041 3579 1333 3634 bissextilis
1355 3594 1475 3633 cum
1501 3577 1672 3633 tribus
1697 3592 1753 3634 se
1787 3592 2015 3648 sequen-

441 3672 582 3726 tibus
610 3672 764 3726 annis
787 3672 871 3727 bis
895 3672 1051 3726 binos
1073 3673 1173 3727 sibi
1195 3671 1444 3742 pollicum
1472 3671 1710 3726 vindicet
1739 3670 2012 3726 articulos.

439 3761 564 3818 Haec
605 3763 717 3818 sive
756 3763 860 3818 hoc
897 3762 1011 3817 sive
1044 3761 1148 3818 alio
1180 3764 1408 3833 quisque
1454 3762 1557 3818 sibi
1601 3760 1893 3817 calculator
1928 3777 2018 3817 or-

440 3853 625 3911 dinare
668 3853 895 3910 voluerit
930 3855 1107 3917 modo,
1140 3854 1494 3910 nihilominus
1532 3855 1791 3910 circulum
1817 3853 2016 3909 utrius-

440 3962 545 4016 que
603 3947 794 4001 sideris
831 3946 1060 4002 libenter
1099 3947 1312 4015 capient
1359 3960 1569 4000 manus.
1623 3944 1729 4000 Sed
1774 3945 2020 3999 inumera

440 4039 600 4108 hujus
628 4039 940 4110 disciplima,
977 4039 1116 4094 sicut
1145 4047 1200 4094 et
1226 4047 1541 4094 caterarum
1565 4039 1761 4094 artium
1784 4078 1799 4104 ,
1827 4039 2021 4094 melius

440 4131 576 4184 vivae
611 4130 758 4186 vocis
798 4130 1031 4199 alloquio
1071 4145 1230 4200 quam
1273 4129 1396 4200 styli
1436 4130 1701 4211 signantis
1737 4129 2022 4184 traduntur

441 4221 638 4276 cilicio.

974 4330 1200 4389 CAPUT
1229 4331 1482 4388 LXXVII.

1003 4459 1081 4516 De
1098 4459 1240 4532 cyclo
1259 4459 1456 4514 lunari.

519 4592 662 4646 Dtsc.
690 4591 835 4662 Cycli
861 4591 1066 4644 lunaris
1086 4589 1226 4656 volo,
1241 4598 1296 4644 et
1318 4590 1588 4646 inhianter
1605 4590 1781 4659 cupio,
1805 4605 1834 4644 a
1858 4597 1908 4644 te
1933 4606 2021 4646 ra-

450 4683 652 4739 tionem
702 4681 907 4735 audire.
964 4679 1104 4734 MAG.
1167 4679 1361 4750 Cyclus
1412 4694 1543 4749 ergo
1591 4677 1792 4734 lunaris
1835 4680 2022 4750 quinta

453 4771 672 4841 regione
706 4769 890 4823 circuli
919 4767 1405 4824 decennovennalis
1434 4767 1738 4832 includitur,
1772 4784 1802 4822 a
1831 4779 2024 4839 quarto

451 4859 568 4930 ejus
601 4859 884 4930 incipiens,
909 4868 964 4914 et
994 4859 1154 4914 tertio
1181 4858 1479 4929 completur
1509 4859 1561 4913 in
1587 4873 1758 4925 anno;
1784 4860 1873 4929 qui
1902 4875 2025 4929 pro-

450 4952 564 5023 prie
593 4950 954 5007 Romanorum
985 4959 1102 5015 est,
1135 4958 1190 5005 et
1217 4949 1284 5004 ad
1309 4964 1546 5004 mensem
1565 4947 1879 5004 Ianuarium
1906 4965 2028 5019 pera

453 5044 649 5098 tinens.
689 5041 824 5096 Nam
868 5042 1008 5097 sicut
1063 5055 1234 5096 annus
1271 5039 1496 5110 quisque
1544 5039 2028 5095 decennovennalis

451 5133 636 5189 circuli
678 5140 900 5204 prepter
947 5130 1169 5202 legalem
1212 5128 1559 5184 Hebraeorum
1597 5128 2027 5186 observationem

452 5239 481 5278 a
517 5224 755 5294 paschali
793 5238 979 5278 mense
1009 5223 1258 5286 inchoat,
1287 5219 1591 5290 ibidemque
1628 5218 1840 5284 linitur,
1871 5219 1944 5274 ita
1973 5227 2028 5274 et

455 5319 541 5373 hic
562 5319 927 5373 Romanorum
968 5316 1304 5372 institutione
1342 5331 1372 5368 a
1399 5314 1522 5368 luna
1556 5313 1796 5369 Januarii
1823 5315 2024 5370 mensis

454 5409 694 5474 inchoat,
728 5415 891 5477 atque
930 5407 1002 5462 ibi
1049 5405 1266 5461 desinit.
1326 5403 1478 5459 Sicut
1511 5404 1629 5469 ille,
1680 5406 1760 5460 sic
1801 5415 1857 5462 et
1900 5407 2023 5470 iste,

455 5499 684 5569 primum
726 5509 786 5553 et
838 5497 1133 5553 secundum
1183 5510 1496 5551 communes
1549 5509 1748 5559 annos,
1809 5495 2023 5550 tertium

455 5589 619 5643 habet
645 5589 1041 5653 embolismum,
1068 5597 1320 5659 quartum
1341 5595 1395 5642 et
1417 5586 1664 5656 quintum
1692 5600 2025 5644 communes.

460 5691 670 5734 sextum
713 5682 1110 5746 embolismum,
1153 5681 1439 5750 septimum
1481 5695 1842 5746 communem,
1880 5688 2027 5733 octa-

2091 509 2261 563 instar
2301 503 2791 575 decennovennalis
2817 500 3034 572 (circuli,
3074 507 3280 568 septem
3309 512 3482 552 annos
3511 511 3660 551 com-

2090 614 2280 654 munes
2307 607 2362 653 et
2407 605 2638 666 quatuor
2678 593 3024 648 embolismos
3055 591 3312 646 continet.
3364 589 3433 643 Et
3467 587 3669 643 habent

2090 703 2403 747 communes
2441 687 2567 740 anni
2609 699 2824 739 menses
2868 683 3082 744 lunares
3121 680 3427 744 duodecim,
3474 680 3530 734 id
3563 688 3670 743 est,

2093 784 2208 838 dies
2237 787 2510 836 trecentos
2539 777 2928 848 quinquaginta
2955 782 3204 844 quatuor,
3241 771 3543 828 embolismi
3569 787 3672 824 au-

2095 881 2202 929 tem
2241 886 2453 927 menses
2480 868 2759 933 tredecim,
2784 867 2898 921 dies
2923 865 3170 920 videlicet
3191 873 3463 919 trecentos
3484 873 3674 917 octua-

2094 963 2242 1032 ginta
2273 968 2522 1030 quatuor,
2557 969 2754 1029 prmter
2783 972 2947 1010 unum
2975 957 3236 1010 duntaxat
3267 955 3554 1026 septimum
3577 954 3675 1008 de-

2095 1054 2294 1106 cimum
2324 1051 2459 1120 cycli
2489 1048 2650 1118 hujus
2683 1063 2883 1102 annum
2903 1087 2918 1112 ,
2946 1047 3038 1116 qui
3065 1055 3150 1101 est
3186 1044 3682 1100 decennovennalis

2095 1143 2321 1212 primus,
2354 1141 2408 1194 in
2443 1156 2546 1209 qua
2584 1154 2724 1193 unus
2753 1139 2868 1193 dies
2907 1137 3116 1192 ratione
3147 1137 3317 1192 saltus
3347 1135 3555 1189 lunaris
3593 1135 3678 1187 in—

2097 1233 2402 1302 tercipitur.
2428 1230 2731 1284 Notandum
2755 1237 2937 1282 autem
2963 1228 3106 1297 quod
3128 1227 3337 1296 primus
3357 1225 3497 1296 cycli
3525 1224 3685 1278 luna-

2099 1324 2180 1378 ris
2201 1337 2375 1376 annus
2395 1321 2514 1375 ideo
2538 1321 2590 1374 in
2609 1331 2805 1388 quarto
2826 1317 3307 1373 decennovennalis
3329 1315 3518 1377 circuli
3541 1330 3687 1368 anno

2100 1414 2304 1484 incipit,
2344 1411 2470 1482 quia
2505 1410 2737 1481 primam
2766 1409 2930 1463 habet
2959 1416 3086 1462 tunc
3127 1407 3308 1460 lunam
3335 1405 3388 1459 in
3427 1404 3687 1458 Kalendis

2097 1503 2384 1559 Ianuariis.
2425 1503 2492 1555 Et
2531 1501 2610 1555 sic
2644 1516 2743 1571 per
2769 1500 2978 1555 diversa
3007 1500 3123 1553 loca
3153 1497 3364 1553 czeteris
3394 1496 3552 1550 annis
3601 1495 3686 1548 in-

2104 1595 2338 1658 choans,
2379 1593 2595 1646 tandem
2645 1601 2768 1661 post
2826 1591 3012 1645 decem
3066 1597 3122 1644 et
3163 1603 3356 1644 novem
3407 1601 3581 1643 annos
3616 1587 3689 1640 ad

2103 1686 2353 1741 eumdem
2403 1684 2578 1744 locum
2608 1682 2918 1736 revertitur.

2605 1832 2831 1890 CAPUT
2877 1830 3150 1886 LXXVIII.

2493 1968 2867 2036 Argumentum
2902 1961 3105 2016 lunaris
3130 1961 3281 2031 cycli.

2171 2107 2316 2162 DISC.
2360 2103 2749 2174 Argumentum
2788 2095 3028 2166 ejusdem
3061 2093 3196 2166 cycli
3237 2091 3501 2162 exprime.
3541 2089 3685 2145 Mm.

2104 2197 2160 2252 Si
2187 2197 2269 2252 vis
2299 2210 2457 2250 nosse
2480 2191 2661 2264 cyclus
2681 2191 2820 2244 lunae
2841 2198 3104 2258 quantum
3133 2201 3333 2239 annum
3353 2192 3501 2255 agat,
3530 2197 3688 2238 sume

2103 2302 2273 2342 annos
2310 2282 2543 2348 Domini,
2574 2291 2634 2336 ut
2672 2288 2800 2351 puta
2827 2293 3050 2334 occcxx.
3092 2275 3188 2329 His
3229 2274 3491 2329 subtrahe
3531 2273 3687 2336 duos,

2105 2377 2226 2447 quia
2258 2375 2472 2447 quando
2511 2371 2768 2427 Dominus
2812 2370 3124 2424 incarnatus
3154 2374 3270 2430 est,
3315 2365 3421 2421 duo
3456 2365 3591 2419 anni
3626 2364 3691 2419 de

2106 2467 2254 2540 cyclo
2292 2464 2464 2521 lunari
2512 2462 2886 2519 remanserint.
2931 2458 3235 2514 Subtractis
3266 2473 3394 2528 ergo
3436 2456 3687 2522 duobus,

2106 2562 2391 2611 remanent
2424 2552 2716 2623 octingenti
2763 2552 2948 2606 decem
2979 2557 3034 2605 et
3055 2555 3196 2604 octo.
3229 2546 3338 2602 llos
3363 2546 3570 2616 partire
3595 2561 3692 2615 per

2109 2647 2294 2701 decem
2314 2653 2369 2700 et
2394 2657 2622 2699 novem:
2653 2641 2974 2713 quadragies
2999 2640 3120 2696 deni
3149 2647 3204 2694 et
3231 2638 3444 2704 noveni,
3477 2653 3688 2703 nccu;

2120 2735 2247 2790 item
2275 2746 2357 2790 ter
2387 2724 2509 2790 deni
2535 2741 2590 2787 et
2618 2732 2832 2797 noveni,
2859 2746 2979 2796 va;
3013 2729 3106 2799 qui
3128 2728 3497 2799 superioribus
3515 2727 3690 2799 juncti

2110 2825 2314 2880 faciunt
2338 2839 2466 2880 accc
2487 2831 2543 2878 et
2565 2838 2696 2889 xvn,
2720 2829 2772 2877 et
2799 2829 3040 2876 remanet
3061 2835 3201 2875 unus
3235 2837 3247 2873 :
3285 2819 3492 2891 primus
3516 2834 3694 2874 annus

2111 2927 2195 2974 est
2236 2916 2374 2989 cycli
2407 2915 2630 2971 lunaris.
2678 2913 2900 2980 Quoties
2939 2923 3119 2970 autem
3158 2911 3292 2967 nihil
3342 2912 3687 2978 remanserit,

2111 3021 2286 3062 nonus
2306 3005 2544 3061 decimus
2566 3015 2646 3060 est
2673 3019 2862 3058 annus.

2649 3157 2875 3215 CAPUT
2911 3157 3144 3214 LXXIX.

2113 3301 2487 3372 Argumentum
2523 3305 2682 3368 quota
2724 3297 2792 3350 sit
2837 3294 2962 3348 luna
3001 3295 3057 3348 in
3103 3291 3355 3348 Kalendis
3393 3292 3689 3348 Ianuariis.

2184 3437 2242 3494 Si
2269 3450 2398 3492 vero
2426 3435 2560 3491 velis
2596 3448 2754 3489 nosse
2778 3440 2940 3504 quota
2973 3432 3136 3488 fuerit
3167 3431 3287 3486 luna
3326 3430 3690 3486 Kalendarum

2111 3531 2511 3596 Ianuariarum,
2525 3529 2675 3583 verbi
2688 3527 2879 3596 gratia,
2898 3540 3040 3581 anno
3051 3522 3302 3595 praesenti
3315 3525 3690 3580 decennoven-

2115 3624 2224 3679 nali
2254 3629 2468 3693 quarto,
2507 3619 2680 3674 lunari
2724 3618 2918 3689 primo,
2959 3630 3112 3671 sume
3151 3614 3358 3687 cyelum
3401 3613 3544 3668 luna:
3583 3616 3691 3683 pri-

2115 3731 2292 3779 mum,
2326 3710 2621 3783 multiplica
2653 3724 2750 3780 per
2777 3707 3044 3763 undecim.
3077 3705 3342 3762 Undecies
3377 3719 3522 3760 unus
3560 3702 3696 3757 ﬁunt

2116 3808 2392 3874 undecim;
2435 3804 2571 3859 adde
2595 3817 2761 3857 unum
2793 3799 3112 3871 regularem,
3147 3798 3248 3852 hoc
3276 3805 3382 3862 est,
3409 3796 3554 3852 diem
3579 3794 3688 3850 Ka-

2117 3898 2398 3953 lendarum
2433 3891 2834 3955 Ianuariarum,
2867 3889 3002 3944 ﬁunt
3023 3886 3303 3943 duodecim
3331 3904 3343 3939 :
3373 3885 3690 3963 duodecima

2117 3986 2244 4040 luna
2285 3983 2386 4038 fuit
2420 3981 2474 4037 in
2508 3979 2761 4036 Kalendis
2798 3976 3089 4032 Ianuariis.
3124 3975 3257 4030 Item
3289 3975 3335 4031 si
3362 3974 3497 4030 velis
3533 3988 3691 4028 nosse

2118 4092 2261 4130 anno
2279 4073 2454 4129 lunari
2475 4072 2664 4142 quinto
2684 4077 2847 4141 quota
2878 4068 2949 4124 sit
2974 4067 3099 4123 luna
3128 4067 3182 4122 in
3204 4065 3458 4121 Kalendis
3483 4061 3690 4119 'Ianua-

2118 4168 2246 4232 riis,
2289 4163 2583 4234 multiplica
2617 4162 2853 4231 quinque
2893 4175 2990 4230 per
3038 4157 3319 4221 undecim,
3354 4156 3490 4211 tiunt
3533 4156 3691 4228 quin.

2119 4259 2378 4331 quaginta
2419 4256 2690 4326 quinque;
2739 4252 2874 4307 adde
2912 4266 3080 4306 unum
3117 4265 3335 4321 semper
3365 4249 3690 4321 regularem,

2122 4351 2259 4405 liunt
2288 4345 2677 4419 quinquaginta
2703 4357 2833 4409 sex;
2874 4342 3077 4412 partire
3101 4356 3201 4410 per
3231 4340 3446 4411 triginta
3465 4379 3482 4406 ,
3521 4354 3696 4394 rema-

2047 4454 2100 4513 1)
2126 4450 2255 4498 nent
2277 4441 2465 4513 viginti
2507 4455 2604 4496 sex
2637 4457 2650 4492 :
2681 4436 2938 4492 vicesima
2971 4443 3122 4490 sexta
3155 4441 3239 4489 est
3263 4433 3390 4489 luna
3420 4433 3472 4487 in
3503 4432 3699 4487 Kalen-

2126 4534 2211 4589 dis
2245 4531 2516 4588 Ianuariis
2544 4545 2685 4584 anno
2721 4528 2910 4598 quinto
2947 4527 3083 4598 cycli
3123 4526 3346 4581 lunaris.
3389 4525 3519 4580 Item
3545 4539 3699 4579 sume

2126 4631 2372 4693 septem,
2423 4619 2716 4690 multiplica
2762 4633 2858 4687 per
2899 4616 3149 4671 undecim
3174 4655 3190 4681 ,
3247 4614 3383 4669 ﬁunt
3427 4613 3698 4684 octoginta

2126 4723 2250 4770 octo
2275 4729 2289 4779 ;
2321 4712 2460 4768 adde
2487 4724 2654 4766 unum
2678 4707 3000 4779 regularem,
3032 4716 3088 4762 et
3110 4705 3312 4776 partire
3333 4720 3429 4774 per
3457 4702 3698 4772 triginta,

2128 4810 2405 4859 remanent
2434 4799 2621 4871 viginti
2669 4814 2862 4854 novem
2911 4815 2924 4850 :
2969 4796 3224 4852 vicesima
3274 4810 3416 4849 nona
3451 4802 3535 4848 est
3573 4792 3700 4846 luna

2132 4896 2186 4950 in
2218 4893 2471 4950 Kalendis
2493 4907 2654 4962 supra
2690 4890 2908 4960 scriptis
2928 4904 3070 4944 anno
3091 4887 3226 4959 cycli
3255 4885 3459 4940 lunaris
3482 4891 3699 4939 octavo.

2134 4988 2364 5043 Tantum
2390 4998 2597 5040 memor
2626 4991 2744 5040 esto
2780 4981 2992 5037 decimo
3028 4981 3287 5049 septimo,
3331 4985 3519 5033 octavo
3545 4973 3699 5028 deei-

2133 5095 2255 5147 mo,
2317 5085 2372 5134 et
2417 5077 2625 5133 decimo
2671 5088 2814 5130 nono
2865 5072 2998 5144 cycli
3040 5070 3322 5126 memorati
3367 5082 3534 5130 anno,
3591 5079 3700 5119 non

2134 5187 2322 5238 unum,
2358 5179 2419 5225 ut
2457 5175 2511 5224 in
2551 5168 2794 5240 reliquis,
2833 5167 2928 5222 sed
2965 5166 3098 5220 duos
3127 5163 3360 5233 adjicere
3385 5157 3697 5230 regulares:

2131 5274 2188 5319 et
2216 5263 2396 5319 lunam
2430 5259 2790 5315 Kalendarum
2829 5255 3200 5312 Ianuariarum
3234 5254 3353 5308 sine
3387 5261 3566 5307 errore
3613 5260 3697 5299 re-

2128 5371 2324 5428 penes.
