3970 6198
251 302 349 358 713

792 406 1017 465 CAPUT
1050 405 1263 461 LXXX.

552 544 632 599 De
651 554 841 610 quarta
868 545 1069 599 decima
1092 545 1219 597 [uita
1252 542 1510 627 paschali.

316 679 464 734 Dtsc.
491 675 645 731 Nunc
661 674 798 746 jam,
831 676 885 732 ni
912 675 1087 749 fallor,
1122 676 1272 731 locus
1288 677 1493 746 expetit
1512 684 1568 730 et
1592 674 1727 730 ordo
1757 683 1818 729 ut

244 775 310 827 de
345 779 540 841 quarta
566 769 776 825 decima
814 769 942 837 luna
977 769 1192 839 paschae
1232 769 1399 835 dicas,
1434 783 1554 840 qua
1580 777 1827 823 nostrum

246 859 452 915 Pascha
490 860 849 915 demonstrat.
896 859 1035 915 Msa.
1066 860 1233 930 Igitur
1279 861 1353 914 ita
1393 870 1478 914 est
1504 866 1564 931 ut
1604 861 1823 915 asseris.

248 951 446 1021 Sextus
500 949 770 1021 smpedicti
832 950 1018 1006 circuli
1078 950 1228 1006 locus
1271 951 1618 1020 amplectitur
1672 950 1828 1004 lunas

242 1033 469 1113 quartas
507 1032 745 1096 decimas
783 1040 947 1110 primi
988 1041 1226 1106 mensis,
1265 1040 1459 1111 quibus
1502 1049 1713 1097 veteres
1743 1055 1829 1098 se-

244 1132 478 1208 cundum
512 1131 683 1202 legem
726 1129 895 1203 Moysi
931 1130 1136 1186 Pascha
1171 1132 1548 1198 celebrabant;
1590 1132 1828 1201 ipsasque

243 1211 467 1278 Pascha:
507 1210 720 1276 Domini
765 1220 906 1275 diem
948 1222 1179 1293 singulis
1224 1216 1625 1293 annis’absque
1678 1222 1825 1277 omni

245 1317 597 1385 ambiguitate
637 1314 1015 1369 demonstrant
1040 1314 1392 1370 Christianis.
1433 1314 1676 1386 Namque
1703 1323 1827 1386 post

242 1417 493 1480 quartam
539 1408 803 1463 decimam
851 1394 1034 1479 lunam
1082 1407 1361 1461 Dominiea
1397 1406 1522 1463 dies
1565 1408 1825 1473 occurrit,

243 1501 358 1570 ipsa
414 1507 500 1553 est
542 1498 813 1568 paschalis
864 1492 1157 1553 Domitiicte
1220 1498 1636 1569 resurrectionis
1689 1498 1824 1554 dies.

240 1592 383 1660 Quae
413 1591 627 1659 quidem
669 1592 862 1661 quarta
902 1589 1107 1643 decima
1144 1587 1270 1642 luna
1302 1587 1531 1658 primum
1565 1589 1620 1642 in
1660 1577 1827 1659 atqui-

240 1684 448 1745 noctio,
481 1682 530 1735 id
565 1692 667 1745 est,
700 1682 752 1735 in
791 1681 1108 1735 duodecima
1142 1679 1503 1734 Kalendarum
1537 1680 1822 1748 Aprilium,

1518 294 1719 350 LIBER
1760 294 1846 349 ne
1883 253 2224 352 couPUro.

1856 414 1905 474 Α
1932 406 2130 459 mirum
2181 406 2465 460 undecimo
2522 401 2881 461 Kalendarum
2928 418 3092 475 supra
3147 413 3501 476 scriptarum,

3401 291 3505 350 71‘

1930 497 2069 551 sicut
2107 509 2251 564 saepe
2292 496 2492 550 dictum
2524 504 2629 559 est,
2674 496 2924 566 proprius
2954 504 3037 551 est
3084 497 3324 551 omnium
3357 498 3508 555 locus

1928 594 2258 656 cpactarnm.
2298 584 2393 639 Sin
2441 590 2622 640 autem
2659 586 2941 655 pauciores
2990 594 3117 641 sunt
3160 596 3381 657 epaetae,
3427 589 3508 643 di-

1926 678 2104 731 mittat
2125 692 2225 732 eas
2248 691 2496 731 crescere
2525 692 2624 746 per
2654 677 2769 731 dies
2798 692 2968 746 usque
2993 676 3119 732 dum
3140 686 3391 748 quartum
3417 679 3512 735 de-

1929 769 2128 823 cimum
2160 769 2423 838 impleant
2447 783 2763 833 numerum;
2797 777 2850 824 et
2878 769 2951 824 ibi
2977 784 3036 825 se
3071 770 3253 825 lunam
3287 771 3509 828 Pascha:

1929 871 2179 934 quartam
2215 863 2481 918 decimam
2513 861 2714 917 habere
2740 877 2847 917 non
2879 862 3106 917 dubitet.
3138 863 3308 919 Porro
3324 864 3508 933 plures

1929 956 2285 1026 quindenario
2326 946 2553 1012 numero
2599 956 2644 1011 si
2690 957 2940 1011 habuerit
2982 967 3247 1027 cpactas,
3306 967 3361 1013 et
3411 960 3509 1013 has

1929 1063 2102 1118 usque
2126 1050 2200 1104 ad
2219 1049 2553 1104 tricesimum
2581 1062 2883 1111 numerum,
2917 1048 2971 1101 id
3001 1057 3097 1112 est,
3130 1050 3298 1119 ipsius
3320 1050 3507 1105 termi-

1928 1156 2059 1195 num
2099 1141 2324 1206 mensis,
2358 1155 2454 1210 per
2495 1140 2609 1195 dies
2631 1152 2877 1194 crescere
2906 1140 3071 1195 sinat.
3090 1164 3093 1167 ·
3114 1140 3179 1195 Ει
3206 1140 3284 1195 sic
3308 1156 3339 1194 a
3370 1155 3507 1195 nova

1928 1233 2054 1286 luna
2096 1232 2373 1298 inchoans,
2428 1243 2592 1301 atque
2630 1245 2801 1300 usque
2841 1232 2909 1285 ad
2951 1240 3200 1301 quartam
3246 1233 3510 1288 decimam

1930 1334 1998 1377 ex
2021 1323 2216 1378 ordine
2240 1338 2585 1393 percurrens,
2619 1324 2761 1378 diem
2793 1323 2933 1378 votis
2959 1324 3303 1394 paschalibus
3327 1333 3511 1394 aptum

1930 1419 2034 1474 rite
2060 1420 2309 1489 reperiet.
2351 1417 2457 1473 Sed
2488 1429 2541 1473 et
2574 1420 2677 1474 hoc
2714 1418 3008 1473 notandum
3039 1419 3162 1488 quia
3195 1431 3390 1487 quarta
3422 1420 3515 1473 de-

1932 1507 2070 1583 cima
2098 1507 2223 1561 luna
2242 1550 2255 1571 ,
2287 1508 2331 1561 si
2363 1508 2665 1562 communis
2695 1515 2778 1562 est
2805 1523 3011 1571 annus,
3044 1509 3292 1563 undecim
3322 1509 3513 1563 diebus

1928 1597 2112 1666 prius;
2154 1599 2201 1651 si
2228 1612 2354 1653 vero
2379 1598 2749 1662 embolismus,
2790 1599 2973 1654 decem
3008 1607 3064 1653 et
3102 1613 3296 1653 novem
3327 1600 3517 1655 diebus

1930 1690 2143 1767 tardius
2164 1706 2324 1760 quam
2347 1692 2686 1761 prmcedente
2712 1706 2854 1745 anno
2879 1691 3170 1745 transierat
3194 1704 3409 1760 semper
3428 1707 3517 1746 rc-

240 1775 488 1828 nltimum
531 1766 796 1827 vicesimo
832 1772 957 1826 anni
987 1772 1055 1827 ab
1083 1772 1212 1826 hinc
1242 1772 1359 1835 die,
1388 1772 1442 1825 id
1482 1779 1587 1836 est,
1631 1780 1826 1841 quarta
1856 1770 1904 1828 B
1932 1766 2374 1851 dire'consuevit,
2421 1789 2648 1851 excepto
2676 1797 2783 1835 uno
2821 1781 3086 1836 duntaxat
3118 1781 3294 1852 primo
3330 1781 3517 1836 circuli

240 1865 450 1918 decima
496 1863 858 1917 Kalendarum
900 1862 1193 1926 Maiarum,
1234 1873 1389 1915 suum
1435 1876 1661 1930 vespere
1707 1872 1832 1931 pro-

239 1970 453 2009 cessum
477 1954 529 2007 in
558 1955 719 2009 terris
741 1954 998 2008 ostendit.
1029 1953 1236 2019 Quibus
1260 1952 1506 2007 terminis
1537 1952 1633 2022 per
1658 1962 1830 2007 annos

240 2047 411 2101 denos
459 2056 514 2100 et
564 2044 817 2100 novenos
844 2044 1001 2115 legali
1052 2053 1295 2113 tempore
1320 2029 1603 2112 paschalis
1643 2045 1833 2098 obser-

239 2137 440 2190 vantiae
474 2137 749 2209 discursus
796 2144 1011 2190 constat
1048 2150 1169 2190 esse
1206 2121 1647 2216 comprehensus.
1680 2132 1745 2189 Et
1785 2135 1831 2189 si

243 2229 363 2284 ﬁeri
388 2229 560 2299 possit
588 2236 645 2283 ut
678 2230 867 2284 eadem
902 2228 1153 2283 omnibus
1181 2227 1338 2283 annis
1366 2227 1577 2282 sabbati
1599 2228 1683 2281 die
1707 2227 1833 2291 luna

237 2316 435 2392 quarta
485 2321 694 2376 decima
744 2321 1078 2392 contigisset,
1128 2319 1261 2375 nihil
1310 2329 1515 2375 nostra:
1560 2320 1831 2399 paschalis

236 2406 604 2468 observantiae
630 2423 841 2482 tempus
871 2426 901 2465 a
932 2411 1089 2482 legali
1112 2411 1465 2480 discreparet.
1490 2409 1625 2464 Nam
1653 2418 1708 2464 et
1728 2401 1832 2479 ipsi

233 2506 395 2575 juxta
439 2496 573 2573 legis
610 2503 787 2557 edicta
817 2518 1033 2572 semper
1060 2510 1255 2571 quarta
1278 2501 1485 2555 decima
1514 2500 1639 2553 luna
1669 2499 1832 2568 primi

239 2593 448 2648 mensis
472 2594 540 2647 ad
569 2608 850 2663 vesperam
880 2589 1222 2645 immolantes
1250 2599 1305 2645 et
1333 2589 1679 2646 comedentes
1708 2590 1832 2659 agni

237 2683 755 2747 .‘n'tmolati'carnem
777 2724 791 2748 ,
826 2682 1249 2753 Sanguinem’que
1288 2680 1431 2734 illiUS
1468 2682 1535 2734 a‘d
1568 2679 1831 2749 repellen-

238 2776 370 2831 dum
417 2774 898 2832 exterminatorem
941 2773 1141 2828 nostris
1179 2772 1423 2843 postibus
1466 2780 1831 2841 aspergentes,

241 2868 291 2921 id
324 2864 437 2933 est,
469 2846 725 2937 baptismi
753 2862 1172 2935 et'paséh’alium
1203 2865 1541 2920 celebrantes
1569 2862 1831 2927 solemnia

239 2959 561 3022 missarum,
597 2957 894 3028 spiritalem
925 2969 1315 3031 superarcmus
1330 2955 1649 3027 Aigyptum,‘
1673 2966 1836 3026 atque

241 3048 599 3102 illucescente
654 3064 810 3103 mane
857 3049 909 3102 in
965 3047 1090 3101 luna
1135 3048 1321 3117 quinta
1376 3049 1581 3102 decima
1632 3048 1837 3105 mensis

1927 1873 2420 1927 decenno‘vennalis
2459 1887 2637 1939 anno,
2695 1873 2749 1926 iu
2794 1888 2901 1943 quo
2925 1913 2940 1937 ,
2980 1882 3202 1943 propter
3253 1873 3518 1927 rationem

1930 1965 2102 2020 saltus
2136 1950 2372 2027 lunaris,
2404 1966 2688 2020 duodecim
2720 1965 2911 2021 diebus
2941 1966 3263 2020 annotinum
3293 1980 3512 2021 cursum

1932 2072 2254 2129 percurrere
2280 2057 2433 2111 solet.
2470 2056 2767 2123 Quaerenda
2791 2064 2875 2111 est
2894 2056 3062 2126 igitur
3086 2057 3343 2111 nativitas
3379 2056 3520 2115 luna:

1934 2157 2141 2219 quarta:
2184 2142 2406 2223 decimae
2437 2147 2503 2200 ab
2538 2155 2731 2202 octavo
2772 2147 2958 2201 Iduum
3006 2147 3318 2202 Martiarum
3348 2161 3519 2216 usque

1934 2242 1986 2296 in
2014 2238 2197 2295 Nonas
2218 2238 2439 2310 Aprilis,
2462 2242 2581 2308 quz‘e
2608 2239 2768 2309 primi
2790 2239 2994 2294 mensis
3019 2250 3278 2294 novorum
3304 2238 3521 2293 initium

1933 2331 2187 2386 ostendit.
2218 2329 2261 2392 Α
2290 2330 2609 2385 duodecimo
2634 2344 2766 2384 vero
2786 2327 2905 2383 Kal.
2936 2328 3147 2399 Aprilis
3166 2344 3336 2398 usque
3357 2342 3520 2399 quar-

1936 2431 2053 2475 tum'
2083 2422 2346 2475 decimum
2384 2406 2504 2473 Kal.
2548 2418 2701 2483 Maii,
2746 2422 2798 2473 in
2837 2435 3160 2489 quacunque
3189 2428 3384 2489 quarta
3425 2420 3519 2494 de-

1935 2511 2075 2566 cima
2112 2510 2240 2565 luna
2284 2509 2599 2574 occurrerit,
2645 2510 2760 2579 ipsa
2802 2508 2868 2563 ad
2898 2508 3315 2579 celebrationem
3345 2512 3520 2566 sancti

1931 2600 2156 2657 Pascha:
2184 2606 2458 2672 perducet.

2454 2695 2682 2789 caret
2721 2724 2976 2819 Lxxxu.

2359 2839 2490 2894 Item
2528 2833 2676 2894 aliud
2714 2826 3098 2912 argumentum.

1992 2952 2105 3007 .Est
2138 2953 2301 3007 etiam
2340 2951 2443 3006 alia
2485 2952 2624 3007 ratio
2668 2950 2902 3023 qualiter
2940 2952 3210 3008 terminus
3247 2952 3517 3023 paschalis

1939 3044 2169 3099 inveniri
2189 3038 2380 3116 possit.
2409 3044 2632 3099 Martius
2660 3045 2824 3099 habet
2852 3044 3130 3115 regulares
3160 3045 3377 3119 triginta
3402 3061 3518 3111 sex,

239 3146 488 3220 ejusdem
503 3145 734 3215 primum
751 3161 1062 3217 azymorum
1084 3144 1224 3198 diem
1244 3125 1837 3214 intraremus,.septem—
1862 3120 1907 3182 Ο
1937 3133 2139 3206 Aprilis
2160 3136 2378 3207 triginta
2403 3136 2658 3208 quinque.
2690 3135 2853 3190 Si‘vis
2878 3136 3123 3191 invenire
3153 3137 3440 3201 terminum
3465 3137 3520 3191 in

240 3252 350 3306 que
413 3235 529 3289 dies
583 3234 825 3303 ejusdem
878 3234 1214 3291 celebritatis
1272 3235 1540 3311 legitimos
1589 3252 1619 3289 a.
1679 3252 1839 3292 mane

241 3329 423 3400 quinti
458 3329 650 3383 decimi
683 3328 786 3382 diei
815 3343 983 3397 usque
1012 3329 1062 3382 in
1093 3343 1376 3398 vesperam
1409 3328 1647 3383 vicesimi
1676 3329 1837 3399 primi

238 3422 454 3477 mensis
476 3421 674 3490 ipsius,
707 3422 757 3474 id
799 3430 882 3475 est
903 3462 917 3485 ,
949 3437 979 3474 a
1011 3420 1293 3475 Dominieo
1322 3420 1545 3475 Pascha:
1583 3435 1752 3489 usque
1780 3420 1836 3474 in

242 3514 589 3571 Dominicum
648 3521 898 3567 octavum
958 3512 1181 3567 Paschae
1247 3511 1429 3566 debita
1487 3512 1837 3566 veneratione

240 3606 667 3680 compleremus.
704 3609 807 3663 Sed
839 3608 1094 3678 quoniam
1126 3607 1265 3662 inme
1294 3608 1410 3662 dies
1447 3607 1634 3661 eadem
1660 3607 1839 3661 diver-

239 3718 333 3757 sas
372 3701 691 3772 septimana:
724 3702 1029 3756 devolvitur
1064 3702 1115 3756 in
1166 3700 1351 3766 ferias,
1395 3702 1449 3756 id
1484 3710 1598 3764 est,
1649 3710 1707 3755 ut
1746 3701 1837 3771 qui

238 3800 469 3864 propter
493 3793 942 3865 resurrectionem
974 3793 1142 3847 nostri
1165 3776 1543 3862 Redemptoris
1572 3792 1624 3846 in
1654 3791 1838 3861 Domi-

239 3888 433 3941 nicum
455 3886 597 3967 diem
628 3883 849 3941 Pascha:
881 3887 1093 3941 initium
1125 3901 1402 3940 reservare
1426 3885 1703 3961 docemur,
1742 3882 1839 3936 ali-
1904 3948 1913 3949 ί

236 3977 462 4047 quoties
497 3986 681 4033 nostra
720 3977 985 4032 festivitas
1016 3968 1249 4045 septimo
1281 3984 1402 4045 post
1429 3974 1681 4045 legalium
1712 3987 1839 4043 azy-

240 4084 462 4122 morum
502 4066 781 4121 exordium
809 4067 896 4121 die
924 4075 1102 4121 sumat
1135 4064 1460 4135 ingressum.
1496 4063 1613 4133 Non
1657 4074 1838 4120 tamen

242 4173 492 4228 unquam
515 4157 794 4228 contingat
817 4167 999 4211 utnon
1023 4165 1205 4217 nostra
1229 4156 1543 4210 solemnitas
1566 4155 1840 4226 paschalis

239 4247 485 4316 aliquem
513 4246 763 4317 legalium
786 4246 1008 4323 Paschm
1032 4237 1263 4323 dierum,
1296 4234 1437 4317 stupe
1461 4248 1640 4302 autem
1664 4246 1839 4302 cumis

239 4340 390 4393 intra
424 4354 482 4393 se
512 4338 933 4408 complectatur.-

785 4468 1013 4525 CAPUT
1060 4452 1297 4524 LXXXI.
1384 4423 1407 4525 ί
1474 4423 1521 4447 ”

392 4567 772 4649 Argumentum
799 4580 863 4633 de
892 4580 1073 4634 eadem
1104 4580 1230 4634 luna
1260 4591 1449 4651 quarta
1473 4582 1692 4636 decima.

319 4692 469 4746 ὓπερ.
511 4692 644 4747 Cum
686 4701 893 4762 quartae
924 4693 1149 4749 decima:
1184 4680 1322 4748 luna:
1361 4695 1623 4749 rationem
1659 4693 1840 4758 dares,

234 4793 510 4853 exspecto
568 4785 711 4852 quod
738 4780 1092 4853 "argumentis
1144 4800 1263 4839 eam
1311 4786 1631 4855 comprobes
1681 4794 1841 4854 atque

238 4877 566 4936 conﬁrmes.
612 4876 748 4937 MAG.
807 4877 1047 4944 Denique
1101 4876 1419 4946 multiplicia
1462 4878 1586 4931 inde
1626 4884 1844 4931 exstant

237 4975 598 5035 argumenta.
634 4965 736 5019 Sel
762 4966 997 5034 primum
1018 4975 1232 5040 oportet
1251 4966 1632 5023 calculatorum
1660 4982 1844 5035 quem-

238 5073 358 5124 que
406 5057 638 5124 peritum
688 5067 909 5126 quartas
948 5059 1184 5111 decimas
1224 5058 1378 5111 lunas
1420 5060 1577 5126 primi
1620 5061 1845 5117 mensis.

236 5150 398 5203 sicut
438 5158 491 5203 et
523 5156 741 5215 cpactas
782 5147 921 5200 lume
955 5164 1191 5211 annuas,
1238 5148 1473 5201 retinere
1510 5162 1842 5201 memoriter.

236 5242 363 5295 Sed
394 5249 450 5293 et
482 5241 525 5293 si
556 5242 678 5308 quis
710 5241 805 5293 has
828 5256 1042 5308 quorpte
1069 5248 1387 5309 argumento
1426 5239 1670 5292 invenire
1700 5247 1874 5292 (πεδι-⁴

233 5335 433 5399 derat,
468 5333 648 5387 videat
678 5342 808 5401 quot
838 5334 948 5387 sint
991 5342 1191 5401 epactae
1239 5330 1459 5411 lunares
1489 5332 1614 5386 anni
1663 5329 1841 5399 cujus»

235 5441 475 5494 cunque
503 5436 817 5495 computare
857 5427 1104 5482 voluerit.
1143 5427 1209 5481 Et
1248 5426 1293 5481 si
1321 5428 1535 5497 quidem
1581 5436 1844 5496 quatuor.

234 5515 436 5571 decim
478 5515 562 5569 vel
608 5517 912 5585 quindecim
963 5526 1107 5581 sunt,
1158 5517 1440 5572 undecima
1485 5516 1847 5571 Kalendarum

238 5605 529 5675 Aprilium
561 5606 644 5659 vel
675 5608 989 5669 duodecima
1018 5607 1380 5663 Kalendarum
1412 5610 1724 5663 earumdem
1762 5609 1849 5663 die

240 5706 515 5770 quartam
544 5699 809 5753 decimam
840 5700 1019 5753 lunam
1051 5700 1235 5755 venire
1266 5707 1572 5769 cognoscat.
1604 5700 1738 5766 Quia
1767 5698 1848 5771 ni-

514 5789 789 5850 PATuOL.
847 5786 1037 5851 CVII.

1866 4470 1916 4528 Ι)

1896 4508 1914 4591 ζ
1949 4521 2229 4567 remanent
2254 4512 2442 4581 viginti
2478 4511 2584 4565 duo
2616 4527 2629 4563 :
2664 4510 2919 4564 vicesima
2947 4508 3033 4565 die
3065 4510 3298 4565 secunda
3323 4511 3527 4567 mensis

1939 3227 2134 3284 Martio
2168 3236 2261 3282 aut
2294 3228 2508 3299 Aprile,
2542 3229 2807 3297 subtrahe,
2828 3230 2894 3283 de
2927 3229 3059 3299 ipsis
3086 3229 3426 3301 regularibus
3466 3231 3523 3285 in

1939 3335 2046 3389 quo
2092 3335 2276 3375 mense
2325 3336 2357 3374 e
2405 3321 2615 3375 duobus
2649 3328 2965 3389 computare
2999 3321 3078 3375 vis
3116 3316 3365 3390 epaetam
3402 3337 3523 3392 qua;

1938 3410 2126 3466 eodem
2155 3426 2297 3466 anno
2324 3412 2524 3476 currit;
2558 3412 2677 3473 etsi
2702 3411 2822 3487 plus
2851 3411 3069 3483 triginta
3098 3411 3371 3479 habueris,
3395 3413 3523 3469 tolle

1938 3504 2101 3558 etiam
2136 3504 2387 3574 triginta;
2418 3514 2470 3558 et
2499 3503 2686 3573 quanti
2727 3502 3118 3572 superfuerint,
3153 3501 3377 3558 totidem
3408 3505 3523 3559 dies

1941 3596 2080 3650 infra
2118 3596 2307 3665 ipsum;
2326 3610 2565 3649 mensem
2597 3593 2822 3647 habebis
2847 3593 3158 3647 terminum.
3196 3592 3356 3649 Verbi
3392 3608 3521 3665 gra—

1940 3687 2015 3740 tia
2053 3705 2066 3739 :
2105 3700 2245 3740 anno
2280 3686 2529 3754 praesenti
2575 3686 2839 3739 terruimus
2867 3684 3139 3753 paschalis
3178 3683 3281 3738 fuit
3328 3695 3524 3754 quarto

1939 3772 2080 3831 Non.
2108 3776 2348 3852 Aprilis;
2370 3776 2573 3829 mensis
2593 3773 2795 3843 Aprilis
2820 3775 2983 3828 habet
3005 3772 3276 3845 regulares
3298 3774 3521 3845 triginta

1940 3868 2177 3937 quinque
2211 3885 2222 3919 :
2256 3866 2378 3920 tolle
2404 3879 2469 3919 ex
2498 3864 2582 3919 his
2613 3871 2859 3933 epactam
2885 3880 3004 3933 qua:
3034 3865 3135 3919 hoc
3158 3860 3300 3919 anno
3339 3871 3441 3931 est,
3471 3863 3523 3918 id

1939 3968 2023 4014 est
2059 3963 2198 4023 tres,
2224 3946 2277 4013 et
2308 3949 2590 4013 remanent
2629 3954 2850 4029 triginta
2890 3960 3029 4023 duo;
3069 3959 3248 4014 recide
3281 3959 3519 4029 triginta,

1938 4062 1993 4107 et
2024 4060 2231 4106 restant
2259 4052 2364 4105 duo
2390 4062 2407 4103 ί
2435 4054 2669 4107 secunda
2708 4053 2794 4107 die
2820 4052 3022 4107 mensis
3044 4050 3252 4121 ’Aprilis
3287 4050 3387 4129 fuit
3418 4061 3524 4109 ter-

1941 4129 2120 4200 minus
2145 4138 2431 4213 paschalis.
2466 4144 2597 4198 ltem
2620 4159 2762 4199 anno
2782 4142 2985 4210 futuro,
3012 4146 3229 4214 quando
3253 4147 3521 4201 terminus

1940 4234 2209 4305 paschalis
2228 4236 2334 4288 crit
2355 4250 2409 4288 ιι
2436 4234 2553 4288 Kal.
2586 4234 2803 4303 Aprilis,
2830 4228 2903 4287 ita
2925 4243 3241 4304 argumento
3267 4229 3526 4305 cbnjieies

1943 4317 2088 4385 illum
2122 4347 2133 4382 :
2170 4327 2395 4382 Martius
2437 4327 2600 4381 habet
2629 4326 2908 4397 regulares
2946 4326 3326 4394 triginta'sex;
3370 4328 3527 4383 aufer

1945 4423 2012 4475 ab
2040 4424 2119 4477 eis
2148 4428 2393 4493 epactam
2432 4419 2603 4490 ipsius
2639 4419 2786 4484 anni,
2830 4420 2932 4473 hoc
2969 4428 3050 4473 est
3088 4420 3521 4497 quatuordecim,

1948 4604 2121 4659 Martii
2149 4604 2252 4659 erit
2272 4603 2538 4655 terminus
2569 4599 2839 4671 paschalis
2859 4615 2999 4654 anno
3026 4598 3226 4654 futuro.
3259 4599 3315 4654 Si
3343 4608 3526 4656 autem

1947 4693 2133 4747 feriam
2172 4699 2489 4762 argumento
2534 4688 2993 4759 comprehendere
3028 4688 3163 4744 velis
3197 4689 3251 4745 in
3281 4704 3388 4759 qua
3418 4697 3529 4744 ter-

1949 4788 2125 4841 minus
2162 4785 2431 4856 paschalis
2480 4768 2725 4849 constet,‘
2763 4798 2915 4838 sume
2957 4783 3234 4853 regulares
3288 4783 3530 4853 ipsorum

1948 4879 2212 4955 mensium
2250 4878 2323 4930 ad
2345 4878 2446 4931 hoc
2477 4876 2766 4945 dispositos
2786 4914 2800 4940 ,
2837 4881 2891 4928 et
2929 4875 3009 4930 sic
3034 4876 3151 4930 sine
3179 4889 3365 4929 errore
3399 4872 3531 4927 illud

1952 4952 2213 5040 reperies.
2252 4968 2389 5034 Quia
2440 4955 2665 5023 Martius
2712 4960 2895 5020 habet.
2931 4962 3208 5037 regulares
3250 4973 3525 5033 quatuor,

1951 5063 2150 5126 Aprilis
2176 5076 2304 5113 vero
2345 5068 2580 5128 septem,
2614 5066 2756 5123 tene,
2787 5057 3053 5129 conjunge
3090 5056 3209 5111 illos
3235 5055 3303 5109 ad
3339 5070 3532 5110 nume-

1952 5170 2070 5209 rum
2100 5154 2308 5207 dierum
2332 5150 2696 5213 mensisillius
2716 5151 2782 5205 de
2804 5164 2911 5221 quo
2934 5148 3181 5218 inquiris,
3205 5160 3341 5216 quos
3362 5146 3528 5201 habet

1955 5260 2127 5314 usque
2139 5244 2205 5297 ad
2228 5242 2515 5297 terminum
2536 5233 2871 5311 paschalem,
2889 5237 3053 5308 iunge
3066 5246 3121 5292 et
3140 5243 3530 5293 concurrentes

1956 5335 2150 5398 simul,
2182 5334 2385 5403 partire
2413 5331 2593 5387 omnia
2625 5346 2724 5401 per
2749 5317 3110 5398 septenarium
3136 5341 3450 5391 numerum,
3477 5334 3534 5381 et

1952 5432 2081 5493 quot
2115 5422 2466 5484 remanserit,
2496 5420 2618 5475 talis
2652 5419 2784 5474 feria
2817 5417 2959 5483 erit;
3004 5416 3049 5470 si
3077 5423 3257 5470 autem
3286 5414 3419 5470 nihil
3445 5430 3532 5470 re-

1955 5513 2237 5579 manserit,
2273 5514 2558 5569 sabbatum
2591 5520 2692 5566 est.
2738 5508 2898 5564 Verbi
2945 5506 3119 5579 gratia
3156 5525 3171 5560 :
3209 5522 3352 5562 anno
3393 5522 3533 5577 prte-

1955 5602 2093 5656 senti
2133 5610 2256 5655 tene
2286 5603 2421 5657 duos
2450 5602 2565 5655 dies
2590 5600 2791 5654 mensis
2815 5596 3035 5668 Aprilis,
3056 5593 3224 5666 iunge
3255 5595 3533 5667 regulares

1955 5703 2159 5761 septem
2207 5691 2374 5760 ipsius
2425 5694 2623 5746 incnsis
2680 5698 2733 5743 et
2782 5696 3196 5743 concurrentem
3246 5687 3531 5757 septimum

3058 5778 3136 5841 23
