3962 6198
510 231 614 288 ’ἴῐὸ

511 447 656 508 ptem
687 453 700 491 :
731 438 826 493 bis
841 449 1069 508 septem,
1099 440 1531 509 quatuortlccim,
1564 450 1616 493 et
1641 447 1921 494 remanent
1940 436 2048 492 duo
2073 455 2086 491 :

513 531 746 585 secunda
773 529 908 586 feria
937 529 1038 588 Fuit
1057 547 1198 587 anno
1224 533 1324 588 hoc
1353 533 1617 586 terminus
1646 531 1931 600 paschalis.
1958 530 2090 584 Item

511 637 655 677 anno
693 621 938 692 proxime
972 620 1152 676 futuro
1195 629 1316 676 tene
1343 621 1527 691 viginti
1573 619 1712 676 duos
1737 621 1852 675 dies
1887 619 2092 675 mensis

513 711 688 766 Martii
713 713 804 782 qui
829 721 953 766 sunt
985 724 1153 782 usque
1180 713 1246 767 ad
1272 713 1557 768 terminqu
1581 711 1920 783 paschalem;
1954 711 2092 765 adde

509 809 566 857 et
594 804 870 873 regulares
900 810 1132 871 quatuor
1169 811 1222 857 et
1252 811 1664 857 concurrentem
1698 817 1864 856 unum
1902 802 1994 870 qui
2037 801 2088 854 iu

511 898 630 966 ipso
669 907 752 952 est
797 912 958 962 anno,
1003 897 1134 951 ﬁunt
1165 897 1324 951 simul
1368 896 1555 964 viginti
1597 906 1841 965 septem;
1890 895 2092 963 partire

513 1005 612 1060 per
631 1000 835 1058 septem
863 1007 876 1041 :
912 997 990 1043 ter
1007 999 1232 1058 septem,
1262 987 1447 1058 viginti
1468 996 1522 1040 et
1545 1002 1704 1049 unus,
1730 996 1784 1042 et
1811 991 2092 1039 remanent

425 1077 431 1083 ’
513 1095 609 1136 sex
635 1099 648 1132 :
678 1087 826 1136 sexta
859 1077 989 1132 feria
1012 1079 1117 1135 erit
1138 1081 1404 1132 terminus
1425 1075 1694 1145 paschalis
1714 1091 1860 1129 anno
1886 1074 2087 1129 futuro.

511 1173 660 1228 Disc.
719 1171 974 1242 Nunquid
1035 1169 1251 1240 aliquod
1310 1169 1434 1226 inde
1485 1175 1664 1222 exstat
1713 1174 2090 1237 argumentum

516 1265 656 1321 unde
692 1264 818 1320 sciri
857 1263 1028 1333 possit
1053 1271 1240 1318 utrum
1281 1263 1333 1317 in
1375 1259 1572 1323 Martio
1605 1267 1699 1314 ant
1727 1260 1780 1312 in
1821 1257 1990 1328 Aprili
2021 1257 2094 1312 sit

514 1355 777 1410 terminus
802 1353 1107 1426 paschalis?
1135 1351 1273 1407 Msa.
1303 1350 1380 1406 Ex
1403 1351 1608 1422 epactis
1633 1350 1818 1418 utique
1839 1347 2092 1404 facillime

511 1460 809 1517 agnoscere
855 1446 1076 1517 poteris,
1120 1459 1351 1514 quarum
1391 1443 1607 1513 proprie
1643 1441 1792 1496 locus
1826 1447 1908 1494 est
1944 1439 1998 1494 in
2035 1452 2089 1492 xt

501 1537 629 1591 .Kal.
674 1536 892 1606 Aprilis,
938 1545 1119 1591 utrum
1159 1535 1219 1589 .in
1253 1533 1444 1590 Martio
1489 1549 1556 1591 an
1592 1533 1642 1586 in
1670 1531 1854 1602 Aprile
1893 1539 2091 1608 quarta

453 1662 473 1667 -
513 1626 722 1681 decima
769 1626 892 1680 luna
932 1626 1144 1680 eveniat
1189 1643 1202 1678 :
1241 1625 1364 1693 quia
1411 1627 1456 1678 si
1499 1623 1620 1694 plus
1660 1622 1967 1693 quindecim
1995 1626 2092 1675 'aut

515 1807 688 1862 lcmiis
709 1804 913 1876 Aprilis
927 1814 1120 1875 quarta
1151 1805 1200 1859 ὠ
1219 1804 1359 1858 cima
1391 1803 1514 1856 luna
1543 1802 1850 1870 deputatur.
1878 1790 1934 1856 Si
1965 1815 2093 1856 vero

514 1897 692 1950 minus
751 1895 1058 1966 quindecim
1115 1903 1207 1971 aut
1261 1893 1381 1963 plus
1426 1895 1660 1962 quinque
1725 1892 1911 1956 habes,
1969 1907 2092 1946 cum

512 1989 728 2044 Martio.
756 1988 903 2042 Disc.
926 1987 1078 2057 Ipsos
1109 1999 1239 2060 ergo
1267 1985 1546 2058 regulares
1575 1999 1712 2056 quos
1741 1983 1922 2038 dixisti
1948 1982 2093 2037 Mar-

513 2084 588 2138 tio
625 2096 746 2137 esse
785 2079 1006 2152 triginta
1049 2093 1168 2144 sex,
1213 2077 1384 2149 Aprili
1417 2092 1548 2132 vero
1581 2075 1802 2146 triginta
1833 2075 2090 2145 quinque,

513 2173 705 2230 vellem
738 2179 800 2237 ut
833 2183 1060 2226 enarres
1096 2169 1238 2224 unde
1267 2167 1530 2222 venirent.
1566 2165 1705 2220 Mxo.
1743 2165 1822 2220 Ex
1859 2164 2094 2220 auctori-

515 2274 625 2322 tate
673 2263 1083 2336 Egyptiorum,
1127 2260 1220 2332 qui
1269 2259 1504 2330 quinque
1555 2258 1668 2312 dies
1709 2271 1852 2326 quos
1894 2272 2094 2330 epago-

515 2371 703 2413 manus
723 2364 938 2418 vocant,
961 2361 1084 2424 post
1104 2336 1564 2406 linemnovissimi
1589 2347 1792 2413 mensis
1811 2346 2091 2418 adjiciunt.

513 2453 589 2505 Ita
612 2449 757 2504 enim
783 2447 871 2502 hic
898 2447 1137 2516 quinque
1163 2444 1280 2499 dies
1305 2441 1371 2496 ad
1410 2454 1693 2500 numerum
1719 2439 1929 2494 dierum
1958 2452 2096 2508 quos

513 2551 743 2612 uterque
780 2539 982 2594 mensis
1008 2537 1173 2591 habet
1199 2534 1530 2606 adjiciuntur
1552 2572 1568 2596 ,
1603 2530 1852 2586 videlicet
1877 2529 2094 2594 Martio,

513 2633 604 2703 qui
649 2631 874 2704 triginta
919 2637 975 2685 et
1019 2643 1209 2694 unum,
1257 2635 1313 2682 et
1355 2624 1550 2696 Aprili,
1593 2623 1684 2694 qui
1727 2622 1946 2693 triginta
1979 2621 2095 2676 dies

511 2725 771 2793 continet,
797 2733 877 2788 ut,
905 2722 1100 2778 ablatis
1123 2720 1330 2792 epactis
1361 2717 1600 2788 ejusdem
1625 2715 1750 2770 anni
1783 2716 1850 2770 de
1877 2729 1986 2784 quo
2009 2714 2092 2769 in-

513 2819 706 2890 quiris,
743 2826 926 2874 certus
959 2823 1234 2870 remaneat
1258 2825 1518 2867 numerus
1541 2809 1632 2880 qui
1670 2807 1960 2864 terminum
1994 2821 2094 2875 pa-

511 2908 751 2964 schalem
788 2909 1140 2974 demonstret.
1186 2901 1348 2959 Verbi
1377 2899 1549 2972 gratia
1575 2917 1588 2952 :
1613 2897 1790 2968 primo
1819 2911 1963 2951 anno
1984 2895 2095 2949 cir-

507 3001 616 3055 culi
657 2997 1148 3056 decennovennalis
1192 2993 1334 3065 quod
1378 2991 1684 3048 tricesimus
1721 2998 1806 3044 est
1833 3003 2093 3045 numerus

511 3099 827 3162 epactarum
871 3089 1052 3146 recide
1092 3103 1124 3142 a
1152 3083 1489 3157 regularibus
1515 3081 1717 3152 Aprilis
1753 3079 1956 3134 mensis
1995 3078 2092 3132 tri-

511 3187 682 3256 ginta,
721 3189 1003 3240 remanent
1027 3181 1265 3252 quinque
1303 3197 1315 3232 :
1345 3179 1535 3250 quinta
1561 3168 1649 3232 die
1678 3176 1920 3248 ejusdem
1943 3189 2093 3230 men-

513 3277 588 3331 sis
612 3273 988 3331 est-terminus
1009 3269 1300 3346 paschalis.

1039 3422 1267 3482 CAPUT
1293 3422 1574 3481 LXXXIII.

515 3558 649 3612 Item
685 3557 832 3614 aliud
869 3565 1234 3630 argumentum
1263 3557 1328 3630 de
1352 3557 1602 3630 ⁸δεῖνηιὲηξε
1640 3554 2010 3630 pascfmlibus,
2036 3563 2086 3630 et

581 3630 646 3682 de
693 3625 1002 3699 succensione
1033 3626 1175 3699 hum
1205 3627 1363 3699 primi
1401 3629 1614 3692 mensis,
1641 3625 1724 3699 et”
1744 3627 1810 3680 de
1852 3625 2086 3699 terminis

616 3697 1122 3823 κῖάναῖαἱιηαιίὺω
1143 3737 1160 3766 ,
1205 3695 1436 3776 qualiter
1477 3696 1816 3752 concordiam
1852 3695 1990 3750 inter
2031 3711 2088 3750 se

617 3788 652 3823 α
687 3784 786 3824 ean
814 3805 830 3822 .

583 3895 736 3952 Sicut
777 3897 1056 3970 regutlatur
1080 3897 1359 3954 Dominica
1399 3897 1514 3954 dies
1551 3897 1671 3954 festi
1703 3895 1976 3969 paschalis
2017 3897 2087 3952 ad

511 3997 762 4058 quartam
793 3989 1056 4046 decimam
1092 3989 1274 4045 lunam
1303 3989 1464 4060 primi
1495 3989 1732 4056 mensis,
1771 3989 1846 4043 ita
1875 3987 2089 4043 initium

516 4079 950 4151 Quadragesimte
991 4081 1267 4153 regulatur
1318 4089 1375 4138 et
1423 4081 1747 4137 observatur
1796 4082 2091 4137 secundum

513 4171 695 4228 lunam
749 4175 951 4234 mensis
993 4175 1191 4230 Martii.
1233 4175 1578 4246 Quaecunque
1621 4175 1766 4229 enim
1813 4173 2092 4230 Dominica

511 4272 696 4318 secuta
727 4263 887 4324 fuerit
915 4253 1164 4336 quartam
1187 4265 1450 4322 decimam
1473 4262 1653 4322 lunam
1679 4263 1841 4338 primi
1864 4263 2094 4335 mensis,
2118 4253 2172 4315 Β

1181 233 1238 289 Β.
1283 232 1530 290 RABANI
1570 235 1786 292 MAURI
1822 235 2138 292 ARCHIEP.
2182 237 2486 295 MOGUNT.
2529 238 2810 295 OPERUM
2845 239 3022 295 PAR?
3059 241 3099 296 l.
3638 250 3725 306 7.16

413 343 416 345 ’
510 348 792 418 puesentis
817 349 965 412 anni,
991 347 1123 402 liunt
1144 349 1450 414 sexdecim;
1481 348 1658 404 divide
1679 348 1856 402 omnia
1883 363 1976 416 per
2002 363 2086 402 se-
2114 353 2161 411 Α
2189 349 2308 402 sine
2336 349 2496 402 dubio
2521 349 2790 418 paschalis
2817 347 2936 401 festi
2965 350 3086 402 crit.
3120 348 3198 404 Ita
3227 357 3280 404 et
3299 365 3617 423 qutecunque
3639 362 3728 414 Du.
3788 382 3807 418 ,-

2192 437 2391 490 miniea
2442 449 2688 492 assecuta
2748 437 2910 492 fuerit
2969 436 3259 492 secundam
3323 440 3506 496 lunam
3561 451 3735 504 mensis

2194 527 2400 592 Martii,
2432 529 2645 584 initium
2684 531 2789 592 erit
2819 530 3275 600 Quadragesimte.
3310 529 3376 586 Et
3401 535 3540 588 sicut
3568 549 3735 606 quarta

2192 620 2401 676 decima
2445 621 2568 674 luna
2605 621 2874 692 paschalis
2907 621 3067 676 habet
3090 623 3297 683 .deccm
3335 633 3388 680 et
3424 641 3608 681 novem
3641 629 3737 684 dies

2192 712 2336 788 inter
2367 713 2502 768 duos
2533 728 2743 767 menses
2763 713 2891 766 solis
2930 729 3026 782 per
3053 713 3236 768 decem
3267 723 3323 768 et
3350 730 3539 780 novem
3575 734 3736 782 annus,

2191 802 2282 872 qui
2312 803 2566 857 dicuntur
2594 803 2809 857 termini
2842 803 3140 872 paschales,
3171 803 3274 859 hoc
3303 814 3416 870 est,
3447 807 3579 862 Non.
3606 811 3742 879 Apri-

2191 894 2288 958 lis,
2316 907 2412 948 vm
2445 894 2560 950 Kal.
2593 895 2824 964 Aprilis,
2862 905 2918 949 et
2948 895 3177 964 reliqua,
3224 896 3304 951 sic
3331 899 3496 952 etiam
3525 904 3741 954 accensio

2192 984 2332 1038 lunae
2353 985 2512 1053 primi
2541 987 2742 1039 mensis
2766 1002 2862 1055 per
2883 987 3069 1040 decem
3093 995 3148 1065 et
3165 1003 3355 1044 novem
3384 991 3497 1044 dies
3521 993 3640 1058 s-:_lis
3659 995 3745 1047 dis-

2193 1083 2404 1138 curret;
2447 1075 2536 1144 qui
2592 1085 2718 1156 sunt
2767 1076 2974 1130 decima
3025 1077 3141 1130 Kal.
3177 1077 3406 1147 Aprilis,
3457 1093 3642 1150 quarto
3681 1085 3741 1138 ld.

2193 1165 2402 1231 Martii,
2430 1176 2484 1220 et
2519 1166 2744 1236 reliqua.
2777 1167 2877 1221 Tot
2900 1168 3063 1222 etiam
3097 1170 3358 1224 terminos
3389 1187 3486 1240 per
3515 1174 3684 1228 decem
3703 1185 3746 1229 ct

2193 1251 2388 1314 novem
2419 1259 2536 1314 dies
2567 1258 2769 1313 mensis
2799 1258 2964 1313 habet
2996 1261 3232 1313 secunda
3261 1261 3384 1314 luna
3419 1261 3594 1317 Martii
3621 1281 3746 1318 mcu-

2191 1347 2290 1413 sis,
2319 1364 2350 1403 a
2379 1362 2486 1418 qua
2511 1347 2784 1426 regulatur
2806 1349 3017 1402 initium
3047 1349 3501 1420 Quadragcsimm,
3537 1353 3634 1408 hoc
3659 1367 3743 1418 est,

2192 1438 2386 1495 octavo
2416 1437 2534 1492 Kal.
2573 1438 2771 1503 Martii,
2815 1440 2974 1504 tertio
3006 1439 3082 1494 ltl.
3125 1439 3426 1505 Februarii,
3463 1451 3521 1497 et
3551 1443 3744 1512 reliqua.

2194 1530 2260 1585 Et
2300 1529 2595 1584 secundum
2620 1529 2879 1603 ordinem
2905 1544 3012 1600 quo
3055 1531 3241 1600 scripti
3275 1541 3402 1586 sunt
3434 1535 3640 1586 termini
3671 1551 3748 1604 pa-

2193 1621 2405 1676 schales
2433 1621 2618 1676 decem
2645 1630 2698 1674 et
2733 1635 2954 1686 novem,
2987 1621 3064 1676 sic
3103 1630 3156 1676 et
3191 1618 3404 1676 termini
3439 1625 3748 1679 acecusionis

415 1755 420 1759 -
515 1719 695 1770 minus
733 1716 973 1785 quinque
1015 1716 1222 1786 epactis
1263 1715 1550 1778 bal-ueris,
1592 1714 1645 1767 in
1677 1712 1949 1782 praedictis
1980 1711 2091 1766 Ka-

2195 1721 2336 1776 lunte
2363 1721 2520 1790 primi
2569 1721 2770 1776 mensis
2805 1721 2991 1776 decem
3027 1729 3083 1776 et
3120 1735 3310 1776 norem
3350 1730 3405 1776 et
3440 1724 3652 1778 termini
3678 1739 3747 1777 se-

2196 1811 2382 1866 cunda:
2399 1811 2538 1865 lunae
2559 1811 2744 1866 decem
2768 1818 2822 1866 et
2849 1825 3040 1868 novem
3061 1811 3163 1866 sibi
3190 1813 3418 1870 invicem
3448 1815 3749 1884 respondent

2191 1911 2248 1956 et
2281 1901 2606 1956 conveniunt
2637 1911 2693 1956 et
2727 1902 2778 1956 itt
2812 1901 2933 1976 luna
2973 1911 3024 1956 et
3062 1903 3114 1956 in
3156 1902 3286 1958 feria
3327 1913 3377 1958 et
3419 1903 3472 1958 in
3520 1897 3748 1972 regulari-

2194 1991 2314 2044 bus.
2360 1989 2513 2044 Sicnt
2539 1989 2681 2044 enim
2713 1989 2838 2044 luna
2871 1991 3138 2059 paschalis
3177 1993 3339 2047 habet
3368 1993 3560 2047 decem
3589 2003 3637 2047 et
3670 2007 3748 2047 no-

2193 2095 2314 2134 vem
2344 2079 2647 2151 regulares,
2681 2081 2774 2150 qui
2801 2081 2958 2136 simul
2998 2091 3054 2136 et
3083 2093 3466 2138 concurrentes
3492 2083 3748 2151 cujuslibet

2195 2172 2321 2226 anni
2364 2172 2647 2240 praesentis.
2689 2172 2963 2240 conjuncti
3011 2173 3384 2228 demonstrant
3424 2175 3572 2228 diem
3611 2175 3752 2243 septi-

2195 2277 2365 2319 manm
2386 2259 2452 2317 'in
2482 2271 2675 2334 quarta
2717 2265 2922 2320 decima
2953 2263 3076 2318 luna
3103 2266 3338 2335 paschali
3365 2307 3378 2329 ,
3413 2267 3484 2320 ita
3531 2267 3659 2323 ilem
3681 2283 3748 2321 re-

2193 2357 2408 2428 gulares
2453 2357 2698 2412 terminis
2747 2357 2884 2412 initii
2939 2353 3263 2428 superpositi
3301 2367 3351 2412 et
3382 2367 3750 2415 concurrentes

2195 2447 2477 2517 [musculis
2520 2446 2807 2515 cujuslibet
2837 2448 2972 2504 anni
3010 2436 3382 2504 demonstrant
3428 2450 3577 2505 diem
3613 2451 3752 2518 septi-

2195 2551 2375 2592 mante'
2400 2539 2453 2592 in
2479 2540 2713 2593 secunda
2741 2539 2868 2593 luna
2907 2539 3548 2611 initio‘Quadragesimm.
3576 2541 3752 2597 Notan-

2195 2629 2320 2683 dum
2351 2637 2530 2682 tamen
2559 2630 2699 2698 quod
2729 2629 3216 2701 quadragesimalis
3243 2634 3535 2693 terminus.
3558 2635 3750 2704 quando

2194 2728 2319 2774 ante
2345 2717 2554 2776 sextum
2583 2719 2700 2774 Kal.
2742 2720 2960 2777 Martias
2987 2720 3170 2784 fuerit,
3199 2731 3255 2777 et
3282 2722 3560 2778 bissextus
3582 2722 3751 2777 eodem

2193 2825 2336 2864 anno
2367 2811 2626 2872 evenerit,
2662 2825 2767 2863 non
2806 2811 3060 2865 observat
3083 2811 3400 2882 praescripta
3441 2813 3558 2869 loca
3589 2813 3751 2867 termi-

2196 2918 2413 2968 uorum,
2456 2915 2674 2972 propter
2708 2904 3004 2958 bissextum
3033 2904 3086 2958 in
3120 2903 3265 2967 luna,
3299 2919 3461 2974 quem
3500 2903 3754 2960 februario

2196 2995 2318 3048 addi
2349 2993 2546 3049 debere
2583 2995 2835 3049 diximus.
2881 2994 2946 3048 Et
2971 2995 3042 3049 ob
3074 2995 3178 3050 hoc
3203 2996 3256 3050 in
3283 3005 3598 3065 sequentem
3625 2995 3750 3049 diem

2197 3082 2574 3142 tranferendus
2595 3092 2699 3149 est,
2727 3091 2785 3136 ut
2810 3083 3103 3140 concordet
3123 3100 3243 3138 cum
3271 3085 3505 3138 termino
3535 3083 3753 3153 paschali

2197 3175 2250 3229 in
2288 3173 2442 3228 feria.
2484 3173 2643 3227 Verbi
2688 3173 2860 3243 gratia
2897 3191 2909 3226 :
2949 3172 3001 3228 in
3035 3175 3285 3243 przescnti
3325 3191 3470 3229 anno
3518 3175 3756 3230 terminus

2196 3262 2648 3334 Quadragesimte,
2681 3263 2773 3333 qui
2797 3262 3139 3334 conscriptus
3159 3272 3241 3318 est
3265 3265 3316 3318 in
3347 3265 3628 3319 undecimo
3649 3262 3750 3316 Kal.

2197 3351 2452 3416 Martias,
2488 3353 2787 3407 translatus
2817 3363 2894 3408 est
2928 3353 2978 3426 in
3011 3353 3128 3408 Kal.
3161 3353 3385 3409 Martias
3408 3363 3630 3424 propter
3659 3353 3756 3407 bis-

2197 3454 2410 3499 sextum
2429 3484 2444 3506 ,
2481 3457 2640 3512 quem
2671 3442 2727 3498 in
2767 3444 2890 3498 luna
2920 3443 3121 3504 mensis
3145 3444 3426 3500 Februarii
3458 3445 3754 3500 duodecimo

2193 3533 2310 3592 Kal.
2355 3536 2574 3592 Martias
2611 3537 2960 3592 inseritimus.
3007 3536 3116 3591 llos
3149 3546 3331 3592 autem
3361 3539 3625 3592 terminos
3643 3551 3757 3604 qna-

2192 3625 2606 3700 dragesimales,
2644 3635 2700 3682 et
2731 3625 3106 3682 accensionem
3152 3625 3293 3682 lunae
3338 3627 3500 3697 primi
3549 3625 3752 3688 mensis,

2193 3728 2249 3776 et
2278 3719 2538 3794 terminos
2559 3717 2862 3788 paschales,
2893 3725 2948 3774 et
2969 3731 3157 3772 eorum
3187 3717 3478 3788 regulares,
3513 3729 3564 3774 et
3590 3717 3754 3772 terrui.

2193 3828 2294 3868 nos
2337 3813 2701 3884 rogationum,
2749 3811 2838 3881 qui
2877 3819 3004 3867 sunt
3041 3809 3097 3864 in
3133 3811 3392 3866 vicesima
3431 3811 3610 3881 prima
3641 3809 3752 3862 luna

2195 3904 2398 3961 mensis
2429 3903 2572 3968 Maii,
2615 3910 2668 3958 et
2689 3903 2755 3956 ad
2782 3909 2996 3964 letalem
3026 3900 3166 3955 luna:
3192 3900 3247 3954 in
3275 3909 3520 3969 tempore
3543 3899 3754 3954 letanio—

2197 4010 2317 4055 t'um
2349 4003 2405 4050 et
2431 3991 2770 4050 ascensionis
2807 3991 3018 4046 Domini
3045 3987 3443 4053 inveniendam,
3478 3988 3756 4060 promptis-

2197 4085 2319 4142 simi
2341 4085 2602 4140 existunt.
2634 4081 2758 4138 Htec
2792 4089 2972 4138 tamen
2996 4080 3178 4136 omnia
3211 4079 3449 4150 subjecta
3477 4075 3754 4148 descriptis

2198 4177 2529 4234 demonstrat
2559 4172 3044 4245 congruentissima
3064 4187 3161 4244 per
3177 4170 3302 4228 illas
3327 4169 3660 4226 columellas.
