3970 6198
446 338 556 393 τω

947 444 1175 502 CAPUT
1223 444 1505 501 LXXXIV.

444 545 580 602 Item
631 540 694 595 de
734 538 916 594 eadem
974 554 1027 592 re
1082 548 1447 609 argumentum
1503 537 1730 591 versibus
1792 550 2026 605 compre-

1119 610 1373 669 hensum.

517 720 628 777 llos
670 719 883 790 quidem
936 718 1242 790 regulares,
1299 717 1390 787 qui
1442 717 1691 787 superius
1734 714 2027 785 conscripti

449 820 596 876 sunt,
625 809 784 865 simul
810 824 932 864 cum
965 808 1211 863 terminis
1248 808 1616 878 paschalibus,
1657 807 2031 881 quidamver-

447 902 595 965 sibus
640 897 1067 968 comprehcndit,
1118 911 1225 967 quo
1250 897 1554 965 faciliusin
1577 896 1894 973 captatione
1932 909 2029 964 pa-

446 993 583 1048 riter
615 993 1075 1064 dignoscerentur,
1114 991 1186 1046 ita
1219 1009 1231 1043 :

597 1075 747 1139 Non.
773 1083 974 1153 Aprilis
1003 1087 1202 1139 uerunt
1224 1079 1437 1151 quinos.

589 1174 806 1231 Octcme
836 1172 1101 1249 Kalendas
1130 1171 1235 1226 assi
1264 1171 1610 1239 depromunt.

591 1266 714 1321 ldus
739 1264 938 1335 Aprilis
961 1264 1124 1319 etiam
1149 1263 1314 1317 sexis.

593 1354 759 1411 Nonae
785 1361 1061 1424 quartana:
1096 1368 1327 1423 namque
1356 1351 1630 1433 dipondio.

592 1446 726 1501 ltem
755 1444 983 1500 undenze
1011 1443 1254 1497 ambiunt
1282 1443 1494 1514 quinos.

592 1539 835 1608 Quatuor
858 1537 983 1592 ldus
1006 1534 1225 1606 capiunt
1246 1542 1448 1590 ternos.
1606 1607 1612 1611 .

593 1630 798 1685 Ternas
822 1628 1087 1683 Kalendas
1120 1626 1335 1682 titulant
1364 1641 1527 1697 senm.

593 1720 835 1786 Quatuor
864 1719 1014 1773 dena:
1037 1718 1236 1773 cubant
1261 1718 1314 1771 in
1346 1716 1589 1786 quadris.

597 1808 860 1880 Septenas
884 1808 1008 1867 ldus
1041 1816 1227 1878 septus
1256 1807 1490 1878 elcgunt.
1609 1803 1615 1808 ’

597 1900 752 1955 Senac
779 1899 1033 1954 Kalendae
1058 1898 1292 1954 sortiunt
1322 1905 1531 1953 ternos.

597 1980 776 2046 Denas
800 1998 1052 2059 septenas
1078 1987 1404 2049 danamassi.

594 2080 775 2136 Pridie
800 2077 1071 2157 Nonarum
1096 2093 1257 2147 porro
1280 2077 1580 2147 quaternis.

594 2171 828 2227 Novenze
856 2176 1113 2224 notantur
1145 2182 1376 2237 namque
1406 2167 1664 2237 septenis.

596 2266 806 2320 Pridias
837 2263 958 2318 ldus
986 2261 1241 2332 panditur
1269 2260 1468 2330 quinis.

597 2352 794 2426 Aprilis
820 2352 1088 2411 Kalendas
1116 2367 1255 2406 unus
1280 2352 1553 2421 exprimit.

596 2448 880 2503 Dnodcnas
909 2459 1142 2514 namque
1171 2444 1326 2521 docte
1357 2445 1657 2514 quaternis.

596 2539 1113 2609 Speciem-quintam
1143 2552 1423 2607 speramus
1449 2538 1657 2593 duobus

600 2636 885 2702 Quaternaz
912 2633 1169 2691 Kalendar
1192 2632 1428 2702 quinque
1451 2630 1748 2687 coniciunt.

532 2726 624 2781 llis
652 2740 780 2797 ergo
812 2724 1148 2796 regularibus
1188 2723 1385 2778 additis
1420 2722 1543 2778 anni
1577 2721 1863 2792 prmsentis
1902 2736 2035 2777 con-

458 2816 822 2882 currentibus,
866 2823 1085 2885 totaque
1131 2824 1340 2870 summa
1386 2815 1439 2869 in
1474 2822 1682 2883 septem
1727 2813 2034 2879 distributa,

457 2916 652 2976 quotus
676 2920 934 2961 numerus
978 2904 1322 2969 remanserit,
1369 2911 1481 2958 tota
1527 2901 1663 2963 feria
1702 2902 1808 2956 erit
1840 2902 1893 2956 in
1930 2911 2038 2956 ter-

461 2998 610 3052 mino
632 2995 893 3067 paschali.
918 2993 981 3049 Si
1003 3003 1181 3049 autem
1212 3001 1383 3049 totum
1406 3006 1688 3047 numerum
1709 3005 1807 3062 per
1828 3000 2035 3061 septem

461 3089 693 3158 partitus
723 3086 904 3151 fuerit,
937 3086 1161 3141 sabbato
1188 3085 1295 3140 erit
1325 3083 1414 3139 illc
1448 3084 1713 3138 terminus
1740 3083 2028 3150 paschalis.

1120 330 1181 384 B.
1219 330 1473 384 RABANI
1514 323 2085 384 MAURIARCHIEP.
2124 321 2437 382 MOGUNT.
2482 323 2767 379 OPERUM
2804 323 2985 378 PARS
3022 324 3065 378 l.

3600 324 3711 379 729

2050 448 2098 506 Α
2128 456 2274 496 anno
2297 442 2365 496 de
2406 452 2514 510 quo
2555 440 2784 511 inquiris
2812 450 2944 509 quot
2970 448 3174 509 epactm
3204 441 3314 496 sint
3359 440 3415 496 in
3458 441 3728 500 Kalendis

2128 529 2440 596 Januariis;
2469 540 2526 585 et
2567 538 2730 600 quota
2762 529 2885 583 luna
2921 529 3115 595 fuerit,
3159 538 3243 585 tot
3284 530 3404 587 dies
3424 531 3481 586 in
3520 531 3726 589 Martio

2129 637 2316 681 mense
2336 639 2369 678 a
2399 624 2506 680 ﬁne
2538 635 2685 680 retro
2720 627 3030 681 subtrahas.
3075 627 3143 681 Et
3177 626 3267 681 ubi
3300 627 3602 695 deveneris,
3640 630 3725 686 ibi

2116 710 2340 765 initium
2374 713 2536 783 primi
2579 715 2782 768 mensis
2820 715 3097 781 invenies;
3129 716 3368 785 exceptis
3396 718 3570 771 tribus
3598 735 3726 773 em-

2128 800 2398 869 bolismis,
2433 803 2486 875 id
2515 811 2619 867 est,
2650 804 2703 858 in
2740 804 3035 859 novissimo
3080 803 3403 861 embolismo
3435 806 3728 874 ogdoadis,

2128 900 2184 945 et
2205 892 2380 960 primo
2408 893 2727 949 embolismo
2756 882 3186 965 hendecadis,et
3214 894 3509 951 novissimo
3531 898 3728 951 embo-

2128 983 2288 1042 lismo
2345 985 2688 1041 hendecadis.
2738 986 2796 1040 ln
2833 987 3152 1041 novissimo
3203 986 3350 1042 enim
3397 988 3728 1045 ernliolismo

2127 1078 2387 1146 ogdoadis
2420 1079 2633 1134 initium
2666 1079 2823 1148 primi
2856 1080 3060 1135 mensis
3106 1080 3160 1135 in
3192 1079 3359 1135 Nonis
3399 1082 3601 1151 Aprilis
3629 1084 3725 1136 in-

2128 1168 2361 1222 venitur.
2391 1170 2445 1223 ln
2485 1170 2662 1239 primo
2685 1180 2865 1225 autem
2892 1168 3242 1237 hendecadm,
3272 1170 3327 1225 in
3353 1183 3551 1242 quarto
3579 1173 3726 1228 Non.

2128 1257 2330 1327 Aprilis
2361 1260 2654 1315 invenitur.
2683 1261 2741 1314 In
2782 1260 2970 1314 ultimo
2998 1277 3128 1316 vero
3164 1262 3486 1317 emboliSnto
3519 1264 3729 1318 hende-

2131 1350 2302 1417 cadis,
2349 1350 2406 1408 in
2460 1352 2701 1407 secundo
2754 1352 2890 1406 Non.
2940 1351 3142 1422 Aprilis
3189 1354 3511 1423 principium
3560 1354 3729 1423 primi

2130 1440 2335 1499 mensis
2360 1441 2685 1499 invenietur.
2724 1438 2855 1498 Hmc
2883 1443 3193 1499 observatio
3222 1460 3499 1515 nunquam
3526 1444 3685 1500 fallit.

2643 1550 2873 1607 CAPUT
2924 1552 3209 1608 LXXXVI.

2530 1621 2605 1675 De
2634 1622 2718 1676 die
2744 1622 3022 1676 Dominica
3058 1621 3300 1680 Pasclue.

2204 1715 2349 1770 Dtsc.
2404 1715 2480 1768 De
2515 1721 2705 1769 nostro
2738 1730 2869 1786 ergo
2902 1715 3110 1771 Pascha
3160 1716 3315 1771 valde
3359 1716 3607 1773 desidero
3650 1728 3725 1773 ut

2062 1802 2107 1860 B
2138 1804 2352 1875 plenam
2400 1805 2666 1860 rationem
2719 1806 2935 1860 reddas.
2988 1805 3129 1873 Quia
3180 1805 3392 1870 taliter,
3451 1812 3511 1860 ut
3559 1821 3729 1873 reor,

2137 1907 2345 1968 quartm
2396 1899 2621 1954 decima:
2655 1897 2793 1952 lunae
2848 1898 3056 1969 antiqui
3108 1898 3356 1954 videlicet
3411 1896 3730 1954 Iudaeorum

2140 1987 2358 2043 Pascha:
2389 1987 2655 2043 rationem
2693 1986 2899 2041 utiliter
2923 1995 3169 2047 tenemus
3192 1988 3236 2041 si
3269 1982 3477 2042 Pascha
3506 2000 3734 2051 verum,

2138 2077 2433 2132 secundum
2456 2075 2795 2146 Apostolum,
2824 2075 2965 2145 quod
3005 2075 3313 2130 immolatus
3341 2082 3427 2131 est
3446 2074 3730 2140 Christus,

2139 2169 2404 2222 veraciter
2446 2178 2502 2223 et
2553 2184 2791 2237 congrua
2842 2169 3101 2241 religione
3149 2173 3522 2225 observemus.
3579 2169 3728 2225 Mm.

2139 2260 2214 2313 Ita
2241 2266 2325 2314 est
2370 2269 2429 2313 ut
2464 2261 2695 2326 asset-is;
2743 2261 2871 2331 quia
2902 2261 3025 2316 (iiiis
3072 2262 3206 2333 legis
3232 2261 3481 2318 Christus
3527 2272 3612 2318 est
3646 2264 3734 2318 ad

2126 2349 2399 2417 justitiam
2428 2352 2573 2406 omni
2614 2352 2876 2407 credenti.
2916 2352 3158 2422 Septimo
3186 2367 3316 2425 ergo
3343 2353 3731 2409 decennoven-

2139 2445 2279 2499 nalis
2323 2446 2511 2501 circuli
2546 2447 2703 2502 titulo
2727 2448 2843 2502 dies
2888 2449 3108 2503 Pascha:
3135 2447 3447 2503 Dominicus
3471 2463 3733 2518 compre-

2138 2536 2414 2603 henditur,
2452 2539 2542 2611 qui
2581 2540 2647 2594 de
2676 2540 2955 2594 Dominica
2994 2540 3165 2594 nostri
3208 2538 3507 2593 Salvatoris
3544 2554 3738 2593 resur-

2122 2618 2461 2697 rectionea
2514 2632 2742 2687 mortuis
2789 2633 3071 2687 exordium
3110 2632 3272 2702 cepit.
3323 2630 3456 2685 Nam
3507 2647 3636 2699 cum
3676 2632 3735 2686 in

2141 2719 2325 2776 Veteri
2384 2721 2734 2779 Testamento
2795 2724 2965 2777 tritius
3012 2732 3455 2794 argumentorum
3507 2723 3737 2780 indiciis

2138 2811 2393 2884 paschale
2420 2810 2632 2884 tempus
2667 2815 2739 2869 sit
2779 2814 3061 2869 observari
3094 2822 3441 2887 praeceptum,
3474 2815 3736 2870 videlicet

2142 2912 2203 2958 ut
2226 2912 2347 2975 post
2370 2906 2773 2976 mquinoctium,
2805 2916 2864 2961 ut
2895 2922 3077 2969 mense
3106 2908 3304 2978 primo,
3336 2916 3393 2961 ut
3421 2909 3577 2962 tertia
3611 2908 3734 2975 ejus

2143 2991 2465 3065 septimana,
2502 2996 2556 3051 id
2579 3006 2683 3062 cst,
2728 3011 2759 3051 a
2793 3010 3015 3068 vespera
3060 3008 3264 3067 quarta:
3301 2998 3523 3053 delimae
3551 3015 3735 3068 usque

2145 3087 2198 3141 in
2226 3085 2529 3158 vesperam,
2552 3089 2603 3144 id
2638 3097 2720 3144 est
2743 3090 3031 3144 terminum
3062 3090 3330 3144 vicesima:
3352 3090 3539 3158 prima:
3579 3090 3733 3144 cele-

432 3174 433 3177 “
460 3177 614 3232 Scias
640 3185 819 3229 autem
846 3175 1064 3229 eosdem
1092 3174 1367 3244 regulares
1400 3188 1519 3228 esse
1546 3173 1598 3226 in
1629 3172 1873 3255 terminis
1910 3188 2041 3243 qua-
2069 3147 2113 3210 Ο
2143 3176 2355 3244 bretur,
2387 3186 2578 3247 quarta
2620 3179 2674 3233 in
2717 3177 2954 3248 ejusdem
2991 3180 3368 3249 observatione
3408 3180 3595 3251 regula
3644 3188 3737 3237 est

459 3267 928 3340 dragcsimalibus,
956 3273 1012 3321 et
1032 3266 1148 3321 dies
1169 3264 1506 3319 accensiouis
1534 3260 1679 3317 luna:
1701 3263 1861 3332 primi
1890 3276 2040 3316 men-

461 3360 554 3414 sis.
581 3367 639 3414 et
661 3358 924 3414 terminus
948 3355 1239 3427 paschalis.
1271 3355 1367 3409 Est
1408 3364 1585 3411 autem
1631 3356 1853 3424 aequalis
1882 3355 2037 3420 ratio,

463 3460 520 3506 et
540 3449 764 3522 aequalis
788 3449 1101 3503 observatio
1126 3447 1266 3501 inter
1287 3446 1663 3501 acccnsionem
1702 3445 1843 3499 luna;
1874 3444 2037 3515 primi

465 3538 668 3594 mensis
700 3546 756 3593 et
794 3545 1040 3607 quartam
1082 3534 1351 3591 decimam
1399 3533 1581 3587 lunam
1627 3532 1936 3604 paschalem
1987 3541 2042 3589 et

464 3631 676 3685 initium
731 3629 1177 3701 quadragesimae.
1219 3626 1372 3683 Sicut
1406 3626 1570 3682 enim
1604 3626 1859 3681 aceeusio
1902 3625 2042 3681 lunae

461 3721 621 3790 primi
655 3720 856 3777 mensis
897 3719 1155 3776 discurrit
1194 3719 1340 3774 inter
1365 3718 1553 3789 viginti
1585 3727 1641 3772 et
1679 3732 1873 3772 novem
1905 3716 2043 3784 dies,

460 3814 566 3868 hoc
618 3820 720 3879 est,
752 3828 781 3867 a
841 3806 1230 3885 Nonisn‘Martil
1278 3825 1449 3880 usque
1488 3808 1544 3863 in
1582 3809 1820 3865 secundo
1864 3807 2043 3865 Nonas

459 3902 680 3971 Aprilis,
724 3903 796 3957 ita
825 3903 998 3973 prima
1026 3902 1151 3967 luna
1175 3901 1335 3971 primi
1365 3900 1566 3955 mensis
1596 3900 1881 3955 abnoctavo
1920 3896 2045 3954 ldus

463 3994 640 4048 Martii
690 3995 969 4068 usquead
1016 3993 1196 4048 Nonas
1238 3992 1437 4063 Aprilis
1485 3992 1750 4047 variatur.
1799 3991 1867 4045 Et
1903 3992 2045 4045 sicut

461 4084 605 4137 cnim
654 4091 843 4152 quarta
872 4082 1079 4139 decima
1124 4082 1246 4135 luna
1282 4080 1551 4151 paschalis
1590 4081 1731 4133 inter
1762 4078 1947 4149 viginti
1986 4086 2040 4133 ct

464 4190 657 4230 novem
685 4174 801 4229 dies
829 4174 1101 4239 discurrit,
1133 4173 1193 4227 id
1213 4182 1314 4237 est,
1338 4189 1369 4228 a
1396 4172 1716 4228 duodecimo
1748 4172 1866 4227 Kal.
1884 4172 2043 4244 Apri-

464 4268 531 4322 lis
563 4283 731 4337 usque
769 4266 837 4321 ad
878 4275 1130 4338 quartum
1165 4267 1429 4321 decimum
1464 4260 1582 4321 Kal.
1606 4265 1763 4331 "Maii,
1815 4265 1887 4318 ita
1913 4279 2043 4335 ergo

465 4367 519 4412 ct
548 4359 796 4414 acccnsio
824 4359 963 4413 luna:
1002 4358 1139 4413 initii
1164 4358 1587 4431 quadragesimae
1610 4355 1757 4415 inter
1775 4348 1960 4428 viginti
1988 4366 2045 4411 ct

464 4464 657 4504 novem
688 4450 802 4503 dies
823 4450 1087 4513 variatur,
1118 4449 1221 4502 hoc
1247 4454 1351 4512 est,
1374 4462 1409 4500 a
1443 4445 1609 4503 Nonis
1638 4446 1917 4503 Februarii
1945 4462 2037 4500 us-

464 4554 569 4608 que
598 4540 652 4594 in
682 4541 842 4594 tertio
875 4539 1011 4594 Non.
1052 4538 1233 4593 Martii
1278 4539 1553 4593 discurrit.
1596 4536 1689 4597 me
1725 4547 1904 4595 autem
1935 4548 2041 4592 ter-

467 4630 647 4685 minus
671 4628 1151 4700 quadragesisnalis
1183 4629 1251 4684 ab
1285 4631 1517 4699 septimo
1538 4630 1613 4683 ld.
1652 4630 1933 4691 Februarii
1960 4632 2042 4685 in-

468 4726 600 4794 cipit
632 4738 802 4793 usque
824 4723 891 4776 ad
919 4721 1100 4778 Dianas
1126 4721 1361 4795 Martias.
1401 4722 1601 4793 Viginti
1633 4732 1687 4779 ct
1713 4738 1902 4801 novem
1929 4724 2045 4779 dies

468 4810 593 4874 sunt
634 4817 774 4871 inter
802 4816 934 4870 istos
959 4814 1093 4870 d..os
1121 4812 1396 4871 terminos.
1430 4812 1524 4869 Sic
1549 4814 1711 4870 etiam
1740 4799 2043 4871 ettermini

462 4907 824 4978 Rogationum
852 4904 994 4959 inter
1024 4902 1212 4975 viginti
1240 4912 1294 4959 et
1331 4919 1526 4959 novem
1556 4905 1672 4960 dies
1700 4898 2039 4970 discurrunt,

471 5001 571 5055 hoc
600 5009 703 5065 est,
742 5014 770 5052 a
804 4996 1015 5052 decimo
1043 5005 1194 5051 sexto
1219 4996 1336 5051 Kal.
1366 4995 1492 5050 Maii
1535 5012 1705 5067 usque
1744 5012 1889 5061 nono
1917 4997 2034 5052 Kal.

459 5089 668 5145 lunias.
1903 5092 1906 5096 ’
1992 5095 1999 5105 ⁸

988 5172 1214 5229 CAPUT
1251 5171 1507 5237 LXXXV.

497 5259 872 5340 Argumentum
907 5266 975 5322 ad
998 5266 1355 5320 inveniendum
1384 5265 1591 5323 initium
1611 5266 1766 5335 primi
1793 5270 2000 5321 mensis.

536 5362 682 5417 DISC.
713 5361 769 5416 Si
792 5360 1007 5432 aliquod
1032 5357 1209 5417 adhuc
1232 5364 1402 5413 reste:
1425 5365 1798 5428 argumentum
1830 5358 1911 5413 de
1934 5369 2040 5413 ter-

463 5457 612 5512 mino
640 5455 902 5525 paschali,
934 5470 1007 5509 nc
1032 5462 1103 5518 te,
1131 5456 1283 5525 rogi),
1312 5450 1502 5505 twdeat
1524 5450 1758 5506 edicere.
1798 5452 2047 5510 MamEst

465 5561 596 5616 ergo
627 5547 695 5601 de
723 5544 1063 5600 inchoatione
1086 5542 1246 5612 primi
1287 5540 1487 5595 mensis
1511 5540 1618 5595 tale
1647 5552 2040 5613 argumentum.

469 5636 526 5689 Si
555 5636 699 5690 enim
727 5636 861 5690 velis
896 5648 1189 5704 agnoscere
1222 5630 1433 5686 initium
1480 5631 1639 5700 primi
1680 5619 1907 5698 mensis,
1943 5635 2046 5689 hoc

470 5732 575 5785 est,
602 5724 688 5777 ubi
730 5724 1048 5792 principium
1085 5723 1157 5776 sit
1188 5722 1327 5776 lunae
1358 5721 1648 5790 paschalis,
1687 5723 1830 5778 scias
1855 5725 2044 5779 eodem

2143 3268 2299 3323 nobis
2327 3275 2570 3338 tempore
2598 3268 2892 3325 Dominica:
2923 3272 3339 3327 resurrectionis
3364 3272 3642 3342 imposita,
3666 3281 3731 3327 ut

2147 3371 2268 3411 cum
2320 3358 2640 3426 aequinoctio
2695 3364 3014 3415 transcenso
3060 3361 3241 3415 lunam
3288 3362 3448 3430 primi
3492 3364 3728 3425 mensis,

2143 3456 2395 3515 quartam
2426 3448 2688 3504 decimam
2721 3465 2946 3520 vespere
2971 3462 3151 3505 ortum
3193 3452 3371 3506 facere
3404 3454 3733 3520 viderimus,

2143 3555 2249 3594 non
2282 3542 2462 3597 statim
2490 3544 2558 3597 ad
2594 3543 2905 3611 faciendum
2945 3546 3150 3600 Pascha
3193 3547 3555 3617 prosiliamus,
3607 3549 3730 3611 sed,

2143 3629 2488 3707 Dominicqu
2517 3634 2687 3700 diem,
2705 3650 2813 3705 quo
2841 3637 2954 3707 ipse
2974 3636 3202 3702 Pascha,
3231 3638 3284 3693 id
3302 3647 3406 3704 est,
3435 3640 3734 3694 transitum

2144 3720 2211 3775 dc
2241 3731 2415 3777 morte
2443 3724 2512 3779 ad
2540 3725 2732 3791 vitam,
2766 3728 2849 3782 'de
2877 3728 3228 3799 corruptione
3255 3729 3323 3784 ad
3361 3731 3735 3800 incorruptio-

2144 3826 2288 3869 nem.
2310 3812 2378 3869 de
2403 3826 2559 3882 pinna
2584 3816 2653 3871 ad
2689 3816 2913 3887 gloriam
2949 3821 3280 3889 resurgendo
3305 3814 3485 3876 facere.
3522 3821 3729 3894 digna-

2144 3909 2231 3957 tus
2256 3912 2359 3969 est,
2392 3915 2791 3975 exspectantes,
2842 3908 2896 3962 in
2944 3909 3061 3979 ipso
3091 3911 3304 3966 tandem
3343 3926 3599 3981 congrua:
3625 3911 3736 3967 Pa-

2144 3992 2290 4046 scha:
2339 3993 2596 4048 solemnia
2635 3997 2990 4053 celebremus.
3021 3999 3174 4066 Quod
3218 4001 3263 4056 si
3299 4002 3421 4073 quis
3462 4000 3738 4069 objecerit

2144 4098 2248 4136 non
2280 4085 2588 4154 mquinoctii
2635 4088 2974 4153 memoriam,
3008 4090 3099 4144 sed
3134 4099 3340 4145 tantum
3381 4092 3542 4162 primi
3571 4105 3734 4146 men-

2128 4173 2222 4243 ,sis
2265 4184 2318 4229 et
2365 4175 2536 4230 tertiae
2572 4176 2625 4231 in
2667 4193 2731 4232 eo
2772 4180 3082 4248 septimanae
3118 4182 3364 4250 posuisse
3410 4182 3728 4252 legiferum,

2144 4262 2281 4317 scim
2308 4264 2431 4333 quia
2469 4265 2571 4320 etsi
2614 4265 2996 4336 aequinoctium
3034 4254 3352 4327 nominatim
3392 4288 3497 4327 non
3542 4273 3739 4343 expri-

2143 4352 2260 4417 mit,
2311 4353 2366 4407 in
2416 4356 2520 4410 hoc
2568 4364 2745 4411 tamen
2794 4358 2912 4427 ipso
2946 4361 3087 4427 quod
3133 4376 3163 4413 a
3220 4362 3537 4431 plenilunio
3558 4363 3735 4434 primi

2143 4444 2347 4499 mensis
2360 4444 2567 4499 Pascha
2586 4446 2889 4503 faciendum
2911 4450 3173 4518 praecipit,
3205 4452 3512 4520 mqudnoctii
3542 4462 3743 4508 trans-

2151 4544 2372 4590 censum
2399 4536 2638 4606 plenaria
2684 4538 2890 4593 ratione
2918 4538 3203 4610 depromit.
3231 4542 3496 4607 Quoniam
3522 4543 3743 4613 absque

2149 4628 2257 4683 ulla
2282 4630 2556 4686 dubietate
2583 4641 2793 4687 constat
2819 4647 2937 4687 eam
2962 4648 3082 4703 qua:
3107 4634 3282 4703 primo
3307 4635 3537 4689 transitu
3559 4638 3746 4706 atqui-

2146 4719 2571 4789 uoctio‘plenum
2595 4736 2750 4776 suum
2778 4722 2992 4792 globum
3021 4724 3339 4789 ostenderit,
3373 4725 3533 4794 primi
3573 4741 3743 4781 men-

2145 4812 2221 4867 sis
2250 4813 2483 4871 existere
2515 4813 2715 4868 luuam.
2759 4814 2981 4882 Quoties
3020 4829 3155 4888 ergo
3197 4806 3340 4872 diem
3384 4816 3740 4873 Deminicum

2145 4919 2267 4957 mox
2306 4905 2597 4960 adventare
2640 4907 2829 4975 quinta
2874 4907 3082 4962 decima
3135 4902 3261 4963 luna
3310 4910 3591 4975 habemus,
3660 4910 3742 4967 nil

2145 5005 2387 5051 nostrum
2426 5006 2633 5067 tempus
2664 4998 2918 5068 paschale
2956 5016 2986 5054 a
3012 5000 3199 5071 regula
3234 5001 3507 5069 dissonat,
3535 5016 3745 5071 quam-

2144 5086 2226 5140 vis
2256 5087 2373 5142 aliis
2402 5092 2862 5144 sacramentorum
2904 5092 3198 5161 generibus
3224 5090 3464 5161 ejusdem
3500 5092 3744 5149 Pascha

2147 5176 2405 5233 solemnia
2452 5179 2711 5234 colamus.
2752 5178 2975 5249 Quoties
3018 5194 3148 5237 vero
3175 5184 3415 5239 secundo
3442 5181 3524 5238 vel
3557 5185 3745 5240 tertio

2146 5270 2231 5325 vel
2278 5281 2472 5340 quarto
2492 5270 2579 5325 vel
2619 5273 2808 5341 quinto
2834 5272 2917 5328 vel
2951 5282 3106 5328 sexto
3136 5272 3221 5328 vel
3268 5275 3497 5345 septimo
3524 5273 3740 5330 abhinc

2146 5361 2396 5416 dieidem
2428 5360 2738 5416 Domioicus
2767 5362 3101 5429 occurrerit,
3147 5378 3252 5418 nec
3289 5362 3371 5419 sic
3399 5361 3620 5433 quidem
3653 5364 3737 5418 le

2147 5467 2268 5523 gem
2300 5460 2393 5507 aut
2434 5453 2727 5522 prophetas
2744 5453 3027 5517 solvimus,
3061 5455 3154 5509 sed
3190 5454 3515 5525 evangeliae
3538 5454 3743 5522 potius

2149 5543 2335 5612 gratia“:
2367 5553 2705 5597 sacramenta
2752 5544 3128 5612 adimplemus.
3159 5530 3295 5610 Quia
3342 5545 3481 5600 enim
3511 5550 3570 5596 et
3608 5539 3750 5597 Sal-

2147 5640 2305 5687 vator
2333 5641 2536 5699 noster,
2570 5634 2711 5689 sicut
2751 5634 3097 5706 Theophilus
3119 5636 3441 5693 venerabilis
3486 5631 3747 5693 Aiexani

2150 5722 2277 5777 drim
2317 5724 2600 5793 episcopus
2650 5723 2858 5788 scribit,
2911 5734 3103 5795 quarta
3134 5727 3339 5782 decima
3381 5723 3602 5796 quidem
3656 5738 3762 5783 est
