3970 6198
202 333 289 389 ﬁl

1480 315 1678 372 LIBER
1715 312 1803 369 DE
1840 307 2191 368 εοΜΡυτον

3340 301 3452 353 Ἰέἒ

200 444 317 499 luna
346 435 599 499 traditus,
651 434 755 487 hoc
796 440 877 485 est
912 430 1099 499 quinta
1147 429 1257 524 die.
1283 436 1409 499 post
1458 428 1763 489 sabbatum,
1793 428 1839 485 Α
1868 422 2005 478 sime
2030 419 2326 475 cavendum
2359 431 2426 473 ne
2460 419 2600 474 hanc
2620 425 2776 473 sexta
2795 413 3003 472 decima
3027 412 3176 479 luna,
3218 421 3278 469 ut
3319 415 3443 483 qui-

186 533 378 606 quinta
398 526 614 585 'decima
663 534 840 579 autem
877 523 1202 587 cruciﬁxus,
1233 520 1342 577 die
1385 521 1543 576 tertia
1585 534 1770 573 resur-

199 621 354 683 rexit.
385 620 490 674 hoc
535 623 640 679 est,
686 614 912 684 septima
944 612 1150 667 decima
1183 612 1331 675 luna,
1383 626 1503 681 qua:
1544 618 1671 664 tunc
1714 609 1769 663 in

200 710 472 767 Dominica
500 706 591 761 die
619 704 838 758 videtur
870 704 1110 768 iuventa,
1157 702 1316 757 sicuti
1342 705 1416 756 ‘ex
1444 699 1769 769 Evangelio~

200 817 316 858 rum
344 796 724 855 observatione
747 795 1109 864 commrimus
1132 834 1147 859 ,
1184 794 1446 848 habemus
1474 807 1603 863 ergo
1629 790 1771 844 sola-

201 894 327 949 tium
355 906 465 961 quo
494 895 641 943 recte
665 886 847 942 facere
874 885 1079 942 Pascha
1107 886 1396 955 possimus,
1447 884 1658 939 etiamsi
1683 883 1767 938 di-

200 982 327 1037 latio
367 964 529 1039 fuerit
553 984 861 1038 consecuta,
892 982 1114 1045 propter
1140 975 1507 1029 incurrentem
1534 972 1770 1026 necessi-

200 1066 386 1135 tatem,
417 1076 477 1123 ut
504 1067 553 1122 si
582 1075 776 1136 quarta
797 1065 1005 1119 decima
1034 1064 1197 1134 primi
1224 1063 1424 1117 mensis
1452 1062 1505 1116 in
1540 1060 1768 1115 sabbato

199 1159 436 1217 evenerit
460 1158 609 1223 luna,
658 1163 752 1210 aut
773 1156 817 1211 si
850 1155 905 1209 in
943 1154 1065 1208 aliis
1101 1162 1226 1209 ante
1260 1154 1541 1208 sabbatum
1579 1152 1769 1206 diebus

197 1246 506 1321 septimana:
559 1246 836 1317 sequentis
892 1245 1191 1310 acciderit,
1256 1245 1373 1298 sine
1434 1244 1768 1298 dubitatione

200 1334 763 1413 Pascha_celebremus
786 1350 801 1400 ;
832 1333 879 1387 si
902 1347 1031 1388 vero
1050 1332 1103 1387 in
1132 1333 1470 1388 Dominicam
1492 1332 1765 1395 inciderit,

196 1426 417 1481 omnino
453 1424 507 1479 in
550 1424 903 1493 septimanam
953 1420 1269 1492 sequentem
1310 1421 1620 1478 diﬂ‘eramus
1646 1438 1772 1492 pro-

197 1527 315 1589 pter
335 1531 429 1573 eas
453 1528 589 1586 quas
614 1522 877 1570 testamur
915 1518 1125 1570 cauSas.
1172 1514 1415 1568 Primum
1443 1513 1658 1584 quidem
1702 1520 1789 1566 ne'

196 1608 357 1664 tertia
399 1606 609 1661 decima
630 1604 759 1659 luna
785 1604 1002 1659 inventa
1040 1605 1094 1659 in
1135 1604 1344 1659 sabbati
1384 1605 1471 1659 die
1496 1604 1769 1658 solvamus

191 1694 479 1765 jejunium,
506 1693 648 1765 quod
676 1708 1014 1763 consequens
1056 1708 1162 1747 non
1191 1701 1292 1758 est,
1336 1693 1479 1763 quod
1512 1707 1612 1747 nec
1654 1693 1766 1761 ipsa

195 1787 280 1843 lex
310 1786 589 1857 praecepit,
604 1786 841 1840 maxime
867 1799 989 1839 cum
1017 1794 1072 1839 et
1104 1785 1283 1839 lumen
1306 1783 1475 1853 ipsius
1501 1783 1642 1836 lume
1668 1783 1766 1835 im-
1795 1772 1843 1830 B

195 1879 495 1951 perfectum
546 1880 722 1933 adhuc
765 1879 821 1932 in
860 1877 1083 1948 proprio
1127 1877 1287 1947 globo
1328 1890 1449 1930 esse
1495 1874 1763 1931 videatur.

195 1969 404 2026 Deinde
430 1985 498 2025 ne
522 1969 800 2024 Dominica
843 1968 933 2023 die
955 1968 1079 2022 luna
1108 1974 1299 2037 qu-srta
1328 1964 1539 2021 decima
1567 1967 1771 2019 consti-

197 2069 306 2117 tuta
351 2060 601 2132 ieiunare
644 2075 921 2131 cogamur,
970 2059 1309 2114 indecentem
1347 2071 1462 2111 rem
1498 2055 1767 2110 illicitam-
1802 2058 1803 2061 “

195 2167 298 2223 que
328 2152 609 2208 facientes.
651 2151 948 2207 Hec-enim
981 2150 1398 2208 Manichzeorum
1448 2156 1596 2203 recte
1642 2162 1771 2202 con-

192 2244 427 2298 suetudo
456 2243 713 2315 possedit.
742 2242 1006 2309 Quoniam
1031 2242 1194 2315 igitur
1214 2257 1314 2297 nec
1337 2247 1530 2311 quarta
1563 2238 1833 2294 deeima‘..

192 2333 325 2388 luna
363 2334 613 2389 veniente
656 2335 710 2387 iu
747 2334 1085 2388 Dominicum
1132 2332 1275 2388 diem
1307 2330 1557 2401 ieiunare
1607 2330 1770 2385 debe-

190 2441 341 2489 mus,
372 2440 553 2494 neque
582 2440 916 2494 consequens
942 2433 1026 2480 est
1048 2435 1108 2479 ut
1139 2424 1183 2479 si
1214 2424 1268 2478 in
1308 2423 1517 2479 sabbati
1557 2422 1646 2477 die
1666 2432 1774 2479 ter-

191 2516 261 2570 tia
288 2517 507 2571 decima
551 2517 784 2582 eveliiat,
814 2517 1085 2572 solvamus
1123 2516 1409 2586 ieiunium,
1464 2516 1775 2571 necessario

189 2604 495 2659 asse‘rimus
546 2606 650 2659 hoc
697 2606 751 2660 in
807 2606 1162 2674 septimanam
1213 2612 1529 2674 sequentem
1581 2603 1795 2660 (habere

188 2695 424 2761 (Βᾶθι-τί,
463 2696 604 2751 sicut
651 2696 812 2765 paulo
838 2696 1085 2766 superius
1119 2696 1521 2765 comprehendi,
1551 2691 1662 2750 non
1695 2704 1777 2750 ta-

189 2800 322 2839 men
363 2799 432 2839 ex
476 2784 581 2839 hac
622 2783 882 2839 dilatione
920 2785 1364 2854 praevaricatione
1398 2785 1591 2854 aliqua
1632 2786 1777 2841 circa

187 2876 509 2945 paschalem
582 2875 849 2930 calculum
912 2882 1245 2946 perpetrata.
1316 2874 1776 2944 Quemadmodum

187 2969 347 3023 enim
367 2968 610 3023 decimus
639 2970 893 3022 numerus
920 2966 1294 3036 complectitur
1322 2966 1577 3036 primum,
1615 2964 1696 3020 sic
1724 2972 1779 3019 et

188 3060 419 3131 quolies‘
445 3062 640 3127 quarta
663 3057 870 3112 decima
894 3058 1105 3113 Iunain
1128 3039 1465 3113 Dominicum
1488 3055 1779 3112 incurrerit

189 3152 362 3216 diem,
396 3151 640 3227 ecquod
685 3151 739 3204 in
761 3165 828 3204 eo
848 3146 1094 3218 ieiunare
1125 3164 1231 3204 non
1270 3149 1452 3213 liceat,
1502 3149 1557 3203 in
1586 3148 1763 3219 proxi-

188 3260 349 3299 mam
379 3244 735 3312 septimanam
765 3240 967 3297 dill‘erri
990 3229 1213 3298 necesse
1239 3248 1325 3298 est
1361 3240 1503 3297 diem
1530 3238 1775 3295 Paschte.

188 3332 361 3388 Nulla
392 3332 536 3386 enim
559 3333 751 3405 exhoc
777 3326 1082 3387 imminutio
1120 3332 1238 3406 fieri
1284 3330 1505 3385 Pascha
1543 3329 1777 3392 videtur,

190 3424 329 3492 quia
350 3422 459 3491 ipsi
484 3430 769 3492 sequentes
790 3421 905 3478 dies
926 3422 1357 3491 complectuntur
1374 3430 1433 3476 et
1452 3420 1705 3490 reliquos.

702 3534 929 3590 CAPUT
960 3542 965 3543 '
988 3532 1289 3590 LXXXVII.

194 3622 400 3695 Opinio
428 3622 749 3678 diversorum
777 3625 867 3678 ubi
897 3628 1120 3695 primum
1154 3625 1231 3695 sit
1249 3625 1524 3680 Dominica
1564 3624 1673 3678 dies
1704 3639 1784 3676 re-

557 3690 907 3749 surrectionis
921 3690 1128 3749 Domini
1156 3694 1435 3749 celebrata.

270 3785 429 3840 DISC.
485 3784 586 3840 Ubi
638 3794 817 3840 autem
870 3785 1162 3840 Dominica:
1208 3783 1625 3839 resurrectionis
1670 3782 1786 3836 dies

192 3877 447 3945 primum
491 3872 655 3929 luerit
702 3884 911 3930 certum
956 3876 1147 3930 haberi
1190 3868 1401 3930 vellem.
1442 3874 1582 3933 MAG.
1624 3871 1788 3927 Varie

195 3978 392 4022 autem
418 3967 486 4026 ,id
517 3966 767 4022 refertur.
821 3969 888 4023 Et
914 3969 1151 4038 quidem,
1177 3974 1237 4021 ut
1268 3981 1433 4036 supra
1467 3965 1789 4020 memoravi-

198 4074 351 4123 mus,
385 4058 606 4127 quidam
629 4067 821 4114 octavo
843 4057 1518 4128 Kalendarum-Aprilium,
1571 4056 1668 4113 sed
1697 4055 1788 4110 alii

194 4158 391 4215 sexto,
440 4148 682 4203 nonnulli
713 4150 905 4221 quinto
943 4150 1307 4205 Kalendarum
1344 4147 1657 4205 earumdem
1703 4145 1791 4199 die

197 4242 384 4297 fuisse
410 4250 742 4296 asseverant.
778 4241 878 4297 Ubi
913 4243 1205 4296 notandum
1239 4239 1365 4310 quia
1390 4238 1437 4293 si
1458 4247 1650 4293 octavo
1685 4234 1792 4290 Ka-

199 4333 502 4388 lendarum
549 4340 987 4396 memoratarum,
1031 4340 1091 4386 ut
1125 4330 1462 4399 antiquiores
1501 4326 1787 4397 scripsere,

1803 3116 1848 3177 C

1844 3404 1849 3408 .
1881 3347 2248 3412 observandas
2273 3355 2377 3401 est.

1871 512 2015 576 dam,
2038 518 2305 578 patratam
2346 508 2739 573 confirmando,
2782 521 2893 562 non
2930 505 3103 561 solum
3140 504 3446 559 inevitabile

1871 608 2070 655 nostra:
2093 597 2467 653 calculationis.
2483 598 2842 667 dispendium,
2870 598 3041 655 sedet
3065 594 3445 667 gravissimum

1869 694 2153 750 catholicae
2170 691 2297 747 ﬁdei
2324 690 3008 761 incurramuspericuium.

2258 796 2261 799 ’
2355 802 2583 860 CAPUT
2616 800 2950 858 LXXXVIII.

1867 897 2242 970 Argumentum
2257 897 2327 951 ad
2337 884 2695 951 inveniendum
2710 894 2846 948 diem
2865 892 3193 947 Dominicam
3206 888 3445 943 Pascha'.

1939 992 2086 1048 DISC.
2134 991 2389 1062 Nunquid
2429 998 2513 1045 est
2559 987 2777 1057 aliquod
2798 986 2863 1040 de
2903 983 3186 1039 Dominica
3220 981 3443 1036 Pascha:

1869 1090 2281 1153 argumentum,
2322 1081 2462 1135 sicut
2501 1088 2556 1134 et
2597 1078 2663 1133 de
2697 1084 2886 1151 quarta
2910 1076 3118 1153 decima
3160 1073 3282 1127 luna
3323 1086 3443 1127 esse

1869 1161 2189 1228 ostendisti?
2216 1171 2357 1225 Man.
2392 1170 2526 1225 Illud
2566 1183 2662 1239 pro
2704 1174 3021 1237 argumento
3047 1173 3277 1235 ponunt,
3320 1163 3445 1232 quia

1870 1273 1999 1334 quot
2029 1265 2142 1319 dies
2171 1271 2297 1317 ante
2321 1263 2493 1333 pridie
2521 1260 2645 1316 ldus
2675 1259 2875 1329 Aprilis
2916 1257 3174 1312 habueris
3210 1254 3438 1317 Pascha,

1869 1363 1949 1410 tot
1992 1355 2182 1409 diebus
2226 1362 2353 1408 ante
2390 1352 2654 1407 Kalendas
2699 1350 2916 1404 Martias
2965 1348 3191 1402 habebis
3231 1346 3445 1400 initium

1870 1444 2322 1514 Quadragesimm.
2352 1443 2417 1497 Et
2443 1450 2574 1512 quot
2598 1441 2713 1495 dies
2745 1448 2866 1511 post
2896 1438 3068 1509 pridie
3090 1436 3215 1491 ldus
3244 1434 3444 1504 Aprilis

1870 1535 2123 1590 habueris
2148 1534 2354 1588 Pascha
2376 1573 2390 1598 ,
2424 1540 2503 1586 tot
2539 1520 2679 1586 idem
2711 1531 2899 1586 diebus
2935 1528 3205 1583 Kalendas
3227 1525 3449 1580 Martias

1868 1624 2313 1679 habebisinitium
2330 1622 2779 1693 Quadtagesimae.
2794 1620 2864 1674 Et
2878 1620 2921 1675 si
2934 1618 3108 1688 pridie
3122 1618 3239 1671 idus
3251 1615 3447 1685 Aprilis

1869 1715 2073 1770 Pascha
2106 1711 2647 1776 habueris,Kalendis
2680 1710 2886 1765 Martiis
2912 1709 3124 1764 initium
3140 1706 3449 1775 Quadrage-

3158 762 3181 789 ι

1868 1807 2016 1861 simae
2047 1802 2291 1859 habebis.
2325 1803 2466 1871 Quot
2499 1802 2614 1856 dies
2640 1811 2764 1856 ante
2792 1800 2911 1855 Kal.
2945 1799 3145 1870 Aprilis
3192 1796 3448 1851 habueris

1867 1896 2095 1958 Pascha,
2117 1904 2297 1949 tantos
2319 1895 2433 1949 dies
2453 1900 2578 1947 ante
2592 1892 2963 1947 duodecimum
2982 1890 3098 1945 Kal.
3117 1889 3337 1943 Martias
3352 1887 3467 1942 ha-'

1868 1988 2020 2044 bebis
2043 1986 2252 2041 initium
2266 1982 2724 2053 Quadragesimze.
2738 1981 2805 2036 Et
2827 1990 2958 2052 quot
2977 1982 3091 2035 dies
3117 1987 3237 2049 post
3260 1977 3451 2032 Kalen-

1869 2062 2175 2148 das‘Aprilis
2201 2074 2452 2130 habueris
2475 2073 2701 2137 Pascha,
2735 2079 2813 2125 tot
2842 2070 3027 2125 diebus
3046 2078 3166 2138 post
3195 2064 3446 2121 duodeci-

1869 2176 2024 2222 mam‘
2041 2166 2306 2220 Kalendas
2338 2163 2557 2218 Martias
2580 2162 2803 2217 habebis
2838 2161 3051 2215 initium
3092 2157 3449 2229 Quadragesi-

1871 2276 1991 2315 mae.
2025 2258 2168 2314 DISC.
2201 2257 2258 2312 In
2285 2267 2416 2327 quot
2442 2258 2629 2312 diebus
2667 2256 2846 2311 evenit
2880 2256 3033 2310 nobis
3056 2253 3267 2309 Pascha
3309 2253 3449 2308 cele-

1823 2375 1832 2381 -
1870 2351 2064 2408 brare?
2086 2349 2227 2406 MAG.
2252 2350 2491 2421 Triginta
2524 2356 2755 2420 quatuor
2771 2347 2855 2403 vel
2875 2348 3091 2419 triginta
3114 2347 3373 2417 quinque,
3397 2347 3450 2399 id

1871 2449 1973 2506 est,
2012 2439 2080 2495 ab
2100 2432 2383 2495 undecima
2410 2437 2703 2508 Kal.April.
2744 2452 2913 2507 usque
2937 2437 2989 2491 in
3026 2436 3308 2506 septimam
3323 2434 3441 2489 Kal.

1873 2530 2017 2585 Maii.
2043 2529 2110 2584 Et
2135 2530 2237 2583 hoc
2265 2528 2318 2582 in
2346 2512 2797 2583 decennovennali
2827 2524 2978 2597 cyclo
3001 2524 3060 2579 fit
3080 2532 3298 2595 propter
3324 2537 3450 2578 con-

1874 2622 2111 2677 cordiam
2139 2628 2471 2691 epactarum.
2507 2618 2619 2675 Isti
2641 2619 2860 2690 triginta
2898 2616 3135 2687 quinque
3172 2617 3287 2671 dies
3324 2626 3450 2671 sunt

1875 2712 1999 2767 inde
2019 2712 2147 2782 quia
2177 2713 2229 2765 in
2252 2726 2438 2767 cccuv
2470 2710 2585 2765 dies
2610 2709 2735 2763 anni
2759 2722 3074 2765 communes
3098 2706 3450 2779 progrediun-

1864 2810 1983 2870 tur,
2032 2810 2088 2858 et
2127 2803 2253 2858 anni
2290 2801 2590 2858 embolismi
2639 2815 2809 2871 usque
2853 2801 2909 2855 in
2956 2798 3182 2855 trecenti
3229 2812 3446 2861 Lxxxtv,

1874 2895 2003 2967 quia
2049 2895 2103 2950 in
2141 2893 2513 2951 communibus
2547 2893 2704 2949 annis
2728 2901 2854 2947 ante
2876 2906 3065 2947 cccuv
3101 2891 3215 2946 dies
3244 2890 3451 2945 Pascha

1876 3000 1985 3040 non
2012 2984 2139 3041 licet
2164 2983 2470 3050 celebrare,
2501 2998 2662 3054 supra
2698 2998 2829 3038 vero
2854 2981 3014 3037 licet.
3047 2981 3104 3036 In
3134 2979 3455 3036 embolismo

1879 3075 2058 3131 autem
2083 3089 2223 3129 anno
2252 3082 2379 3128 ante
2403 3076 2697 3129 cccum'v
2725 3088 2834 3127 non
2865 3072 3021 3126 decet
3043 3068 3328 3134 celebrari,
3353 3083 3449 3122 su-

1879 3172 1974 3236 pra
1998 3179 2128 3221 vero
2167 3165 2337 3220 decet.
2364 3163 2471 3219 Iste
2507 3177 2637 3234 ergo
2665 3174 2925 3218 numerus
2973 3162 3180 3217 dierum
3210 3160 3281 3214 in
3307 3173 3455 3215 com-

1878 3257 2131 3314 munibus
2154 3256 2310 3312 annis
2330 3264 2383 3311 et
2408 3254 2739 3311 embolismis
2766 3254 2821 3309 in
2848 3252 3209 3309 celebratione
3222 3238 3457 3326 Pascha

2406 3380 2632 3495 CAPUT“
2657 3436 2942 3492 LXXXIX.

2268 3532 2345 3587 De
2372 3532 2496 3586 luna
2517 3530 2804 3586 ﬂaminica:
2826 3529 3066 3585 Pasclue.

1954 3623 2101 3680 Disc.
2153 3625 2229 3679 De
2264 3623 2456 3679 ultimo
2485 3624 2715 3696 tramite
2745 3619 3233 3677 decennovennalis
3271 3620 3458 3675 circuli

1884 3720 2046 3777 nunc,
2077 3714 2133 3767 ni
2158 3712 2335 3777 fallor,
2367 3712 2500 3767 ordo
2528 3711 2772 3780 exposcit
2798 3718 2857 3764 ut
2877 3710 3043 3766 dicas.
3079 3710 3218 3785 MAG.
3253 3709 3454 3765 Ultima

1885 3816 2016 3857 sane
2050 3799 2333 3855 memorati
2369 3799 2555 3854 circuli
2597 3805 2739 3854 meta
2763 3798 3074 3870 panduntur
3110 3799 3253 3853 lunae
3278 3797 3456 3852 Domi-

1886 3896 1992 3951 nici
2033 3893 2278 3961 Paschaz,
2315 3900 2538 3967 propter
2566 3892 2861 3948 variantem
2907 3892 3146 3960 eiusdem
3194 3890 3459 3946 Dominici

1887 3998 2200 4048 occursum,
2239 3990 2444 4053 septem
2476 3980 2685 4037 dierum
2711 3980 2917 4035 ambitu
2945 3978 3182 4044 inclusas,
3212 3980 3264 4034 id
3295 3987 3397 4045 est,
3428 3996 3457 4032 a

1887 4075 2077 4165 quinta
2104 4072 2310 4165 decima
2334 4082 2505 4142 usque
2526 4073 2595 4127 ad
2617 4071 2932 4127 vicesimam
2958 4070 3208 4142 primam.
3233 4063 3461 4139 Qui'pro

1891 4158 2040 4219 certo
2083 4163 2198 4217 dies
2237 4161 2568 4219 creberrima
2608 4160 2743 4232 legis
2780 4168 2904 4215 sunt
2948 4158 3290 4215 adnotatione
3322 4173 3461 4228 prae-

1892 4255 2007 4320 ﬁxi,
2039 4253 2250 4308 dicente
2287 4250 2514 4306 Domino
2545 4270 2558 4304 :
2592 4249 2775 4304 Primo
2798 4264 2991 4315 mense,
3035 4257 3225 4320 quarta
3257 4247 3461 4302 decima

1892 4343 1976 4397 die
2015 4341 2229 4405 mensis,
2274 4339 2549 4395 comedetis
2596 4355 2782 4410 azyma
2829 4355 2991 4410 usque
3034 4337 3103 4391 ad
3149 4337 3285 4390 diem
3326 4336 3457 4389 vice-

199 4424 791 4488 resurl‘eclib'nomiﬂi
835 4423 979 4479 fama
1006 4432 1109 4489 65⁸,
1153 4424 1373 4492 (luimus
1399 4417 1661 4511 Ρτοίθοῑογ
1683 4418 1792 4473 θίν’
1815 4452 1869 4511 D
1893 4432 2083 4485 simum
2114 4429 2338 4500 primum
2364 4428 2598 4494 eiusdem
2626 4428 2817 4482 Mensis
2844 4427 2913 4481 ad
2941 4443 3220 4498 vesperam.
3257 4425 3463 4497 Septem
3480 4440 3506 4457 α

200 4517 325 4571 culi
370 4514 857 4570 decenuovenualis
894 4522 1021 4569 tunc
1062 4515 1323 4584 agebatur
1364 4526 1537 4568 annus
1579 4510 1787 4566 habens

200 4613 610 4662 concurrentes
648 4613 854 4674 septem
899 4613 956 4659 et
998 4603 1180 4659 lunam
1214 4612 1463 4674 quartam
1506 4602 1792 4669 decimam,

202 4697 363 4751 sicut
394 4707 612 4763 semper
633 4694 919 4749 undecimo
951 4693 1068 4747 Kal.
1100 4693 1318 4762 Aprilis.
1350 4691 1409 4747 Si
1434 4699 1619 4746 autem
1640 4699 1797 4746 sexto

200 4785 341 4841 Kal.
397 4781 597 4852 Aprilis
640 4782 900 4837 Dominus
946 4782 1264 4847 resurrexit,
1317 4781 1507 4836 tertius
1557 4780 1804 4835 decimus

200 4876 415 4932 circuli
442 4872 652 4945 praelati
678 4888 852 4928 annus
879 4873 1107 4938 exstitit,
1150 4874 1387 4943 quinque
1425 4873 1631 4928 habens
1667 4887 1802 4927 con-

201 4973 513 5025 currentes
537 4971 594 5019 et
633 4964 817 5019 lunam
846 4972 1097 5032 quartam
1148 4964 1430 5029 decimam,
1482 4973 1544 5019 ut
1587 4976 1803 5032 semper

203 5074 374 5116 nono
400 5056 523 5111 Kal.
555 5056 776 5126 Aprilis.
819 5054 993 5111 Porro
1012 5057 1060 5111 si
1085 5057 1276 5127 quinto
1310 5057 1677 5115 Kalendarum
1715 5075 1805 5114 su-

201 5165 318 5221 pra
383 5146 710 5218 scriptarum
757 5150 1089 5203 resurrectio
1137 5151 1405 5210 celebrata
1449 5166 1534 5213 est
1577 5155 1803 5221 Christi,

204 5240 503 5296 secundus
553 5240 742 5297 circuli
795 5243 1280 5302 decennoveunalis
1333 5247 1571 5303 existens
1628 5264 1803 5305 annus

202 5340 623 5387 concurrentes
650 5334 882 5389 habebat
901 5345 1135 5406 quatuor
1171 5346 1229 5392 et
1258 5337 1432 5392 lunam
1470 5340 1683 5393 tertiam
1715 5341 1810 5395 tle—

205 5422 458 5487 cinlam,
493 5422 635 5477 sicut
658 5440 875 5495 semper
897 5436 1088 5483 octavo
1114 5427 1231 5482 Kal.
1254 5429 1475 5499 Aprilis.
1514 5429 1644 5496 Quae
1672 5446 1811 5485 cun-

1896 4520 2077 4576 diebus
2115 4521 2484 4591 fermentatum
2530 4535 2643 4573 non
2675 4519 2963 4573 invenietur
3004 4519 3058 4573 in
3097 4516 3337 4571 domibus
3379 4532 3469 4570 ve-

1897 4613 2039 4666 stris.
2094 4608 2259 4680 Cuius
2306 4610 2470 4681 primi
2512 4608 2715 4664 mensis
2754 4616 3067 4678 septemque
3110 4605 3233 4676 eius
3259 4607 3468 4662 dierum

1901 4714 2216 4775 azymorum
2248 4716 2391 4756 nunc
2418 4699 2602 4772 regula
2625 4699 2756 4754 talis
2775 4708 2878 4764 est,
2905 4705 2966 4753 ut
3007 4713 3126 4768 qua:
3154 4706 3278 4768 post
3300 4697 3470 4767 aequi-

1903 4793 2142 4849 noctium
2182 4791 2367 4861 quinta
2398 4790 2606 4846 decima
2630 4789 2759 4843 luna
2786 4789 3046 4855 occurrit,
3070 4788 3237 4858 primi
3266 4787 3474 4842 mensis

1907 4881 2255 4952 intelligatur.
2296 4880 2362 4934 Et
2391 4880 2506 4934 haec
2537 4892 2865 4948 quocunque
2897 4887 3101 4947 septem
3145 4877 3376 4942 dierum,
3419 4876 3474 4929 id

1906 4985 2008 5042 est,
2040 4991 2071 5029 a
2100 4975 2283 5045 quinta
2314 4972 2520 5028 decima
2547 4985 2718 5041 usque
2758 4971 2827 5026 ad
2862 4971 3175 5026 vicesimam
3219 4968 3471 5037 primam,

1908 5066 2147 5135 primum
2175 5062 2515 5117 Dominicum
2560 5061 2849 5131 acceperit.
2882 5059 3155 5115 Paschalis
3192 5056 3316 5111 festi
3343 5070 3470 5124 gau-

1909 5156 2014 5211 diis
2033 5162 2215 5224 aptum
2243 5152 2499 5224 porrigat.

2505 5241 2731 5299 CAPUT
2759 5242 2851 5298 XC

2055 5337 2427 5405 Argumentum
2464 5333 2534 5386 ad
2554 5332 2721 5404 ipsa
2746 5332 2931 5386 lunam
2950 5329 3329 5382 inveniendam.
3428 5360 3433 5363 -

1986 5427 2045 5483 Si
2069 5428 2152 5482 vis
2190 5440 2480 5498 agnoscere
2502 5434 2662 5495 quota
2697 5425 2819 5478 luna
2844 5421 3110 5476 festivitas
3145 5419 3364 5474 Pascha:
3384 5432 3482 5473 oc-

207 5523 315 5571 cta
352 5514 601 5584 septimas
620 5517 844 5574 decimas
883 5519 1039 5584 lunae,
1081 5529 1136 5576 et
1175 5522 1229 5574 in
1265 5537 1369 5591 qua
1410 5521 1503 5576 die
1524 5521 1813 5579 Dominico
1914 5524 2116 5581 currat,
2149 5517 2194 5577 si
2236 5515 2290 5570 in
2318 5515 2721 5570 Martio‘mense
2744 5511 2950 5567 Pascha
2979 5510 3300 5573 celebretur,
3327 5521 3482 5563 com-

210 5605 420 5675 primo
453 5616 817 5662 saemsancta:
843 5609 1257 5665 resurrectionis
1293 5618 1418 5665 sunt
1451 5618 1569 5664 acta
1607 5620 1800 5681 myste-

216 5694 351 5758 ria.
397 5708 562 5752 cursu
588 5693 915 5767 panduntur
956 5696 1193 5754 indubia.
1243 5698 1471 5754 Tantum
1516 5698 1815 5768 diligentis-

1914 5619 2044 5681 puta
2079 5623 2295 5665 menses
2328 5625 2361 5664 a
2389 5608 2749 5679 Septembrio,
2791 5607 2894 5663 hoc
2931 5619 3033 5673 ess,
3075 5605 3144 5661 ab
3173 5605 3329 5660 initio
3355 5604 3489 5659 anni

1916 5701 2209 5758 secundum
2239 5700 2541 5772 Egyptios,
2567 5713 2794 5769 quorum
2822 5698 3089 5756 rationem
3113 5698 3203 5754 hic
3239 5695 3483 5768 sequitur
