3986 6192
540 307 645 363 7Ξό

1198 270 1261 362 ~13.
1306 304 1558 369 RABAM
1598 306 1817 364 MAURI
1852 306 2168 365 ARCHIEP.
2212 307 2519 364 MOGUNT.
2561 306 2842 364 OPERUSI
2884 308 3062 366 PARS
3101 309 3141 365 Ι.

3664 320 3764 376 τις

535 423 845 497 Dionysius,
874 432 1045 493 usque
1073 422 1139 477 ad
1165 422 1538 486 Februarium,
1573 423 1675 477 hoc
1699 428 1802 484 est,
1834 434 2004 486 usque
2034 418 2102 473 ad
2128 423 2178 477 A
2206 432 2421 471 crorum
2447 418 2608 471 etiam
2654 430 2796 473 nunc
2839 417 3092 474 Ecclesia:
3119 422 3453 479 consuetudo
3494 440 3601 480 non
3624 428 3767 497 igno-

536 517 697 570 ﬂnem
730 515 855 569 anni
880 514 1173 570 secundum
1201 515 1451 583 antiquos
1476 513 1748 569 Romanos
1771 527 1866 567 sex
1890 526 2104 567 menses

533 615 679 659 sunt.
714 604 809 659 His
837 619 1049 671 semper
1075 604 1247 675 adjice
1273 605 1407 660 duos
1451 605 1742 675 regulares.
1773 604 1933 659 Fiunt
1953 613 2097 659 octo.

531 697 682 751 Adde
704 704 944 764 epactas,
976 696 1029 751 id
1053 704 1155 762 est,
1177 695 1504 766 adiectiones
1525 695 1758 751 lunares.
1789 694 1953 752 Verbi
1976 710 2102 767 gra-

530 785 604 838 tia
641 787 830 840 :‘atmo
874 783 1054 841 futuro
1102 778 1297 856 quarta
1344 786 1553 842 decima
1598 786 1927 851 indictione,
1985 801 2096 851 xxv,

532 873 666 927 ﬁunt
688 874 878 944 viginti
906 874 1043 939 duo;
1072 876 1207 931 adde
1247 883 1300 931 et
1339 876 1455 931 dies
1484 876 1686 931 mensis
1724 874 1904 931 Martii
1929 890 2100 946 usque

532 962 584 1015 in
626 963 962 1019 Dominicum
994 964 1233 1029 Paschae,
1272 965 1416 1034 quod
1459 965 1519 1020 ﬁt
1541 979 1682 1021 nono
1709 965 1829 1021 Kal.
1875 965 2096 1036 Aprilis,

529 1050 666 1106 ﬁunt
709 1052 867 1107 simul
910 1053 1259 1124 quadraginta
1294 1070 1420 1120 sex;
1472 1053 1599 1109 tolle
1644 1055 1883 1125 triginta,
1922 1071 2100 1111 rema-

530 1149 660 1195 nent
707 1141 1192 1198 sexdecim:sexta
1242 1143 1450 1199 decima
1496 1143 1619 1199 luna
1649 1143 1756 1201 erit
1781 1146 1834 1199 in
1863 1142 2095 1213 Pascha,

528 1232 580 1285 id
609 1241 712 1298 est,
762 1249 903 1288 nono
947 1234 1064 1288 Kal.
1108 1234 1326 1305 Aprilis,
1367 1234 1581 1307 quando
1616 1237 1941 1292 resurrectio
1986 1238 2096 1293 Do-

528 1324 656 1377 mini
698 1324 1022 1380 celebratur.
1077 1324 1135 1381 Si
1179 1336 1360 1382 autem
1399 1326 1533 1382 velis
1586 1326 1882 1400 intelligere
1928 1336 2093 1399 quota

523 1413 649 1470 luna
678 1424 761 1472 est
786 1417 842 1473 in
872 1417 1100 1484 Pascha,
1141 1420 1573 1489 quandocunque
1611 1420 1663 1473 in
1693 1419 1864 1489 Aprili
1896 1434 2093 1476 'mense

524 1508 844 1575 celebratur,
876 1520 1127 1580 computa
1166 1526 1380 1565 menses
1409 1526 1440 1564 a
1472 1510 1789 1580 Septembre
1827 1526 1997 1581 usque
2022 1511 2090 1566 ad

522 1596 805 1664 Martium;
837 1598 983 1669 quia,
1014 1607 1072 1653 ut
1096 1598 1185 1653 alii
1211 1599 1521 1669 opinantur,
1565 1601 1996 1671 quandocunque
2034 1600 2089 1654 in

521 1687 690 1756 Aprili
736 1684 946 1743 Pascha
997 1687 1320 1753 celebratur,
1374 1689 1599 1746 Martius
1650 1689 1775 1744 ﬁnis
1812 1692 1939 1745 anni
1984 1697 2086 1746 est.

2204 508 2385 562 biliter
2406 509 2664 575 imitatur,
2690 524 2853 562 unam
2872 508 3121 565 videlicet
3153 520 3367 566 noctem
3394 515 3652 571 transitus
3676 518 3764 572 Do-

2204 599 2412 666 minici,
2443 600 2497 654 id
2538 609 2641 666 est,
2688 601 3103 657 resurrectionis
3138 601 3258 671 ejus
3300 618 3333 658 a
3380 607 3630 672 mortuis,
3668 624 3764 677 qua

2201 691 2397 760 impios
2437 692 2813 761 triumphando
2839 733 2855 758 ,
2894 691 3078 749 ﬁdeles
3126 693 3337 751 salvam
3374 696 3629 767 dignatus
3668 711 3761 763 est,

2198 781 2572 852 principaliter
2608 783 2905 838 observans
2940 783 2994 837 in
3041 782 3197 853 cujus
3232 794 3423 859 exortu
3450 789 3672 859 sanguis
3695 793 3766 860 ip-

2198 875 2331 939 sius,
2355 874 2604 929 videlicet
2644 875 2768 946 agni
2816 874 3170 942 immaculati,
3206 877 3435 948 populus
3476 880 3594 950 ejus
3626 880 3764 937 fonte

2198 964 2624 1033 regenerationis
2672 964 2914 1020 ablutum
2960 967 3185 1022 mundat
3219 968 3291 1022 ab
3332 969 3478 1024 omni
3525 980 3760 1039 peccato,

2198 1068 2265 1109 ac
2290 1054 2482 1109 deinde
2522 1053 2658 1108 alios
2696 1062 2902 1123 septem
2934 1054 3050 1113 dies
3095 1055 3148 1110 in
3177 1058 3493 1112 memoriam
3527 1056 3762 1126 ejusdem

2195 1143 2490 1201 Dominica:
2529 1145 2941 1201 resurrectionis
2967 1161 3203 1219 congrua
3235 1147 3523 1215 festivitate
3550 1151 3765 1219 subjun-

2196 1251 2348 1306 gens.
2374 1236 2571 1291 Verum
2613 1237 2739 1307 quia
2782 1236 2898 1307 ipsa
2927 1252 3143 1308 quoque
3178 1241 3293 1295 dies
3319 1241 3541 1296 Pascha
3586 1257 3623 1296 a
3666 1242 3764 1297 fer-

2199 1335 2382 1382 mento
2408 1327 2660 1398 castigari
2681 1327 3006 1398 praecipitur,
3050 1329 3166 1384 haec
3187 1329 3462 1402 Evangelii
3487 1330 3763 1402 Scriptura

2196 1416 2481 1486 aliquando
2501 1418 2735 1490 primum
2751 1417 3079 1489 Azymorum
3098 1421 3458 1492 cognominat.
3475 1422 3544 1477 Et
3568 1425 3758 1493 primo,

2195 1501 2465 1583 inquiens,
2478 1502 2566 1558 die
2578 1503 2924 1574 Azymorum,
2939 1506 3153 1575 quando
3167 1506 3372 1564 Pascha
3384 1509 3754 1575 immolabant,

2194 1593 2381 1649 dicunt
2404 1594 2452 1648 ei
2480 1594 2725 1664 discipuli
2753 1612 2769 1649 :
2806 1595 2923 1662 Quo
2951 1598 3034 1672 pi:
3071 1614 3271 1665 eamus,
3313 1609 3362 1654 et
3382 1616 3635 1670 paremus
3676 1603 3762 1657 tibi

2194 1696 2250 1739 ut
2274 1686 2555 1742 manduca:
2591 1684 2800 1743 Pascha
2820 1689 2847 1743 .’
2889 1688 3021 1744 Item
3050 1690 3193 1747 diem
3222 1691 3465 1762 quintam
3499 1694 3759 1750 decimam

520 1777 746 1844 Quando
794 1785 974 1832 autem
1019 1777 1075 1832 in
1112 1777 1305 1832 Martio
1352 1778 1559 1832 Pascha
1614 1779 1904 1842 invenitur,
1965 1788 2093 1835 tunc
2121 1773 2168 1833 B
2196 1777 2394 1832 mensis
2440 1777 2641 1845 primi,
2690 1792 2722 1831 a
2768 1792 2873 1848 qua
2920 1789 3127 1849 septem
3162 1780 3278 1837 dies
3323 1781 3658 1854 Azymorum
3684 1786 3761 1840 in-

520 1865 743 1921 Martius
778 1867 985 1937 primus
1023 1869 1222 1923 mensis
1269 1868 1484 1924 dicitur.
1521 1869 1562 1928 A
1610 1864 1927 1939 Septembre
1962 1884 2091 1942 ergo

518 1972 687 2027 usque
702 1957 769 2012 ad
783 1956 1030 2012 Martium
1046 1966 1250 2027 septem
1273 1967 1483 2014 menses
1506 1966 1662 2024 sunt;
1685 1959 1771 2014 his
1795 1959 1930 2016 adde
1953 1974 2091 2015 sem-

512 2062 611 2116 per
636 2045 911 2117 regulares
941 2047 1092 2111 duos,
1136 2050 1270 2103 ﬁunt
1314 2056 1436 2104 octo
1462 2063 1477 2102 :
1507 2049 1644 2105 adde
1670 2059 1891 2119 epactas
1932 2050 2087 2106 luna-

512 2154 602 2194 res
630 2138 917 2208 cujuslibet
943 2140 1222 2209 przesenlis
1247 2140 1395 2206 anni,
1418 2141 1567 2197 verbi
1599 2142 1793 2211 gratia,
1817 2143 1952 2198 utin
1985 2144 2089 2199 hoc

513 2245 658 2285 anno
684 2240 810 2285 sunt
836 2240 963 2294 tres,
1016 2231 1150 2287 ﬁunt
1175 2232 1487 2299 duodecim;
1522 2234 1659 2289 adde
1701 2244 1757 2290 et
1784 2235 1899 2290 dies
1932 2251 2085 2291 men-

510 2324 586 2377 sis
616 2323 819 2394 Aprilis
859 2325 949 2393 qui
976 2325 1088 2380 sint
1126 2339 1295 2395 usque
1321 2326 1375 2380 in
1402 2324 1643 2392 Pascha,
1692 2327 1795 2385 hoc
1823 2334 1907 2381 est
1930 2336 2085 2382 sexto

512 2412 634 2470 ldus
655 2415 889 2485 Aprilis;
918 2415 1054 2470 ﬁunt
1095 2416 1254 2471 simul
1278 2416 1465 2487 viginti
1498 2436 1510 2470 :
1543 2417 1799 2472 vicesima
1828 2416 1954 2471 luna
1983 2417 2086 2472 fuit

511 2507 615 2563 hoc
644 2520 785 2562 anno
814 2507 867 2561 in
897 2507 986 2563 die
1020 2508 1433 2563 resurrectionis
1460 2507 1693 2563 Domini.

1086 2619 1313 2676 CAPUT
1365 2617 1496 2676 XCI.

930 2688 1066 2746 Item
1095 2691 1241 2745 aliud
1275 2700 1654 2763 argumentum.

579 2779 886 2841 Notandum
916 2792 1096 2839 autem
1125 2784 1267 2855 quod
1296 2782 1471 2839 omnis
1499 2783 1768 2854 paschalis
1798 2782 1945 2847 luna,
1987 2798 2081 2837 cu-

503 2889 804 2946 tuscunque
844 2876 1021 2932 artatis
1049 2884 1166 2941 est,
1201 2875 1248 2930 si
1278 2875 1517 2931 detrahis
1563 2874 1632 2930 ab
1671 2887 1734 2928 ea
1772 2874 2077 2939 duodecim,

507 2971 600 3024 tiet
627 2971 722 3026 tibi
750 2978 882 3025 aetas
922 2969 1064 3025 lunae
1091 2984 1210 3039 qua:
1244 2968 1304 3023 ﬁt
1336 2969 1390 3024 in
1429 2968 1582 3024 initio
1619 2966 2075 3037 Quadragesimae.

507 3059 669 3116 Verbi
696 3061 869 3132 gratia
900 3079 912 3113 :
941 3059 987 3115 si
1029 3060 1216 3128 quinta
1263 3059 1469 3114 decima
1500 3058 1622 3112 luna
1663 3066 1747 3112 est
1780 3055 2075 3128 paschalis,

2193 1868 2412 1932 choant,
2442 1876 2661 1940 propter
2690 1868 2941 1927 viciniam
2980 1871 3234 1941 Pascbae,
3265 1875 3481 1931 nomine
3513 1886 3679 1931 vocat
3698 1876 3761 1931 il-

2192 1959 2313 2025 lius,
2346 1974 2468 2014 cum
2508 1960 2639 2016 dicit
2664 1980 2680 2016 :
2704 1962 2795 2018 sed
2820 1964 3195 2020 manducarent
3223 1964 3451 2022 Pascha.
3476 1958 3607 2025 Non
3643 1972 3760 2041 quia

2190 2048 2291 2123 legi
2320 2051 2589 2105 contraria
2618 2059 2701 2106 est
2731 2053 3039 2124 evangelica
3067 2054 3363 2126 Scriptura,
3405 2060 3504 2114 sed
3523 2060 3654 2129 quia
3682 2076 3761 2116 sa-

2188 2152 2523 2199 cramentum
2552 2143 2695 2212 quod
2723 2145 2966 2211 decebat,
2996 2146 3100 2202 hoc
3133 2148 3289 2217 nobis
3314 2151 3581 2207 societate
3606 2168 3760 2208 voca-

2186 2232 2435 2291 bulorum
2487 2233 2729 2291 vivacius
2782 2236 3054 2295 inculcare
3108 2240 3336 2295 curavit.
3399 2239 3562 2298 Salva
3622 2245 3758 2298 enim

2187 2324 2454 2380 subtiliori
2479 2325 2812 2383 discussione
2842 2344 3128 2398 possumus
3156 2331 3451 2403 intelligere
3475 2335 3628 2404 quod
3651 2351 3759 2407 my-

2187 2417 2320 2475 stica
2343 2415 2564 2473 Pascha
2585 2417 2843 2475 solemnia
2868 2420 3061 2491 singuli
3087 2431 3337 2478 nostrum
3363 2423 3418 2478 in
3440 2424 3526 2479 die
3551 2425 3758 2495 baptis-

2184 2506 2345 2563 matis
2380 2508 2607 2578 egerint,
2656 2509 2950 2580 spiritalem
2988 2512 3239 2569 videlicet
3285 2515 3759 2571 exterminatorem

2187 2598 2339 2669 signo
2376 2600 2596 2669 pretiosi
2625 2601 2901 2672 sanguinis
2927 2604 3221 2670 evadendo,
3262 2606 3530 2676 spiritales
3573 2615 3758 2664 trans-

2182 2689 2358 2744 eundo
2392 2691 2662 2747 tenebras.
2712 2692 2849 2747 Toto
2886 2702 3066 2749 autem
3094 2695 3218 2750 vita:
3242 2697 3589 2766 proﬁcientes
3625 2707 3756 2755 tem-

2178 2792 2331 2847 pore,
2365 2780 2509 2849 quod
2534 2780 2787 2852 deinceps
2826 2782 2879 2836 in
2909 2783 3012 2838 hac
3033 2784 3466 2855 peregrinatione
3491 2788 3754 2858 gerimus,

2181 2876 2385 2939 septem
2420 2869 2534 2925 dies
2576 2869 2905 2942 Azymorum
2938 2872 3315 2942 celebremus,
3361 2876 3571 2946 quibus,
3619 2878 3757 2933 sicut

2177 2958 2467 3029 Apostolus
2493 2961 2700 3027 edocet,
2735 2978 2841 3018 non
2866 2963 2922 3018 in
2946 2964 3214 3020 fermento
3240 2966 3458 3022 malitia:
3479 2975 3536 3022 et
3560 2970 3762 3039 nequi-

2178 3049 2285 3113 tiae,
2312 3047 2409 3104 sed
2420 3050 2474 3104 in
2493 3052 2697 3130 azymis
2708 3051 3035 3108 sinceritatis
3047 3062 3103 3110 et
3117 3054 3362 3110 veritatis
3374 3055 3579 3125 epiilari
3602 3059 3759 3113 debe-

505 3150 634 3206 tolle
659 3151 726 3205 de
746 3143 1049 3219 quindecim
1073 3150 1377 3214 duodecim,
1403 3158 1457 3204 et
1484 3158 1766 3204 remanent
1794 3157 1940 3204 tres:
1966 3158 2074 3202 ter-
2100 3135 2144 3196 C
2177 3156 2314 3197 mus.
2341 3142 2407 3197 Et
2433 3142 2559 3211 quia
2586 3158 2684 3198 nos
2704 3143 2757 3196 in
2782 3142 3064 3212 baptismo,
3084 3146 3233 3201 ut'de
3254 3153 3519 3214 potestate
3533 3145 3760 3201 Satanre

508 3241 579 3293 tia
619 3252 703 3294 est
744 3239 870 3294 luna
910 3239 967 3293 in
1013 3239 1169 3294 initio
1211 3238 1643 3310 Quadragesimze
1681 3254 1746 3295 eo
1779 3255 1920 3294 anno
1969 3252 2077 3307 quo

504 3329 693 3402 quinta
721 3330 928 3385 decima
952 3340 1036 3385 est
1061 3329 1186 3385 luna
1207 3330 1291 3386 die
1311 3330 1589 3385 Dominica
1616 3328 1856 3396 Paschae,
1886 3339 1940 3384 et
1967 3344 2072 3386 ca:-

506 3435 620 3480 tcra
654 3422 919 3480 similiter.

1064 3513 1290 3572 CAPUT
1335 3513 1490 3571 XCII.

682 3656 685 3659 γ
777 3607 915 3673 Quid
944 3608 1096 3663 distet
1117 3608 1248 3664 inter
1280 3604 1487 3662 Pascha
1513 3615 1561 3659 et
1586 3605 1801 3677 Azyma.

581 3699 721 3755 DISC.
756 3700 955 3757 Verum
993 3701 1123 3771 quia
1149 3701 1216 3756 de
1251 3702 1532 3770 utriusque
1574 3698 1796 3755 Paschae
1841 3699 2068 3766 ratione,

506 3802 563 3845 et
585 3791 726 3845 illius
753 3792 961 3846 scilicet
992 3792 1134 3861 quod
1163 3792 1455 3847 secundum
1482 3791 1656 3861 legem
1697 3798 1950 3862 quartam
1982 3792 2073 3848 de-

502 3881 699 3936 cimam
745 3879 925 3951 lunam
955 3882 1199 3951 proxima
1239 3880 1517 3936 Dominica
1540 3880 1600 3935 in
1643 3883 1959 3937 memoriam
1988 3895 2073 3935 re-

504 3970 859 4026 surrectionis
902 3969 1112 4025 Domini
1142 3970 1368 4035 colatur,
1396 3970 1529 4025 satis
1556 3970 1689 4025 mihi
1715 3971 1910 4036 fecisti,
1941 3980 2066 4042 peto

503 4060 715 4130 utquid
748 4062 888 4116 inter
907 4059 1112 4116 Pascha
1132 4070 1187 4117 et
1209 4059 1414 4132 Azyma
1437 4061 1600 4117 distet
1624 4062 1824 4117 edicas.
1856 4062 2068 4134 Legun-

504 4160 593 4203 tur
621 4151 737 4206 haec
761 4151 956 4221 saepius
983 4151 1036 4205 in
1066 4150 1170 4207 illis
1206 4151 1338 4207 locis
1378 4153 1468 4207 ubi
1498 4154 1565 4207 de
1596 4153 1814 4208 Pascha:
1834 4155 2068 4225 primum

500 4242 878 4298 observatione
912 4242 1230 4312 dispositum
1268 4250 1372 4298 est.
1398 4242 1536 4297 MAG.
1590 4244 1730 4313 Ergo
1757 4243 1909 4313 juxta
1936 4244 2067 4314 legis

502 4334 837 4403 Scripturam
862 4333 963 4387 alia
996 4332 1237 4399 Pascha),
1264 4334 1367 4388 alia
1410 4335 1722 4391 solemnitas
1743 4344 1829 4390 est
1853 4351 2069 4406 azymoo

502 4438 640 4476 rum.
668 4421 784 4477 Una
808 4424 1006 4493 quippe
1029 4424 1146 4479 dies
1184 4421 1424 4489 Pascha,
1466 4425 1519 4479 id
1542 4432 1624 4479 est
1654 4423 1933 4491 transitus,
1961 4433 2065 4490 est,

497 4509 913 4578 quartadecima
936 4511 1183 4567 videlicet
1203 4513 1364 4583 primi
1384 4513 1604 4579 mensis;
1626 4513 1680 4567 in
1702 4529 1807 4582 qua
1822 4530 2066 4583 vespera-

497 4607 681 4654 scente
708 4615 881 4670 agnus
922 4600 1190 4657 immolari
1221 4602 1406 4672 jussus
1444 4610 1547 4667 est,
1579 4611 1635 4658 et
1659 4619 1782 4658 mox
1808 4617 2065 4675 sequente

496 4699 655 4748 nocte
698 4692 949 4747 transivit
992 4693 1251 4747 Dominus
1286 4691 1660 4763 Egyptiorum
1710 4695 2065 4766 primogenita

495 4784 823 4853 percutiens,
873 4791 929 4837 et
956 4783 1197 4854 signatas
1234 4784 1357 4853 agni
1395 4784 1654 4854 sanguine
1696 4786 1885 4843 domos
1927 4787 2064 4842 ﬁlio-

496 4890 613 4929 rum
634 4873 799 4930 lsrael
841 4873 1096 4931 liberans.
1130 4872 1428 4944 Sequentes
1454 4890 1583 4931 vero
1612 4876 1728 4931 dics
1748 4887 1977 4947 septem,
2009 4879 2061 4934 id

491 4977 598 5032 cst,
636 4981 669 5021 a
703 4973 890 5037 quinta
923 4965 1131 5022 decima
1168 4981 1336 5036 usque
1382 4967 1449 5022 ad
1484 4967 1793 5022 vicesimam
1824 4969 2055 5037 primam

494 5058 694 5115 mensis
712 5056 974 5127 ejusdem,
1004 5058 1328 5128 Azymorum
1356 5058 1571 5128 proprie
1610 5070 1893 5123 vocantur,
1921 5060 2061 5114 sicut

491 5149 611 5203 libri
660 5156 927 5203 testantur
967 5148 1119 5218 legis.
1173 5147 1238 5201 Et
1282 5146 1547 5218 Josephus
1589 5150 1775 5204 scribit
1821 5151 1875 5204 in
1920 5150 2057 5204 libro

490 5240 882 5310 Autiquitatum
925 5248 1120 5310 quarto
1163 5240 1372 5295 decimo
1404 5241 1479 5293 ita
1526 5241 1755 5294 dicens:
1791 5259 1808 5289 ι
1852 5239 2054 5306 Quarta

487 5329 696 5384 decima
724 5330 850 5385 luna
869 5330 1030 5400 primi
1061 5330 1262 5385 mensis
1289 5345 1459 5400 agnus
1491 5330 1820 5386 immolatur.
1853 5332 2051 5398 Quinta

486 5422 696 5479 decima
722 5407 900 5477 autem
926 5422 1166 5477 succedit
1208 5421 1473 5476 festivitas
1512 5421 1840 5493 Azymorum
1865 5463 1880 5487 ,
1931 5439 2053 5494 quae

486 5519 689 5583 septem
724 5512 913 5568 diebus
960 5511 1286 5568 celebratur.
1344 5509 1593 5567 Secunda
1640 5528 1772 5569 vero
1818 5512 2051 5585 Azymo-

487 5617 605 5658 rum
638 5603 747 5669 die,
767 5618 886 5673 qua:
910 5612 995 5659 est
1020 5613 1173 5659 sexta
1202 5611 1257 5660 et
1285 5603 1512 5668 decima,
1544 5601 1754 5674 frugum
1784 5603 2052 5675 primitias

488 5705 621 5759 quas
662 5700 868 5747 metunt
903 5690 1152 5748 oﬁ‘erunt.
1185 5713 1206 5746 ι
1234 5693 1402 5761 Quem
1429 5692 1674 5765 legalium
1717 5709 1921 5749 morem
1970 5710 2052 5775 sa-

2181 3233 2235 3288 iu
2261 3242 2468 3303 partem
2503 3235 2667 3290 sortis
2694 3243 3003 3290 sanctorum
3042 3236 3274 3291 transire
3314 3252 3601 3307 queamus,
3652 3239 3759 3294 sin-

2178 3326 2457 3382 ceritatem
2481 3333 2537 3382 et
2568 3327 2852 3383 veritatem
2873 3335 3058 3384 tenore
3099 3343 3320 3385 necesse
3362 3339 3475 3395 est,
3513 3329 3756 3400 itemque

2180 3425 2293 3472 toto
2318 3424 2519 3473 nostra:
2559 3418 3005 3488 peregrinationis
3043 3426 3304 3489 tempore,
3333 3421 3476 3490 quod
3504 3430 3759 3490 septena-

2181 3509 2258 3565 rio
2288 3509 2496 3565 dierum
2535 3520 2761 3564 numero
2787 3509 3038 3576 volvitur,
3074 3511 3389 3580 quotidiano
3415 3510 3663 3581 profectu
3689 3512 3755 3565 ad

2178 3601 2399 3657 meliora
2442 3602 2674 3657 transire
2714 3602 3076 3673 praecipimur,
3129 3602 3279 3672 quasi
3334 3610 3392 3657 et
3440 3601 3493 3655 in
3536 3600 3754 3657 Pascha

2175 3692 2380 3761 azymis
2409 3692 2553 3746 vesci
2592 3692 2729 3749 etin
2765 3680 2953 3749 diebus
2978 3693 3305 3765 Azymorum
3350 3692 3555 3749 Pascha
3595 3693 3757 3764 spiri-

2174 3785 2354 3841 taliter
2368 3800 2529 3856 agere
2554 3787 2948 3858 cognoscimur.

2734 3899 2961 3956 CAPUT
2999 3886 3177 3953 XCIII.

2450 3971 2530 4027 De
2558 3972 2777 4042 mystica
2810 3970 3195 4040 signiﬁcatione
3224 3966 3465 4024 Pascha.

2250 4063 2390 4118 DISC.
2422 4061 2555 4130 Quia
2590 4062 2659 4117 de
2702 4061 2962 4132 mysterio
3017 4059 3238 4116 Pascha:
3281 4059 3461 4129 aliqua
3519 4058 3751 4118 dixisti.

2174 4164 2297 4224 peto
2320 4161 2379 4207 ut
2404 4153 2450 4207 si
2484 4152 2665 4222 aliqua
2694 4152 2870 4205 adhuc
2896 4150 3170 4219 supersint
3210 4148 3378 4204 dicas.
3429 4147 3570 4202 Mss.
3607 4146 3754 4203 Sunt

2173 4245 2376 4314 utique.
2437 4242 2575 4309 Quia
2625 4241 2874 4296 Aurelius
2916 4240 3246 4310 Augustinus
3293 4240 3345 4293 in
3399 4238 3631 4309 epistola
3681 4238 3749 4292 de

2172 4339 2377 4394 Pascha
2407 4338 2474 4392 ad
2496 4335 2815 4391 Ianuarium
2838 4334 2990 4404 plura
3011 4334 3141 4388 hinc
3168 4332 3384 4397 retulit;
3412 4346 3535 4401 qua:
3560 4338 3751 4384 tamen

2172 4429 2259 4483 hic
2301 4425 2671 4482 tantummodo
2699 4437 3182 4488 commemorasse,
3234 4437 3338 4477 non
3377 4421 3612 4492 pleniter
3654 4434 3754 4489 po.

2169 4521 2361 4585 suisse,
2398 4525 2619 4588 propter
2642 4517 2961 4572 brevitatem
2996 4525 3194 4570 nostrae
3218 4512 3596 4583 disputationis
3617 4527 3755 4565 cen—

2164 4625 2364 4665 semus.
2418 4607 2657 4665 Primum
2684 4646 2700 4671 ,
2738 4605 2881 4675 quod
2922 4609 3044 4673 post
3092 4600 3503 4671 aequinoctium,
3535 4598 3591 4652 id
3615 4606 3705 4651 est
3734 4636 3751 4661 ,

2163 4709 2285 4773 post
2306 4700 2586 4755 victoriam
2614 4698 2748 4752 lucis
2777 4697 2844 4752 de
2873 4697 3063 4751 umbra
3112 4692 3305 4757 noctis,
3353 4689 3563 4746 Pascha
3593 4687 3753 4743 cele-

2163 4794 2390 4857 bratur,
2436 4790 2705 4863 signiﬁcat
2747 4788 2891 4859 quod
2938 4794 3060 4856 post
3094 4785 3376 4839 victoriam
3423 4780 3633 4837 Christi
3682 4779 3751 4833 de

2165 4891 2362 4945 morte,
2388 4880 2596 4936 Pascha
2634 4879 2737 4934 rite
2771 4877 3124 4935 celebramus.
3152 4875 3210 4930 in
3243 4888 3429 4927 mense
3450 4885 3749 4933 novorum,

2164 4972 2216 5026 id
2255 4978 2359 5037 est,
2396 4971 2450 5024 in
2479 4970 2718 5025 novitate
2746 4969 2902 5032 vitm,
2947 4975 3004 5021 et
3043 4968 3095 5020 in
3134 4980 3284 5035 spem
3313 4961 3751 5018 immortalitatis

2161 5071 2217 5117 et
2269 5060 2683 5117 resurrectionis
2731 5067 2949 5114 nostra.
2998 5057 3056 5112 ln
3104 5054 3399 5126 pleniluuio
3428 5093 3444 5117 ,
3484 5050 3565 5106 vel
3618 5058 3753 5119 post

2160 5153 2529 5223 plenilunium,
2560 5152 2613 5206 id
2638 5159 2741 5214 cst,
2772 5150 2825 5204 in
2855 5146 3185 5219 plenitudine
3230 5145 3354 5199 ﬁdei
3383 5143 3466 5199 vel
3500 5157 3705 5196 sensus
3731 5181 3747 5199 .

2158 5256 2215 5300 et
2237 5253 2355 5314 post
2383 5243 2707 5311 agnitionem
2749 5240 2937 5310 gratiae
2965 5238 3048 5292 vel
3078 5236 3457 5306 mysteriorum
3507 5231 3629 5286 Dei.
3684 5229 3746 5282 lu

2159 5338 2318 5393 tertia
2349 5334 2681 5390 hebdomada
2711 5332 2948 5400 ejusdem
2983 5328 3206 5392 mensis,
3234 5327 3336 5381 hoc
3357 5334 3463 5387 est,
3490 5323 3541 5376 in
3564 5322 3745 5375 tertio

2157 5435 2398 5495 tempore
2432 5423 2590 5492 hujus
2624 5420 2821 5483 surculi,
2855 5420 2909 5475 id
2937 5426 3021 5474 est
3044 5457 3061 5483 ,
3093 5426 3215 5487 post
3237 5412 3568 5487 patriarchas
3602 5417 3750 5463 ante

2152 5518 2323 5587 legem
2347 5555 2361 5578 ,
2389 5522 2512 5584 post
2535 5513 2825 5583 prophetas
2852 5510 2953 5566 sub
2976 5508 3096 5580 lege
3117 5548 3133 5573 ,
3174 5508 3229 5561 in
3263 5505 3417 5560 initio
3445 5500 3638 5575 gratia
3682 5508 3755 5554 et

2152 5605 2284 5660 Novi
2326 5603 2656 5659 Testatnenti
2686 5600 2889 5658 Christi
2920 5598 3248 5667 triumphum
3275 5637 3290 5660 ,
3332 5596 3425 5665 qui
3452 5590 3611 5648 tertia
3642 5590 3748 5645 die

2153 5692 2449 5747 resurrexit
2470 5707 2501 5744 a
2531 5690 2758 5746 mortuis
2784 5729 2798 5756 ,
2829 5701 3166 5743 veneramur.
3205 5682 3359 5751 Quod
3386 5688 3553 5736 autem
3588 5684 3747 5731 tunc
