3970 6198
235 325 337 382 725

1490 334 1729 390 ἰιιςιειι
1768 335 1855 391 DE
1894 338 2249 397 COMPUTO.
2332 332 2335 335 ⁷

3280 360 3289 369 ·
3382 338 3493 395 72'}

230 442 434 497 Pascha
462 440 567 496 rite
590 440 788 497 colitur
821 458 945 498 cum
969 442 1158 515 globus
1195 444 1339 503 luna:
1367 446 1543 502 lucem
1569 448 1636 503 de
1664 446 1804 503 infe-
1834 461 1885 516 Α
1911 459 2091 505 tamen
2144 452 2400 508 sarculum
2436 453 2499 508 in.
2536 454 2871 526 propheticis
2925 437 3081 510 libris
3132 471 3232 527 pro
3279 461 3489 513 aeterno

229 531 461 588 rioribus
483 531 553 585 ad
576 533 857 602 superiora
884 534 1146 600 traxerit,
1180 535 1452 606 significat
1476 551 1577 591 nos
1603 536 1801 591 debere

225 637 438 678 onmem
473 632 674 679 nostrae
699 624 898 679 mentis
935 625 1285 681 intentionem
1312 627 1381 680 ab
1402 626 1697 682 ambitione
1722 626 1804 680 vi-

226 713 464 771 sibilium
490 714 558 767 ad
585 713 937 769 invisibilium
959 731 1202 771 amorem
1228 725 1463 782 vertere,
1497 716 1805 772 Christum-

224 819 329 873 que
350 819 457 858 non
472 803 533 859 in
554 811 699 859 terra
724 805 903 861 adhuc
927 807 1287 877 praeliantem,
1314 809 1411 864 sed
1435 808 1491 863 in
1522 808 1675 865 cmlis
1684 807 1802 877 jam

226 902 538 966 regnantem
565 895 853 966 inspicere.
882 897 1039 964 Quod
1060 897 1115 952 in
1136 898 1225 954 die
1252 899 1532 954 Dominica
1552 905 1802 954 sanctum

225 985 431 1041 Pascha
481 985 818 1045 celebramus
842 1028 859 1053 ,
881 989 945 1043 in
972 1004 1077 1059 qua
1101 990 1337 1060 primum
1360 989 1452 1046 lux
1484 1001 1671 1046 creata
1694 998 1798 1058 est,

223 1078 470 1135 Christus
498 1093 717 1149 quoque
744 1081 1067 1148 resurrexit,
1115 1090 1172 1136 et
1196 1096 1318 1152 quae
1343 1089 1590 1138 nostram
1619 1097 1803 1138 resur-

223 1170 517 1225 rectionem
552 1171 865 1243 praeﬁgurat
888 1212 905 1239 ,
936 1172 1191 1229 admonet
1217 1188 1318 1229 nos
1352 1187 1451 1245 per
1474 1172 1650 1237 lucem
1676 1172 1802 1229 ﬁdei

221 1271 276 1319 et
325 1264 592 1319 bonorum
636 1278 861 1334 operum
907 1265 1152 1336 quotidie
1200 1265 1546 1335 passionibus
1597 1264 1803 1322 Christi

220 1353 683 1408 communicantes
707 1353 932 1424 gloriam
954 1369 1079 1410 cum
1096 1368 1162 1409 eo
1184 1353 1473 1410 tenendam
1493 1342 1804 1410 desiderare

220 1441 520 1498 cmlestem.
561 1442 716 1510 Quod
748 1458 878 1516 ergo
900 1452 1108 1514 septem
1131 1444 1321 1501 diebus
1350 1444 1492 1499 hanc
1523 1445 1804 1500 sanctiSsi—

219 1545 364 1584 mam
405 1529 632 1586 colimus
658 1531 1081 1599 solemnitatem,
1108 1531 1344 1603 Spiritus
1370 1534 1544 1590 sancti
1572 1534 1803 1603 gratiam

219 1620 511 1696 signiﬁcat
536 1633 706 1680 totam
751 1625 1050 1682 Ecclesiam
1096 1626 1403 1683 illustrasse
1453 1628 1800 1684 catholicam.

219 1715 352 1783 Qua:
381 1715 556 1788 gratia
607 1726 730 1786 post
775 1717 1230 1773 resurrectionem
1265 1717 1467 1773 Christi
1520 1720 1806 1775 manifeste

1903 542 2137 611 positum
2171 545 2472 613 reperimus
2496 587 2509 612 ,
2540 547 2680 603 sicut
2710 560 2795 604 est
2832 546 2959 603 illud
2987 547 3287 604 Psahnista:
3311 568 3324 603 ε
3349 550 3487 606 Cou-

1901 631 2123 700 ﬁtemini
2149 632 2373 689 Domino
2400 638 2653 707 quoniam
2683 638 2848 693 bonus
2874 678 2893 704 ,
2923 640 3177 710 quoniam
3222 638 3278 692 in
3316 654 3485 693 saxu-

1902 721 2015 777 lum
2049 724 2413 782 misericordia
2457 729 2617 798 ejus,
2663 740 2713 785 ct
2764 730 3004 799 laudatio
3056 730 3174 802 ejus
3224 740 3395 785 manet
3430 731 3487 787 in

1901 814 2154 870 sarculum
2194 816 2401 872 swculi.

2471 908 2700 968 CAPUT
2732 909 2914 970 XCVI.

2519 1006 2599 1062 De
2620 1007 2882 1064 mtatibus.

1973 1094 2119 1153 Dtsc.
2176 1095 2331 1153 Nunc
2375 1097 2488 1168 jam
2541 1098 2783 1156 libellum
2846 1110 3047 1159 nostrai
3103 1100 3485 1174 disputationis

1901 1184 2160 1244 claudens
2183 1229 2199 1256 ,
2227 1189 2370 1246 unde
2398 1190 2611 1247 dicatur
2654 1200 2788 1249 tetas
2814 1192 2999 1265 profer
3023 1234 3041 1260 ,
3071 1203 3129 1250 et
3153 1193 3283 1264 quid
3317 1192 3487 1265 signi-

1902 1274 2048 1343 ﬁcet,
2077 1285 2135 1333 et
2160 1279 2291 1348 quid
2313 1280 2368 1334 in
2398 1295 2458 1336 se
2486 1281 2781 1347 contineat,
2825 1292 2885 1337 ut
2922 1284 2995 1337 ita
3021 1282 3246 1338 solvaris
3271 1283 3488 1337 tandem

1902 1384 1934 1423 a
1964 1384 2097 1425 mea:
2127 1371 2565 1442 interrogationis
2611 1374 2829 1430 stimulo
2854 1383 2909 1430 et
2961 1383 3065 1430 tua:
3118 1373 3487 1444 responsionis

1903 1460 2104 1518 debito.
2128 1461 2268 1518 MAG.
2299 1462 2540 1518 Faciam.
2569 1464 2637 1519 Et
2662 1465 2869 1519 utinam
2893 1465 2970 1520 sic
2995 1464 3176 1520 saltim
3197 1462 3265 1517 ab
3286 1463 3489 1533 impor-

1905 1552 2133 1606 tunitate
2160 1560 2248 1607 tua
2276 1553 2545 1623 quiescas,
2574 1562 2628 1609 et
2652 1553 2903 1609 feriatum
2929 1554 3125 1625 stylum
3153 1568 3252 1623 per
3270 1551 3486 1622 aliquod

1906 1648 2117 1711 tempus
2151 1657 2237 1696 me
2262 1642 2463 1698 habere
2488 1644 2792 1713 permittas.
2817 1644 2974 1700 ditas
2994 1644 3319 1715 plerumque
3346 1642 3493 1698 dici-

1905 1738 1997 1785 tur
2020 1742 2077 1786 et
2100 1747 2199 1801 pro
2221 1748 2328 1787 uno
2351 1748 2510 1797 anno,
2536 1744 2598 1788 ut
2621 1736 2675 1789 in
2696 1736 2999 1800 annalibus,
3038 1744 3093 1790 et
3115 1751 3214 1806 pro
3238 1742 3444 1805 septem
3469 1771 3486 1797 ,

215 1806 478 1877 apostolis
511 1816 568 1861 et
605 1807 820 1863 caeteris
853 1807 1049 1863 collata
1093 1816 1179 1862 est
1205 1806 1473 1863 ﬁdelibus.
1526 1808 1653 1863 Haec
1702 1824 1799 1863 nos

1912 1830 1965 1875 ut
1987 1821 2222 1877 hominis
2248 1862 2264 1888 ,
2309 1831 2364 1878 et
2399 1838 2498 1893 pro
2538 1834 2776 1889 centum,
2805 1836 2863 1881 et
2887 1842 2986 1897 pro
3006 1826 3199 1897 quovis
3224 1833 3487 1894 tempore.

214 1896 462 1953 breviter
486 1912 945 1953 commemorasse
974 1896 1221 1953 sufﬁciat.
1265 1896 1535 1953 Caeterum
1564 1898 1656 1968 qui
1686 1898 1802 1968 ple-

214 1990 340 2045 nius
365 1990 480 2046 vult
510 2006 671 2048 nosse
696 2032 713 2061 ,
743 1991 891 2065 legat
927 1993 1251 2064 praedictam
1277 1992 1596 2062 epistolam,
1629 2001 1686 2047 et
1729 1992 1803 2048 ibi

213 2079 475 2137 inveniet.

764 2160 1013 2233 .CAPU'I‘
1052 2174 1233 2232 xcrv.

604 2266 684 2322 De
719 2266 918 2322 circulo
948 2284 1136 2338 magno
1159 2267 1415 2337 paschali.

277 2354 536 2412 Circulus
565 2356 790 2413 Paschae
814 2373 1042 2429 magnus
1064 2366 1150 2413 est
1173 2360 1289 2428 qui,
1317 2357 1676 2429 multiplicato
1702 2372 1804 2428 per

213 2448 449 2503 invicem
482 2448 647 2504 solari
694 2465 758 2506 ac
805 2450 982 2505 lunari
1020 2450 1193 2521 cyclo,
1223 2450 1534 2521 quingentis
1580 2449 1802 2519 triginta

209 2539 429 2595 duobus
475 2541 763 2597 conﬁcitur
802 2542 982 2597 annis.
1030 2540 1159 2596 Sive
1214 2542 1361 2597 enim
1403 2542 1585 2597 decies
1619 2542 1806 2597 novies

208 2633 390 2688 viceni
423 2643 480 2688 et
513 2636 714 2702 octeni,
762 2650 858 2690 seu
905 2635 1075 2690 vicies
1117 2635 1291 2691 octies
1331 2635 1455 2690 deni
1494 2650 1560 2691 ac
1606 2636 1802 2691 noveni

207 2724 662 2794 multiplicemur,
703 2726 1126 2796 quingentorum
1172 2725 1393 2796 triginta
1429 2726 1659 2781 duorum
1694 2723 1803 2780 ἠυ-

208 2828 425 2868 merum
453 2813 745 2882 complent.
774 2812 929 2869 Unde
965 2813 1027 2868 ﬁt
1055 2823 1115 2869 ut
1141 2815 1281 2871 idem
1314 2815 1549 2872 circulus
1578 2831 1806 2888 magnus

206 2903 719 2958 decennovennales
764 2904 907 2959 lunae
942 2905 1175 2961 circulos
1230 2906 1421 2977 viginti
1469 2917 1594 2964 octo
1620 2947 1637 2975 ,
1673 2909 1805 2966 solis

203 3003 392 3048 autem
426 3033 442 3059 ,
481 2993 575 3062 qui
613 2994 817 3050 vicenis
864 2996 1179 3066 octenisque
1222 2999 1590 3053 consummari
1629 2998 1807 3055 solent

205 3085 391 3149 annis,
421 3085 609 3139 decem
643 3092 700 3138 et
738 3100 935 3139 novem
960 3085 1158 3141 habeat
1195 3087 1429 3142 circulos
1461 3128 1477 3155 ,
1528 3088 1800 3145 bissextos

1909 1914 2062 1971 Unde
2086 1924 2141 1971 et
2168 1925 2301 1971 aetas
2326 1916 2521 1971 dicitur
2544 1925 2754 1987 tempus
2776 1916 2919 1986 quod
2957 1915 3025 1972 de
3049 1913 3233 1969 multis
3275 1912 3502 1968 saeculis

1907 2004 2214 2065 instruitur.
2246 2006 2313 2060 Et
2334 2006 2485 2061 dicta
2506 2015 2638 2062 mtas
2670 2006 2825 2075 quasi
2858 2004 3064 2069 invitas,
3091 2003 3143 2059 id
3162 2011 3269 2068 est,
3297 2001 3490 2058 simili-

1909 2095 2038 2150 tudo
2058 2094 2178 2149 tevi.
2204 2093 2340 2149 Nam
2360 2110 2535 2150 aevum
2559 2103 2646 2150 est
2674 2103 2807 2149 aetas
2829 2101 3110 2163 perpetua,
3135 2091 3287 2160 cujus
3314 2105 3490 2160 neque

1906 2183 2118 2239 initium
2147 2199 2323 2254 neque
2354 2192 2656 2239 extremum
2693 2183 2954 2239 noscitur.
2988 2180 3141 2250 Quod
3167 2180 3345 2236 δι·ωοί
3391 2195 3495 2235 vo-
3524 2242 3544 2260 ο

1906 2282 2035 2328 cant
2082 2291 2281 2339 manas,
2325 2274 2468 2342 quod
2503 2273 2793 2344 aliquando
2833 2273 2974 2344 apud
3008 2288 3104 2328 eos
3124 2287 3221 2343 pro
3244 2270 3439 2328 saeculo
3471 2313 3501 2333 ,-

1906 2363 2195 2434 aliquando
2219 2378 2318 2434 pro
2341 2372 2545 2419 aeterno
2585 2364 2822 2434 ponitur.
2864 2363 3019 2420 Unde
3055 2370 3114 2418 et
3146 2362 3289 2433 apud
3333 2361 3485 2416 Lati-

1905 2470 2005 2509 nos
2040 2455 2341 2510 derivatum
2368 2455 2472 2510 hoc
2497 2470 2694 2511 nomen
2722 2463 2828 2513 est.
2862 2453 3021 2511 Aitas
3046 2463 3224 2509 autem
3267 2453 3488 2524 proprie

1905 2543 2117 2600 duobus
2137 2545 2313 2600 modis
2335 2545 2535 2600 dicitur
2560 2562 2575 2600 :
2602 2554 2697 2601 aut
2722 2545 2868 2602 enim
2912 2546 3147 2602 hominis
3182 2545 3308 2601 vita:
3350 2554 3488 2599 tem-

1904 2634 2107 2705 poralis
2129 2635 2398 2705 signiﬁcat
2423 2635 2704 2701 articulos,
2731 2639 2872 2692 sicut
2895 2643 2979 2691 est
3006 2635 3256 2701 infantia,
3297 2633 3489 2705 juven-

1864 2715 1869 2719 ’
1906 2732 2013 2789 tus,
2038 2734 2320 2792 senectus;
2368 2736 2463 2782 aut
2513 2727 2700 2782 mundi
2726 2741 2947 2783 cursum
2972 2766 2988 2792 ,
3014 2735 3074 2781 ut
3100 2725 3213 2781 sint
3229 2740 3325 2781 sex
3349 2732 3485 2780 teta-

1906 2823 1989 2871 tes
2039 2814 2446 2883 famosissimas,
2509 2831 2644 2887 quas
2696 2816 2820 2872 libri
2880 2822 3232 2872 tractatorum
3290 2814 3499 2885 smpius

1904 2912 2228 2959 memorant.
2269 2904 2376 2961 Sed
2411 2906 2539 2975 quia
2581 2907 2648 2962 de
2689 2913 2920 2976 utraque
2967 2913 3128 2961 aetate
3153 2902 3271 2975 jam
3306 2902 3495 2974 aliqua

1903 2996 2322 3067 praelibavimus,
2353 2999 2608 3069 deinceps
2637 2998 2798 3053 simul
2835 2998 2902 3054 de
2933 2997 3185 3069 utrisque
3219 2995 3493 3053 dicemus.

1975 3087 2020 3142 ι.
2066 3086 2249 3143 Prima
2291 3096 2376 3145 est
2418 3104 2549 3161 ergo
2588 3090 2774 3146 mundi
2810 3088 2969 3160 hujus
3016 3099 3150 3145 tetas
3193 3088 3263 3144 ab
3307 3087 3485 3142 Adam

205 3173 397 3231 decies
431 3173 620 3235 novies
648 3183 923 3244 septenos,
952 3175 1008 3230 id
1033 3184 1136 3242 est,
1164 3184 1383 3233 centum
1417 3178 1638 3250 triginta
1665 3187 1796 3246 tres,
1825 3158 1874 3223 θ
1904 3195 2074 3251 usque
2113 3181 2181 3236 ad
2224 3179 2337 3236 Noe
2361 3222 2377 3249 ,
2420 3158 2703 3238 continens
2747 3158 2919 3236 annos
2963 3181 3116 3252 juxta
3164 3178 3486 3235 Hebraicam

205 3279 433 3320 menses
460 3265 665 3321 solares
689 3266 855 3321 vicies
883 3267 1055 3322 octies
1075 3268 1334 3325 ducentos
1355 3271 1542 3342 viginti
1569 3279 1626 3326 et
1654 3281 1797 3340 octo,

206 3357 261 3411 id
281 3365 398 3422 est,
437 3372 533 3412 sex
560 3358 727 3413 millia
752 3368 1025 3416 trecentos
1046 3362 1325 3433 octoginta
1355 3373 1587 3433 quatuor
1606 3405 1622 3431 ,
1651 3381 1800 3421 men-

205 3463 291 3503 ses
305 3458 499 3502 autem
514 3447 732 3502 lunares
744 3450 912 3505 vicies
926 3452 1101 3507 octies
1114 3452 1376 3509 ducentos
1401 3455 1617 3525 triginta
1636 3456 1798 3525 quin-

204 3553 333 3607 que,
370 3538 426 3593 id
452 3546 557 3604 est,
582 3538 826 3594 ﬁnuxx
847 3541 985 3607 dies,
1011 3544 1254 3613 exceptis
1284 3546 1541 3602 bissextis
1567 3586 1583 3611 ,
1630 3547 1799 3604 vicies

203 3631 416 3694 octies,
452 3643 848 3698 t'tnccccxxxv,
878 3632 934 3687 id
957 3641 1042 3689 est
1066 3674 1083 3699 ,
1126 3635 1490 3701 rcT—(avcnxxx,
1514 3638 1797 3707 appositis

204 3729 393 3775 autem
423 3721 676 3777 bissextis
702 3763 717 3788 ,
772 3725 1164 3792 memmi,
1193 3728 1283 3799 qui
1316 3730 1405 3783 ubi
1437 3739 1799 3785 memoratum

204 3826 272 3865 ex
301 3811 501 3866 ordine
532 3815 795 3868 mensium
829 3815 1150 3886 dierumque
1192 3833 1462 3873 summam
1492 3820 1795 3890 compleve-

204 3899 301 3964 rit,
334 3915 467 3954 mox
497 3902 553 3955 in
593 3903 831 3972 seipsum
861 3905 1157 3972 revolutus,
1189 3917 1385 3963 cuncta
1418 3923 1539 3979 quae
1566 3913 1635 3967 ad
1665 3911 1799 3967 solis

202 3992 290 4047 vel
320 3992 467 4048 luna:
490 4008 708 4050 cursum
732 3998 1036 4067 pertinent,
1061 3999 1253 4055 eodem
1280 4015 1389 4070 quo
1416 4003 1799 4071 praeterieram

204 4096 429 4153 semper
484 4091 673 4141 tenore
726 4096 1011 4143 restaurat.
1046 4088 1275 4144 Tantum
1326 4091 1455 4146 anni
1506 4093 1798 4150 Dominica:

204 4171 606 4230 incarnationis
634 4190 736 4231 suo
765 4185 914 4233 certe
942 4178 1161 4234 tramite
1201 4178 1493 4249 proﬁciant
1516 4182 1572 4235 in
1598 4182 1795 4253 majus,

203 4273 259 4317 et
280 4264 613 4322 indictiones
636 4282 851 4338 quoque
882 4267 1125 4325 ferantur
1153 4270 1205 4324 in
1253 4271 1445 4327 ordine
1474 4312 1490 4338 ,
1540 4272 1617 4327 nil
1659 4274 1801 4329 side-

203 4369 329 4411 rum
353 4372 575 4412 cursum
604 4367 765 4428 atque
788 4360 913 4431 ideo
937 4359 1013 4415 nil
1037 4360 1308 4430 paschalis
1330 4361 1522 4418 calculi
1551 4363 1797 4420 ordinem

204 4456 449 4502 movent.

788 4540 1015 4599 CAPUT
1053 4543 1210 4602 XCV.

827 4636 908 4689 De
930 4637 1160 4692 circulis.

272 4725 429 4780 Dtsc.
459 4725 594 4792 Quia
649 4726 718 4781 dc
768 4734 1071 4797 temporum
1122 4730 1407 4800 particulis
1451 4739 1509 4789 et
1553 4735 1794 4803 computi

198 4816 422 4870 ratione
450 4817 701 4886 plenitcr,
733 4829 997 4889 quantum
1020 4820 1261 4876 brevitas
1292 4823 1489 4895 dialogi
1517 4829 1690 4881 nostri
1720 4826 1794 4881 si-

198 4908 398 4973 nebat,
423 4909 761 4978 exposuisti,
793 4918 1040 4980 superest
1068 4919 1126 4966 ut
1150 4912 1217 4967 de
1245 4913 1462 4981 sacculo,
1493 4917 1638 4985 quod
1669 4926 1794 4987 post

197 5014 414 5053 annum
439 4998 494 5053 in
525 4999 667 5054 serie
711 5009 1015 5071 temporum
1043 5004 1271 5073 posuisti
1301 5045 1316 5070 ,
1353 5005 1593 5060 breviter
1618 5007 1790 5063 dicas.

198 5090 353 5148 Hac.
384 5091 589 5147 Saecula
619 5094 1057 5164 generationibus
1080 5105 1350 5151 constant.
1403 5097 1473 5151 Et
1516 5098 1642 5153 inde
1693 5114 1794 5154 sa:-

197 5183 326 5239 cula
360 5184 615 5239 dicuntur
653 5186 798 5255 quod
829 5201 890 5242 se
936 5196 1252 5257 sequantur.
1284 5187 1625 5244 Abeuntibus
1648 5191 1793 5245 enim

193 5273 350 5336 aliis,
381 5273 470 5328 alii
495 5277 811 5331 succedunt.
849 5276 1004 5335 Hunc
1028 5279 1248 5347 quidam
1286 5280 1794 5350 quinquagesimum

195 5378 414 5418 artuum
444 5364 648 5430 dicunt,
680 5380 841 5436 quem
890 5366 1104 5422 Hebraei
1139 5366 1420 5435 jubilaeum
1462 5378 1675 5424 vocant.
1713 5369 1793 5426 Ob

193 5453 350 5507 hanc
379 5468 600 5508 causam
627 5462 684 5510 et
712 5455 802 5510 ille
827 5455 1088 5511 Hebraeus
1117 5456 1213 5525 qui
1238 5466 1457 5527 propter
1488 5473 1715 5514 uxorem
1739 5469 1797 5515 et

190 5540 410 5598 liberos
462 5556 651 5598 amans
700 5544 977 5599 dominum
1006 5560 1179 5600 suum
1230 5559 1362 5600 aure
1408 5555 1663 5616 pertonsa
1699 5559 1795 5603 aut

190 5635 429 5692 servitio
455 5635 775 5709 subjugatus
805 5640 1012 5695 servire
1045 5639 1269 5709 iubetur
1299 5640 1355 5695 in
1384 5639 1662 5707 saculum,
1690 5643 1794 5698 hoc

190 5742 317 5799 est,
362 5747 532 5805 usque
573 5734 641 5789 ad
670 5749 872 5791 annum
908 5736 1435 5808 quinquagesimum.
1487 5735 1792 5807 Aliquando

1902 3272 2186 3327 veritatem
2233 3273 2380 3328 mille
2420 3281 2707 3343 sexcentos
2755 3272 3145 3344 quinquaginta
3180 3285 3297 3335 sex,
3328 3268 3518 3339 juxta.

1902 3363 2255 3435 Septuaginta
2279 3362 2608 3435 interpretes
2627 3364 2874 3418 Ticcxut.
2904 3359 3295 3431 Generationes
3330 3358 3487 3428 juxta
3514 3395 3518 3399 -

1900 3463 2188 3526 utramque
2215 3455 2506 3511 editionem
2538 3469 2766 3513 numero
2801 3455 3009 3510 decem.
3041 3454 3172 3521 Quae
3194 3452 3521 3527 universali-

1900 3554 1985 3600 est
2020 3544 2196 3601 deleta
2240 3545 2465 3601 diluvio.
2828 3564 2833 3568 ·

1971 3634 2126 3690 Sicut
2170 3635 2402 3706 primam
2437 3636 2702 3707 cujusque
2756 3633 2993 3690 hominis
3030 3633 3230 3688 oblivio
3271 3633 3487 3689 demer-

1898 3740 2025 3798 gere
2062 3726 2343 3782 consuevit
2367 3733 2606 3791 aetatem,
2635 3732 2833 3794 quotus
2851 3709 3081 3794 quisque
3106 3731 3191 3793 est
3215 3723 3516 3793 quisnam.

1898 3815 2214 3872 recordetur
2244 3814 2546 3869 infantiam.

1969 3905 2032 3959 ιι.
2060 3905 2310 3960 Secunda
2339 3912 2472 3959 aetas
2497 3919 2529 3958 a
2557 3902 2671 3960 Noe
2695 3918 2874 3974 usque.
2904 3903 2973 3958 ad
3015 3901 3294 3958 Abraham
3318 3942 3334 3969 ,
3386 3919 3510 3974 εδ·-

1898 3996 2209 4051 nerationes
2230 4035 2245 4060 ,
2270 3995 2428 4066 juxta
2453 3988 2770 4071 ilcbraicam
2798 3994 3177 4049 auctoritatem
3201 3992 3486 4063 complexa

1898 4089 2108 4153 decem,
2130 4102 2302 4142 annos
2330 4094 2511 4141 autem
2538 4085 2801 4141 ducentos
2840 4086 3129 4161 nonaginta
3153 4085 3310 4148 duos,
3327 4082 3486 4153 juxta

1899 4176 2253 4248 Septuaginta
2279 4175 2608 4245 interpretes
2633 4174 2762 4229 anni
2786 4173 2931 4229 mille
2963 4182 3298 4244 septuagutta
3335 4182 3440 4228 duo
3465 4212 3493 4237 μ

1898 4268 2278 4339 generationes
2303 4282 2433 4321 vero
2450 4265 2735 4337 undecim.

1970 4360 2095 4416 llazc
2131 4361 2286 4430 quasi
2335 4359 2568 4429 pueritia
2628 4357 2729 4412 fuit
2768 4357 2984 4427 generis
3017 4358 3200 4428 populi
3235 4356 3359 4411 Det.
3412 4358 3497 4412 Et

1902 4454 2022 4510 ideo
2046 4454 2102 4508 in
2125 4452 2308 4524 lin'gua
2331 4452 2549 4506 inventa
2574 4458 2659 4504 est
2682 4447 2929 4514 Hebraea,
2957 4448 3010 4503 id
3030 4456 3133 4514 cst,
3166 4463 3196 4502 a
3224 4447 3483 4520 pueritia.

1900 4546 2143 4615 Namque
2188 4545 2350 4599 homo
2395 4542 2585 4612 incipit
2627 4555 2791 4596 nosse
2828 4539 2973 4611 loqui
3020 4548 3143 4611 post
3191 4538 3504 4607 infantiam.

1896 4653 2017 4707 qua:
2051 4638 2177 4692 hinc
2208 4634 2469 4706 appellata
2497 4645 2580 4690 est
2601 4633 2745 4703 quod
2767 4631 2869 4687 fari
2895 4647 3002 4687 non
3033 4642 3232 4702 potest.

1964 4724 2051 4779 ιιι.
2076 4725 2258 4781 Tertia
2280 4724 2349 4779 ab
2369 4725 2644 4780 Abraham
2675 4738 2845 4793 usque
2872 4722 3064 4788 David,
3105 4723 3485 4794 generationes

1890 4816 2044 4888 juxta
2091 4826 2377 4886 utramque
2424 4816 2803 4871 auctoritatem
2828 4815 3259 4885 quatuordecim,
3307 4828 3483 4869 annos

1897 4921 2079 4964 autem
2108 4923 2380 4964 cccccxut
2411 4906 2804 4987 complectens.

1946 5000 2097 5056 llaec
2122 5000 2269 5055 velut
2291 4998 2537 5071 quaedam
2577 4997 2942 5053 adolescentia
2987 4996 3087 5051 fuit
3113 4996 3307 5067 populo
3341 4994 3433 5050 Dei
3459 5034 3515 5060 ,-

1899 5108 1930 5147 a
1953 5108 2058 5162 qua
2083 5102 2244 5149 aetate
2288 5092 2475 5161 incipit
2516 5092 2678 5147 homo
2704 5107 2864 5164 posse
2887 5106 3165 5164 generare.
3186 5088 3501 5159 Propterea.

1899 5183 2186 5238 Matthmus
2233 5182 2561 5252 evangelista
2611 5185 3023 5254 generationum
3068 5196 3157 5237 ex.
3199 5179 3503 5242 Abraham.

1899 5277 2127 5347 sumpsit
2151 5276 2468 5341 exordium;
2500 5277 2592 5346 qui
2636 5277 2801 5332 etiam
2827 5274 3240 5347 patergentinm
3274 5272 3488 5329 consti-

1897 5375 2045 5422 tutus
2080 5374 2164 5422 est
2203 5366 2420 5437 quando
2454 5375 2719 5421 mutatum
2761 5380 2958 5421 nomen
3001 5363 3240 5434 accepit.
3358 5419 3367 5427 ,

1969 5461 2054 5516 ιγ.
2081 5460 2286 5529 Quarta
2329 5476 2362 5515 a
2398 5460 2567 5516 David
2615 5474 2788 5531 usque
2835 5459 2905 5514 ad
2943 5457 3501 5530 transmigrationenr.

1894 5551 2201 5622 Babylonis,
2230 5566 2403 5609 annos
2426 5554 2633 5609 habens
2650 5551 2804 5622 juxta
2829 5547 3149 5605 Hebraicam
3189 5551 3492 5605 veritatem.

1893 5643 2318 5712 quadringentos
2355 5642 2696 5712 septuaginta
2740 5647 2850 5695 tres
2876 5679 2895 5705 ,
2928 5640 3082 5709 juxta
3125 5639 3494 5712 Septuagintzn

1895 5736 2302 5791 translationem
2330 5734 2608 5791 duodecim
2632 5731 2881 5804 amplius,
2922 5733 3298 5805 generationes
3319 5734 3481 5806 juxta.
