3986 6192
477 337 580 393 727

1147 332 1207 387 Β.
1249 296 1503 388 nABAM
1542 333 1762 389 MAUltl
1799 331 2115 388 ARClllEP.
2156 326 2467 385 meum:
2500 330 2784 386 omnem
2827 330 3006 384 esus
3042 330 3082 382 ι.

3620 338 3715 416 res

467 456 728 517 utrosque
784 446 997 501 codices
1036 448 1219 499 decem
1280 426 1335 499 et
1397 425 1602 515 septem
1628 488 1642 511 ,
1684 462 1818 516 quas
1862 458 2040 502 tamen
2064 455 2115 521 Α
2218 446 2303 501 Vl.
2335 445 2495 499 Sexta
2523 488 2536 509 ,
2565 460 2683 514 qua:
2710 460 2852 498 nunc
2898 446 3075 514 agitur
3101 486 3114 508 ,
3153 459 3283 501 actas
3312 487 3324 509 ,
3369 451 3537 502 nulla‘
3567 462 3718 520 gene-

468 537 798 613 evaugelista
840 534 1121 591 Matthaaus
1152 538 1288 591 certi
1316 535 1559 607 mysterii
1588 539 1759 608 gratia
1788 548 2044 609 quatuor-

468 630 641 685 decim
684 630 865 700 ponit,
894 644 925 684 a
947 643 1071 698 qua,
1097 629 1241 683 velut
1264 628 1489 700 juvenili
1514 636 1676 717 actate
1705 671 1720 696 ,
1762 630 1815 683 in
1852 631 2048 701 populo

470 720 565 774 Dei
627 734 812 789 regum
857 728 1100 789 tempora
1155 728 1455 789 creperum,
1513 719 1639 775 Haec
1701 735 1933 790 namque
1991 722 2047 776 in

2155 538 2422 596 rationum
2452 538 2537 592 vel
2567 547 2864 608 temporum
2895 522 3049 592 serie.
3063 537 3232 604 certa,
3264 537 3358 593 sed
3388 547 3447 593 ut
3473 548 3607 597 ictas
3639 544 3723 600 de-

2155 629 2375 698 crepita,
2410 628 2524 697 ipsa
2549 628 2714 682 totius
2738 627 2917 681 sarculi
2948 636 3121 681 morte
3148 631 3532 685 consumenda.

2225 718 2335 773 Has
2360 733 2691 773 arumnosas
2720 718 3013 788 plenasque
3057 717 3332 774 laboribus
3373 721 3563 775 mundi
3606 729 3724 778 teta-

469 810 780 866 hominibus
843 818 972 865 aetas
1035 818 1161 891 apta
1216 811 1566 883 gubernando
1628 811 1765 866 solet
1817 812 2049 867 existere
2138 819 2237 865 tes
2264 811 2461 880 quique
2492 808 2630 863 felici
2656 818 2830 863 morte
2859 809 3121 863 vicerunt.

468 918 653 974 regno.

538 993 603 1048 Υ.
646 990 863 1058 Quinta,
893 994 1046 1064 quasi
1082 993 1266 1050 senilis
1287 1002 1418 1049 aetas
1445 1035 1459 1059 ,
1500 1010 1531 1048 a
1568 994 2048 1063 transmigratione

465 1081 754 1154 Babylonis
798 1099 972 1155 usque
1034 1087 1321 1141 adventum
1379 1086 1590 1141 Domini
1644 1085 1947 1142 Salvatoris
1990 1087 2044 1141 in

464 1189 723 1239 carnem,
803 1177 1243 1245 generationibus
1310 1188 1365 1233 et
1419 1179 1534 1249 ipsa
1567 1180 1993 1249 ,quatuordecim
2025 1222 2039 1246 ,

462 1280 625 1334 porro
675 1266 831 1320 annis
870 1269 1179 1338 quingentis
1230 1270 1502 1341 octoginta
1552 1284 1745 1325 novem
1783 1277 2041 1337 extenta;

462 1353 518 1407 in
548 1369 684 1423 qua,
730 1363 789 1409 ut
833 1357 981 1426 gravi
1018 1366 1293 1413 senectute
1313 1358 1475 1424 fessa,
1503 1359 1660 1414 malis
1682 1358 2046 1415 crebrioribus

459 1446 614 1515 plebs
637 1445 862 1507 Hebrzea
885 1456 1194 1519 quassatur.

469 1607 1507 1641 mm:

2226 900 2335 957 VII.
2361 899 2602 970 Septima
2622 899 2734 969 jam
2761 899 2970 955 sabbati
3003 900 3255 969 perennis
3281 909 3442 957 aatate
3469 904 3727 973 suscepti;

2220 994 2352 1049 VIII.
2403 992 2660 1048 Octavam
2714 992 2888 1046 beatae
2938 992 3353 1048 resurrectionis
3385 1001 3601 1048 aetatem
3633 1037 3648 1063 ,
3675 998 3721 1051 in

2148 1100 2254 1155 qua
2304 1099 2517 1153 semper
2550 1099 2673 1137 cum
2710 1083 2938 1137 Domino
2966 1093 3192 1154 regnent
3222 1124 3238 1149 ,
3277 1094 3613 1155 exspectant.
3651 1088 3720 1144 Ad

2148 1190 2309 1247 quam
2332 1192 2430 1231 nos
2457 1174 2686 1231 feliciter
2707 1190 2801 1229 sua
2830 1170 3000 1246 gratia
3029 1174 3312 1247 pervenire
3333 1178 3447 1247 ipse
3468 1178 3722 1234 concedat

2151 1269 2243 1339 qui
2272 1277 2463 1323 cuncta
2494 1275 2736 1338 tempora
2764 1275 3077 1333 creaverat,
3108 1275 3163 1322 et
3188 1268 3491 1323 aeternitate
3518 1284 3723 1339 semper

2154 1369 2335 1414 manet
2376 1359 2596 1427 perenni
2628 1399 2642 1424 ,
2693 1359 2866 1413 trinus
2910 1366 2965 1412 et
3005 1373 3143 1413 unus
3179 1352 3521 1430 omnipotens
3546 1360 3720 1426 Deus,

2032 1458 2035 1461 ‘
2072 1464 2120 1521 Β
2147 1451 2238 1519 qui
2265 1459 2347 1503 est
2367 1450 2680 1503 benedictus
2709 1448 2761 1502 in
2792 1446 3007 1503 saecula.
3036 1445 3225 1504 A'men.

1444 1607 3705 1638 Μ

1052 1764 1622 1878 BER-TI
1697 1766 2043 1883 ΒΔΕ

2152 1769 2439 1881 nu
2511 1768 3129 1909 unum
3228 1876 3233 1879 _

1207 1977 1591 2035 FULDENSIS
1624 1978 1919 2035 ABBATIS
1950 1980 2039 2034 ετ
2064 1978 2460 2071 'MOGUN'lel
2494 1980 3019 2041 ARCHIEPISCOPI
3116 1998 3119 2001 δ
3416 2002 3425 2009 -

446 2130 2259 2323 'COMMENTARIORUM
2323 2110 2543 2321 IN
2596 2160 3718 2373 MATTHZEUM

1557 2433 1769 2492 LIBRI
1815 2431 2052 2515 ocrro.
2103 2432 2349 2513 (ANNO
2386 2436 2705 2505 822-826.)

2243 2606 2333 2617 ...-

1791 2812 1795 2817 _
1850 2727 2375 2804 PREFATIO

1192 2900 1287 2955 AD
1321 2899 1814 2987 HAISTULPHUM
1853 2900 2451 2975 ARCHIEPISCOPUM
2483 2902 2963 2960 MOGUNTINUM.
3027 2860 3031 2863 Δ

522 3156 759 3221 Domino
803 3162 1117 3219 beatissimo
1157 3178 1222 3218 ac
1272 3163 1469 3218 merito
1512 3164 1831 3225 venerabili,
1886 3172 1943 3218 et
1986 3132 2041 3218 in
2069 3169 2114 3231 C
2146 3165 2692 3223 naris'Laodicensis
2736 3167 3199 3241 [Apollinemque
3250 3172 3564 3250 Laudiceni]
3597 3220 3612 3244 ,
3660 3197 3719 3236 ac

462 3263 752 3326 conspectu
777 3253 989 3308 Domini
1021 3253 1231 3308 sincera
1253 3253 1517 3307 charitate
1543 3252 1866 3308 charissimo
1893 3252 2043 3310 Patri

464 3348 809 3421 "AIS‘I‘ULPBO
831 3344 1257 3413 archiepiscopo,
1282 3343 1531 3398 Ramnes
1558 3342 1812 3412 indignus
1830 3342 2048 3414 presby-

462 3451 549 3497 ter
569 3449 785 3496 teternze
814 3440 961 3509 pacis
994 3439 1050 3493 in
1085 3437 1306 3494 Christo
1327 3446 1478 3510 optat
1499 3438 1751 3494 salutem.

535 3532 742 3587 Memor
779 3530 920 3584 illius
943 3530 1196 3599 praicepti
1239 3530 1381 3599 quod
1429 3545 1531 3600 per
1576 3545 1673 3584 vas
1723 3529 1828 3585 sibi
1862 3540 2044 3602 aptum

462 3622 589 3676 olim
638 3619 913 3690 Sapientia
957 3618 1218 3689 protulit,
1251 3617 1437 3674 dicens
1462 3637 1482 3673 ι
1514 3618 1579 3673 In
1609 3629 1719 3673 tota
1748 3621 1925 3677 anima
1952 3629 2045 3674 tua

463 3713 586 3767 time
610 3711 803 3776 Deum,
839 3721 886 3765 et
911 3709 1207 3766 sacerdotes
1234 3710 1349 3780 ejus
1374 3710 1685 3779 sancti/ica;
1716 3710 1899 3764 datum
1924 3710 2044 3763 bra-

461 3806 699 3860 chiorum
728 3815 938 3860 tuorum
961 3815 1007 3859 et
1028 3804 1349 3873 sacriﬁcium
1395 3805 1830 3874 sanctiﬁcationis
1859 3806 2045 3876 o/ferea

461 3902 615 3957 initia
641 3911 940 3978 sanctorum
965 3899 1156 3972 (Eccli.
1186 3898 1316 3971 vn),
1349 3899 1561 3957 decrevi
1586 3939 1600 3963 ,
1648 3908 1835 3953 sancte
1859 3897 2040 3964 Pater,

461 4010 598 4065 opus
623 3993 786 4064 quod,
822 3991 1005 4045 divina
1031 3991 1204 4061 gratia
1236 3990 1516 4061 largiente,
1566 3991 1620 4045 in
1652 3991 2042 4061 expositionem

461 4084 635 4140 sancti
674 4083 953 4154 Evangelii
998 4082 1296 4139 secundum
1336 4081 1669 4145 Matthaaum,
1697 4098 1803 4136 non
1833 4082 2046 4137 siuela-

461 4177 595 4231 bore
642 4180 821 4230 tamen
843 4215 858 4241 ,
909 4158 1247 4230 confeceram
1268 4215 1283 4237 ,
1317 4183 1420 4229 tua:
1461 4175 1734 4229 sanctitati
1770 4175 2003 4246 dirigere
2027 4216 2041 4240 ,

448 4264 525 4320 ut
553 4276 644 4321 tuo
666 4273 853 4321 sancto
872 4265 1123 4320 examine
1151 4264 1438 4335 probatum
1469 4304 1484 4331 ,
1518 4266 1565 4319 si
1599 4264 1817 4336 dignum
1841 4265 2047 4336 judica-

462 4357 608 4411 veris
634 4356 699 4410 ad
727 4356 1036 4428 legendum,
1060 4354 1316 4410 fratribus
1346 4355 1448 4410 sub
1478 4363 1572 4409 tuo
1613 4356 1874 4425 regimine
1918 4372 2045 4411 con-

462 4448 666 4523 stitutis
694 4449 822 4503 illud
849 4451 1063 4516 tradas;
1095 4464 1203 4504 non
1228 4449 1383 4519 quasi
1410 4449 1892 4519 pernecessarium,
1921 4466 2042 4505 cum

466 4539 618 4595 multi
675 4541 967 4608 scriptores
1014 4554 1102 4595 me
1144 4539 1199 4593 in
1248 4538 1342 4594 illo
1372 4539 1599 4609 vestigio
1626 4540 2000 4609 prmcesserint
2024 4580 2037 4602 ,

462 4630 557 4686 sed
580 4630 736 4698 quasi
759 4631 930 4699 magis
949 4629 1311 4691 commodum,
1331 4644 1452 4684 cum
1476 4629 1834 4719 plurimorum
1853 4622 2042 4687 sensus

465 4739 531 4778 ac
555 4722 852 4777 sententias
889 4721 944 4775 in
972 4736 1137 4775 unum
1167 4720 1534 4774 contraxerim
1556 4760 1570 4784 ,
1601 4728 1661 4774 ut
1693 4720 1863 4775 lector
1912 4737 2044 4790 pau-

462 4800 744 4885 perculus,
761 4811 1141 4881 quilibrorum
1169 4811 1381 4881 copiam
1403 4826 1510 4866 non
1536 4811 1720 4877 habet,
1746 4820 1843 4866 aut
1869 4812 1956 4867 cui
1989 4812 2043 4867 in

464 4903 709 4974 pluribus
736 4902 968 4958 scrutari
990 4901 1283 4974 profundos
1306 4917 1496 4958 sensus
1522 4902 1742 4958 Palmm
1766 4920 1870 4959 non
1896 4904 2040 4969 licet,

465 4993 657 5048 saltem
684 4993 871 5048 in'isto
901 4992 1273 5049 suﬂicientiam
1304 5007 1413 5048 suae
1440 4994 1744 5066 indigentiae
1784 4995 2042 5049 inveniat.

2147 3257 2356 3327 Didymi
2396 3256 2769 3313 Alexandrini.
2798 3259 2865 3313 Et
2894 3252 3209 3316 Latinorum
3240 3304 3255 3329 ,
3308 3263 3499 3321 Hilarii
3549 3266 3722 3324 Pictao

2146 3346 2367 3411 viensis,
2402 3338 2665 3402 Victorini
2700 3357 2754 3403 et
2789 3348 3181 3406 Fortunatiani.
3234 3353 3467 3425 Scripsit
3512 3373 3720 3428 quoque

2143 3436 2432 3506 praedictus
2460 3438 2544 3492 vir
2586 3438 2779 3494 beatus
2800 3439 3177 3512 Hieronymus,
3202 3452 3420 3513 petente
3447 3445 3675 3504 Eusebio
3702 3488 3716 3513 ,

2143 3529 2201 3583 in
2232 3530 2335 3584 hoc
2365 3528 2715 3600 Evangelium
2760 3534 3240 3601 commentarium,
3273 3535 3367 3590 sed
3390 3546 3450 3590 ut
3475 3553 3571 3607 pro
3598 3537 3718 3592 bre-

2143 3620 2310 3675 vitate
2332 3622 2591 3691 temporis
2634 3622 2701 3676 de
2745 3620 2860 3690 ejus
2898 3624 3236 3682 sermonibus
3274 3626 3448 3681 dicam
3472 3668 3486 3691 ,
3525 3628 3716 3683 omissa

2143 3724 2388 3771 veterum
2416 3715 2763 3782 auctoritate,
2793 3731 2929 3785 quos
2958 3712 3056 3772 nec
3085 3714 3320 3788 legendi,
3346 3734 3445 3774 nec
3468 3720 3715 3788 sequendi

2146 3805 2376 3861 facultas
2407 3806 2508 3876 ipsi
2552 3806 2676 3861 data
2726 3815 2840 3873 est,
2878 3807 3195 3863 historicam
3224 3810 3717 3879 interpretationem

2144 3896 2373 3967 digessit
2395 3896 2669 3961 breviter,
2710 3904 2765 3952 et
2799 3896 3068 3951 interdum
3105 3898 3401 3967 spiritualis
3427 3900 3718 3971 intelligen-

2148 3988 2235 4042 tia:
2260 3986 2421 4042 ﬂores
2459 3986 2781 4054 admiscuit,
2817 3988 3116 4059 perfectum
3161 4005 3297 4060 opus
3341 4006 3622 4046 reservans
3669 3991 3718 4044 in

2145 4085 2440 4147 posterum.
2491 4077 2617 4133 Ilaec
2668 4080 2865 4149 quippe
2908 4095 3013 4134 non
3053 4082 3107 4134 in
3145 4081 3261 4149 ejus
3297 4082 3719 4153 suggillationem

2146 4166 2366 4236 protuli,
2397 4167 2549 4238 cujus
2576 4169 2851 4237 ingenium
2894 4177 2948 4223 et
2990 4152 3231 4226 studium
3258 4152 3488 4242 quodin
3520 4172 3719 4225 divino-

2146 4273 2265 4312 rum
2290 4258 2551 4313 librorum
2578 4259 3020 4329 interpretatione
3052 4269 3108 4315 et
3144 4262 3483 4331 expositione
3516 4261 3717 4325 habuit,

2146 4350 2382 4405 maxime
2422 4350 2587 4405 miror
2617 4391 2630 4416 ,
2662 4352 2756 4407 sed
2800 4358 2860 4405 ut
2901 4354 3183 4408 ostendam
3229 4369 3448 4408 causam
3476 4368 3594 4424 quae
3622 4367 3721 4407 nos

2148 4438 2405 4508 compulit
2442 4455 2682 4509 pt’assens
2727 4456 2863 4511 opus
2906 4443 3141 4513 aggredi.
3191 4442 3325 4497 Cum
3352 4443 3497 4497 enim
3527 4441 3719 4495 fratres

2071 4510 2123 4568 Ῑ)
2147 4530 2239 4598 qui
2270 4531 2549 4585 nobiscum
2580 4510 3158 4603 Evangeliumvlegere
3204 4532 3556 4603 disponebant
3588 4547 3717 4587 con-

2148 4628 2503 4688 quererentur
2526 4622 2669 4691 quod
2695 4624 2749 4678 in
2789 4622 3099 4677 Matthaum
3133 4639 3240 4679 non
3270 4634 3379 4677 tam
3405 4623 3617 4694 plenam
3665 4628 3718 4675 et

2148 4710 2502 4767 sutiicientem
2529 4714 2921 4783 expositionem
2950 4714 3213 4769 haberent
3239 4714 3380 4768 sicut
3407 4715 3460 4767 in
3499 4722 3721 4767 ceteros

2151 4803 2509 4873 evangelistas
2534 4844 2548 4870 ,
2582 4804 2954 4861 laborantibus
2994 4808 3155 4860 beato
3192 4804 3480 4859 Ambrosio
3528 4802 3722 4859 Medio-

2148 4894 2357 4950 lanensi
2387 4896 2658 4966 episcopo,
2690 4905 2745 4952 et
2774 4897 3065 4953 venerabili
3091 4896 3254 4951 Patre
3277 4896 3595 4965 Augustino,
3621 4894 3722 4947 Be—

2149 4986 2325 5057 daque
2352 4986 2555 5043 famulo
2584 4988 2816 5055 Domini,
2862 4991 2929 5045 ad
2982 4989 3265 5059 legendum
3301 4987 3591 5051 habebant,
3628 4999 3722 5040 eo-

463 5078 657 5138 Plures
684 5083 828 5138 enim
865 5081 1017 5138 fuere
1058 5082 1149 5152 qui
1189 5092 1315 5138 ante
1338 5098 1437 5138 nos
1459 5084 1511 5136 in
1538 5082 1883 5154 Evangelium
1912 5082 2047 5137 Mat—
2151 5096 2270 5136 rum
2302 5083 2573 5152 .precibus
2622 5095 2810 5142 coacta
2840 5095 2925 5141 est
2962 5086 3208 5156 parvitas
3256 5092 3440 5141 nostra
3487 5097 3721 5154 priesens

467 5172 593 5227 thaei
621 5180 887 5228 tractatus
907 5172 1193 5228 ediderunt
1221 5190 1234 5226 :
1265 5188 1391 5227 nam
1425 5171 1674 5244 Origenis
1703 5173 1829 5228 hinc
1855 5173 2043 5242 viginti
2149 5187 2285 5242 opus
2319 5174 2558 5243 aggredi,
2609 5190 2715 5230 non
2749 5186 2859 5231 tam
2886 5177 3119 5247 propriis
3148 5176 3357 5231 viribus
3394 5183 3486 5231 aut
3512 5175 3724 5245 ingenio

467 5264 576 5322 duo
602 5265 825 5338 LViginti
854 5265 1137 5340 quinque],
1175 5275 1235 5321 ut
1274 5267 1632 5338 Hieronymus
1668 5267 1820 5323 testis
1863 5276 1947 5325 est
1973 5280 1998 5308 ει
2028 5309 2042 5333 ,
2149 5265 2427 5322 conlidens
2453 5307 2467 5331 ,
2509 5282 2673 5336 quam
2699 5269 2881 5323 divino
2900 5268 3171 5339 adiutorio
3188 5279 3243 5323 et
3274 5268 3528 5323 fraternae
3550 5268 3720 5324 chari-

464 5364 684 5411 exstant
710 5357 984 5412 volumina
1012 5364 1068 5413 et
1091 5357 1312 5412 totidem
1339 5355 1580 5425 ejusdem
1612 5357 1867 5423 homiliae,
1898 5372 2046 5412 com-
2150 5359 2271 5422 tati,
2308 5374 2426 5428 quae
2452 5360 2627 5413 omnia
2656 5361 2839 5426 credit,
2866 5362 3040 5415 omnia
3075 5370 3274 5431 sperat,
3307 5362 3484 5416 omnia
3516 5363 3726 5419 sustinet

468 5444 836 5516 maticumquc
879 5446 1339 5517 interpretationis
1366 5461 1562 5518 genus;
1612 5455 1667 5502 et
1720 5447 2045 5517 Theophili,
2154 5447 2204 5519 (ι
2233 5446 2355 5503 Cor.
2404 5450 2556 5521 xm);
2590 5451 2677 5506 cui
2725 5451 3063 5508 solummodo
3112 5452 3284 5515 cessi,
3330 5452 3721 5514 detrahentium

474 5535 823 5592 Antiochense
857 5536 1010 5592 urbis
1040 5536 1311 5606 episcopi,
1338 5536 1748 5602 commentarii;
1781 5535 2051 5607 Hippolyti
2154 5547 2316 5607 atque
2364 5539 2733 5595 insultantium
2788 5555 2894 5596 non
2945 5556 3142 5596 curans
3187 5547 3553 5617 vanitoquium
3577 5582 3590 5606 ,
3626 5537 3722 5608 qui

474 5636 688 5693 quoque
733 5626 1016 5695 martyris,
1042 5633 1097 5681 et
1124 5626 1394 5682 Theodori
1428 5624 1758 5682 Heracleotaa
1783 5667 1797 5691 ,
1849 5624 2043 5694 Apolli-

2154 5630 2325 5701 magis
2368 5630 2771 5703 przesumptioni
2822 5647 2982 5701 quam
3012 5632 3198 5703 pietati
3232 5647 3474 5695 nostrum
3502 5633 3722 5689 forsitan

548 5744 573 5773 ⁸
599 5730 656 5791 In
685 5749 916 5807 procem.
944 5736 999 5791 in
1026 5736 1456 5794 Commentarios
1486 5749 1648 5807 super
1672 5734 2003 5790 Matthaeum.
