3970 6198
284 291 387 347 719

1266 292 1630 349 COMMENTa
1653 292 1719 347 IN
1758 291 2192 347 ΜΑΤΤΗᾸΞΕΜ.
2232 294 2466 349 —--LIB.
2504 294 2549 349 1ο

3422 297 3531 349 Ἱδθ·

283 406 616 476 deputabunt
665 404 923 458 laborem.
976 406 1044 458 Et
1088 420 1191 459 non
1241 406 1458 468 mirum,
1513 420 1635 459 eum
1685 409 1857 474 magis
1883 410 1929 467 Α
1960 406 2011 459 in
2066 407 2180 474 ipso
2235 406 2520 476 Evangelio
2556 407 2654 461 sub
2703 405 2919 462 nomine
2970 405 3203 463 Matthzei
3255 407 3521 471 titulatum

281 497 461 567 parati
487 496 596 550 sint
628 494 802 548 aliena
847 496 1106 558 lacerare,
1141 511 1301 564 quam
1333 496 1548 565 propria
1585 486 1851 564 'opuscula

281 585 535 641 condere.
567 583 802 649 Quorum
832 584 956 652 quia
1004 599 1166 637 nemo
1210 593 1387 652 potest
1429 584 1752 639 calumniam
1801 594 1856 638 et

280 677 494 731 invidos
519 689 730 728 morsus
766 675 1007 728 devitarc
1030 714 1045 738 ,
1082 675 1182 727 nisi
1211 676 1299 743 qui
1323 675 1543 729 omnino
1566 674 1701 727 nihil
1721 674 1855 727 scri-

277 766 380 830 bit,
422 764 593 835 magis
617 763 761 832 eligo
782 779 975 817 vanam
1012 764 1173 817 surda
1204 780 1343 817 aure
1360 764 1689 833 pertransire
1722 779 1855 831 que-

278 844 567 909 rimoniam
593 893 608 918 ,
636 867 795 921 quam
840 854 1017 907 otiose
1052 861 1281 922 torpens
1331 853 1529 909 Christi
1584 854 1855 924 negligere

277 943 529 1013 gratiam,
560 942 645 996 cui
688 940 785 995 soli
832 941 1045 1009 placere
1083 950 1350 1011 optantes,
1378 956 1545 995 vanos
1573 942 1853 995 hominum

276 1033 635 1097 rumusculos
661 1031 812 1090 nihili
865 1029 1131 1092 ducimus.
1172 1032 1488 1102 Aggrcgatis
1533 1032 1696 1102 igitur
1725 1032 1852 1085 hinc

275 1110 405 1191 inde
432 1121 812 1192 insignissimis
838 1134 1007 1176 sacra:
1034 1120 1280 1174 lectionis
1326 1130 1488 1190 atque
1524 1122 1854 1191 dignissimis

272 1211 576 1267 artiﬁcibus
597 1250 614 1279 ,
665 1210 797 1280 quid
825 1212 883 1264 in
905 1196 1181 1280 opusculis
1205 1210 1322 1265 suis
1347 1211 1407 1272 in
1428 1212 1569 1269 beati
1616 1211 1850 1283 Matthaei

270 1304 456 1358 verbis
483 1301 775 1365 senserint,
804 1301 933 1371 quid
957 1301 1214 1367 dixerim,
1241 1301 1555 1371 diligentius
1585 1303 1851 1373 inspicere

270 1392 465 1449 eti-nvi
487 1384 859 1462 :Cyprianum
883 1392 1003 1445 dico
1028 1400 1190 1460 atttue
1216 1391 1523 1456 Eusebium,
1548 1393 1813 1448 Hilarium
1833 1435 1847 1459 ,

268 1483 638 1547 Ambrosium,
665 1482 1071 1553 Hieronymum,
1088 1482 1464 1553 Augustinum,
1491 1484 1850 1555 Fulgentimn,

269 1570 610 1626 Victorinum
635 1612 651 1637 ,
703 1565 1181 1637 Fortunatiamm,
1226 1572 1475 1630 Orosium
1507 1616 1522 1641 ,
1571 1574 1811 1631 [.eonem
1834 1578 1865 1641 ,’

266 1664 593 1736 Gregorium
618 1664 1019 1723 Nazianzenum
1048 1707 1063 1731 ,
1092 1667 1417 1737 Gregorium
1435 1682 1631 1737 papam
1657 1668 1861 1727 Romus

1957 495 2167 563 reperi;
2219 495 2470 560 alterum,
2524 511 2682 564 quem
2733 497 2859 553 huic
2901 497 3052 565 operi
3104 500 3523 566 prmponeudum

1956 585 2165 636 noviter
2190 584 2422 637 condidi.
2470 584 2616 650 Quos
2667 585 2850 653 utique
2898 585 3191 649 coloribus,
3234 602 3301 640 ne
3343 588 3528 643 centu-

1954 673 2157 727 sionem
2198 672 2384 725 lectori
2408 671 2669 741 facerent,
2695 674 3024 744 distinguere
3050 675 3257 737 curavi,
3287 676 3520 743 priorum

1953 772 2274 825 atramento,
2301 762 2527 816 alterum
2562 764 2728 816 minio
2761 766 3125 819 conscribens.
3157 766 3304 819 Illum
3335 780 3523 833 nempe

1952 853 2021 908 ob
2052 854 2153 908 hoc
2179 869 2383 923 ponens
2414 863 2470 906 ut
2503 854 2549 907 si
2587 856 2708 923 quis
2740 854 2875 910 forte
2908 857 3249 925 Evangelium
3297 857 3478 926 legens
3505 898 3521 921 ,

1953 942 2219 996 invenerit
2245 944 2566 1020 sententiam
2595 943 2746 1010 cuius
2770 944 3081 1014 allegoriam
3106 947 3358 1015 ignorans
3383 947 3522 999 scire

1952 1033 2245 1091 desideret.
2276 1040 2424 1087 notet
2449 1034 2737 1109 capitulum
2769 1036 2910 1103 quod
2953 1035 3006 1088 in
3038 1037 3278 1105 margine
3316 1038 3523 1106 paginae

1952 1123 2123 1178 eidem
2155 1125 2431 1178 sententiae
2458 1126 2827 1194 praescriptum
2876 1134 2977 1188 est,
3023 1134 3077 1179 et
3123 1126 3305 1179 Statim
3337 1141 3523 1179 recur-

1952 1228 2078 1269 rens
2106 1215 2172 1268 ad
2204 1222 2511 1277 tractatum,
2559 1215 2801 1269 revolvat
2847 1215 3072 1280 librum,
3121 1226 3176 1269 et
3210 1226 3421 1285 quaerat
3451 1217 3522 1270 ibi

1953 1304 2443 1374 ipsumgcapitulum
2471 1305 2615 1373 quod
2639 1315 2765 1359 ante
2794 1307 2845 1359 in
2895 1306 3185 1375 Evangelio
3221 1306 3469 1360 adnotavi
3506 1346 3521 1370 ,

1952 1402 2007 1447 et
2033 1386 2110 1448 sic
2141 1395 2259 1468 sine
2292 1393 2401 1447 ulla
2428 1410 2581 1448 mora
2610 1396 2846 1449 inveniet
2880 1396 3026 1464 quod
3055 1395 3398 1450 desideravit.
3435 1395 3526 1449 Se-

1952 1501 2122 1555 quens
2147 1500 2281 1541 vero
2305 1485 2663 1555 capitulon
2682 1487 2834 1551 ordo,
2877 1486 2971 1555 qui
2998 1486 3162 1539 minio
3201 1488 3429 1555 sparsim
3472 1486 3522 1538 in

1951 1579 2222 1635 volumine
2250 1579 2588 1649 conscriptus
2630 1587 2732 1643 est,
2781 1582 2851 1633 ad
2892 1577 3526 1647 superlimiuarempagi-

1952 1685 2079 1729 nam
2127 1669 2453 1738 respondet,
2486 1684 2646 1739 quam
2683 1670 2735 1722 iu
2785 1670 2959 1738 capite
2998 1668 3159 1736 hujus
3190 1668 3406 1737 operis,
3457 1666 3527 1719 ob

264 1760 811 1830 num,JoaInenique
829 1760 1365 1831 Chrysostomum,et
1387 1772 1612 1817 cateros
1633 1763 1842 1830 Patres,
1875 1771 1919 1828 Β
1948 1758 2323 1827 compendium
2372 1759 2645 1826 qiuerendi
2676 1766 2730 1812 ct
2754 1758 3033 1814 conune:le
3068 1758 3410 1819 inveniendi,
3445 1757 3524 1810 di-

259 1864 489 1918 quorum
514 1849 727 1902 nomina
753 1849 948 1917 scripta
984 1857 1104 1902 sunt
1130 1849 1185 1902 in
1215 1847 1346 1902 libro
1374 1850 1492 1903 vita:
1539 1847 1703 1920 (Phil.
1746 1852 1843 1921 tv).

260 1938 481 1993 Horum
526 1952 654 2009 ergo
688 1939 903 1994 lectioni
950 1939 1187 1994 intentus
1216 1980 1231 2005 ,
1262 1947 1522 2010 quantum
1559 1942 1848 2012 mihiprse

258 2030 571 2089 innuuteris
614 2030 927 2086 monasticae
969 2031 1248 2088 servitutis
1300 2032 1615 2088 retinaculis
1641 2034 1801 2090 licuit
1826 2074 1841 2099 ,

257 2129 323 2174 et
366 2135 471 2190 pro
507 2121 841 2176 nutrimento
885 2121 1250 2190 parvulorum,
1299 2125 1585 2192 quodnon
1623 2141 1845 2196 parvam

256 2211 428 2267 nobis
452 2212 653 2283 ingerit
680 2211 978 2273 molestiam
1005 2223 1060 2268 et
1084 2213 1338 2270 lectionis
1373 2213 1506 2271 facit
1542 2216 1802 2286 injuriam.
1832 2259 1845 2283 ,

256 2302 384 2371 ipse
412 2304 545 2358 mihi
571 2303 803 2359 dictator
844 2305 1033 2371 simul,
1079 2314 1136 2360 et
1184 2307 1429 2362 notarius
1459 2347 1474 2373 ,
1509 2317 1565 2364 et
1593 2308 1853 2365 librarius

160 2432 164 2437 .
255 2393 534 2459 existens,
565 2394 618 2448 in
649 2396 918 2450 schednlis
944 2412 1008 2450 ea
1031 2398 1287 2452 mandare
1313 2399 1501 2452 curavi
1528 2414 1649 2468 quin
1672 2400 1741 2454 ab
1767 2401 1849 2455 eis

251 2485 509 2553 exposita
554 2495 701 2549 sunt,
736 2486 822 2541 vel
861 2486 992 2555 ipsis
1029 2502 1221 2541 eorum
1261 2488 1477 2557 syllabis
1511 2529 1524 2554 ,
1577 2489 1663 2543 vel
1702 2499 1847 2546 certe

250 2576 404 2630 meis
430 2576 709 2631 breviandi
733 2592 903 2631 causa
924 2578 1284 2632 sermonibus.
1315 2577 1555 2644 Quorum
1598 2579 1849 2635 videlicet

251 2665 390 2735 quia
420 2676 711 2734 operosum
762 2677 881 2721 erat
909 2666 1167 2722 vocabula
1223 2668 1555 2725 interserere
1593 2684 1692 2739 per
1737 2670 1846 2724 siu—

252 2755 406 2826 gula,
443 2764 503 2809 et
527 2755 657 2824 quid
701 2771 730 2809 a
771 2772 878 2825 quo
919 2765 1141 2813 auctore
1178 2757 1250 2811 sit
1277 2757 1847 2815 dictamnomiuatim

253 2849 574 2912 ostendere,
606 2844 949 2905 commodum
977 2851 1105 2906 duxi
1143 2852 1355 2908 eminus
1383 2868 1415 2907 e
1447 2852 1615 2908 latere
1642 2856 1845 2925 primas

251 2940 545 2995 nominum
577 2940 789 2995 litteras
823 2941 1137 3011 imprimere
1164 2982 1178 3007 ,
1216 2956 1421 3012 perque
1463 2944 1565 2998 has
1598 2945 1801 3003 viritim
1827 2985 1843 3010 ,

250 3030 346 3085 ubi
380 3030 647 3099 cujusque
665 3029 889 3084 Patrum
912 3031 1151 3101 incipiat,
1172 3033 1271 3087 ubi.
1285 3048 1467 3088 sermo
1483 3048 1643 3103 quem
1668 3044 1844 3090 treus-
1880 3031 1901 3083 ἶ

1946 1851 2178 1921 ligenter
2223 1849 2411 1903 lectori
2459 1863 2580 1902 cum
2638 1847 2865 1915 singulis
2922 1848 3173 1915 capitulis
3221 1846 3523 1903 distinetim

1947 1943 2261 1997 ordinantes
2307 1939 2698 2010 prurposuimus
2726 1980 2741 1999 .
2796 1946 2856 1991 ut
2904 1953 3024 2007 quae
3081 1937 3191 1992 illic
3226 1947 3520 2007 pneuotata

1948 2044 2093 2099 sunt,
2139 2049 2327 2088 eorum
2381 2032 2579 2087 iudicio
2616 2031 2673 2085 in
2701 2029 3177 2098 lihroceuscripta
3218 2029 3521 2097 reperiata.
3546 2027 3559 2035 ’

1948 2125 2139 2182 Omnia
2169 2139 2301 2183 vero
2329 2123 2394 2177 ad
2419 2122 2705 2175 utilitatem
2737 2120 2969 2177 fratrum
2995 2130 3047 2174 ct
3077 2120 3144 2173 ad
3178 2118 3529 2173 commodita-

1949 2225 2057 2273 tem
2086 2216 2383 2286 legentium
2399 2227 2591 2283 parare
2618 2210 2929 2280 satagimus.
2960 2216 3208 2277 optantes
3236 2216 3295 2261 ut
3321 2208 3386 2261 ad
3415 2206 3529 2276 plu-

1948 2307 2207 2360 rimorum
2234 2302 2548 2373 perveniant
2586 2299 2909 2369 profectum.
2936 2297 2993 2353 Si
3023 2298 3144 2366 quis
3170 2295 3309 2353 forte
3349 2297 3526 2364 despi-

1949 2397 2023 2451 cit
2052 2397 2193 2449 hunc
2223 2391 2461 2446 laborem
2499 2398 2745 2445 nostrum
2786 2388 2940 2457 quasi
2984 2384 3308 2456 Superﬂuum
3337 2425 3351 2448 ,
3399 2399 3524 2437 cum

1949 2484 2116 2543 multi
2152 2484 2361 2559 plenius
2397 2490 2452 2535 ct
2488 2480 2781 2551 perfectius
2816 2479 2883 2532 de
2923 2478 3111 2533 iisdem
3142 2475 3303 2535 rebus
3328 2483 3524 2527 tracta-

1947 2577 2144 2642 verint,
2170 2575 2312 2647 legat.
2339 2588 2406 2629 ea
2455 2588 2575 2642 qum
2600 2571 2701 2625 sibi
2724 2570 2967 2641 elegerit,
3017 2566 3382 2635 neliiliumque
3424 2566 3522 2641 (lo--

1947 2678 2160 2726 ctorum
2186 2665 2537 2737 amplissimis
2563 2664 2835 2717 reticiatur
2854 2661 3044 2725 ramis,
3067 2669 3121 2714 et
3149 2659 3383 2715 dimittat
3408 2658 3522 2711 bmc

1948 2771 2153 2827 nostra,
2185 2759 2312 2815 licet
2357 2756 2681 2829 paupercula
2704 2797 2723 2823 ,
2750 2755 2855 2827 illis
2903 2754 2996 2825 qui
3025 2750 3389 2822 perfectorum
3416 2763 3523 2802 non

1945 2860 2171 2924 possunt
2201 2866 2401 2921 capere
2421 2849 2603 2905 cibum
2625 2889 2642 2915 ,
2685 2862 2918 2919 quorum
2951 2862 3055 2901 non
3085 2852 3275 2899 venter
3314 2842 3523 2912 pingui-

1946 2946 2051 3002 bus
2074 2944 2308 3015 repletus
2334 2945 2617 2999 hortorum
2640 2940 2847 2996 fastidit
2868 2926 3043 3003 olera,
3063 2938 3161 2992 sed
3194 2935 3522 3008 leguminum

1904 3086 1909 3091 .
1948 3035 2211 3093 assuescit
2239 3035 2521 3091 comedere
2550 3032 2759 3088 cibaria
2789 3050 2801 3085 :
2830 3031 2967 3086 sciat
2993 3040 3169 3083 tamen
3194 3042 3378 3081 verum
3403 3039 3523 3079 esse

250 3114 353 3176 tuli
401 3121 643 3187 desinat,
678 3123 968 3187 intimare,
1011 3123 1274 3178 sollicitus
1301 3139 1398 3192 per
1420 3126 1701 3189 omniane
1729 3142 1845 3180 ma-
1872 3117 1917 3180 C
1951 3126 2076 3185 illud
2117 3125 2283 3196 vulgo
2326 3124 2674 3196 proverbium
2703 3164 2718 3190 ,
2760 3123 2909 3193 quod
2959 3120 3137 3175 utilior
3189 3128 3274 3174 est
3316 3117 3522 3171 sitienti

244 3210 441 3282 jorum
466 3212 607 3273 dicta
633 3212 803 3273 furari
823 3220 879 3268 et
899 3215 1017 3269 lucc
1045 3215 1200 3284 quasi
1229 3230 1348 3269 mea
1378 3217 1593 3287 propria
1621 3232 1843 3287 compo—

252 3316 401 3357 nere
450 3301 629 3361 dicar.
671 3302 1007 3377 Multumque
1034 3306 1273 3363 obsecro,
1312 3314 1367 3363 et
1422 3321 1519 3374 per
1558 3306 1849 3362 Dominum

249 3392 503 3465 legentes
526 3393 772 3449 obtestor
796 3404 857 3448 ut
881 3395 943 3449 si
961 3385 1053 3464 qui
1098 3394 1240 3451 forte
1268 3403 1454 3449 nostra
1504 3395 1618 3449 haec
1641 3434 1658 3459 ,
1710 3412 1843 3464 qua-

251 3484 553 3554 liacunqne
576 3485 996 3557 sint,'opuscula
1031 3487 1447 3556 transcriptione
1473 3487 1839 3558 digna—duxe-

254 3576 393 3641 rint,
422 3585 722 3633 memorata
743 3593 959 3648 quoque
986 3579 1263 3633 nominum
1290 3580 1465 3651 signa,
1487 3586 1548 3652 ut
1570 3580 1629 3632 in
1656 3582 1843 3635 nostro

251 3665 557 3737 exemplari
602 3669 927 3738 reperiunt,
980 3668 1196 3740 adigere
1243 3670 1607 3741 meminerint.
1639 3667 1844 3741 Praeter

252 3759 380 3821 haec
418 3774 635 3838 quoque
678 3761 932 3816 nonnulla
959 3802 974 3827 ,
1007 3769 1069 3816 ut
1096 3759 1214 3817 sine
1237 3762 1462 3818 laesione
1490 3762 1718 3817 aliorum
1756 3761 1840 3833 .di-

254 3866 405 3916 cam,
433 3864 556 3920 quae
586 3851 718 3907 mihi
764 3862 953 3907 auctor
997 3851 1134 3908 lucis
1178 3853 1393 3923 aperire
1439 3853 1689 3923 dignatus
1712 3863 1798 3907 est
1821 3892 1836 3918 ,

250 3943 467 4014 proprii
494 3943 706 3998 sudoris
740 3942 940 3999 indicia
977 3958 1077 4013 per
1112 3951 1285 4019 notas
1315 3943 1565 3999 vocabuli
1601 3945 1842 4013 agnomi-

254 4037 457 4106 nisque
501 4036 630 4102 mei,
658 4036 748 4091 ubi
784 4042 1146 4106 Opportunum
1208 4037 1517 4101 videbatur,
1555 4036 1785 4093 adnexui
1822 4077 1838 4104 ,

254 4135 544 4195 totumque
564 4140 700 4196 opus
728 4126 781 4180 in
810 4125 978 4181 libros
1020 4134 1144 4181 octo
1172 4126 1415 4191 distinxi,
1447 4126 1578 4181 illud
1604 4126 1841 4182 maxime

251 4216 578 4282 observans,
600 4216 907 4285 ubicunque
932 4216 1104 4284 potui,
1129 4223 1190 4271 ut
1215 4216 1305 4271 ubi
1347 4215 1678 4287 evangelista
1726 4230 1841 4270 ser-

253 4321 452 4361 mones
501 4307 717 4362 Domini
743 4310 1147 4363 consummatos
1171 4321 1291 4363 esse
1319 4308 1628 4374 referebat,
1664 4308 1739 4363 ibi
1782 4307 1842 4361 Ιί-

252 4396 483 4451 brorum
511 4388 775 4452 terrdinos
802 4397 1209 4453 constituerent.
1257 4397 1505 4468 Disposui
1554 4397 1716 4453 etiam
1745 4412 1842 4467 per

255 4486 412 4557 ipsos
432 4488 602 4544 libros
622 4489 759 4544 duos
786 4489 1007 4544 ordines
1032 4490 1387 4559 capitulorum
1416 4509 1430 4544 :
1468 4506 1653 4554 unum,
1675 4504 1837 4559 quem
1864 4472 1914 4531 D

1943 3220 2140 3286 parvus
2167 3231 2314 3285 pura:
2342 3231 2494 3286 aqum
2521 3216 2748 3270 haustus
2771 3254 2785 3278 ,
2825 3227 2987 3283 quam
3025 3209 3309 3291 nauseanti
3332 3207 3522 3278 largis-

1942 3308 2083 3363 sime
2109 3307 2309 3363 conditi
2341 3308 2448 3363 viui
2479 3306 2692 3377 pocula.
2722 3306 2799 3360 De
2830 3314 3026 3361 czetero
3055 3318 3267 3373 quoque
3297 3302 3520 3356 obsecro

1940 3401 2345 3457 venerationem
2390 3409 2575 3465 tuam,
2625 3398 2926 3453 antistitum
2989 3395 3338 3457 charissime,
3377 3402 3434 3445 ut
3475 3392 3520 3446 si

1938 3504 2180 3558 praesens
2206 3504 2341 3558 opus
2366 3488 2586 3560 dignum
2617 3488 2804 3544 habitu
2844 3487 3012 3541 ducas
3034 3525 3053 3550 ,
3104 3484 3171 3538 ab
3208 3484 3313 3537 hoc
3337 3496 3521 3535 exem-

1938 3580 2077 3650 plari
2102 3619 2120 3644 ,
2146 3579 2286 3648 quod
2320 3579 2415 3634 tibi
2444 3576 3071 3644 transmisihrescribere
3110 3574 3241 3628 illud
3280 3572 3473 3643 jubeas
3501 3611 3516 3633 ,

1940 3678 1997 3724 et
2024 3670 2345 3749 rescriptum
2382 3668 2692 3739 diligentius
2736 3668 3013 3735 requirere
3053 3663 3244 3725 facias,
3278 3676 3345 3715 ne
3372 3659 3520 3715 Scrin

1938 3760 2110 3830 ptoris
2133 3760 2322 3814 vitium
2348 3758 2628 3814 dictatoris
2677 3757 3023 3825 dereputetur
3050 3752 3244 3815 errori,
3272 3750 3368 3805 sed
3396 3766 3514 3804 ma-

1939 3850 2021 3921 gis
2054 3850 2148 3920 qui
2197 3848 2468 3914 seminat,
2520 3847 2681 3903 simul
2735 3846 3009 3917 gaudeat,
3071 3851 3129 3898 et
3193 3842 3285 3912 qui
3365 3841 3522 3895 metit

1940 3938 2237 4011 (Joan..iv-)
2262 3980 2275 4002 ,
2306 3938 2650 4008 fructumque
2678 3938 2881 4008 pariter
2910 3943 3236 4005 congregem
3263 3932 3320 3987 in
3348 3933 3516 3987 vitam

1937 4039 2221 4093 aeternam.
2910 4090 2916 4097 ,

1998 4123 2267 4179 Orantem
2304 4138 2403 4193 pro
2430 4123 2587 4178 nobis
2610 4129 2851 4177 sancta-nt
2873 4118 3253 4189 pateruitatem
3277 4123 3518 4170 vestram

1937 4215 2112 4287 gratia
2137 4214 2715 4285 superni-Protectoris
2745 4225 3067 4277 conservare
3110 4218 3273 4278 atque
3308 4206 3375 4260 ad
3426 4205 3520 4259 de-

1937 4307 2249 4362 fensionem.
2267 4306 2521 4362 Ecclesia;
2545 4320 2655 4361 sua:
2688 4312 2890 4360 sanctae
2913 4316 3127 4373 semper
3161 4298 3519 4363 corroborare

1940 4403 2215 4473 dignetur.

324 4614 354 4643 ι
392 4600 781 4672 Summarium,
827 4611 888 4659 ut
934 4605 1102 4660 moris
1130 4614 1213 4660 est
1241 4605 1434 4670 nostri,
1459 4606 1623 4675 capiti
1644 4605 1839 4674 cuique
1876 4617 2031 4658 suum
2057 4599 2466 4672 prteposuimus.
2499 4597 2654 4652 Eutr.

258 4734 3504 4767 ________________________________________________

1688 4846 2090 4909 lNClPlUNT

536 5004 548 5019 ‘
753 5015 1789 5132 COMMENTARIA
1869 4976 2021 5127 1N
2101 5006 3002 5123 MATTHZEUM.

1424 5384 1437 5407 κ
1480 5292 1801 5367 LIBER
1876 5289 2290 5365 PRIMUS.

832 5486 1247 5545 PROOEMIUM.

319 5577 730 5657 Expositionem
797 5583 1102 5652 scripturus
1158 5582 1212 5636 in
1273 5580 1620 5652 Evangelium
1683 5580 1832 5635 beati

247 5666 511 5739 Matthmi,
539 5682 899 5743 opportunum
944 5689 1064 5729 esse
1102 5671 1362 5743 iudicavi,
1391 5674 1576 5743 paucis
1599 5674 1831 5742 primum

1937 5487 2189 5541 intimare
2229 5501 2390 5557 quam
2435 5485 2506 5541 ob
2534 5499 2751 5541 causam
2799 5482 2938 5537 idem
2972 5478 3305 5549 evangelista
3340 5478 3514 5547 ipsum

1938 5581 2282 5651 Evangelinm
2310 5595 2537 5636 exorsus
2572 5578 2651 5632 sit
2678 5576 2937 5638 scribere,
2987 5581 3041 5629 et
3080 5584 3187 5642 qua
3206 5570 3424 5641 lingua,
3461 5576 3521 5626 et

1939 5687 2044 5741 quo
2071 5672 2279 5736 ordine,
2312 5679 2372 5724 ut
2393 5670 2467 5724 illi
2488 5669 2579 5739 qui
2606 5666 2993 5738 aggrediuntur
3022 5664 3124 5719 hoc
3149 5678 3282 5733 opus
3309 5661 3511 5731 legere,
