3986 6192
470 291 572 346 73l
1115 287 1174 341 Β.
1218 285 1468 340 RABANI
1506 285 1723 343 MAURI
1763 285 2081 341 ARClllEl‘.
2127 285 2432 341 MOG'CNT.
2473 284 2759 342 OPERUM
2797 285 2976 343 PARS
3015 286 3054 343 Ι.
3604 295 3717 353 Ἱδιε

469 401 654 456 statim
681 401 734 453 In
766 399 938 466 capite
967 392 1134 465 Ipsius
1176 395 1456 449 inveniant
1503 402 1860 463 przenotatum
1907 395 2041 448 scri-
2068 399 2116 456 Α
2143 394 2247 450 lem
2276 403 2330 448 et
2357 395 2745 448 sacerdotalem
2770 397 2820 449 in
2843 413 2908 451 eo
2934 398 3189 468 exprimit
3215 400 3548 471 dignitatem.
3580 407 3714 464 Nam

467 503 677 562 plorem
716 490 885 544 sancti
937 487 1238 558 Evangelii,
1273 496 1325 541 et
1357 486 1552 555 quibus
1580 487 1712 540 illud
1738 486 2036 554 scripserit.
2139 482 2298 539 .lcsus
2343 485 2434 555 qui
2481 486 2713 539 nominis
2761 485 2917 554 hujus
2958 491 3279 560 praesagium
3318 495 3575 562 prmtulit,
3609 500 3718 566 pri-

468 577 703 632 Narrant
731 577 944 646 quidem
992 575 1231 630 historiae
1276 576 1416 644 quod
1459 575 1560 629 iste
1600 574 1883 627 Matthmus
1912 588 2040 642 apo-
2140 591 2260 630 nius
2288 584 2409 645 post
2436 575 2649 647 Moysen
2692 577 2744 632 in
2781 579 2978 646 populo
3016 579 3182 636 Israel
3216 583 3468 640 ducatum
3521 594 3714 656 tenuit,

469 667 638 722 stolus
669 675 723 720 et
747 665 1095 736 evangelista,
1125 665 1217 734 qui
1243 675 1296 721 et
1321 666 1445 720 Levi
1477 680 1772 732 cognomen
1812 664 2042 734 sumpsit
2138 677 2194 720 et
2238 666 2376 722 lilios
2420 668 2582 722 Israel
2633 669 2685 721 in
2737 675 2937 724 terram
2983 673 3416 740 repromissionis
3461 677 3714 745 induxit,

470 758 536 812 de
575 757 748 820 tribu,
787 772 851 810 ex
891 756 1178 826 publicano
1204 756 1406 811 electus
1445 773 1473 810 a
1504 757 1718 811 Christo
1762 765 1818 811 et
1847 772 1877 810 a
1908 771 2036 827 pec-
2138 757 2319 811 Aaron
2352 773 2497 818 vero,
2529 759 2755 828 mystico
2776 770 3126 816 consecratus
3164 773 3454 834 unguento,
3507 769 3716 836 primus

468 853 625 899 caute
678 845 987 911 translatus,
1036 846 1271 916 primum
1320 845 1770 916 evangelizaverit
1816 843 2035 901 Iudaeis.
2139 846 2193 900 in
2225 847 2341 917 lege
2377 847 2628 929 sacerdos
2648 847 2766 902 fuit.
2811 849 3057 906 Salvator
3090 852 3255 924 igitur
3293 867 3512 922 noster,
3551 876 3714 929 quem

469 937 665 996 Verum
700 951 822 990 cum
852 944 1068 1005 pararet
1113 935 1344 990 transire
1374 937 1441 990 ad
1479 945 1687 1006 gentes,
1727 937 1901 1006 patria
1931 938 2040 1005 pri-
2136 936 2286 989 unxit
2306 936 2447 992 Deus
2474 937 2585 992 oleo
2613 938 2811 993 ltetitiee
2830 957 2941 1010 prae
2970 943 3210 998 omnibus
3234 947 3574 1016 participibus
3601 951 3716 1020 ejus

468 1025 805 1095 muslingua,
828 1026 1000 1088 idest,
1028 1025 1266 1080 llebrznis
1290 1025 1506 1092 litteris,
1527 1027 1871 1097 Evangelium
1893 1043 2040 1082 com-
2139 1025 2327 1095 (Psal.
2359 1043 2483 1082 xmv
2505 1027 2523 1099 )
2546 1068 2560 1093 ,
2591 1036 2646 1082 et
2681 1027 2798 1083 Rex
2843 1039 2946 1096 est,
2979 1032 3046 1086 de
3083 1048 3191 1102 quo
3231 1037 3490 1106 propheta
3531 1040 3670 1095 dicit
3701 1060 3712 1094 :

465 1113 734 1180 posuerit,
776 1121 996 1183 propter
1021 1128 1115 1197 eos
1142 1114 1232 1182 qui
1256 1129 1322 1167 ex
1355 1113 1766 1169 circumcisione
1791 1115 2037 1171 credide-
2140 1113 2580 1185 Multiplicabitur
2599 1117 2874 1185 imperium
2895 1119 3042 1188 ejus,
3085 1131 3133 1175 et
3157 1125 3302 1192 pacis
3330 1141 3433 1180 non
3462 1129 3561 1181 erit
3587 1129 3712 1197 ﬁnis

464 1211 613 1266 runt,
647 1189 1096 1272 dereliqueritque
1122 1203 1199 1257 eis
1227 1202 1355 1256 illud
1378 1203 1446 1256 ad
1473 1204 1812 1270 memoriam,
1853 1220 1882 1258 a
1917 1206 2038 1274 qui-
2136 1202 2272 1272 (Isa.
2312 1205 2425 1276 ix);
2473 1214 2528 1260 et
2569 1207 2791 1278 angelus
2825 1209 2892 1263 ad
2939 1189 3184 1278 Mariam,
3214 1217 3510 1284 potentiam
3563 1189 3717 1290 regni

464 1290 565 1346 bus
590 1290 1033 1357 proﬁciscebatur
1071 1303 1130 1346 ut
1173 1293 1422 1360 gentibus
1450 1293 1786 1362 praedicaret.
1830 1295 1886 1349 ln
1927 1311 2035 1366 quo
2137 1294 2253 1363 ejus
2277 1297 2651 1354 demonstrans
2682 1317 2694 1353 :
2723 1299 2900 1367 Dabit,
2929 1303 3123 1374 inquit,
3163 1305 3243 1360 illi
3276 1307 3537 1365 Dominus
3566 1311 3713 1367 Deus

464 1383 998 1438 animadvertendum
1045 1393 1129 1439 est
1174 1385 1316 1454 quod
1360 1385 1663 1454 ubicunque
1709 1388 2036 1458 evangelista
2135 1391 2307 1445 sedem
2345 1391 2514 1447 David
2555 1395 2718 1465 patris
2763 1396 2901 1466 ejus,
2931 1407 2978 1452 et
3004 1400 3237 1470 regnabit
3277 1403 3330 1456 in
3365 1402 3521 1459 domo
3542 1406 3714 1462 Iacob

461 1475 584 1541 iste,
615 1476 728 1531 sive
752 1490 820 1530 ex
856 1491 1083 1544 persona
1127 1491 1243 1540 sua,
1288 1477 1402 1532 sive
1447 1491 1511 1530 ex
1550 1477 1758 1533 Domini
1788 1477 2034 1534 Salvato-
2134 1479 2189 1533 in
2243 1485 2516 1547 internum,
2557 1492 2605 1536 et
2643 1486 2785 1554 regni
2811 1485 2925 1555 ejus
2949 1503 3056 1542 non
3085 1490 3183 1543 erit
3221 1489 3342 1558 ﬁnis
3371 1491 3523 1563 (Luc.
3558 1494 3624 1565 ι).
3651 1496 3717 1550 Ει

460 1567 556 1632 ris,
588 1567 787 1622 veteris
815 1567 1106 1638 Scriptura:
1133 1569 1452 1624 testimoniis
1482 1570 1679 1635 utitur,
1713 1586 1819 1626 non
1846 1587 2036 1642 sequa-
2137 1571 2402 1630 Sacerdos
2444 1575 2583 1630 idem
2622 1584 2724 1641 est,
2757 1577 2823 1632 de
2852 1594 2961 1648 quo
2989 1580 3117 1634 dicit
3146 1579 3428 1639 Psalmista
3459 1604 3473 1640 :
3502 1585 3716 1641 Iurat-it

461 1664 550 1709 tur
575 1655 924 1727 Septuaginta
947 1656 1327 1713 translatorum
1371 1659 1765 1722 auctoritatem,
1807 1659 1900 1714 sed
1927 1659 2032 1715 He-
2134 1661 2412 1729 Dominus,
2459 1673 2508 1718 et
2551 1682 2657 1720 non
2683 1667 2944 1736 paenitebit
2995 1685 3132 1733 eum,
3177 1679 3235 1724 tu
3263 1689 3317 1726 es
3369 1670 3629 1729 Sacerdos
3661 1678 3712 1730 in

459 1747 697 1840 braicam
728 1765 742 1800 :
773 1761 804 1800 e
829 1748 1023 1840 quibus
1049 1748 1137 1840 illa
1161 1749 1267 1840 duo
1287 1758 1425 1840 sunt,
1441 1767 1455 1840 ξ
1483 1748 1567 1802 Ea:
1595 1749 1827 1820 zEgypw
1856 1751 2032 1806 vocavi
2061 1743 2108 1802 B
2135 1737 2386 1808 a'ternum
2445 1759 2732 1814 secundum
2789 1761 3024 1816 ordinem
3088 1762 3460 1822 Melchisedech
3515 1766 3713 1840 (Psal.

456 1837 628 1905 [ilium
674 1854 843 1892 meum
883 1853 903 1902 ;
943 1838 1008 1892 Et
1042 1857 1055 1891 :
1099 1837 1361 1903 Quoniam
1401 1839 1697 1894 Nazaraeus
1743 1841 2030 1896 vocabitur.
2136 1844 2268 1917 cxx).
3081 1890 3084 1892 -

458 1923 642 2022 (Aug)
693 1925 826 2022 Nam
855 1925 1136 2022 Matthzeus
1165 1927 1466 2022 suscepisse
1494 1927 1809 2022 intelligitur
1856 1928 2036 2022 incar-
2207 1937 2338 1992 Filii
2369 1939 2556 2004 David,
2589 1941 2690 2010 ﬁlii
2734 1941 3022 2000 Abraham.
3067 1945 3348 2020 (Hieron.)
3388 1947 3534 2006 Ordo
3570 1967 3713 2022 pra:-

458 2017 731 2072 nationem
761 2019 990 2113 Domini
1003 2019 1295 2113 secundum
1324 2018 1545 2089 stirpem
1573 2021 1800 2090 regiam,
1841 2029 1894 2076 et
1922 2021 2034 2091 ple-
2132 2037 2397 2098 postems,
2437 2033 2532 2087 sed
2573 2036 2876 2090 necessario
2911 2017 3290 2094 οοηιηίυιθιυε,
3325 2017 3382 2095 si
3411 2017 3712 2113 enim-pri-

460 2120 628 2198 raque
657 2107 949 2198 secundum
977 2107 1252 2198 hominum
1281 2117 1601 2178 praesentem
1622 2109 1790 2164 vitam
1809 2119 1864 2165 et
1889 2109 2031 2166 facta
2133 2135 2279 2174 mum
2309 2122 2576 2192 posuisset
2602 2125 2893 2190 Abraham,
2924 2134 2980 2182 et
3005 2137 3189 2198 postea
3218 2130 3404 2194 David,
3434 2107 3629 2186 rursus
3659 2136 3710 2187 ei

536 2195 676 2290 dicta
706 2195 822 2290 ejus
853 2197 1106 2266 exsequi,
1141 2197 1283 2290 unde
1317 2205 1372 2252 et
1397 2198 1448 2252 in
1484 2198 1746 2269 principio
1788 2200 2032 2272 Evange-
2131 2213 2452 2281 repetendus
2499 2212 2676 2269 fuerat
2717 2195 3021 2282 Abraham,
3047 2228 3107 2274 ut
3142 2221 3503 2290 generationis
3535 2224 3711 2277 series

456 2282 511 2338 lii
541 2285 626 2340 sui
656 2285 835 2341 taliter
857 2299 1102 2352 exorsus,
1129 2287 1205 2340 ait
1233 2303 1249 2341 :
2021 2315 2028 2328 ·
2130 2307 2425 2356 texeretur.
2457 2303 2580 2358 [deo
2607 2314 2807 2370 autem,
2836 2308 3047 2363 caeteris
3071 2282 3464 2378 praetermissis,
3507 2313 3705 2368 horum

968 2419 1192 2476 CAPUT
1228 2419 1514 2476 pmmm.
2129 2390 2297 2446 lilium
2327 2396 2673 2465 nuncupavit,
2706 2397 2828 2466 quia
2872 2399 2939 2452 ad
2963 2398 3061 2454 hos
3091 2408 3297 2454 tantum
3339 2399 3480 2456 facta
3519 2411 3606 2457 est
3642 2405 3708 2459 de

457 2508 773 2580 Cenealogia
803 2508 998 2564 Christi
1028 2521 1384 2576 enumeratur,
1415 2521 1464 2565 et
1497 2512 1553 2566 in
1594 2520 1697 2565 tres
1735 2515 2029 2568 lessarade-
2127 2479 2344 2580 (Ἀπί-διο
2369 2486 2823 2580 'ﬁpmmissiO-Ad
2836 2488 3149 2580 Abraham}
3169 2489 3236 2544 ιη
3254 2493 3475 2557 mni”,
3502 2491 3706 2562 inqu“,

527 2577 999 2648 cades'dividitur,
1025 2591 1072 2635 et
1125 2581 1188 2634 de
1237 2580 1634 2652 desponsatione
1681 2584 1864 2638 matris
1909 2585 2025 2654 ejus

2132 2583 2215 2628 tuo
2244 2577 2608 2632 benedicentur
2645 2596 2822 2634 omnes
2842 2591 3012 2652 gentes
3047 2578 3214 2653 (Gen.
3243 2583 3412 2654 xxii),
3447 2587 3589 2652 quod
3620 2595 3706 2640 est

528 2659 798 2703 narratur.
2126 2665 2390 2724 Christus.
2415 2669 2496 2725 Ad
2526 2671 2692 2726 David
2721 2685 2736 2724 :
2770 2671 2844 2726 De
2872 2671 3048 2741 fructu
3079 2673 3268 2728 ventris
3293 2675 3368 2726 tui
3391 2691 3578 2743 ponam
3608 2692 3704 2728 su-

527 2761 614 2835 [l.]
636 2761 787 2816 Liber
810 2763 1158 2834 generationis
1171 2763 1296 2818 Jesu
1313 2761 1527 2819 Christi.
1547 2763 1859 2835 (Aug.)Quo
1871 2777 2028 2821 exor-
2124 2773 2217 2826 Ρεν
2244 2757 2415 2813 sedem
2434 2769 2578 2814 lnam
2602 2762 2619 2831 (
2639 2758 2787 2816 Ρεαι.
2812 2763 3018 2834 CXXXI).

454 2853 542 2907 dio
584 2867 682 2906 suo
712 2853 842 2907 satis
873 2853 1106 2907 ostendit
1146 2852 1545 2922 generationem
1589 2851 1788 2907 Christi
1835 2868 2026 2908 secun-
2199 2849 2465 2905 Abraham
2487 2853 2661 2922 genuit
2703 2852 2880 2918 Isaac,
2915 2854 3072 2908 Isaac
3093 2865 3264 2909 autem
3299 2855 3474 2926 genuit
3509 2854 3697 2908 Iacob.

453 2945 578 2999 dum
627 2960 864 3010 carnem,
898 2961 957 3000 se
992 2945 1292 3015 suscepisse
1321 2946 1666 3000 narrandam.
1716 2945 2022 3002 Secundum
2124 2941 2453 3011 Exsequitur
2472 2959 2600 3014 ergo
2616 2944 2903 2999 humanam
2930 2947 3326 3016 generationem
3343 2946 3542 3002 Christi
3560 2947 3700 3001 Mat-

453 3035 594 3090 hanc
642 3036 783 3089 enim
819 3035 1066 3091 Christus
1109 3035 1250 3092 illius
1280 3037 1514 3092 hominis
1550 3045 1654 3103 est,
1697 3039 1838 3107 quod
1858 3039 2019 3093 etiam
2051 3087 2092 3107 η
2125 3031 2318 3097 lhaeus,
2346 3033 2414 3088 ab
2439 3033 2555 3103 ipso
2573 3035 2943 3105 promissionis
2965 3036 3166 3092 Christi
3190 3038 3432 3103 exordio,
3461 3038 3566 3093 hoc
3590 3047 3698 3103 est.

452 3126 627 3194 seipse
667 3127 960 3195 Stepissime
996 3128 1246 3197 appellat,
1291 3129 1671 3184 commendans
1702 3131 1854 3185 nobis
1879 3132 2020 3201 quod
2048 3087 2093 3150 δ
2124 3123 2194 3177 ab
2219 3123 2492 3179 Abraham
2522 3136 2864 3196 generatores
2907 3143 3357 3192 commemorans,
3405 3143 3543 3198 quos
3565 3143 3698 3198 per-

452 3216 874 3271 misericorditer
912 3215 1160 3288 dignatus
1189 3219 1257 3272 sit
1282 3235 1400 3273 esse
1429 3234 1526 3288 pro
1553 3220 1724 3274 nobis.
1766 3219 1900 3274 Nam
1929 3221 2021 3275 illa
2123 3213 2269 3269 duell
2297 3215 2365 3269 ad
2395 3214 2591 3286 Joseph
2617 3218 2790 3272 Virum
2817 3218 3027 3284 Mariae,
3071 3220 3138 3275 de
3164 3235 3268 3289 qua
3304 3229 3462 3274 natus
3498 3228 3581 3274 est
3607 3219 3698 3274 Je-

447 3319 678 3375 snperna
702 3315 756 3360 et
783 3315 982 3361 aaterna
1013 3309 1304 3378 generatio,
1345 3311 1637 3364 secundum
1664 3326 1825 3380 quam
1854 3311 2020 3366 Filius
2121 3318 2232 3358 SUS-
2258 3303 2545 3376 (ΜΔυιιῦδο)
2569 3304 2788 3378 Mystice
2811 3322 3024 3376 quoque
3050 3308 3379 3363 demonstra!
3399 3310 3693 3377 quom0d0.

450 3398 543 3451 Dei
596 3399 899 3466 unigenitus
948 3409 1029 3454 est
1076 3410 1202 3455 ante
1245 3417 1460 3456 omnem
1508 3410 1809 3458 creaturam
1835 3442 1850 3468 ,
1895 3404 2020 3472 quia
2122 3393 2187 3448 de
2211 3395 2525 3464 gentilitatis
2551 3397 2795 3468 caligine.
2843 3399 2999 3467 (ιιιειεί
3035 3397 3100 3452 de
3127 3397 3380 3469 Εεῐριίθ
3405 3402 3690 3464 senium.

445 3489 625 3543 omnia
652 3505 748 3559 per
771 3490 941 3561 ipsum
975 3491 1112 3546 facta
1153 3500 1297 3554 sunt,
1333 3491 1404 3545 ita
1433 3492 1718 3547 inell'abilis
1747 3501 1851 3558 est,
1873 3501 1932 3548 ut
1952 3493 2019 3548 de
2117 3501 2217 3556 per
2242 3488 2590 3559 quadraginta
2639 3489 2774 3545 duos
2801 3489 2968 3555 viros.
3016 3503 3078 3546 ac
3117 3491 3162 3546 si
3207 3489 3444 3558 ejusdem
3481 3493 3691 3546 numeri

446 3579 535 3633 illa
563 3580 765 3636 dictum
794 3597 823 3635 a
856 3585 1113 3652 propheta
1141 3581 1276 3636 Isaia
1317 3582 1684 3652 intelligatur:
1719 3581 2018 3638 Generatio-
2119 3579 2448 3645 mansiones,
2492 3581 2558 3635 ad
2588 3581 2848 3652 virginem
2878 3582 3099 3636 M‘ariam
3119 3623 3133 3647 ,
3163 3583 3322 3651 pleno
3349 3584 3523 3638 sancti
3569 3582 3687 3652 Spi-

446 3685 560 3722 nem
584 3669 696 3740 ejus
718 3671 832 3741 quis
861 3671 1125 3726 enarrabit
1143 3673 1167 3725 ?
1188 3670 1207 3743 (
1229 3670 1828 3742 Isa.un.)Quanquam
1859 3683 1912 3728 et
1944 3675 2014 3729 de
2118 3668 2254 3725 ritus
2273 3671 2481 3742 gurgite
2510 3671 2779 3737 ﬂuentem,
2809 3688 2872 3727 ac
2897 3674 2940 3728 si
2967 3673 3350 3745 intelligibilem
3369 3673 3689 3737 Jordanem,

445 3758 726 3826 temporali
765 3758 881 3828 ejus
923 3761 1240 3824 nativitate,
1283 3775 1389 3830 qua
1420 3761 1627 3815 verbum
1668 3778 1792 3816 caro
1817 3761 2015 3831 factum
2117 3758 2252 3813 duce
2289 3759 2512 3815 Domino
2557 3759 2683 3817 Jcsu
2719 3762 2954 3828 Christo,
3003 3763 3145 3818 velut
3177 3762 3342 3819 Iosue
3387 3763 3498 3817 lilio
3543 3763 3688 3824 Nun.

444 3857 546 3912 est,
574 3858 630 3903 et
668 3849 819 3920 virgo
847 3850 1050 3918 Spiritu
1079 3859 1268 3905 sancto
1308 3852 1528 3922 gravida
1571 3851 1737 3906 lilium
1783 3854 2013 3923 peperit,
2115 3858 2331 3905 ventum
2356 3852 2456 3916 sit;
2484 3852 2763 3924 ipsumque
2783 3853 3054 3909 Christum
3079 3856 3144 3910 de
3171 3855 3333 3909 Maria
3360 3863 3542 3910 natum
3567 3871 3690 3910 esse

444 3948 498 3994 et
519 3939 669 4010 virgo
699 3941 1017 4010 permansit,
1065 3939 1180 3996 haec
1205 3943 1519 4012 prophetica
1549 3945 1812 3998 sententia
1846 3947 2016 4014 possit
2118 3948 2363 4004 testatur,
2392 3943 2482 4010 qui
2512 3943 2656 3997 velut
2687 3945 2878 3999 hamus
2904 3945 2957 3998 in
2991 3945 3122 4000 retis
3157 3945 3351 4014 capite,
3393 3945 3472 4000 sic
3498 3945 3550 3997 in
3578 3945 3689 3998 line

445 4046 549 4083 non
596 4030 1036 4085 inconvenienter
1085 4031 1276 4100 accipi,
1324 4048 1392 4086 ne
1434 4044 1601 4086 sacrae
1645 4033 2016 4090 :edilicationis
2114 4031 2436 4102 genealogite
2465 4033 2691 4102 positus,
2717 4042 2771 4089 et
2796 4036 2850 4088 in
2879 4050 3025 4090 mare
3051 4036 3208 4104 hujus
3239 4033 3420 4089 mundi
3450 4051 3479 4089 a
3524 4034 3686 4088 Patre

443 4121 650 4175 discors
679 4136 939 4192 compago
969 4137 1072 4175 non
1106 4121 1323 4177 hazreat.
1360 4121 1527 4192 Igitur
1566 4122 1867 4188 Matthzeus,
1894 4140 2013 4179 cor-
2114 4120 2312 4176 missus
2337 4162 2352 4182 ,
2404 4130 2700 4178 tortuosum
2747 4123 3034 4179 draconem
3091 4124 3412 4186 aduncatum
3469 4124 3686 4179 occisus

444 4220 601 4281 rupto
645 4213 864 4266 humani
913 4213 1125 4283 generis
1164 4214 1317 4268 initio
1359 4230 1456 4285 per
1490 4215 2007 4283 przeraricationem,
2113 4213 2326 4279 occidit,
2351 4222 2510 4284 atque
2530 4216 2748 4269 humani
2774 4216 2987 4286 generis
3014 4227 3240 4270 mortem
3265 4225 3510 4269 mortuus
3535 4229 3685 4267 mor-

443 4303 497 4356 in
526 4303 701 4372 primo
741 4303 872 4357 Novi
912 4303 1240 4358 Tcstamenti
1282 4305 1418 4360 libro
1459 4306 1788 4375 respondens
1836 4308 2011 4378 primo
2112 4303 2356 4358 tilicavit.
2401 4305 2468 4359 Et
2496 4305 2618 4360 ideo
2646 4305 2792 4360 velut
2821 4304 2946 4360 fune
2980 4304 3270 4374 duplicato,
3314 4305 3509 4358 iterato
3535 4304 3687 4357 vide-

444 4391 580 4447 llblO
606 4394 802 4448 veteris
851 4393 1002 4464 legis,
1052 4395 1142 4447 ubi
1184 4396 1442 4464 scriptum
1474 4404 1557 4450 est
1587 4413 1602 4450 :
1634 4395 1736 4450 Hic
1777 4407 1852 4451 est
1880 4396 2010 4451 liber
2036 4437 2087 4496 Β
2113 4391 2238 4447 licet
2279 4392 2694 4464 uniuscujusque
2728 4395 2962 4459 nomine,
3011 4395 3061 4448 in
3108 4395 3239 4448 retis
3271 4391 3681 4448 similitudinem

442 4486 788 4554 generationis
833 4485 946 4538 owli
987 4494 1033 4538 et
1075 4493 1228 4538 terra:
1257 4484 1424 4556 (Cen.
1491 4503 1527 4542 ιι
1551 4486 1598 4556 );
1647 4495 1702 4540 et
1751 4502 1961 4540 rursum
1991 4505 2004 4541 :
2037 4481 2083 4496 ⁵’
2113 4482 2436 4553 genealogize
2475 4484 2607 4539 ordo
2634 4484 2967 4548 contexitur,
3003 4484 3174 4538 donec
3200 4485 3267 4537 ab
3297 4481 3454 4550 hujus
3481 4481 3683 4551 princi-

445 4573 546 4628 llic
575 4583 647 4628 est
671 4574 806 4629 liber
840 4575 1185 4646 generationis
1220 4575 1347 4630 Adce
1372 4575 1533 4647 (Gen.
1555 4577 1641 4646 v);
1673 4577 1802 4631 Adae
1829 4578 2008 4632 videli-
2112 4572 2220 4640 pio,
2253 4573 2354 4628 hoc
2375 4582 2481 4638 est,
2505 4573 2572 4626 ab
2593 4572 2862 4628 Abraham
2890 4574 2958 4627 ad
2981 4575 3198 4626 hamum
3229 4586 3418 4641 usque,
3450 4572 3553 4625 hoc
3572 4580 3678 4632 est.

440 4675 529 4722 cet
554 4667 756 4731 veteri,
798 4681 896 4735 per
938 4679 1097 4736 quem
1134 4677 1278 4722 totus
1315 4676 1598 4737 corruptus
1640 4676 1725 4722 est
1750 4669 2002 4733 mundus,
2111 4660 2404 4730 Christum,
2437 4663 2782 4728 adveniatur;
2823 4663 2887 4718 de
2916 4678 3022 4732 quo
3049 4663 3114 4716 ad
3144 4667 3387 4717 sanctum
3415 4657 3516 4715 Job
3545 4659 3680 4713 dici-

441 4759 482 4812 Δ
509 4761 610 4812 lam
640 4773 914 4827 opponens
938 4775 1156 4824 novum,
1188 4759 1240 4812 in
1267 4775 1374 4828 quo
1395 4767 1690 4813 restaurata
1726 4767 1850 4814 sunt
1883 4776 2000 4816 om-
2111 4761 2200 4807 llll‘
2231 4772 2242 4807 ε
2275 4753 2525 4826 Nunquid
2570 4756 2856 4822 aduncabis
2894 4753 3175 4807 Leviath
3222 4755 3376 4807 hamo
3420 4762 3510 4806 luo
3534 4793 3550 4815 .
3584 4761 3679 4805 alii

443 4852 556 4914 nia,
602 4859 654 4904 et
692 4866 810 4918 quae
841 4851 894 4905 in
938 4850 1079 4906 coelo
1106 4859 1162 4906 et
1201 4865 1320 4920 qua:
1368 4851 1420 4904 in
1473 4858 1616 4903 terra
1665 4851 1997 4916 consistunt;
2109 4843 2316 4896 armilla
2346 4843 2636 4912 perforabis
2671 4843 2914 4897 maxillas
2956 4843 3110 4912 ejus?
3139 4843 3279 4923 (Job.
3312 4843 3425 4912 xL.)
3449 4840 3676 4913 (Greg.)

439 4943 586 4996 dedit
617 4934 896 4997 manifeste
932 4941 1150 5012 intelligi
1198 4943 1338 5012 quod
1388 4942 1553 5012 ipsius
1597 4941 1878 5011 scripserit
1923 4959 2007 4996 se-
2108 4931 2163 4984 Ῑη
2190 4933 2347 4986 hamo
2373 4933 2534 5001 ἱείιιιι*
2563 4933 2946 4988 Ῐιιοδνηειῑίοηίδ
2973 4934 3170 4988 Christi
3206 4935 3306 4987 ίδίθ
3343 4942 3538 5002 ωριυὸ
3567 4941 3673 4994 θεῖν

435 5033 669 5088 cundum
709 5049 924 5096 carnem
961 5035 1384 5104 generationem,
1431 5033 1521 5103 qui
1551 5033 1750 5088 electos
1789 5049 1915 5089 suos
1951 5035 2004 5089 ίη
2106 5023 2229 5090 quia
2259 5024 2384 5076 dum
2417 5025 2468 5076 in
2496 5023 2585 5076 illo
2611 5025 2832 5094 appetiit
2865 5039 3047 5078 escam
3087 5023 3352 5092 corporis,
3378 5022 3675 5076 transfixus

439 5122 669 5177 ﬁliorum
715 5121 809 5176 Dei
866 5131 1166 5178 assumeret
1205 5123 1566 5193 adoptionem.
1606 5123 1784 5188 Quare
1823 5133 2001 5178 autem

1153 5131 1166 5176 ι
1205 5123 1566 5193 adoptionem.
1606 5123 1784 5188 Quare
1823 5133 2001 5178 autem
2104 5120 2184 5165 03l-
2210 5111 2394 5166 301|160
2421 5112 2727 5167 diVinilalis.

435 5209 624 5268 librum
653 5214 848 5269 dixerit
871 5215 1236 5285 generationis.
1263 5228 1385 5268 cum
1417 5227 1637 5281 parvam
1683 5211 1802 5266 libri
1835 5214 2002 5280 parti—

2173 5203 2208 5256 Ι
2215 5206 2344 5257 udas
2384 5215 2555 5257 autent
2575 5207 2749 5274 genuit
2779 5203 2980 5260 Phares
3011 5214 3058 5259 et
3089 5203 3286 5259 Larum
3317 5203 3382 5257 de
3419 5203 3668 5256 Thamar.

435 5304 608 5358 cuiam
651 5313 831 5359 teneat
864 5305 1161 5374 generatio,
1211 5305 1310 5358 hoc
1355 5303 1667 5372 intelligitur
1696 5304 1839 5370 quod
1869 5319 1997 5357 con-

2105 5292 2124 5362 (
2147 5292 2365 5347 Hieron.
2390 5296 2409 5365 )
2437 5294 2738 5349 Notandum
2763 5297 2818 5350 in
2851 5295 3160 5367 genealogia
3195 5293 3522 5359 Salvatoris,
3553 5296 3669 5348 nul-

433 5395 772 5449 suetudinem
798 5395 971 5465 gentis
991 5410 1100 5449 sua:
1126 5403 1340 5448 secutus
1362 5394 1452 5446 sit.
1483 5391 1824 5446 Consuetudo
1852 5391 1998 5446 enim
2099 5385 2204 5440 lam
2227 5396 2534 5442 sanctarum
2558 5390 2760 5444 assumi
2790 5389 3093 5452 mulierum,
3121 5387 3215 5442 sed
3242 5402 3337 5442 eas
3363 5402 3498 5457 quas
3525 5385 3668 5441 Scri-

436 5481 778 5538 Hebraeorum
820 5493 903 5539 est
948 5492 1005 5537 ut
1030 5482 1385 5536 voluminibus
1412 5495 1476 5534 ex
1507 5493 1693 5533 eorum
1719 5477 1998 5547 principiis
2098 5485 2254 5546 ptura
2295 5474 2664 5546 reprehendit,
2703 5488 2761 5533 ut
2787 5479 2876 5547 qui
2919 5487 3135 5548 pr0pter
3171 5487 3481 5548 peccatores
3510 5494 3664 5534 vene-

433 5570 707 5639 imponant
734 5572 968 5636 nomina,
1010 5580 1067 5625 ut
1095 5580 1178 5626 est
1205 5569 1450 5630 Genesis,
1479 5567 1694 5621 Exodus
1737 5575 1792 5622 et
1819 5568 1997 5621 caeteri
2101 5577 2202 5633 rat,
2240 5569 2304 5624 de
2339 5570 2726 5639 peccatricibus
2757 5585 3006 5633 nascens,
3048 5571 3285 5624 omnium
3330 5580 3544 5638 peccata
3569 5569 3664 5621 ἀει

435 5656 554 5712 libri
583 5659 798 5730 legales.
832 5662 981 5727 Quod
1026 5671 1200 5715 autem
1231 5659 1378 5723 dicit,
1408 5657 1536 5713 Iesu
1580 5654 1794 5722 Christi,
1845 5673 1995 5729 rega-
2098 5658 2245 5713 lcret.
2281 5658 2430 5714 Unde
2459 5669 2510 5714 et
2538 5660 2588 5713 iu
2621 5660 3068 5727 ermscquentibus
3110 5659 3249 5713 liuth
3299 5659 3538 5714 Moabitis
3562 5672 3662 5725 pc-
