3970 6198
394 315 499 373 733

1371 326 1721 384 COMMENT.
1759 325 1826 380 ῙΝ
1867 322 2303 382 MATTHEUM.
2343 356 2412 366 —-—
2449 325 2577 381 LIB.
2611 327 2654 385 ι.
2688 350 2695 351 ί

3528 329 3627 388 755

393 436 563 499 nitur,
592 443 648 488 et
665 433 963 490 Bethsabee
983 413 1290 508 [Bersabea]
1318 452 1453 492 uxor
1471 437 1632 494 Uriae.
1662 434 1952 509 (munus)
1981 437 2031 495 Δ
2058 433 2226 489 David
2245 435 2451 504 primus
2486 437 2553 494 de
2579 438 2724 496 tribu
2749 437 2888 497 Iuda
2912 452 3008 496 rex
3035 439 3157 507 fuit,
3185 455 3285 512 per
3307 458 3467 514 quam
3494 446 3630 502 ordo

390 525 475 579 Ad
526 524 838 579 interiorem
881 539 1010 580 vero
1056 525 1403 591 intellectum,
1445 527 1501 581 in
1549 528 1799 583 omnibus
1842 527 1960 583 istis

391 623 643 683 quatuor,
673 621 893 667 ventura
923 614 992 668 ad
1018 614 1300 670 Dominum
1333 615 1577 672 Ecclesia
1601 619 1667 672 de
1691 616 1960 688 gentilita-

392 708 466 760 tis
497 719 682 759 errore
727 703 1009 774 ﬁguratur,
1052 719 1173 774 qua:
1215 706 1364 784 prius
1407 706 1602 771 aliena,
1651 705 1960 778 ignominiis

390 798 549 867 plena
572 803 627 849 et
650 794 850 850 sterilis
872 794 1194 859 habebatur,
1230 797 1323 851 sed
1352 796 1420 851 ad
1444 795 1716 851 Christum
1748 806 1807 849 ut
1827 795 1959 865 legi-

391 886 526 940 tima
556 882 840 952 conjuncta
869 890 955 939 est
982 892 1249 946 matrona.
1277 892 1333 940 et
1360 884 1540 954 plures
1564 885 1843 955 adoptivos
1867 901 1960 955 pa-

364 975 462 1030 'rit
486 976 597 1029 Deo
626 974 794 1040 ﬁlios,
839 989 1023 1045 quam\
1047 974 1357 1046 Synagoga,
1408 992 1527 1046 quae
1552 976 1705 1046 prius
1741 983 1799 1030 ut
1824 990 1954 1046 pro-

383 1066 568 1136 prium
596 1063 880 1119 videbatur
922 1062 1204 1120 Dominum
1245 1064 1442 1119 habere
1478 1065 1672 1119 virum.
1719 1064 1957 1120 Thamar

384 1169 519 1225 ergo
557 1155 945 1225 interpretatur
977 1155 1298 1220 amaritudo,
1340 1154 1424 1209 vel
1458 1164 1806 1221 commutatis,
1839 1156 1956 1212 sive

381 1247 598 1317 palma;
627 1254 682 1301 et
706 1247 900 1301 merito
923 1248 1039 1302 haec
1065 1247 1245 1301 omnia
1272 1248 1598 1303 conveniunt
1627 1258 1829 1304 sanctae
1849 1249 1955 1304 Ec-

378 1337 589 1399 clesite,
635 1351 756 1405 quze
794 1351 978 1391 amara
1001 1336 1277 1406 priusfuit
1314 1338 1368 1392 in
1404 1337 1703 1392 idololatria
1727 1346 1783 1394 et
1810 1338 1954 1408 turpi

381 1428 822 1493 conversatione,
872 1428 966 1493 sed
991 1427 1149 1482 modo
1172 1427 1342 1483 dulcis
1365 1436 1448 1482 est
1474 1443 1569 1497 per
1595 1427 1777 1484 ﬁctum
1806 1443 1955 1484 com-

382 1516 709 1588 punctionis,
737 1527 789 1572 et
827 1517 1061 1572 studium
1086 1517 1159 1588 pii
1186 1517 1405 1573 laboris.
1448 1517 1575 1574 Haec
1612 1528 1953 1576 commutans

380 1617 533 1665 recte
569 1609 787 1674 dicitur,
833 1608 958 1676 quia
995 1623 1059 1663 ex
1089 1608 1392 1678 peccatrice
1432 1616 1761 1664 commutata
1789 1610 1952 1665 estin

369 1698 601 1769 justam,
629 1708 685 1755 et
708 1714 775 1755 ex
799 1700 983 1755 odiosa
1008 1701 1062 1757 in
1094 1708 1346 1764 amatam,
1372 1715 1493 1770 quze
1516 1700 1709 1770 palmae
1734 1702 1838 1757 rite
1864 1714 1953 1757 as-

378 1793 687 1859 similatur,
733 1801 953 1863 propter
998 1802 1272 1848 certamen
1317 1793 1564 1849 laborum
1608 1802 1667 1855 et
1718 1795 1951 1850 victoriae

377 1885 684 1953 praemium.
726 1883 803 1937 De
826 1882 916 1938 illa
950 1884 1148 1955 quippe
1174 1884 1309 1939 bene
1336 1899 1433 1955 per
1460 1883 1797 1940 Psalmistam
1820 1884 1952 1940 dici-

376 1984 472 2030 tur
503 1993 518 2030 :
545 1976 731 2031 Justus
767 1985 824 2031 ut
863 1975 1041 2046 palma
1082 1975 1308 2047 ﬂorebit,
1360 1976 1497 2031 sicut
1538 1975 1723 2031 cedrus
1761 1974 1950 2029 Libani

374 2065 812 2136 multiplicabitur
847 2065 1033 2137 (Psal.
1075 2082 1159 2121 xc:
1192 2065 1232 2136 ).
1267 2066 1414 2120 Raab
1455 2082 1672 2137 quoque
1701 2067 1947 2133 latitudo,

371 2155 465 2210 vel
485 2155 666 2225 fames,
690 2171 783 2211 seu
805 2156 1046 2227 impetus,
1073 2156 1493 2226 interpretatur;
1519 2166 1574 2212 et
1594 2157 1723 2227 quid
1747 2158 1799 2211 in
1822 2158 1945 2223 hoc,

375 2246 485 2302 nisi
508 2256 708 2302 sanctae
733 2247 988 2303 Ecclesia:
1015 2247 1266 2303 nobilitas
1291 2248 1633 2317 praedicatur,
1666 2248 1751 2302 cui
1779 2247 1946 2302 etiam

373 2353 481 2408 per
530 2336 725 2392 Isaiam
774 2338 1007 2394 dicitur:
1041 2336 1221 2392 Dilata
1273 2338 1443 2392 locum
1495 2338 1704 2392 tentorii
1755 2338 1854 2401 tui,
1899 2346 1948 2390 et

374 2426 536 2497 pelles
582 2427 1034 2482 tabernaculorum
1084 2437 1292 2482 tuorum
1339 2429 1586 2491 extende;
1634 2445 1695 2482 ne
1738 2446 1947 2498 parcas,

373 2518 560 2588 longos
582 2519 665 2587 {ac
689 2518 950 2588 funiculos
972 2527 1109 2583 tuos,
1141 2528 1190 2572 et
1214 2518 1386 2573 clavos
1412 2529 1528 2573 tuos
1551 2518 1820 2573 consolida
1834 2536 1854 2584 ;
1878 2519 1948 2573 ad

373 2609 643 2663 dexteram
686 2611 823 2664 enim
867 2621 914 2663 et
965 2610 1035 2663 ad
1084 2609 1267 2664 lienam
1316 2610 1636 2681 penetrabis,
1681 2620 1729 2666 et
1777 2627 1948 2665 semen

372 2710 523 2753 tuum
564 2708 737 2770 gentes
777 2700 1100 2754 Iiwreditabit
1130 2700 1275 2773 (Isa.
1323 2701 1471 2771 LIV).
1502 2701 1676 2758 Habet
1707 2716 1836 2774 ergo
1868 2701 1948 2756 fa-

373 2805 517 2844 mem
562 2790 686 2855 ista,
714 2804 818 2842 non
871 2788 1062 2857 famem
1090 2791 1242 2859 panis
1281 2807 1442 2862 neque
1468 2791 1606 2846 sitim
1649 2806 1818 2862 aqum,
1856 2791 1946 2845 sed

373 2879 627 2933 audiendi
668 2877 876 2932 verbum
912 2878 1011 2934 Dei
1038 2878 1216 2951 (Amos
1238 2884 1375 2951 VIII),
1421 2889 1476 2936 et
1499 2880 1730 2937 faciendi
1760 2881 1948 2937 volun-

377 2981 543 3027 tatem
578 2970 715 3040 ejus.
745 2971 820 3026 De
850 2975 952 3028 hac
982 2974 1196 3044 quidem
1226 2974 1459 3044 impetus
1496 2977 1788 3047 egreditur,
1820 2976 1945 3045 quia

372 3062 636 3117 velocitas
660 3061 1075 3130 praedicationis,
1105 3062 1266 3119 ﬁante
1309 3061 1511 3135 Spiritu
1540 3076 1750 3131 sancto,
1779 3066 1833 3119 in
1863 3074 1943 3120 to-

375 3159 488 3205 tam
534 3149 720 3209 mundi
763 3150 1099 3205 latitudinem
1145 3152 1411 3223 dirigitur.
1468 3153 1620 3210 Unde
1663 3155 1801 3208 bene
1847 3168 1943 3225 per

373 3236 710 3293 Ezechielem
753 3238 950 3293 dicitur
982 3256 995 3293 :
1026 3236 1126 3293 Ubi
1160 3250 1285 3303 erat}
1319 3241 1538 3312 impetus
1577 3240 1838 3313 Spiritus,
1873 3242 1943 3296 il-

374 3328 461 3382 luc
508 3328 895 3398 gradiebantur,
928 3346 1021 3384 nec
1053 3331 1434 3386 revertebantur
1462 3349 1578 3387 cum
1614 3332 1944 3387 ambularent

373 3416 591 3490 (Exerit.
626 3418 685 3487 ι).
717 3418 955 3488 Denique
989 3404 1156 3484 Ruth,
1186 3436 1307 3491 quae
1329 3422 1415 3477 vel
1455 3423 1656 3486 videns,
1689 3422 1772 3476 vel
1797 3422 1944 3492 festi-

374 3523 527 3569 nms,
551 3507 661 3560 sive
695 3506 964 3575 definiens,
997 3509 1397 3579 interpretatur,
1430 3511 1625 3566 merito
1646 3511 1940 3567 Ecclesium

372 3597 661 3668 signiﬁcat,
693 3612 813 3667 quae
842 3598 893 3652 in
923 3599 1156 3667 puritate
1183 3601 1367 3656 cordis
1390 3601 1676 3657 Dominum
1707 3612 1945 3658 contem-

372 3689 552 3760 piatur
573 3698 627 3744 et
652 3690 946 3745 secundum
984 3690 1343 3757 Psalmistam,
1377 3691 1589 3762 festinat
1618 3710 1805 3747 manus
1826 3693 1942 3763 ejus

368 3783 500 3834 dare
524 3780 632 3834 Deo
660 3776 842 3851 (Psal.
872 3781 1072 3852 van).
1104 3781 1229 3837 Haec
1256 3782 1460 3850 deﬁnit,
1488 3783 1543 3838 id
1579 3791 1682 3848 est,
1715 3784 1943 3838 ﬁrmiter

370 3874 424 3926 in
474 3872 577 3926 ﬁde
609 3881 662 3926 et
699 3872 983 3928 dilectione
1031 3873 1123 3928 Dei
1157 3875 1448 3944 persistere
1484 3875 1743 3930 decernit.
1790 3874 1942 3930 Unde

366 3970 422 4015 et
450 3959 646 4015 Paulus
671 3962 751 4016 ait
777 3973 802 4001 α
838 3980 851 4015 :
885 3962 1068 4017 Certus
1100 3981 1216 4021 sum
1238 3965 1405 4028 enim,
1435 3965 1560 4035 quia
1588 3981 1752 4035 neque
1778 3980 1939 4028 mors,

367 4069 532 4122 neque
560 4054 685 4118 vita,
714 4052 1151 4123 nequeangelus,
1187 4071 1350 4125 neque
1383 4055 1728 4125 principatus,
1776 4070 1939 4124 neque

366 4148 642 4211 instantia,
680 4164 842 4218 neque
873 4147 1074 4216 futura,
1122 4163 1284 4218 neque
1320 4146 1597 4216 fortitudo,
1635 4162 1798 4217 neque
1820 4145 1941 4200 alti-

365 4237 516 4302 tudo,
557 4254 719 4307 neque
760 4238 1100 4308 profundum.
1141 4254 1302 4308 neque
1343 4247 1583 4292 creatura
1621 4235 1730 4290 alia
1756 4239 1941 4307 poterit

365 4344 464 4380 nos
494 4342 736 4396 separare
760 4344 792 4380 a
816 4327 1070 4381 charitate
1107 4326 1226 4391 Dei,
1256 4343 1373 4398 qua:
1396 4335 1468 4382 est
1499 4326 1555 4380 in
1579 4325 1785 4381 Christo
1812 4326 1941 4380 Iesu

366 4416 550 4485 (Rom.
582 4416 720 4487 Vill).
775 4403 1042 4472 Bersabea
1070 4428 1215 4480 vero,
1264 4433 1384 4488 quze
1427 4418 1816 4488 interpretatur
1843 4435 1941 4488 pu-

364 4519 480 4563 teus
503 4510 781 4575 satietatis,
805 4510 890 4564 vel
906 4521 1094 4579 puteus
1114 4512 1383 4582 septimus,
1409 4512 1791 4567 abundantiam
1814 4528 1938 4583 gra-

365 4600 455 4653 tia:
487 4595 720 4668 Spiritus
753 4601 927 4656 sancti
950 4601 1006 4655 in
1039 4601 1281 4658 Ecclesia
1321 4602 1436 4657 ﬁeri
1472 4603 1735 4675 designat.
1787 4603 1938 4657 Dono

362 4694 551 4762 itaque
590 4693 877 4762 spirituali,
914 4693 1017 4749 hoc
1040 4703 1141 4759 est,
1174 4695 1500 4765 septenario,
1543 4694 1684 4750 facta
1713 4703 1797 4750 est
1831 4694 1935 4750 Ec-

362 4784 529 4837 clesia
567 4792 759 4853 puteus
807 4785 1106 4850 satietatis,
1146 4787 1272 4855 quia
1302 4786 1477 4843 factus
1511 4796 1596 4864 est
1629 4788 1685 4841 in
1722 4802 1786 4842 ea
1818 4789 1936 4857 fons

361 4889 516 4941 aqua:
544 4872 778 4927 salientis
801 4874 854 4927 in
881 4875 1039 4927 vitam
1064 4885 1310 4929 (eternam
1338 4876 1518 4946 (Joan.
1550 4877 1648 4948 ιν).

437 4983 661 5039 Naason
695 4994 867 5039 autem
901 4987 1073 5056 genuit
1108 4984 1347 5041 Salmon.
1378 4987 1664 5060 (Πίου-οη.)
1702 4991 1817 5058 lpse
1855 4997 1938 5044 est

362 5077 578 5133 Naason
604 5078 850 5150 princeps
877 5080 1049 5136 tribus
1074 5080 1231 5149 Iuda,
1267 5082 1410 5138 sicut
1434 5082 1487 5136 in
1530 5082 1778 5139 Nnmeris
1807 5085 1937 5155 legi-

362 5185 485 5225 Inus
511 5170 531 5241 (
557 5166 721 5223 Num.
752 5171 835 5242 ιι).

432 5279 581 5333 Jesse
610 5289 785 5333 autem
812 5281 987 5349 genuit
1015 5279 1186 5334 David
1226 5298 1414 5351 regem.
1446 5282 1647 5354 Regem
1679 5284 1806 5338 dicit
1836 5285 1937 5338 Da-

363 5372 485 5435 vid,
517 5387 624 5426 non
658 5373 800 5441 quod
832 5370 946 5442 ipse
980 5373 1127 5427 solus
1166 5372 1220 5425 in
1262 5374 1363 5427 ista
1402 5374 1709 5444 genealogia
1748 5392 1932 5446 regunt

359 5461 526 5515 fuerit
554 5462 776 5530 positus,
805 5477 927 5518 cum
953 5464 1020 5518 ab
1047 5464 1164 5534 ipso
1189 5480 1357 5533 usque
1395 5464 1463 5519 ad
1501 5468 1934 5539 transmigratio-

362 5565 485 5604 nem
515 5549 803 5621 Babylonis
831 5552 921 5622 qui
950 5553 1260 5607 scribuntur
1288 5554 1650 5624 regnaverint,
1683 5556 1775 5610 sed
1808 5559 1930 5626 quia

2061 523 2298 581 decurrit
2316 527 2661 601 genealogite.

2129 640 2301 695 David
2321 650 2496 697 autem
2516 659 2609 699 rea:
2633 647 2809 715 genuit
2837 643 3172 702 Salomonem
3193 663 3257 702 ea:
3283 665 3347 703 ea
3378 667 3496 721 qua:
3526 652 3627 721 fuit

2059 728 2223 784 Uria.
2256 729 2506 805 (Msua.)
2537 730 2824 801 Quaeritur,
2868 729 2989 790 cum
3021 743 3133 792 tres
3178 737 3398 808 reliquae
3441 748 3625 795 extra-

2056 836 2173 877 nea:
2219 821 2473 877 mulieres
2516 823 2823 879 nominibus
2850 826 3082 896 propriis
3130 826 3237 882 sint
3268 828 3473 899 positae,
3524 844 3626 885 cur

2056 910 2169 967 sola
2199 925 2305 967 non
2334 912 2644 968 nominetur
2676 912 2961 980 Bersabee,
3003 916 3097 972 sed
3141 918 3243 973 hoc
3277 918 3447 973 solum
3480 919 3626 973 dica-

2055 1010 2146 1056 tur
2172 1001 2315 1071 quod
2338 1017 2475 1057 uxor
2503 1001 2663 1058 fuerit
2694 1003 2881 1059 Urize?
2916 1005 3082 1076 Igitur
3117 1008 3217 1063 hoc
3252 1007 3372 1063 ideo
3401 1020 3623 1079 putatur

2053 1090 2283 1159 factum,
2328 1094 2454 1164 quia
2495 1101 2604 1150 tres
2641 1095 2759 1150 alite
2785 1111 2949 1165 supra
2986 1098 3231 1168 scriptae,
3283 1099 3407 1154 licet
3441 1100 3625 1155 crimi-

2053 1197 2203 1238 nosa:
2225 1181 2455 1248 fuerint,
2501 1183 2555 1238 in
2584 1187 2844 1254 partubus
2874 1193 3053 1241 tamen
3084 1186 3338 1253 ﬁliorum,
3366 1202 3461 1259 per
3489 1203 3624 1257 quos

2052 1274 2224 1330 currit
2247 1274 2579 1347 genealogia,
2608 1291 2713 1331 non
2743 1277 2913 1332 solum
2936 1293 3042 1333 non
3080 1279 3311 1349 culpari,
3338 1280 3431 1335 sed
3458 1281 3618 1335 etiam

2053 1367 2260 1422 laudari
2284 1375 2612 1424 meruerunt.
2641 1367 2768 1425 Haec
2800 1384 2952 1438 vero,
2976 1371 3240 1426 adulterio
3269 1362 3501 1427 simulet
3525 1373 3623 1428 ho-

2052 1457 2268 1512 micidio
2317 1466 2642 1529 perpetrato,
2696 1458 2884 1515 Davidi
2930 1461 3042 1533 regi
3096 1462 3280 1533 genuit
3330 1460 3520 1529 ﬁlium,
3564 1462 3618 1517 in

2053 1555 2259 1602 tantum
2298 1549 2547 1620 culpabili
2580 1549 2844 1621 coniugio,
2895 1558 2955 1605 ut
2999 1552 3194 1607 merito
3230 1552 3286 1606 in
3326 1551 3622 1608 Salvatoris

2051 1637 2358 1707 genealogia
2385 1638 2633 1694 videatur
2664 1655 2769 1694 non
2798 1640 3107 1705 nominata;
3139 1655 3332 1696 nomen
3360 1657 3490 1697 vero
3518 1642 3619 1696 viri

2051 1725 2187 1795 ejus,
2222 1727 2274 1780 id
2295 1735 2398 1791 est,
2428 1726 2594 1791 Urite,
2628 1726 2928 1796 quasijusti
2954 1728 3188 1783 hominis
3208 1730 3443 1798 ponitur,
3474 1737 3534 1783 ut
3554 1743 3620 1785 ex

2052 1818 2155 1873 hoc
2176 1818 2339 1873 etiam
2374 1818 2596 1872 sceleris
2617 1818 2925 1873 immanitas
2952 1828 3302 1884 memoretur,
3330 1821 3456 1874 dum
3481 1834 3618 1874 uxo-

2049 1907 2125 1961 ris
2153 1921 2314 1962 causa
2357 1908 2570 1962 occisus
2610 1907 2662 1960 in
2695 1908 3014 1963 memoriam
3057 1916 3359 1964 revocatur.
3400 1908 3622 1980 Mystice

2048 2006 2227 2053 autem
2266 1997 2435 2053 David
2467 1997 2741 2053 Christum
2782 1997 3071 2071 signiﬁcat,
3112 1998 3203 2069 qui
3236 1998 3622 2068 interpretatur

2048 2104 2207 2143 manu
2242 2089 2419 2160 fortis,
2449 2098 2503 2144 et
2526 2088 2906 2144 desiderabilis.
2955 2090 3022 2144 Et
3051 2078 3177 2160 quid
3207 2088 3399 2145 fortius
3442 2089 3615 2158 leone,

2049 2180 2140 2249 qui
2164 2181 2282 2234 vicit
2310 2180 2373 2232 de
2400 2178 2536 2233 tribu
2559 2177 2729 2244 Iuda,
2774 2179 2932 2234 radix
2954 2179 3170 2234 David?
3190 2178 3465 2248 Quomodo
3490 2196 3619 2236 vero

2048 2273 2120 2326 sit
2158 2268 2547 2334 desiderabilis,
2595 2267 2877 2340 Scriptura
2924 2270 3182 2336 ostendit,
3226 2270 3409 2326 dicens
3440 2289 3454 2324 :
3484 2270 3619 2326 Ecce

2047 2362 2213 2417 veniet
2238 2360 2559 2416 desideratus
2588 2362 2789 2416 cunctis
2811 2362 3046 2431 gentibus
3077 2360 3275 2433 (Apoc.
3303 2378 3337 2417 v
3358 2360 3399 2433 ).
3427 2362 3494 2416 Et
3519 2361 3620 2418 Pe-

2047 2460 2166 2507 trus
2203 2452 2322 2506 ait:
2358 2451 2424 2507 In
2471 2468 2625 2525 quem
2669 2461 2721 2507 et
2767 2453 3064 2508 desiderant
3116 2452 3287 2524 angeli
3328 2455 3620 2526 prospicere

2049 2544 2111 2617 (Ι
2142 2544 2287 2600 Patr.
2313 2546 2388 2617 ι).
2441 2545 2600 2603 Urias
2645 2545 2918 2615 vero,’qui
2943 2540 3328 2617 interpretatur
3369 2544 3462 2599 lux
3503 2561 3619 2598 mea

2047 2636 2174 2703 Dei,
2202 2637 2469 2709 signiﬁcat
2503 2636 2806 2703 diabolum,
2847 2637 2938 2707 qui
2970 2636 3320 2708 transﬁgurat
3352 2652 3411 2692 se
3442 2636 3497 2690 in
3525 2650 3620 2690 an-

2047 2726 2223 2799 gelum
2270 2726 2424 2793 lucis,
2451 2727 2654 2783 audens
2698 2727 2808 2783 Deo
2843 2727 3023 2783 dicere
3051 2744 3066 2782 :
3093 2726 3212 2782 Lua:
3247 2743 3364 2782 mea
3405 2726 3523 2791 Dei,
3565 2735 3619 2781 et

2047 2814 2157 2870 Ero
2179 2814 2364 2871 similis
2408 2815 2677 2875 Altissimo
2711 2815 2886 2891 (Isai.
2926 2816 3061 2888 xiv).
3088 2815 3257 2887 Hujus
3301 2824 3459 2873 erant
3493 2830 3618 2887 pes-

2047 2908 2183 2963 simo
2215 2908 2463 2980 conjugio
2483 2908 2712 2981 delegati
2738 2924 2929 2965 omnes
2946 2949 2962 2976 ,
2989 2923 3125 2979 quos
3153 2907 3326 2979 gratia
3355 2907 3451 2963 Dei
3484 2906 3618 2963 libe-

2049 3006 2150 3063 rat,
2185 3006 2246 3053 ut
2272 2998 2510 3053 Ecclesia
2556 3000 2673 3055 sine
2698 3000 2910 3056 macula
2937 3008 2989 3055 et
3022 3014 3154 3070 ruga
3194 2998 3461 3056 Salvatori
3485 3014 3615 3071 pro-

1970 3114 2014 3176 ρ
2047 3090 2166 3160 prio
2195 3106 2391 3163 sponsa
2423 3091 2725 3161 copuletur.

2112 3199 2296 3255 loram
2335 3212 2507 3256 autem
2548 3203 2722 3273 genuit
2774 3200 2983 3268 Oxiam,
3022 3200 3182 3257 Ozias
3220 3210 3394 3257 autem
3441 3203 3618 3272 genuit

2043 3288 2332 3344 Jonatlian.
2362 3288 2652 3362 (Ilieron.)
2683 3291 2741 3345 ln
2769 3299 2962 3362 quarto
3001 3290 3203 3362 Regum
3229 3290 3500 3345 volumine
3541 3290 3616 3346 le-

2043 3379 2221 3451 gimus
2259 3380 2324 3435 de
2356 3377 2536 3435 Joram
2582 3378 2871 3436 Ochoziam
2918 3379 3085 3436 fuisse
3124 3387 3457 3450 generatum,
3506 3394 3613 3447 quo

2043 3477 2277 3533 mortuo,
2305 3465 2559 3524 Josabeth
2599 3468 2705 3522 ﬁlia
2747 3469 2886 3540 regis
2911 3467 3115 3534 Joram,
3156 3483 3310 3523 soror
3340 3466 3610 3531 Ochoziaa,

2045 3559 2167 3613 tulit
2192 3556 2319 3613 Joas
2340 3557 2506 3612 ﬁlium
2528 3557 2715 3613 fratris
2749 3559 2852 3623 sui,
2876 3565 2931 3613 et
2952 3573 3073 3614 eum
3101 3557 3470 3623 internecioni,
3492 3572 3614 3627 qua:

2043 3650 2395 3704 exercebatur
2422 3649 2489 3703 ab
2523 3648 2762 3716 Athalia,
2805 3651 3111 3704 subtraxit:
3142 3650 3229 3704 cui
3269 3649 3529 3703 successit
3557 3649 3607 3702 in
3642 3670 3653 3681 ε

2043 3754 2267 3808 regnum
2308 3740 2449 3795 ﬁlius
2485 3737 2600 3807 ejus
2625 3739 2896 3803 Amasias,
2928 3747 3048 3808 post
3075 3752 3234 3808 quem
3264 3737 3509 3807 regnavit
3546 3737 3610 3791 ﬁ—

2042 3828 2146 3884 lius
2173 3830 2290 3898 ejus
2327 3828 2584 3894 Azarias,
2623 3829 2714 3899 qui
2738 3828 3037 3897 appellatur
3067 3836 3121 3882 et
3152 3826 3333 3894 Ozias,
3376 3828 3461 3882 cui
3490 3842 3610 3882 suc-

2042 3922 2205 3976 cessit
2225 3920 2489 3977 Jonathan
2532 3923 2673 3978 ﬁlius
2704 3923 2839 3993 ejus.
2869 3922 3057 3978 Cernis
3082 3937 3230 3994 ergo,
3259 3922 3399 3992 quod
3422 3937 3612 3977 secun-

2042 4015 2166 4073 dum
2211 4016 2368 4069 ﬁdem
2415 4015 2656 4071 historiae
2693 4024 2802 4071 tres
2844 4031 2997 4087 rcges
3045 4015 3099 4069 in
3142 4013 3318 4069 medio
3364 4013 3609 4078 luerunt,

2042 4120 2178 4175 quos
2205 4106 2293 4160 hic
2313 4105 2650 4184 Evangelista
2680 4105 3039 4177 praetermisit.
3072 4104 3253 4160 Joram
3284 4104 3479 4173 quippe
3504 4120 3609 4159 non

2042 4197 2227 4268 genuit
2256 4194 2466 4260 Oziam,
2497 4195 2591 4250 sed
2621 4195 2933 4261 Ochoziam,
2963 4205 3018 4250 et
3048 4195 3284 4264 reliquos
3318 4208 3452 4263 quos
3479 4210 3609 4247 enu-

2041 4288 2386 4342 meravimus.
2444 4286 2642 4342 Verum
2699 4287 2832 4358 quia
2880 4287 3221 4358 evangelista!
3277 4286 3608 4356 propositum

2041 4386 2179 4442 erat,
2209 4386 2320 4432 tres
2343 4377 2777 4433 tessaradccades
2816 4379 2869 4432 in
2900 4378 3113 4433 diverso
3138 4386 3437 4448 temporum
3466 4384 3608 4432 statu

1963 4459 2015 4517 D
2040 4482 2259 4536 ponere,
2307 4477 2362 4523 et
2408 4467 2587 4523 Joram
2629 4469 2812 4540 generi
2863 4483 2921 4522 se
2962 4468 3252 4522 miscuerat
3295 4468 3613 4538 impiissime

2040 4556 2277 4623 cha‘bel,
2306 4559 2508 4614 idcirco
2540 4574 2709 4629 usque
2736 4559 2801 4613 ad
2837 4558 3050 4613 tertiam
3075 4558 3473 4627 generationem
3495 4555 3610 4626 ejus

2042 4650 2300 4704 memoria
2333 4650 2553 4714 tollitur,
2586 4666 2654 4705 ne
2682 4651 2733 4703 in
2760 4660 2959 4705 sancta:
2982 4649 3278 4705 nativitatis
3302 4649 3490 4706 ordine
3515 4664 3608 4718 po-

2044 4746 2281 4792 neretur.
2326 4737 2569 4809 (Hi/ar.)
2614 4738 2824 4794 Dictum
2863 4752 3076 4808 quoque
3106 4738 3179 4793 ita
3215 4748 3332 4794 erat
3361 4754 3456 4809 per
3489 4754 3612 4809 pro«

2042 4827 2281 4896 phetam,
2306 4843 2412 4882 non
2439 4829 2539 4883 nisi
2568 4839 2757 4899 quarta
2781 4828 3126 4901 generatione
3153 4829 3207 4883 in
3237 4828 3430 4883 throno
3461 4829 3609 4897 regni

2040 4918 2205 4973 lsrael
2254 4935 2577 4990 quemquam
2624 4921 2689 4974 de
2729 4920 2887 4975 domo
2926 4918 3113 4974 Achab
3154 4934 3277 4975 esse
3312 4932 3607 4974 sessurum.

2039 5009 2272 5079 Pun-gata
2302 5012 2464 5082 igitur
2488 5011 2607 5065 labe
2636 5009 2853 5064 familite
2878 5008 3093 5079 gentilis
3112 5048 3126 5072 ,
3176 5008 3453 5066 tribusque
3476 5020 3606 5073 pra“.-

2041 5101 2235 5165 teritis,
2277 5099 2389 5168 jam
2432 5100 2627 5169 regalis
2665 5101 2719 5153 in
2749 5107 2937 5169 quarta
2965 5098 3374 5169 generationum
3418 5108 3606 5149 cause-

2037 5192 2312 5261 quentium
2343 5190 2494 5261 origo
2517 5198 2847 5244 numeratur.

2112 5279 2179 5332 Et
2209 5289 2322 5348 post
2352 5279 2862 5348 transmigrationem
2885 5277 3190 5348 Babylonis,
3213 5275 3493 5330 Jechonias
3522 5290 3605 5344 ge-

2041 5370 2154 5423 nuit
2193 5366 2470 5423 Salathiel.
2504 5367 2759 5440 (Hieron.
2792 5372 2810 5439 )
2843 5368 2899 5423 Si
2929 5367 3254 5422 voluerimus
3294 5364 3603 5421 Jechoniaiu

2038 5461 2093 5515 in
2136 5459 2242 5514 ﬁne
2282 5462 2467 5530 primae
2520 5459 2940 5514 tessaradccadis
2986 5471 3215 5528 ponere,
3261 5457 3316 5511 in
3358 5456 3599 5524 sequenti

2040 5568 2147 5607 non
2202 5561 2361 5606 erunt
2401 5551 2837 5621 quatuordecim,
2886 5550 2981 5605 sed
3033 5548 3307 5603 tredecim.
3359 5546 3604 5603 Sciamus

433 5701 459 5724 ι·
492 5680 570 5739 Ex
596 5684 841 5741 versione
866 5685 928 5740 D.
955 5685 1264 5754 Hieronymi
1291 5685 1447 5755 juxta
1476 5684 1794 5741 llebraicam
1835 5687 2139 5741 veritatem.
