3970 6198
440 287 543 346 735

1071 289 1132 343 B.
1173 289 1428 345 RABANI
1466 286 1684 343 MAURI
1719 286 2038 341 ARCHIEP.
2081 284 2389 341 MOGUNT.
2432 283 2713 340 OPERUM
2756 283 2936 337 PARS
2974 282 3015 337 Ι.

3577 287 3674 343 7'56

437 419 571 476 ergo
594 400 908 461 Iechoniem
940 401 1189 469 plin
1228 401 1408 470 ἣρω
1427 415 1568 466 esse,
1608 415 1769 470 quem
1798 410 1855 456 et
1878 398 2005 453 Ioa-
2037 401 2087 459 Α
2112 389 2404 453 Aristidem
2443 397 2728 467 quemdam
2768 396 2847 452 de
2868 395 3279 465 Evangeliorum
3326 396 3675 465 dissonantia,

437 495 579 560 Irim;
611 493 907 550 secundum
941 501 1122 547 autem
1149 492 1241 563 (id
1279 502 1362 547 est
1405 489 1655 562 Ioacbin)
1681 490 1866 554 ﬁlium,
1900 506 2009 545 non

436 592 669 659 patrem.
693 597 927 653 quorum
954 583 1101 655 prior
1125 598 1222 653 per
1243 607 1272 640 κ
1300 593 1359 639 ct
1381 607 1441 655 μ,
1470 599 1705 654 sequens
1722 599 1819 653 per
1845 605 1887 655 χ
1909 594 1964 638 et
1983 607 2010 639 ν

438 676 729 738 scribitur,
754 675 894 743 quod
923 674 1244 745 scriptorum
1275 676 1411 733 vitio
1431 684 1485 730 et
1514 675 1845 746 longitudine
1874 684 2012 730 tem—

438 778 630 836 porum
653 764 797 835 apud
819 763 1034 824 Graecos
1072 765 1401 834 Latinosque
1427 764 1711 823 confusum
1736 773 1842 820 est.
1884 763 2013 824 Haec

438 854 631 911 beatus
673 855 1031 927 Hieronymus
1055 856 1334 912 historiam
1380 870 1631 925 sequens,
1660 856 1733 909 ita
1766 854 2009 922 exponit.

439 943 707 1002 Caeterum
751 944 1075 1001 venerabilis
1122 944 1291 1002 Pater
1331 930 1667 1015 Augustinus
1710 944 1767 1002 in
1807 943 1899 999 lib.
1947 944 2013 998 de

438 1036 716 1095 Consensu
763 1037 1214 1106 evangelistarum
1256 1034 1276 1105 (
1302 1033 1414 1089 Lib.
1450 1049 1510 1098 ll,
1554 1050 1600 1087 ε.
1632 1032 1706 1101 iv)
1739 1033 1810 1086 ita
1835 1032 1965 1089 dicit
1994 1022 2010 1086 ξ

440 1126 593 1183 Unus
642 1120 836 1197 quippe
875 1128 930 1182 in
969 1123 1535 1197 illisprogenitoribus
1576 1132 1909 1185 numeratur,
1961 1120 2014 1179 id

438 1223 524 1275 est
559 1214 871 1281 Iechonias,
911 1231 941 1270 a
965 1230 1071 1284 quo
1098 1214 1243 1269 facta
1265 1220 1349 1267 est
1369 1213 1612 1281 quietiam
1644 1212 1700 1266 in
1721 1220 2014 1267 extraneas

439 1315 628 1378 gentes
652 1306 905 1372 deﬂexio,
944 1306 1160 1385 quando
1193 1306 1249 1362 in
1279 1304 1629 1376 Babyloniam
1661 1305 2015 1375 transmigra-

440 1406 553 1456 tum
584 1405 685 1453 est.
725 1396 825 1453 Uhi
868 1406 1045 1451 autem
1081 1396 1217 1453 ordo
1255 1410 1289 1450 a
1326 1394 1645 1451 rectitudine
1686 1392 2014 1459 deﬂectitur,

438 1494 602 1557 atque
638 1495 699 1542 ut
731 1494 819 1542 eat
860 1487 915 1542 in
945 1487 1237 1553 diversum,
1289 1492 1541 1556 tanquam
1566 1484 1821 1556 angulum
1858 1482 2013 1553 facit,

438 1577 570 1637 illud
598 1578 739 1650 quod
768 1579 823 1633 in
847 1578 1045 1648 angulo
1081 1588 1162 1634 est
1190 1576 1276 1633 bis
1295 1583 1629 1640 numeratur,
1660 1577 1712 1631 in
1740 1574 1846 1633 fine
1870 1575 2015 1630 scili-

440 1674 553 1731 cet,
574 1668 771 1741 prioris
804 1669 1026 1732 ordinis,
1069 1676 1123 1723 et
1160 1667 1213 1722 in
1250 1668 1425 1736 capite
1469 1666 1637 1736 ipsius
1674 1665 2007 1720 deﬂexionis.

2108 488 2362 553 (tetendit,
2399 487 2483 541 ita.
2502 488 2684 541 dicens
2714 499 2739 527 ι
2765 503 2777 538 :
2812 505 2831 537 ‹
2851 485 3017 540 Nobis
3049 500 3179 557 ergo
3210 486 3679 543 imminet'osten-

2109 580 2240 635 dere
2266 578 2534 647 quomodo
2564 576 2763 646 Ioseph
2793 577 3008 631 dicatur
3048 578 3345 632 secundum
3375 578 3680 638 Matthrenm

2111 668 2324 740 quidem
2360 677 2574 739 patrem
2620 668 2873 723 habuisse
2910 667 3096 733 Iacob,
3139 672 3230 739 qui
3265 671 3550 727 deducitur
3593 691 3683 743 per

2112 759 2484 823 Salomonem;
2510 759 2806 813 secundum
2829 758 3028 813 Lucam
3051 775 3190 815 vero
3218 761 3355 828 Heli,
3387 764 3481 833 qui
3513 764 3675 820 dedu-

2111 851 2253 904 citur
2301 865 2399 919 per
2436 849 2851 919 Nathan,atque
2890 850 2979 904 isti
3011 850 3135 919 ipsi,
3183 851 3245 905 id
3285 861 3389 918 est,
3432 853 3597 910 Iacob
3635 866 3684 911 et

2111 942 2246 1006 Heli,
2280 944 2374 1014 qui
2398 952 2557 999 erant
2600 942 2706 997 duo
2738 944 2955 1009 fratres,
3004 944 3267 1000 habentes
3293 947 3431 1003 alius
3474 928 3689 1019 quidem.

2113 1032 2349 1099 Matheo,
2386 1034 2524 1088 alius
2553 1049 2681 1089 vero
2712 1028 2939 1089 Matthat
2964 1034 3205 1108 [Melchi]
3250 1044 3480 1107 patrem,
3512 1054 3581 1094 ex
3605 1041 3682 1094 di-

2113 1140 2271 1178 verso
2292 1138 2489 1196 genere
2509 1126 2807 1188 venientes,
2832 1126 2994 1179 etiam
3021 1126 3111 1180 isti
3140 1125 3335 1197 Ioseph
3364 1130 3448 1183 avi
3476 1145 3595 1184 esse
3617 1133 3683 1185 vi-

2114 1216 2358 1270 deantur.
2406 1215 2501 1269 Est
2527 1230 2679 1288 ergo
2711 1215 2902 1270 modus
2949 1215 3091 1271 iste:
3120 1216 3336 1271 Mathan
3378 1227 3434 1274 et
3464 1219 3680 1275 Matthat

2113 1306 2339 1361 diversis
2361 1307 2692 1375 temporibus
2719 1307 2784 1361 de
2810 1323 2917 1361 una
2946 1308 3243 1377 eademque
3271 1326 3462 1376 uxore,
3492 1301 3689 1367 Cestina.

2114 1397 2351 1463 nomine,
2389 1392 2627 1467 singulos
2665 1397 2803 1453 filios
2851 1407 3231 1468 procrearunt,
3280 1404 3404 1469 quia
3449 1402 3676 1470 Mathan,

2114 1489 2203 1559 qui
2233 1503 2332 1558 per
2369 1486 2708 1543 Salomonem
2751 1489 3048 1555 descendit,
3078 1505 3301 1545 uxorem
3339 1506 3456 1547 eam
3487 1494 3680 1564 primus

2115 1586 2416 1649 acceperat,
2467 1585 2521 1633 et
2559 1578 2751 1634 relicto
2789 1594 2900 1634 uno
2949 1580 3078 1647 lilio,
3107 1579 3275 1638 Iacob
3304 1582 3543 1650 nomine,
3592 1586 3678 1641 de-

2115 1653 2333 1725 functus
2361 1676 2463 1725 est.
2490 1670 2619 1724 Post
2645 1669 2799 1738 cujus
2826 1670 3053 1737 obitum,
3084 1673 3338 1742 quoniam
3363 1673 3446 1728 lex
3475 1674 3678 1731 viduam

439 1758 511 1813 Et
536 1760 637 1827 hoc
666 1761 840 1831 ipsum
868 1748 980 1829 jam
1011 1760 1389 1844 praeﬁgurabat
1418 1758 1693 1814 Christum
1722 1774 1750 1812 a
1784 1758 2017 1814 circum-
2043 1758 2091 1817 B
2118 1761 2207 1817 alii
2237 1762 2355 1817 viro
2380 1777 2485 1818 non
2515 1772 2661 1818 vetat
2689 1765 2911 1833 nubere,
2944 1764 3207 1832 Matthat,
3238 1767 3331 1844 qui
3350 1783 3446 1838 per
3475 1767 3677 1823 Nathan

439 1848 647 1908 cisione
689 1848 757 1905 ad
797 1842 1161 1923 praeputium,
1225 1857 1477 1918 tanquam
1522 1864 1553 1903 a
1599 1846 1898 1902 Jerusalem
1948 1848 2017 1903 ad

438 1935 787 2008 Babyloniam
831 1937 1226 2007 quodammodo
1260 1939 1635 2011 migraturum,
1681 1937 1901 1991 ethinc
1927 1943 2013 1991 at-

441 2043 547 2098 que
577 2028 701 2085 hinc
742 2029 984 2098 utrisque
1010 2028 1066 2083 in
1110 2043 1167 2084 se
1206 2028 1548 2088 credentibus
1584 2034 1841 2097 tanquam
1872 2026 2015 2097 lapi-

441 2119 564 2179 dem
594 2117 901 2191 angularem
929 2117 1191 2173 futurum.
1230 2118 1355 2174 Haec
1382 2126 1508 2172 tunc
1540 2117 1593 2171 in
1622 2116 1848 2187 ﬁguram
1871 2131 2014 2186 pra!-

437 2198 666 2279 parabat
712 2209 855 2265 Deus
893 2208 1056 2265 rebus
1098 2209 1153 2264 in
1200 2209 1430 2264 veritate
1462 2208 1726 2263 venturis.
1782 2206 1918 2264 Nam
1961 2216 2021 2263 et

439 2301 555 2371 ipse
586 2298 911 2366 Iechonias,
942 2299 1035 2357 ubi
1078 2301 1303 2373 angulus
1350 2300 1452 2355 iste
1497 2299 1876 2370 praeﬁguntus
1912 2308 2019 2365 est,
2072 2304 2084 2319 ’

440 2392 830 2462 interpretatur
864 2392 1180 2463 pra’paratio
1206 2376 1325 2449 Dei.
1354 2390 1447 2447 Sic
1466 2406 1596 2463 ergo
1609 2390 1856 2459 jam‘non
1877 2405 2017 2460 qua-

439 2483 687 2555 draginta
719 2483 867 2546 diue,
909 2490 1043 2552 quot
1081 2480 1283 2537 faciunt
1324 2491 1407 2539 ter
1449 2483 1878 2555 quatuordecim,
1923 2482 2021 2537 sed

440 2581 665 2643 pr0pter
686 2588 860 2627 unum
878 2571 960 2627 bis
995 2578 1368 2637 numeratum,
1388 2572 1747 2643 quadraginta
1774 2555 1881 2626 fma
1921 2585 2015 2643 ge-

440 2663 753 2718 nerationes
792 2662 950 2727 fiunt,
997 2661 1042 2720 si
1069 2672 1127 2717 et
1163 2661 1341 2731 ipsum
1380 2659 1655 2717 Christum
1693 2675 2016 2717 annumera-

438 2765 585 2816 mus,
628 2752 721 2822 qui
747 2752 873 2808 huic
904 2752 1148 2821 regenda:
1177 2751 1309 2806 vitze
1327 2759 1526 2810 nostrae
1548 2750 1831 2821 temporali
1857 2759 2019 2820 atque

439 2850 672 2898 terrenae
710 2853 977 2915 tanquam
1028 2858 1253 2899 numero
1297 2842 1723 2917 quadragenario
1768 2841 2019 2915 regaliter

441 2932 717 3003 praesidet.

513 3020 678 3095 Iacob
703 3051 875 3095 autem
896 3043 1071 3112 genuit
1090 3017 1304 3112 Ioseph.
1337 3040 1592 3114 (Hieron.
1615 3042 1635 3111 )
1660 3041 1814 3096 Hune
1841 3042 2018 3096 locum

2118 1868 2287 1922 genus
2313 1846 2479 1919 ducit,
2522 1869 2645 1910 eum
2672 1865 2821 1912 esset
2840 1871 2906 1911 ex
2926 1857 3129 1912 eadem
3170 1857 3332 1922 tribu,
3365 1860 3458 1914 sed
3487 1876 3593 1915 non
3622 1878 3677 1915 ex

2117 1945 2304 1998 eodem
2341 1959 2558 2015 genere,
2607 1945 2854 2001 relictam
2896 1945 3091 2002 Mathze
3114 1950 3319 2018 accepit
3349 1964 3597 2017 uxorem,
3623 1967 3678 2005 ex

2117 2050 2221 2103 qua
2251 2044 2307 2089 et
2351 2036 2466 2105 ipse
2509 2037 2745 2107 suscepit
2771 2034 2937 2091 ﬁlium
2977 2038 3195 2093 nomine
3236 2038 3389 2093 Heli:
3422 2055 3523 2110 per
3547 2041 3679 2109 quod

2118 2141 2182 2181 ex
2215 2128 2428 2183 diverso
2452 2137 2668 2199 patrum
2707 2143 2903 2200 genere
2931 2128 3241 2184 efﬁciuntur
3274 2126 3444 2186 Iacob
3481 2140 3535 2186 et
3574 2130 3678 2185 Heli

2116 2216 2314 2272 uterini
2337 2216 2569 2283 fratres,
2595 2234 2822 2288 quorum
2846 2217 3001 2283 alter,
3037 2219 3091 2273 id
3119 2227 3223 2286 est,
3259 2218 3457 2287 Iacob,
3504 2222 3679 2275 fratris

2118 2304 2235 2361 Heli
2263 2308 2382 2363 sine
2409 2306 2597 2363 liberis
2625 2308 2885 2373 defuncti,
2930 2314 3154 2364 uxorem
3184 2325 3250 2364 ex
3280 2304 3535 2384 mandato
3556 2312 3680 2382 legis

2118 2396 2411 2470 accipiens,
2463 2399 2648 2469 genuit
2681 2397 2902 2468 Ioseph,
2944 2410 3138 2455 natura
3165 2401 3380 2471 quidem
3409 2404 3677 2472 germinis.

2117 2506 2273 2545 suum
2318 2491 2486 2546 tilium
2518 2482 2789 2564 :propter
2820 2497 2965 2567 quod
2991 2504 3046 2552 et
3072 2496 3365 2552 scribitur:
3395 2496 3561 2551 Iacob
3595 2515 3677 2551 au-

2116 2590 2216 2636 tem
2238 2587 2413 2663 genuit
2436 2584 2666 2656 Ioseph;
2696 2588 2989 2643 secundum
3016 2604 3146 2643 vero
3177 2588 3311 2659 legis
3339 2599 3673 2660 praeceptum,

2117 2670 2235 2729 Heli
2273 2673 2503 2730 edicitur
2549 2675 2709 2743 ﬁlius,
2741 2676 2893 2747 cujus
2931 2672 3116 2744 Iaceb,
3167 2679 3294 2750 quia
3324 2678 3511 2733 'frater
3550 2688 3671 2743 erat,

2115 2779 2342 2821 uxorem
2379 2767 2446 2821 ad
2474 2767 2842 2822 suscitandum
2870 2768 3024 2823 fratri
3068 2784 3250 2825 semen
3291 2778 3601 2839 acceperat;
3630 2780 3678 2825 et

2116 2873 2215 2927 per
2246 2859 2349 2913 hoc
2389 2873 2510 2913 rara
2540 2848 2815 2933 invenitur
2857 2868 3017 2931 atque
3054 2862 3266 2933 integra
3299 2863 3592 2932 generatio,
3630 2872 3677 2915 et

2021 2992 2029 3001 .
2116 2963 2179 3003 ea
2216 2964 2379 3018 quam
2415 2949 2701 3006 Matthzeus
2739 2962 3021 3009 enumerat
3057 2955 3240 3010 dicens
3267 2973 3280 3008 :
3311 2944 3477 3009 Iacob
3518 2967 3673 3011 autem

2116 3044 2295 3112 genuit
2330 3041 2566 3113 Ioseph;
2604 3053 2658 3098 et
2702 3059 2767 3121 ea
2804 3060 2965 3122 quam
3006 3046 3179 3101 Lucas
3201 3049 3541 3117 competenti
3590 3048 3674 3102 ob-

441 3129 641 3201 ohjecit
664 3132 818 3210 nubis
838 3129 1082 3191 Iulianus
1109 3131 1383 3204 Augustus
1398 3133 1466 3188 de
1493 3133 1825 3187 dissonantia
1853 3147 2017 3187 evan-
2043 3119 2089 3182 C
2122 3135 2426 3191 servatione
2474 3119 2738 3208 designat,
2789 3119 2994 3206 dicens,
3045 3141 3188 3210 quod
3237 3141 3529 3210 putabatur
3574 3154 3677 3195 esse

441 3199 775 3295 gelistarurn,
812 3238 908 3277 cur
934 3199 1267 3295 evangelista
1312 3222 1593 3277 Matthzeus
1620 3220 1818 3293 Ioseph
1844 3221 2017 3278 lilium

443 3312 641 3366 dixerit
665 3310 854 3379 Iacob,
881 3320 935 3369 et
956 3311 1131 3367 Lucas
1156 3312 1329 3369 tilium
1355 3328 1478 3368 eum
1503 3312 1854 3393 appellaverit
1875 3312 2015 3380 Heli,

442 3418 552 3457 non
596 3403 899 3477 intelligens
937 3404 1377 3459 consuetudinem
1417 3400 1845 3475 Scriptdrarum,
1875 3405 2017 3475 quod

443 3494 581 3549 alter
617 3494 909 3551 secundum
935 3502 1204 3563 naturam,
1248 3495 1386 3554 alter
1423 3497 1716 3550 secundum
1754 3496 1925 3568 legem
1968 3498 2017 3554 ei

443 3593 599 3654 pater
631 3583 717 3637 sit.
757 3582 972 3638 Scimus
1013 3584 1157 3638 enim
1188 3584 1290 3639 hoc
1319 3598 1416 3653 per
1443 3584 1661 3657 Moysen
1685 3588 1912 3643 Domino
1928 3586 2019 3656 ju-

443 3672 606 3726 hente
633 3679 985 3741 praeceptum,
1019 3679 1077 3725 ut
1115 3671 1158 3727 si
1201 3670 1369 3728 frater
1396 3681 1491 3727 aut
1530 3674 1862 3745 propinquus
1892 3676 2021 3730 abs-

442 3774 549 3831 que
598 3760 783 3816 liberis
821 3768 1064 3817 mortuus
1087 3761 1285 3829 fuerit,
1324 3762 1460 3818 alius
1486 3763 1605 3833 ejus
1631 3763 1865 3833 accipiat
1887 3778 2022 3819 uxo-

444 3867 558 3905 rem
581 3851 647 3906 ad
670 3851 1041 3907 suscitandum
1072 3867 1256 3909 semen
1284 3851 1469 3908 fratris
1492 3852 1574 3908 vel
1598 3853 1886 3925 propinqui
1908 3854 2016 3910 sui.

453 3939 661 4014 (Λαίς.)
716 3941 947 4012 Antiqua
990 3951 1099 4021 est
1152 3942 1296 3998 enim
1351 3944 1681 3999 consuetudo
1727 3945 2019 4015 adoptandi

442 4033 607 4087 etiam
641 4034 693 4087 in
719 4033 810 4089 illo
848 4034 1044 4106 populo
1071 4032 1184 4100 Dei,
1214 4044 1275 4090 ut
1297 4036 1399 4091 sibi
1427 4037 1564 4094 illius
1594 4036 1855 4105 facerent,
1886 4054 2022 4110 quos

446 4141 555 4181 non
581 4126 677 4195 ipsi
709 4128 1038 4197 genuissent.
1063 4126 1196 4182 Nam
1222 4136 1451 4200 excepto
1476 4130 1619 4200 quod
1654 4131 1761 4186 filia
1784 4131 2022 4188 Pharao-

444 4219 535 4273 nis
579 4218 794 4291 Moysen
851 4221 1218 4290 adoptaverat,
1289 4220 1418 4292 (illa
1469 4223 1667 4293 quippe
1719 4222 2020 4295 alienigena

446 4310 579 4383 fuit)
625 4312 739 4381 ipse
766 4311 932 4370 Iacob
959 4322 1181 4384 nepotes
1211 4328 1338 4370 suos
1364 4328 1428 4369 ex
1455 4312 1652 4384 Ioseph
1679 4323 1864 4381 natos,
1893 4330 2018 4371 ver-

444 4401 530 4457 bis
572 4403 1025 4460 manifestissimis
1071 4408 1346 4479 adoptavit
1392 4406 1577 4461 dicens
1605 4423 1619 4458 :
1647 4404 1803 4460 Nunc
1847 4407 2020 4477 itaque

444 4492 546 4562 ﬁlii
565 4495 641 4569 tui
668 4494 793 4557 duo,
822 4496 912 4565 qui
946 4498 1056 4550 nati
1083 4507 1203 4551 sunt
1225 4498 1337 4561 tibi,
1356 4496 1671 4567 priusquam
1699 4496 1769 4548 ad
1798 4504 1847 4549 te
1875 4498 2018 4550 veni-

448 4598 556 4637 rem
586 4584 685 4636 mei
728 4593 849 4639 sunt
869 4597 888 4636 :
920 4584 1173 4655 Ephraim
1199 4597 1245 4640 et
1277 4586 1523 4641 Mauasse
1551 4596 1800 4655 tanquam
1836 4586 2020 4642 Ruben

446 4685 495 4729 et
516 4673 749 4739 Simeon,
772 4686 920 4733 erunt
943 4677 1089 4731 mihi.
1109 4676 1285 4747 Natos
1300 4686 1472 4730 autem
1495 4678 1539 4729 si
1554 4676 1797 4747 genueris
1816 4687 2017 4747 postea,

448 4763 542 4816 tbi
569 4773 724 4819 erunt
749 4763 912 4838 (Gen.
956 4781 1121 4821 xum
1146 4764 1187 4838 ).
1222 4765 1372 4821 Unde
1398 4766 1561 4821 etiam
1584 4763 1783 4820 factum
1824 4775 1926 4833 est,
1960 4776 2022 4822 ut

447 4855 729 4914 duodecim
770 4860 939 4917 tribus
980 4868 1162 4916 essent
1190 4860 1378 4923 Israel,
1423 4870 1649 4932 excepta
1695 4862 1836 4917 tribu
1868 4863 2016 4928 Levi,

448 4963 569 5021 qua:
595 4949 791 5021 templo
820 4951 1107 5016 serviebat,
1151 4967 1274 5008 cum
1300 4966 1362 5006 ea
1391 4952 1588 5023 quippe
1613 4953 1871 5007 tredecim
1897 4952 2018 5007 fue-

449 5044 581 5113 rint,
611 5059 735 5101 cum
763 5045 1045 5102 duodecim
1077 5045 1305 5101 fuissent
1335 5046 1427 5101 lilii
1455 5046 1641 5102 Iacob.
1673 5046 1827 5103 Unde
1854 5046 2016 5103 intel-

450 5134 634 5207 ligitur
660 5134 834 5193 Lucas
864 5144 1071 5206 patrem
1095 5134 1316 5207 Ioseph,
1349 5152 1456 5192 non
1480 5151 1510 5191 a
1537 5152 1643 5206 quo
1663 5138 1895 5206 genitus,
1924 5137 2022 5192 sed

449 5238 480 5278 a
504 5240 611 5295 quo
635 5223 813 5283 fuerat
837 5228 1142 5298 adoptatus,
1171 5227 1473 5299 suscepisse
1501 5228 1555 5284 in
1582 5228 1872 5297 Evangelio
1898 5244 2016 5283 suo.

447 5309 616 5386 Cujus
661 5318 1035 5389 progenitores
1090 5335 1304 5375 sursum
1362 5334 1550 5377 versus
1597 5327 2021 5383 commemorat,

450 5403 622 5462 donec
657 5408 832 5463 exiret
875 5410 943 5463 ad
989 5409 1176 5464 David.
1225 5409 1505 5475 Quomodo
1545 5416 1723 5462 autem
1758 5407 1916 5476 hujus
1942 5408 2021 5463 rei

451 5504 663 5552 constet
687 5500 845 5566 ratio,
872 5499 1159 5556 Africanus
1187 5500 1656 5570 historiographus
1682 5503 1924 5557 scribens
1953 5501 2022 5556 ad

2118 3227 2259 3283 filius
2285 3226 2503 3299 Ioseph,
2537 3230 2628 3301 qui
2659 3216 2759 3285 fuit
2785 3231 2934 3298 Heli;
2970 3233 3061 3303 qui
3089 3242 3143 3288 et
3185 3234 3317 3303 ipse,
3361 3232 3675 3290 subsonanle

2117 3319 2305 3373 eadem
2349 3320 2715 3387 distinctione,
2762 3322 2878 3378 Heli
2919 3339 3041 3380 esse
3075 3324 3219 3380 filius
3250 3326 3555 3400 putabatur,
3593 3324 3676 3395 qui

2118 3407 2294 3463 fuerat
2346 3409 2592 3476 Matthat,
2637 3413 2764 3482 quia
2807 3413 3029 3483 legalem
3068 3415 3216 3469 hanc
3267 3415 3670 3475 successionem.

2118 3514 2237 3570 qua:
2261 3499 2405 3555 velut
2430 3501 2718 3573 adeptione
2755 3506 2985 3576 quadam
3013 3521 3138 3577 erga
3169 3506 3453 3565 defunctos
3479 3498 3675 3562 constat

2119 3592 2289 3664 magis
2319 3578 2482 3664 quam
2516 3597 2773 3666 germinis
2807 3588 3049 3661 veritate,
3083 3608 3266 3671 aperte
3306 3599 3441 3653 satis
3468 3614 3562 3668 per
3585 3596 3673 3651 hoc

2119 3685 2395 3752 indicavit,
2438 3687 2732 3753 observans
2780 3674 3118 3765 Evangelista
3166 3706 3237 3745 ne
3276 3679 3434 3759 plane
3468 3691 3521 3744 in
3549 3689 3675 3760 ejus.

2118 3777 2264 3832 modi
2313 3778 2744 3833 successionibus
2775 3780 3024 3849 genuisse
3070 3780 3300 3849 aliquem
3347 3780 3670 3840 nominaret;

2118 3883 2215 3937 per
2257 3868 2399 3937 quod
2428 3866 2604 3938 ‘digna
2652 3866 3001 3923 distinctione
3038 3855 3144 3924 non
3184 3870 3545 3933 descendens,
3593 3867 3675 3922 sed

2120 3958 2436 4023 ascendens,
2468 3972 2640 4027 usque
2664 3960 2732 4013 ad
2765 3958 2958 4024 Adam,
2996 3969 3052 4015 et
3080 3961 3147 4013 ad
3177 3960 3349 4031 ipsum
3378 3976 3542 4029 usque
3568 3974 3676 4029 per-

2118 4050 2267 4105 venit
2299 4050 2486 4104 Deum.
2528 4048 2861 4105 Haec'autem
2895 4052 3050 4105 nobis
3093 4068 3199 4106 non
3236 4051 3300 4105 ad
3335 4053 3563 4106 subitum
3602 4065 3675 4103 re-

2118 4147 2295 4209 perta,
2320 4149 2411 4193 aut
2436 4139 2639 4209 absque
2668 4139 2791 4195 ullis
2819 4141 3129 4196 auctoribus
3154 4149 3510 4195 commentata
3538 4144 3673 4201 sunt,

2121 4228 2214 4283 sed
2256 4229 2369 4299 ipsi
2406 4229 2521 4284 haec
2573 4227 2869 4285 Salvatoris
2903 4232 3073 4286 nostri
3127 4232 3420 4286 secundum
3470 4243 3674 4284 carnem

2121 4320 2446 4391 propinqui,
2493 4335 2587 4374 seu
2628 4318 2806 4375 studio
2827 4322 2962 4375 tanti
3005 4323 3227 4376 seminis
3270 4319 3676 4380 demonstrandi,

2122 4410 2235 4464 sive
2260 4408 2552 4474 edocendi,
2584 4425 2704 4479 quae
2732 4411 3023 4465 secundum
3051 4411 3334 4465 veritatem
3365 4419 3508 4482 gesta
3543 4415 3674 4469 sunt,

2124 4501 2479 4556 tradiderunt.
2514 4520 2533 4555 ι
2565 4501 2687 4557 Haec
2726 4501 3015 4557 Africanus
3054 4503 3140 4558 his
3169 4502 3298 4574 ipsis
3332 4503 3541 4574 syllabis
3566 4516 3678 4571 pro-

2120 4590 2246 4657 fert,
2279 4600 2501 4662 excepto
2535 4593 2675 4660 quod
2712 4608 2812 4662 pro
2843 4592 3065 4647 Matthat
3103 4594 3282 4664 posuit
3309 4593 3512 4656 Melo/ti,
3559 4592 3674 4661 quia

2122 4679 2352 4735 fertasse
2380 4680 2462 4735 vel
2487 4682 2652 4736 codex
2696 4681 2841 4736 illius
2888 4682 2968 4737 sic
3009 4683 3229 4747 habuit,
3276 4682 3360 4736 vel
3393 4681 3602 4737 historia
3630 4679 3677 4731 in

2122 4788 2225 4842 qua
2251 4774 2363 4829 haec
2393 4774 2652 4829 didicerat
2674 4773 2920 4828 eumdem
2958 4771 3193 4827 Matthat
3224 4772 3424 4842 reperit
3460 4767 3677 4825 binomi—

2122 4878 2265 4918 nem.
3334 4863 3338 4866 ’

2198 4954 2382 5009 Virum
2423 4954 2630 5010 Merita.
2678 4953 2946 5028 (Hieron)
2996 4953 3132 5010 Cum
3176 4954 3356 5009 virum
3412 4952 3673 5009 audieris.

2120 5045 2354 5113 suspicio
2383 5044 2481 5099 tibi
2520 5059 2627 5099 non
2656 5044 2847 5116 subeat
2894 5044 3237 5113 nuptiarum,
3267 5044 3364 5099 sed
3401 5041 3671 5098 recordare

2120 5134 2522 5190 consuetudinis
2546 5133 2948 5203 Scripturarum
2970 5173 2985 5199 ,
3031 5134 3174 5204 quod
3204 5148 3416 5205 sponsae
3436 5139 3677 5187 vocentur

2122 5240 2343 5284 uxores.
3625 5281 3629 5285 .

2193 5316 2269 5369 De
2287 5334 2388 5387 qua
2407 5327 2560 5371 natus
2581 5327 2843 5383 estaesus,
2864 5320 2953 5389 qui
2969 5328 3183 5373 uocatur
3195 5316 3449 5374 Christus.
3467 5311 3676 5385 (Maca)

2123 5406 2352 5462 Pulchre
2385 5424 2490 5462 non
2514 5409 2577 5462 de
2597 5410 2805 5479 quibus,
2828 5410 2920 5464 sed
2943 5409 3006 5462 de
3028 5424 3154 5479 qua,
3181 5409 3377 5478 posuit,
3407 5414 3461 5462 ut
3484 5405 3547 5459 de
3569 5401 3672 5457 sola

2120 5499 2346 5569 virgine,
2376 5500 2491 5555 sine
2519 5500 2725 5556 semine
2755 5499 3018 5565 maritali,
3056 5507 3242 5555 uatum
3278 5499 3672 5555 demonstraret.

526 5663 553 5692 ι
591 5653 723 5709 V'idc
750 5655 1171 5713 ecclesiasticam
1203 5657 1493 5713 Historiam
1521 5658 1760 5724 Eusebii,
1798 5660 1888 5715 lib.
1923 5676 1963 5725 ι,
1995 5673 2110 5728 cap.
2135 5658 2201 5724 6;
2244 5666 2298 5712 et
2323 5656 2628 5727 Nicephori,
2653 5656 2744 5711 lih.
2772 5673 2811 5724 ι,
2842 5672 2960 5726 cap.
2988 5658 3074 5711 ll.

1118 5870 1143 5899 Ι
