3970 6198
295 298 393 352 757

1237 358 1240 363 _
1273 292 1622 351 COMMENT.
1666 291 1732 347 IN
1770 289 2203 349 MATTHA‘IUM.
2233 322 2302 334 —-
2341 289 2469 344 LIB.
2508 288 2546 342 l.

3438 289 3540 349 738

291 410 444 479 Quod
477 394 656 473 autem
684 407 916 478 primum
941 408 1071 463 dicit
1096 426 1108 461 :
1144 408 1219 462 De
1248 426 1349 478 qua
1392 419 1545 463 na'us
1571 418 1644 462 est
1670 408 1824 463 Jesus
1846 448 1861 472 ,
1892 411 1939 468 Α
1968 410 2202 462 humano
2224 447 2238 471 ,
2266 409 2359 462 sed
2392 417 2616 475 paterno
2657 397 2859 474 Spiritu
2890 403 3332 473 perunctusﬂic
3365 414 3548 461 secta-

290 511 421 566 cte.,
453 515 518 555 ac
552 497 745 562 deinde
786 498 1067 567 sequitur:
1110 496 1212 564 Qui
1254 488 1469 552 vocatur
1503 497 1859 571 Christus.....

290 578 565 660 proprium
595 601 822 651 nomen,
866 587 917 643 id
960 597 1064 651 est,
1093 587 1272 651 Jesus,
1320 588 1471 656 prius
1500 587 1673 656 .ponit,
1720 586 1862 655 quod

287 688 414 734 ante
433 686 745 746 conceptum
762 674 876 744 ejus
890 676 956 729 ab
973 676 1159 746 angelo
1177 676 1508 729 nominatum
1531 673 1779 745 est(Luc.
1800 674 1859 731 tl.

288 769 490 824 Deinde
514 768 896 823 convenienter
926 775 1158 836 aptatur,
1191 768 1331 836 quod
1364 767 1423 843 in
1447 766 1785 835 pontificibus
1810 773 1865 819 et

288 858 502 928 regibus
527 858 678 928 prius
700 858 751 909 in
781 858 1007 927 imagine
1040 858 1398 927 procedebat,
1431 857 1532 911 hoc
1555 864 1674 919 est,
1706 855 1860 909 Chri-

258 956 417 1021 stus,
446 957 510 1018 ut
542 944 673 1017 ille,
698 948 749 1000 in
780 963 887 1016 quo
927 948 1039 1000 hmc
1069 947 1175 1000 duo
1200 946 1435 1011 nomina
1466 947 1690 1018 mystica
1727 963 1859 1001 con-

283 1050 569 1104 venerunt,
598 1023 1019 1115 distingueretur
1048 1053 1075 1090 a
1105 1038 1336 1101 caeteris,
1361 1038 1451 1107 qui
1477 1038 1527 1090 in
1556 1038 1722 1108 ﬁgura
1746 1036 1862 1105 ejus

285 1122 475 1186 iisdem
524 1130 832 1184 nominibus
860 1129 953 1184 sed
980 1127 1193 1184 divisim
1231 1129 1520 1198 nuncupati
1567 1125 1858 1198 praecesse-

286 1230 432 1275 runt.
467 1234 491 1260 α
523 1221 721 1275 Verum
752 1217 825 1274 illi
862 1221 1113 1289 quoniam
1161 1209 1229 1276 ad
1274 1220 1435 1275 breve
1482 1228 1690 1289 tempus
1736 1220 1860 1275 vita:

282 1312 464 1381 hujus,
495 1313 683 1367 chriSti
712 1312 1139 1383 appellabantur,
1178 1314 1247 1367 ad
1286 1312 1460 1367 solam
1501 1312 1613 1371 veri
1657 1310 1859 1367 Christi

282 1404 575 1474 imaginem
636 1404 1099 1469 conservandam,
1162 1404 1411 1473 quamvis
1469 1402 1859 1473 compositione

262 1495 513 1564 quadam
560 1494 787 1565 mystica
832 1494 1131 1549 consecrati
1160 1494 1293 1556 olei,
1326 1502 1504 1549 tamen
1544 1490 1702 1564 hujus
1737 1510 1858 1564 quae

278 1582 424 1637 inter
452 1598 549 1637 nos
579 1583 768 1662 haberi
806 1584 938 1643 solet
978 1584 1219 1662 materia:
1251 1583 1462 1655 liquore
1493 1583 1579 1657 [ac
1610 1584 1855 1658 liquoris]

276 1676 734 1744 pertingebantur.
767 1675 938 1730 Verus
963 1684 1142 1730 autem
1172 1676 1278 1739 hic,
1306 1677 1395 1746 qui
1424 1677 1492 1732 de
1519 1676 1671 1732 cmlis
1696 1691 1857 1732 vene-

1966 509 2137 557 torum
2187 500 2404 553 suorum
2441 497 2705 567 pupulas,
2755 504 2810 550 et
2860 495 3166 548 universam
3223 510 3320 565 per
3370 502 3541 552 totum

1961 594 2218 646 mundum
2244 593 2348 645 .sui
2393 591 2625 645 nominis
2670 599 2914 661 gentem,
2955 605 3019 644 ex
3060 590 3173 643 veri
3213 588 3414 645 Christi
3452 608 3541 646 vo-

1961 684 2151 737 cabulo
2198 668 2458 753 appellari
2508 680 2639 734 fecit
2688 681 2910 750 perenni
2949 681 3167 734 nomine
3204 680 3543 736 Christianos

1963 775 2100 848 (Act.
2130 772 2231 845 xi).

2030 863 2260 937 (Mrtua)
2300 863 2602 917 Notandum
2635 870 2813 927 autem
2852 860 2992 930 quod
3037 862 3135 930 ipsi
3167 854 3541 932 progenitores

1960 955 2180 1021 Christi,
2198 954 2302 1024 equi
2327 955 2378 1008 in
2409 953 2719 1025 genealogia
2748 950 2863 1019 ejus
2891 952 3227 1006 adnumerati
3256 960 3401 1014 sunt,
3428 967 3535 1005 non

1962 1048 2078 1103 sine
2127 1034 2318 1118 grandi
2368 1045 2628 1116 mysterio
2665 1044 2735 1097 ab
2775 1043 3102 1113 evangelista
3154 1050 3537 1106 assumuntur,

1960 1136 2197 1189 maxime
2226 1150 2347 1189 eum
2374 1133 2668 1204 Apostolus
2694 1133 2838 1186 dicat
2862 1151 2873 1183 :
2909 1130 3099 1184 Omnia
3133 1132 3185 1184 in
3211 1133 3383 1202 ﬁgura
3417 1149 3541 1185 con-

1957 1226 2221 1297 tingebant
2257 1218 2361 1279 illis
2384 1225 2437 1295 (I
2466 1224 2587 1279 Cor.
2616 1223 2667 1295 Χ)
2691 1224 2824 1288 ,-sed
2848 1224 2987 1278 sicut
3019 1224 3306 1277 humanam
3339 1224 3538 1277 nativi-

1958 1326 2124 1373 tatem
2152 1317 2351 1372 Christi
2372 1326 2760 1387 prarcesscrant
2782 1324 3041 1384 tempore,
3068 1316 3139 1368 ita
3163 1330 3376 1384 quoque
3394 1316 3541 1368 testi-

1958 1408 2199 1461 monium
2244 1407 2318 1460 illi
2366 1407 2565 1461 dabant
2596 1420 2661 1459 ex
2693 1406 3144 1475 prmliguratione.
3185 1404 3316 1459 Nam
3360 1405 3540 1459 nullus

1955 1514 2145 1553 eorum
2168 1498 2395 1571 est,;qui
2422 1513 2529 1553 non
2551 1497 2910 1561 autnomine,
2941 1505 3033 1550 aut
3061 1505 3183 1550 actu
3211 1496 3538 1550 incarnatio-

1957 1606 2081 1645 nem
2100 1591 2301 1647 Christi
2330 1590 2616 1663 signiticet,
2640 1599 2695 1646 et
2723 1591 2897 1660 ipsum
2920 1604 3040 1645 esse
3070 1590 3418 1653 demonstret,
3444 1589 3535 1658 qui

1959 1682 2012 1737 iu
2041 1681 2367 1751 patriarchis
2387 1680 2784 1752 przeﬁguratus,
2815 1688 2871 1734 et
2904 1681 2959 1739 in
2996 1681 3272 1749 prophetis
3304 1680 3537 1748 promis-

277 1777 396 1831 rat,
444 1776 499 1822 et
543 1767 629 1823 cui
655 1758 834 1821 omnia
865 1782 983 1835 quae
1020 1767 1400 1836 prmcedebant
1427 1778 1576 1837 gesta
1607 1766 1854 1834 fuerunt,
1886 1772 1932 1830 B
1961 1786 2072 1835 sus,
2103 1779 2264 1840 atque
2294 1771 2347 1827 in
2387 1770 2648 1839 apostolis
2682 1771 3007 1838 praedicatus
3033 1776 3136 1823 est.
3174 1769 3340 1837 Igitur
3363 1768 3530 1821 Abra-

275 1857 527 1941 Christus
553 1872 660 1946 non
685 1857 937 1912 humanis
959 1857 1148 1926 opibus
1172 1858 1394 1926 qumsita
1418 1857 1583 1911 sumit
1615 1872 1855 1926 unguen-

275 1957 354 2011 ta,
388 1940 650 2002 sednovo
675 1963 739 2002 ac
762 1948 1019 2019 singulari
1051 1948 1211 2005 modo
1255 1957 1482 2018 paterno
1530 1947 1731 2017 Spiritu
1774 1948 1879 2002 in--

274 2038 455 2101 fusus,
488 2045 542 2096 et
567 2047 761 2093 unctus
785 2037 1035 2101 Christus
1059 2032 1318 2103 edicitur,
1351 2038 1493 2093 sicut
1518 2037 1703 2092 multis
1728 2046 1856 2094 ante

273 2128 490 2182 sarculis
534 2129 601 2183 de
647 2144 713 2184 eo
742 2139 894 2185 vates
924 2129 1085 2184 Isaias
1111 2129 1468 2199 praedixerat,
1512 2144 1576 2182 ex
1624 2143 1854 2198 persona

271 2218 449 2297 ipsius
495 2217 726 2283 Christi,
776 2219 1000 2273 dicens:
1034 2218 1261 2290 Spiritus
1297 2218 1506 2273 Domini
1546 2236 1707 2289 super
1750 2236 1851 2286 me,

268 2295 484 2381 propter
504 2297 643 2381 quod
676 2311 824 2364 unxit
852 2326 956 2376 me,
988 2309 1340 2380 evangelium:
1368 2309 1681 2379 pauperibus
1716 2310 1853 2363 misit

271 2416 389 2464 me,
419 2399 706 2469 praedicare
738 2392 951 2469 captivis
988 2398 1344 2451 remissionem
1390 2407 1436 2451 et
1485 2398 1635 2450 crucis
1690 2398 1852 2451 uisum

270 2487 434 2558 (lsai.
461 2504 581 2554 ur;
605 2486 730 2542 Luc.
760 2488 856 2559 Iv).
886 2486 995 2541 Nec
1016 2486 1161 2541 solus
1182 2485 1348 2540 lsaias‘
1367 2486 1483 2540 ὶιωο
1505 2487 1701 2540 divinis
1715 2472 1863 2556 pra}?

268 2578 413 2633 dixit
454 2578 723 2642 oraculis,
772 2577 868 2633 sed
918 2585 973 2631 et
1016 2576 1184 2630 David
1235 2576 1485 2632 similiter
1515 2576 1849 2645 inspiratus,

269 2677 508 2723 testatur
558 2669 625 2722 de
661 2668 877 2722 Christo
903 2707 918 2730 ,
958 2667 1143 2721 dicens
1195 2666 1263 2720 ad
1317 2665 1493 2735 ipsum
1529 2663 1804 2721 Christum
1836 2683 1848 2719 :

276 2758 443 2813 Sedes
472 2768 587 2820 tua,
614 2756 773 2820 Deus,
801 2757 857 2809 in
879 2755 1128 2810 sa’culum
1156 2754 1362 2816 swculi,
1393 2756 1538 2825 virga
1565 2756 1850 2826 azquitatis,

267 2848 419 2920 uirga
455 2849 598 2919 regni
624 2848 701 2901 tui
723 2847 745 2898 ε’
770 2846 1000 2901 dilexisti
1019 2847 1306 2916 justitiam,
1338 2855 1385 2900 et
1412 2846 1569 2900 odisti
1605 2847 1852 2918 iniquita-

268 2952 411 3004 tem;
443 2934 717 3009 propterea
751 2947 796 2992 te
828 2940 975 2990 unxit
1003 2936 1163 3002 Deus,
1197 2936 1493 3003 Deustuus
1519 2936 1628 2991 oleo
1656 2935 1851 2991 la'titia:

268 3050 384 3103 pra:
406 3020 747 3103 participibus
768 3032 869 3083 tuis
888 3030 1055 3101 (Psal.
1074 3028 1238 3099 κων).
1260 3029 1315 3083 lu
1339 3029 1532 3099 quibus
1554 3028 1730 3084 verbis
1747 3029 1853 3099 pri-

271 3122 602 3192 moquitlem
631 3136 754 3179 eum
783 3121 1060 3175 evidenter
1100 3120 1266 3174 Demn
1295 3119 1559 3190 designat.
1604 3118 1851 3174 Secundo
1879 3116 1923 3178 C

270 3202 428 3278 vero,
454 3227 549 3281 per
578 3209 848 3281 aequitatis
877 3212 1119 3278 virgam,
1149 3218 1414 3279 sceptrum
1460 3210 1515 3262 in
1565 3223 1630 3261 eo
1674 3206 1852 3279 regale

272 3315 697 3379 commemorat;
732 3313 853 3375 post
882 3319 1011 3373 vero
1040 3304 1202 3357 etiam
1238 3302 1468 3371 qualiter
1500 3300 1747 3355 Christus
1776 3299 1854 3355 ef-

272 3403 454 3456 fectus
480 3402 548 3455 sit
573 3400 773 3453 indit-at
799 3399 983 3452 dicens
1008 3395 1151 3465 quod
1175 3405 1369 3451 unctus
1403 3395 1472 3449 sit
1498 3393 1638 3448 Deus
1662 3409 1693 3447 a
1720 3392 1849 3459 Deo,

273 3508 387 3547 non
419 3490 538 3545 oleo
574 3488 862 3552 communi,
900 3486 993 3541 sed
1019 3486 1136 3540 oleo
1164 3484 1382 3563 laetitia,
1411 3498 1510 3538 nec
1553 3483 1692 3558 sicut
1735 3496 1852 3551 par-

276 3580 472 3651 ticipes
493 3580 609 3646 sui,
637 3580 688 3634 id
714 3571 793 3649 est
812 3618 826 3643 ,
851 3577 931 3631 illi
954 3576 1043 3647 qui
1074 3576 1126 3630 in
1155 3577 1391 3647 imagine
1425 3581 1851 3645 princesserunt,

273 3676 373 3730 sed
404 3689 516 3744 pne
540 3673 891 3742 participibus
920 3672 1049 3727 suis.
1069 3668 1198 3724 Oleo
1227 3684 1355 3723 vero
1381 3667 1579 3733 lmtitim
1606 3666 1658 3720 in
1686 3666 1855 3719 sacris

274 3768 644 3823 voluminibus
671 3765 941 3819 intellectu
964 3762 1189 3834 mystico
1211 3760 1445 3831 Spiritus
1477 3769 1696 3815 sanctus
1719 3756 1856 3812 desi-

275 3871 497 3930 gnatur.
528 3857 635 3913 Sed
666 3858 804 3912 etde
831 3857 1140 3927 pontiticatu
1166 3847 1281 3925 ejus
1302 3852 1442 3909 idem
1474 3852 1640 3930 David
1671 3850 1774 3903 alio
1801 3850 1855 3903 in

276 3927 399 4005 loco
428 3948 753 4018 talealiquid
781 3947 990 4002 areanis
1015 3946 1189 4015 signat
1215 3940 1443 4012 eloquiis
1464 3983 1479 4006 ,
1509 3927 1759 4009 tauquam
1788 3955 1854 3993 ex

277 4055 511 4108 persona
536 4038 710 4091 Patris
738 4037 803 4089 de
823 4036 959 4088 Filio
986 4032 1384 4103 pronuntiantis
1412 4047 1424 4082 :
1455 4029 1527 4083 De
1556 4038 1745 4093 ventre,
1772 4029 1857 4080 ξιιμ·

278 4131 436 4198 quit,
468 4138 589 4181 ante
633 4126 925 4196 Luciferum
959 4124 1113 4194 genui
1155 4133 1220 4175 te.
1256 4119 1459 4174 Jururit
1493 4120 1778 4180 Dominus,
1809 4127 1856 4171 et

280 4238 386 4273 non
415 4202 681 4288 paenitebit“
702 4233 839 4280 eum,
863 4225 917 4267 tu
944 4233 995 4269 es
1018 4213 1258 4268 sacerdos
1290 4215 1344 4266 in
1380 4222 1630 4266 internum
1675 4227 1858 4264 secun-

192 4365 201 4373 _
279 4314 409 4364 dum
442 4311 679 4364 ordinem
720 4307 1094 4361 Melchisedech
1142 4305 1314 4377 (Psal.
1361 4301 1492 4372 cxx).
1536 4304 1634 4357 llic
1678 4311 1857 4356 autem

281 4398 673 4455 Melchisedech
705 4399 756 4451 in
789 4392 983 4453 divinis
1014 4396 1371 4450 vo‘lmninibus
1413 4392 1664 4448 sacerdos
1695 4393 1858 4448 fuisse

281 4493 377 4547 Dei
438 4476 635 4545 summi
680 4487 910 4544 refertur
960 4487 1119 4559 (Cena
1162 4486 1294 4559 xxv),
1345 4487 1437 4541 sed
1467 4485 1556 4555 qui
1592 4501 1695 4547 non
1735 4487 1853 4540 oleo

280 4582 556 4637 communi
594 4588 887 4650 perunctus
931 4580 1030 4643 sit,
1071 4591 1242 4648 neque
1288 4579 1376 4647 qui
1412 4593 1478 4633 ex
1513 4578 1855 4632 successione

282 4673 505 4743 generis
539 4670 836 4739 susceperit
865 4669 1245 4732 sacerdotium,
1275 4668 1413 4723 sicut
1433 4667 1574 4737 apud
1601 4666 1854 4721 Hebraeos

180 4768 187 4773 '
283 4763 404 4817 ﬁeri
432 4778 550 4817 mos
577 4765 724 4826 erat;
754 4769 808 4815 et
835 4761 954 4815 ideo
980 4760 1274 4819 secundum
1301 4760 1546 4813 ordinem
1572 4759 1739 4828 ipsius
1764 4774 1856 4813 sa-

286 4854 480 4931 cerdos
509 4851 719 4907 futurus
741 4844 937 4907 dicitur
957 4851 1219 4916 Christus,
1245 4852 1334 4920 qui
1360 4868 1463 4905 non
1493 4851 1596 4906 olei
1627 4851 1853 4920 liquore,

285 4944 382 5013 sed
428 4943 626 4995 virtute
676 4940 913 4997 ctelestis
965 4939 1197 5011 Spiritus
1242 4948 1604 4996 consecretur.
1655 4940 1857 4994 ldcirco

286 5031 518 5099 denique
549 5046 671 5101 cum
698 5029 851 5083 multi
891 5037 1047 5094 ante,
1075 5028 1213 5097 apud
1240 5026 1492 5082 Hebraeos
1515 5026 1634 5080 oleo
1660 5026 1713 5080 iu
1755 5027 1858 5080 hoc

286 5110 463 5192 ipsum
504 5111 816 5178 selemniter
852 5110 1173 5176 consecrato
1214 5120 1361 5173 uncti
1407 5120 1515 5174 sint
1550 5116 1770 5195 christi,
1804 5126 1859 5171 et

289 5214 407 5293 sive
439 5229 614 5285 reges,
642 5215 759 5269 sive
780 5214 1074 5297 prophetm,
1113 5210 1227 5267 sive
1253 5209 1415 5264 etiam
1432 5208 1857 5279 ‘pontiﬁces,.per

288 5307 395 5361 hoc
412 5306 613 5362 fuerint
637 5306 889 5369 instituti,
910 5304 1087 5362 nullus
1110 5309 1288 5367 tamen
1316 5303 1557 5372 ipsorum
1579 5300 1661 5355 vel
1689 5301 1855 5370 genti,

288 5394 378 5449 vel
422 5396 698 5466 discipulis
734 5404 826 5449 aut
855 5393 1211 5448 sectatoribus
1237 5407 1301 5445 ex
1340 5406 1436 5445 suo
1465 5390 1721 5446 vocabulo
1766 5407 1863 5444 no-

290 5502 419 5542 men
443 5489 571 5542 dare
600 5488 792 5558 potuit,
819 5494 874 5542 et
901 5485 1171 5556 appellare
1193 5468 1480 5553 discipulos
1503 5481 1860 5547 Christianos,

288 5575 398 5631 nisi
440 5577 528 5632 hic
570 5576 749 5643 solus,
781 5577 872 5645 qui
903 5590 1062 5630 verus
1090 5581 1173 5628 est
1216 5571 1463 5626 Christus
1504 5579 1560 5624 et
1601 5585 1705 5624 non
1747 5570 1864 5625 oleo

367 5702 396 5733 ι
424 5691 641 5754 Euseb,
668 5692 803 5749 Hist.
843 5692 1077 5754 Eccles.,‘
1097 5689 1192 5746 lib.
1220 5705 1258 5753 ι,
1289 5702 1405 5756 cap.
1436 5689 1485 5741 l.

1957 1862 2104 1924 ham,
2133 1861 2227 1931 qui
2258 1855 2821 1930 interpretatur'pater
2842 1861 3147 1923 multorum,
3174 1858 3257 1911 vel
3286 1867 3436 1927 pater
3463 1860 3537 1910 ri-

1936 1954 2081 2008 'dens
2101 1952 2378 2024 populum,
2398 1965 2560 2021 quem
2580 1949 2846 2020 signiﬁcat
2868 1949 2969 2003 hoc
2992 1948 3226 2011 nomine,
3253 1946 3354 2000 nisi
3383 1946 3533 2006 illum

1953 2044 2021 2105 de
2048 2059 2154 2114 quo
2182 2044 2283 2113 ipsi
2304 2043 2378 2096 ita
2402 2042 2730 2112 promissum
2755 2048 2836 2095 est.
2856 2057 2868 2092 :
2890 2038 2956 2091 In
2984 2038 3201 2100 semine,
3225 2037 3422 2105 inquit,
3445 2043 3534 2087 tuo

1955 2136 2321 2197 benedicentur
2343 2142 2518 2193 omnes
2542 2131 2880 2202 cogitationes
2899 2139 3051 2184 terra’
3067 2130 3091 2181 ?
3106 2126 3258 2199 (Gen.
3286 2126 3447 2196 xm.)
3468 2126 3535 2179 Et

1953 2229 2121 2283 Isaias
2144 2227 2219 2280 ait
2247 2245 2260 2279 :
2294 2223 2353 2280 Si
2383 2225 2612 2295 posuerit
2632 2238 2729 2293 pro
2753 2230 2961 2292 peccato
2985 2221 3215 2273 animum
3250 2234 3402 2273 suam
3423 2258 3438 2281 ,
3459 2219 3534 2271 ui-

1955 2318 2090 2371 debit
2135 2332 2308 2370 semen
2344 2313 2665 2384 longtevum,
2696 2322 2742 2366 et
2778 2310 3013 2365 uoluntas
3048 2309 3256 2362 Domini
3295 2308 3346 2360 in
3373 2324 3533 2361 manu

1954 2409 2068 2478 ejus
2116 2407 2371 2475 dirigetur
2400 2403 2554 2474 (Isai.
2584 2401 2740 2473 LIII);
2774 2410 2828 2457 et
2866 2402 2995 2455 item
3026 2416 3147 2453 cum
3187 2398 3396 2466 inquit:
3424 2397 3530 2450 Do-

1954 2499 2091 2550 mine
2116 2496 2277 2549 Pater
2301 2504 2496 2556 noster,
2532 2505 2579 2558 et
2612 2491 2928 2562 Redetnptor
2947 2499 3145 2554 noster,
3174 2506 3206 2541 a
3225 2487 3418 2541 steculo
3448 2504 3533 2541 no-

1953 2606 2071 2643 men
2107 2600 2281 2642 tuum.
2317 2588 2580 2642 Abraham
2611 2586 2820 2639 nescivit
2853 2601 2970 2647 nos,
3010 2593 3059 2637 et
3083 2581 3253 2636 Israel
3281 2572 3534 2650 ignorarit

1955 2696 2047 2733 nos
2099 2677 2254 2750 (I‘sai.
2310 2676 2488 2747 utin).
2541 2675 2822 2740 Quomodo
2864 2682 3043 2728 autem
3086 2672 3359 2725 Abraham
3409 2679 3534 2724 actu

1953 2767 2338 2838 signiﬁcaverit
2383 2766 2764 2829 Salvatorem,
2790 2772 3024 2817 testatur
3072 2761 3195 2815 illud
3238 2760 3380 2830 quod
3425 2758 3532 2813 Do-

1953 2864 2086 2919 mini
2112 2874 2378 2933 prmeepto
2404 2862 2561 2915 exivit
2600 2861 2668 2912 de
2695 2870 2836 2911 terra
2877 2874 2976 2911 sua
3028 2866 3075 2910 et
3125 2856 3188 2908 de
3228 2853 3536 2923 cognatione

1953 2970 2050 3008 sua
2079 2952 2230 3024 (Gen.
2260 2950 2361 3023 xu)
2387 2991 2402 3015 ,
2433 2960 2492 3004 ut
2531 2951 2673 3019 apud
2715 2956 2930 3002 exteros
2980 2944 3428 3015 locupletaretur,
3481 2953 3539 2997 et

1953 3050 2098 3100 esset
2123 3045 2179 3098 in
2204 3051 2414 3112 gentem
2445 3056 2721 3111 magnam,
2750 3040 2891 3108 quod
2916 3055 3059 3093 nilne
3081 3038 3353 3092 cernimus
3382 3052 3537 3091 vera-

1953 3136 2091 3190 citer
2111 3133 2408 3203 impletum,
2438 3147 2560 3185 cum
2588 3130 2854 3194 Christus,
2883 3130 3068 3183 relicta
3098 3136 3242 3182 terra
3265 3136 3319 3182 e‘t
3341 3143 3536 3198 cogna-

1956 3227 2100 3282 tione
2128 3223 2433 3280 Judteorum
2453 3263 2468 3288 ,
2498 3222 2804 3293 praepollet,
2832 3231 2894 3275 ut
2923 3222 3174 3276 videmus
3194 3263 3207 3287 ,
3239 3222 3292 3276 in
3322 3222 3537 3291 populis

1954 3317 2191 3388 gentium
2222 3312 2374 3385 (Gen.
2403 3313 2533 3385 xxv).
2564 3314 2629 3367 Et
2653 3313 2779 3367 illud
2806 3313 2949 3382 quod
2968 3311 3241 3367 Abraham
3270 3328 3396 3366 cum
3424 3320 3532 3366 tre-

1953 3405 2127 3461 centis
2151 3405 2338 3459 decem
2376 3413 2429 3458 et
2473 3412 2596 3458 octo
2633 3402 2940 3458 vernaculis
2982 3402 3094 3456 suis
3127 3411 3360 3472 quatuor
3384 3416 3538 3472 reges

1954 3495 2257 3559 debellavit,
2304 3510 2374 3551 ac
2417 3495 2517 3550 Lot
2556 3494 2805 3550 liberavit
2828 3531 2844 3558 ,
2895 3492 3021 3562 quid
3056 3493 3200 3548 aliud
3227 3492 3535 3564 signiﬁcat,

1954 3603 2116 3659 quam
2144 3587 2284 3657 quod
2311 3603 2411 3641 nos
2435 3586 2683 3642 Christus
2710 3601 2808 3655 per
2836 3600 3073 3651 erucem,
3097 3599 3258 3654 quam
3280 3584 3540 3654 exprimit

1955 3688 2044 3735 tau
2077 3680 2298 3743 littera,
2330 3679 2785 3733 trecentenarium
2826 3692 3110 3732 numerum
3153 3677 3469 3733 continens.
3504 3691 3535 3731 a

1956 3770 2231 3824 dominatu
2258 3768 2492 3823 carnalis
2518 3783 2729 3832 sensus,
2754 3768 2842 3835 qui
2876 3782 2974 3821 nos
3001 3776 3157 3837 antea
3185 3764 3354 3820 variis
3382 3766 3531 3821 vitiis

1958 3860 2254 3927 captivatos
2287 3864 2734 3926 exsuperaverat,
2768 3854 3056 3915 liberavit?
3088 3855 3237 3910 Isaae
3282 3869 3533 3927 quoque,

1957 3949 2047 4017 qui
2079 3948 2464 4015 interpretatur
2491 3948 2648 4010 risus,
2682 3942 2766 4001 vel
2788 3938 3062 4015 gaudium,
3090 3944 3361 4016 signiﬁcat
3382 3945 3533 4000 illum

1959 4041 2024 4094 de
2063 4054 2173 4108 quo
2217 4039 2351 4092 dixit
2394 4039 2459 4092 ad
2506 4046 2751 4108 pastores
2793 4037 3347 4108 angelus:Anuuutia
3393 4036 3537 4090 vobis

1958 4129 2213 4197 gaudium
2230 4143 2493 4196 magnum,
2519 4128 2658 4197 quod
2684 4128 2784 4180 erit
2806 4127 2947 4180 ωιῐηί
2970 4124 3163 4196 popqu
3187 4123 3338 4195 (Luc.
3364 4121 3448 4195 ιι).
3471 4124 3540 4178 Et

1960 4219 2073 4288 ipsa
2107 4218 2319 4271 Veritas
2364 4217 2477 4272 suis
2513 4216 2789 4285 discipulis
2824 4216 2939 4268 ait:
2968 4214 3167 4268 Iterum
3196 4212 3374 4266 videbo
3410 4229 3538 4279 vos,

1959 4317 2005 4359 et
2033 4306 2273 4375 gaudebit
2312 4323 2403 4359 τιον
2441 4317 2686 4370 vestrum,
2716 4314 2764 4358 et
2813 4304 3064 4373 gaudium
3116 4312 3338 4357 vestrum
3386 4318 3539 4356 nemo

1961 4396 2102 4449 tollet
2127 4414 2158 4449 a
2190 4396 2327 4450 vobis
2349 4396 2531 4467 (Joan.
2556 4394 2691 4467 xw).
2724 4396 2792 4449 Et
2816 4395 2945 4449 item
2973 4412 2987 4448 :
3020 4394 3216 4455 Petita,
3242 4394 3453 4464 inquit,
3486 4404 3536 4447 et

1958 4491 2251 4556 accipietis,
2294 4500 2350 4543 ut
2389 4488 2642 4560 gaudium
2689 4497 2915 4543 vestrum
2952 4488 3023 4541 sit
3068 4486 3278 4557 plenum
3323 4483 3536 4557 (Ibid).

1957 4582 2236 4648 Quomodo
2258 4597 2387 4635 vero
2406 4581 2617 4635 actibus
2638 4580 2752 4635 suis
2775 4580 2925 4633 Isaac
2942 4576 3213 4648 signiﬁcet
3234 4576 3533 4640 Christum,

1956 4671 2174 4742 longum
2203 4679 2287 4726 est
2314 4686 2412 4740 per
2439 4679 2609 4725 totum
2635 4682 2983 4733 enumerare,
3015 4682 3139 4723 cum
3170 4680 3309 4736 pene
3345 4680 3539 4721 omnes

1932 4771 2107 4829 ,actus
2131 4760 2263 4828 ejus,
2295 4775 2432 4829 quos
2454 4759 2734 4829 Scriptura
2759 4766 2963 4822 narrat,
2990 4755 3317 4812 conveniant
3337 4763 3541 4825 myste-

1959 4855 2038 4908 rio
2068 4854 2135 4906 ad
2163 4852 2438 4907 Christum
2465 4890 2481 4915 ,
2510 4859 2572 4905 ut
2612 4859 2696 4905 est
2741 4849 2900 4913 illud,
2933 4864 3041 4918 quo
3075 4844 3393 4902 mactandas
3424 4846 3540 4914 ipse

1965 4944 2030 4997 ad
2062 4958 2213 4997 aram
2252 4942 2549 5012 portaverit
2574 4941 2718 5011 ligna
2748 4938 2901 5013 (Gen.
2926 4928 3064 5010 xxii)
3085 4980 3100 4997 .
3127 4938 3267 4993 sicut
3290 4935 3539 4991 Christus

1961 5051 2182 5095 crucem
2220 5033 2489 5105 passionis
2529 5048 2639 5087 suae
2683 5031 2903 5101 proprio
2928 5029 3159 5101 gestavit
3197 5041 3441 5094 corpore.
3470 5024 3540 5078 Et

1962 5124 2105 5193 quod
2124 5123 2179 5177 in
2207 5132 2332 5195 typo
2360 5121 2611 5176 Ecclesiae
2638 5120 2934 5175 Rebeccam
2958 5118 3112 5172 duxit
3136 5128 3387 5177 uxorem,
3411 5126 3535 5180 quin

1963 5208 2222 5282 gemellos
2244 5212 2295 5266 ei
2322 5211 2531 5281 peperit
2556 5207 2707 5281 (Gen.
2735 5209 2863 5279 xxv)
2883 5248 2898 5273 ,
2930 5208 3074 5261 sicut
3099 5203 3318 5258 Christo
3349 5199 3536 5254 Eecle-
3620 5224 3627 5229 ι

1964 5302 2044 5356 sia
2091 5316 2189 5372 per
2223 5302 2476 5370 baptismi
2500 5300 2707 5355 fontem
2733 5300 2868 5353 duos
2892 5296 3036 5366 parit
3071 5292 3316 5363 populos.
3342 5288 3533 5352 Jacob,

1963 5392 2055 5462 qui
2080 5393 2466 5461 interpretatur
2489 5388 2928 5458 superplantator,
2955 5383 3039 5438 vel
3066 5379 3439 5451 supplantans,
3463 5376 3538 5431 si-

1964 5483 2185 5554 gniﬁcat
2226 5498 2348 5538 eum
2390 5483 2456 5537 de
2493 5497 2603 5550 quo
2637 5479 2767 5535 dicit
2806 5476 3133 5530 Psalmista:
3169 5467 3534 5542 Supplantasti

1965 5592 2139 5629 omnes
2163 5575 2483 5645 insurgentes
2506 5573 2559 5627 in
2588 5586 2691 5634 me,
2717 5568 2900 5622 subtus
2923 5569 3009 5620 ine
3044 5561 3218 5634 (Psal.
3245 5557 3400 5631 ιω).
3433 5556 3535 5613 Hic
