3986 6192
418 304 523 362 759

1078 303 1139 359 Β.
1174 303 1425 360 RABANI
1467 304 1682 362 MACRI
1720 304 2034 361 ARCHIEP.
2078 305 2380 361 MOGUNT.
2424 306 2703 363 OPERUM
2738 306 2917 362 PARS
2957 308 2998 361 Ι.

3554 312 3645 365 74‘]

415 416 631 484 quidem
660 416 716 469 in
747 415 1020 472 erectione
1048 425 1104 471 et
1128 416 1384 472 unctione
1414 414 1643 485 iapidis,
1667 426 1723 470 et
1752 418 1804 470 in
1832 430 1982 471 som-
2010 422 2058 478 Α
2086 427 2170 472 ter
2199 418 2472 472 Christum
2511 419 2734 489 ﬁgurat,
2765 434 2925 489 quem
2953 418 3242 489 Apostolus
3270 422 3405 475 dixit
3437 420 3529 477 De:
3556 425 3655 476 vir-

418 511 508 563 nio
534 522 632 561 suo
655 504 807 579 (Gen.
832 505 1027 578 xxviii)
1058 506 1329 577 signiﬁcat
1365 507 1668 576 passionem
1698 506 1895 562 CliriSti
1930 514 1988 560 et

418 596 868 650 resurrectionem
918 593 1066 663 ejus,
1099 610 1260 663 quem
1300 596 1448 649 unxit
1491 594 1628 648 Deus
1653 594 1763 649 oleo
1793 596 1988 648 Ιαιιὶιίω

418 700 528 754 pra:
555 683 892 754 participibus
921 684 1052 738 suis.
1076 681 1262 739 Bethel
1287 684 1503 753 quippe,
1532 684 1619 736 ubi
1642 682 1806 738 Jacob
1826 684 1987 738 visio-

417 788 538 827 nem
572 773 722 837 vidit,
753 773 1021 842 signiﬁcat
1047 772 1366 840 Ecclesiam,
1388 788 1508 844 quae
1530 787 1657 827 vere
1678 781 1761 827 est
1800 773 1985 825 domus

423 859 544 925 Dei,
590 861 715 931 quia
763 862 956 916 domus
1004 871 1087 916 est
1134 860 1319 930 panis,
1364 862 1453 933 qui
1482 860 1546 914 de
1574 859 1703 915 caelo
1723 860 1989 915 descendit

419 948 596 1019 (Joan.
629 949 730 1023 vi),
761 959 816 1005 et
846 959 997 1021 porta
1026 949 1176 1016 caeli,
1206 950 1331 1020 quia
1359 949 1432 1004 ibi
1463 948 1632 1004 Filius
1671 950 1766 1004 Dei
1792 950 1847 1003 in
1876 958 2001 1003 ter-v

419 1056 533 1092 rum
559 1040 856 1105 descendit,
888 1047 945 1095 et
972 1039 1221 1095 homines
1262 1039 1438 1093 sancti
1467 1039 1534 1093 ad
1561 1038 1759 1093 coelum
1793 1053 1995 1111 ascen-p

418 1133 567 1186 dunt.
599 1130 764 1187 Judas
789 1131 1071 1201 conﬁtens,
1111 1130 1197 1185 vel
1223 1129 1553 1201 gloriﬁcans,
1584 1129 1985 1200 interpretatur,

418 1229 471 1274 et
499 1220 766 1290 signiﬁcat
788 1219 938 1274 illum
974 1220 1066 1289 qui
1107 1221 1161 1274 in
1196 1219 1483 1289 Evangelio
1523 1219 1694 1274 dixit:
1728 1217 1992 1289 Conﬁteor

418 1308 539 1373 tibi‘,
586 1309 768 1375 Pater,
806 1308 1030 1364 Domine
1074 1310 1189 1364 coeli
1229 1320 1277 1364 et
1327 1320 1479 1364 terrte
1523 1309 1736 1381 (Matth.
1777 1309 1874 1380 χι).
1925 1309 1992 1366 Et

421 1400 705 1468 Psalmista
729 1401 805 1455 ait
830 1418 844 1455 :
879 1399 1152 1457 Gloriosus
1178 1402 1320 1456 Deus
1348 1403 1402 1455 in
1435 1403 1631 1455 sanctis
1674 1402 1784 1454 suis
1815 1398 1986 1472 (Psal.

418 1493 607 1565 uvn),
651 1494 754 1549 hoc
799 1500 915 1560 est,
949 1491 1200 1549 Christus
1221 1493 1274 1547 in
1304 1493 1562 1547 membris
1587 1492 1721 1547 suis.
1755 1490 1986 1555 Phares,

420 1586 626 1650 divisio,
657 1586 773 1641 sive
799 1585 999 1652 divisit,
1027 1584 1363 1641 demonstrat
1395 1600 1519 1640 eum
1543 1584 1633 1654 qui
1670 1584 1725 1637 in
1747 1583 1990 1652 Evange-

420 1674 525 1729 lico
551 1675 682 1730 dicit
707 1692 720 1728 :
750 1673 883 1728 Cum
924 1677 1116 1730 beneﬁt
1162 1673 1207 1727 Ρ
1208 1674 1333 1730 ilius
1379 1675 1606 1728 hominis
1634 1675 1691 1727 in
1716 1674 1991 1743 majestate

2090 517 2250 575 tutem
2295 517 2342 561 et
2368 507 2464 561 Dei
2485 508 2791 578 sapientiam
2819 523 2938 563 esse
2963 507 3013 579 (Ι
3030 509 3150 563 Cor.
3181 511 3244 580 ι),
3268 511 3357 580 qui
3383 513 3519 565 bene
3540 528 3657 567 ser.-

2089 600 2259 654 sibilis
2274 600 2486 655 dicitur.
2512 599 2643 675 Nam
2667 600 2719 653 in
2749 599 3034 670 Evangelio
3060 601 3253 672 legitur
3274 588 3495 658 dixisse.
3527 602 3658 658 Teti-

2087 690 2159 759 git
2182 706 2261 767 me
2287 689 2495 759 aliquis.
2530 689 2670 742 Nam
2693 700 2739 743 et
2761 706 2854 761 ego
2883 694 3021 745 sensi
3047 691 3111 745 de
3132 700 3213 747 me
3243 693 3486 747 virtutem
3518 696 3659 747 αἱς-ι

2088 796 2143 834 se
2188 779 2336 851 (Luc.
2369 776 2507 849 viti).
2541 780 2608 833 Et
2635 781 2760 834 item
2793 779 2975 846 :Quid
3018 785 3258 853 cogitatis
3286 784 3425 838 mala
3457 787 3512 838 in
3546 803 3660 839 cor-

2087 870 2241 924 dibus
2260 873 2440 925 vestris
2468 870 2730 942 ?(Matth.
2764 873 2865 941 ix.)
2895 873 3033 927 Vere
3061 875 3349 938 sensibilis,
3388 876 3481 945 qui
3517 878 3659 947 cogi-

2090 968 2201 1013 tata
2245 968 2305 1014 ut
2342 959 2501 1024 facta,
2545 970 2600 1015 et
2627 960 2807 1016 futura
2837 971 2893 1016 ut
2918 965 3201 1033 pmsentia
3232 965 3410 1020 cernit
3437 967 3660 1021 sieutde

2090 1063 2156 1103 eo
2186 1049 2462 1117 scribitur,
2495 1052 2584 1120 qui
2609 1051 2736 1107 fecit
2762 1068 2883 1122 qua:
2919 1053 3095 1107 futura
3126 1066 3272 1109 sunt.
3296 1057 3456 1120 Boos,
3482 1060 3537 1112 in
3559 1076 3659 1125 quo

2091 1139 2272 1204 robur,
2302 1140 2381 1195 vel
2407 1142 2461 1195 in
2484 1142 2594 1212 ipso
2638 1141 2916 1210 fortitudo,
2954 1145 3037 1199 vel
3061 1136 3474 1215 iri-fortitudine,
3498 1151 3662 1206 inter-

2090 1238 2351 1301 pretatur,
2396 1241 2520 1302 apte
2548 1234 2614 1289 ad
2660 1234 2934 1289 Christum
2988 1236 3266 1292 transferri
3296 1247 3494 1308 potest,
3536 1243 3660 1311 quia

2089 1324 2203 1393 ipse
2233 1330 2316 1378 est
2342 1325 2619 1379 brachium
2644 1325 2875 1393 Domini,
2923 1328 2990 1382 de
3016 1344 3126 1399 quo
3174 1334 3435 1402 prbpheta
3480 1335 3612 1392 dicit
3642 1357 3655 1391 :

2089 1411 2225 1467 Ecce
2253 1413 2505 1470 Dominus
2531 1415 2584 1470 in
2613 1416 2923 1485 fortitudine
2951 1422 3136 1485 veniet,
3164 1432 3213 1475 et
3246 1414 3525 1478 brachium
3546 1427 3660 1496 ejus

2089 1502 2447 1556 dominabitur
2508 1504 2643 1574 (Isai
2672 1506 2781 1578 XL).
2836 1508 2903 1562 Et
2948 1509 3060 1581 ipse
3089 1512 3155 1566 de
3188 1516 3321 1570 sein
3372 1515 3661 1587 Evangelio

2090 1591 2166 1646 ait
2190 1607 2204 1644 :
2232 1590 2345 1662 Ego
2366 1594 2413 1646 si
2449 1594 2708 1649 exaltatus
2740 1595 2888 1665 fuero
2916 1616 2948 1651 a
2977 1609 3137 1666 terra,
3168 1604 3343 1656 omnia
3365 1607 3573 1659 traham
3594 1609 3658 1661 ad

2090 1682 2343 1750 meip‘sum
2379 1674 2713 1755 (Joanfxu).
2747 1683 2933 1741 Omnis
2975 1687 3117 1742 enim
3146 1690 3319 1745 virtus
3342 1692 3580 1748 hominis
3607 1695 3659 1748 in

418 1782 539 1829 sua,
570 1774 617 1817 et
644 1780 819 1817 omnes
842 1764 1015 1834 angeli
1042 1781 1159 1818 cum
1186 1781 1266 1829 eo,
1290 1775 1412 1817 tunc
1430 1765 1625 1817 sedebit
1644 1780 1803 1833 super
1821 1763 1995 1819 sedem
2025 1762 2070 1821 Β
2097 1773 2508 1827 ιιιοιδιεϐεδὶηἰι.
2563 1772 2783 1830 Verbum
2809 1786 2988 1832 autem
3016 1779 3157 1850 quod
3182 1798 3307 1835 caro
3336 1783 3538 1852 factum
3564 1797 3657 1847 est,

418 1853 708 1921 majestatis
752 1867 883 1917 suae,
916 1859 964 1905 et
1007 1851 1458 1922 congregabantur
1495 1861 1617 1904 ante
1656 1865 1773 1903 eum
1814 1864 1989 1902 omnes

418 1953 612 2012 gentes,
641 1952 686 1994 et
714 1941 971 2011 separabit
996 1956 1081 1994 eos
1103 1940 1167 1993 ab
1189 1941 1407 1995 invicem
1423 1980 1438 2005 ,
1461 1941 1592 1995 sicut
1621 1948 1800 2009 pastor
1820 1954 1990 2008 segre-

419 2042 503 2101 gat
535 2047 650 2084 ot'cs
679 2029 743 2083 ab
776 2030 842 2082 Ita
859 2029 974 2094 dis,
1006 2040 1063 2083 et
1089 2030 1294 2098 reliqua
1332 2030 1547 2101 (Matth.
1578 2029 1726 2102 xxv).
1753 2029 1819 2083 Et
1846 2031 1990 2099 Apo-

418 2121 586 2174 stolus
612 2138 624 2173 :
673 2118 822 2172 Vicus
846 2129 919 2173 est
939 2159 954 2184 ,
986 2119 1190 2189 inquit,
1220 2136 1388 2174 sermo
1414 2119 1507 2174 Dei
1527 2132 1574 2174 et
1601 2120 1800 2190 efﬁcax,
1821 2130 1868 2173 et
1901 2136 1991 2191 pe-

418 2209 720 2263 netrabilior
758 2209 898 2263 omni
927 2208 1103 2279 gladio
1131 2210 1376 2280 ancipiti,
1415 2220 1463 2263 et
1498 2212 1791 2280 pertingens
1830 2227 1990 2281 usque

422 2298 490 2349 ad
517 2297 821 2350 divisionem
852 2299 1043 2352 animos
1083 2314 1143 2351 ac
1172 2300 1384 2368 spiritus
1407 2342 1422 2368 ,
1456 2315 1759 2373 cattzpagum
1788 2317 1989 2373 quoque

419 2402 480 2444 ac
508 2388 855 2445 tttedullarum
878 2428 894 2458 ,
934 2399 983 2446 et
1006 2388 1258 2448 ditaretur
1278 2395 1648 2464 coyitationum
1676 2395 1863 2467 (Hebr.
1889 2394 1986 2467 tv).

420 2483 556 2536 Zara
577 2521 592 2545 ,
616 2497 786 2536 oriens
804 2523 819 2547 ,
848 2484 963 2537 sive
988 2494 1155 2550 ortus,
1187 2486 1590 2555 interpretatur,
1614 2496 1669 2541 et
1699 2487 1990 2544 Zacharias

419 2574 497 2627 ait
523 2590 536 2626 :
574 2571 807 2625 Visitavit
832 2589 927 2627 nos
947 2573 1119 2627 oriens
1136 2590 1200 2626 ea:
1224 2574 1330 2627 alto
1361 2573 1509 2647 (Luc.
1535 2575 1596 2648 ι).
1620 2576 1686 2629 Ει
1706 2576 1829 2631 alibi
1856 2579 1989 2632 scri-

424 2672 575 2731 ptum
607 2668 729 2716 est:
762 2660 931 2727 Ecce,
967 2661 1047 2716 vir
1081 2661 1251 2716 oriens
1300 2678 1484 2717 nomen
1524 2662 1852 2737 ejus_(Zach.
1889 2664 1986 2735 γι).

418 2750 629 2813 Esrom,
656 2749 901 2818 sagittam
924 2749 1068 2815 vidit,
1099 2750 1185 2805 vel
1202 2751 1400 2806 atrium
1421 2752 1557 2822 ejus,
1573 2753 1794 2808 denotat
1814 2754 1987 2824 ipsum

427 2841 492 2895 de
521 2854 629 2910 quo
654 2840 851 2894 dicitur
877 2856 889 2891 :
920 2837 1137 2910 Sagitta
1159 2841 1379 2911 potentis
1411 2853 1578 2897 acutte
1608 2843 1779 2916 (Psal.
1805 2844 1989 2917 cata);

424 2930 634 2996 sagittas
660 2928 860 2983 Christi
896 2940 1021 2983 sunt
1052 2941 1318 3001 praecepta
1348 2931 1650 3002 Evangelii,
1692 2935 1778 2991 vel
1815 2937 1988 2992 vindi-

430 3017 845 3086 cantisjudicia.
872 3016 1081 3074 Atrium
1125 3035 1252 3075 vero
1298 3021 1563 3092 signiﬁcat
1601 3024 1986 3082 abundantiam

435 3108 641 3180 gratiae,
671 3116 725 3162 et
749 3107 1085 3162 latitudinem
1130 3109 1408 3165 charitatis
1427 3150 1442 3176 ,
1471 3126 1567 3182 per
1603 3128 1765 3182 quam
1797 3130 1984 3173 omnes
2014 3108 2058 3169 C

432 3200 668 3255 invitans
691 3198 761 3253 ad
785 3213 843 3254 se
875 3199 991 3269 ipsa
1016 3200 1247 3265 Veritas,
1264 3201 1369 3255 ait:
1392 3201 1571 3259 Venite
1591 3206 1660 3259 ad
1682 3222 1786 3273 me,
1816 3225 1990 3262 omnes

425 3291 517 3361 qui
568 3289 820 3355 laboratis
864 3298 914 3344 et
963 3290 1165 3345 onerati
1214 3291 1356 3357 estis,
1406 3303 1455 3348 et
1500 3310 1592 3366 ego
1636 3297 1866 3366 reﬁciam
1904 3316 1990 3354 eos

423 3380 639 3453 (Matth.
666 3379 769 3453 ιι).
799 3379 994 3444 Aram,
1031 3378 1255 3448 electus,
1273 3383 1388 3439 sive
1413 3384 1656 3441 exclusus
1680 3388 1895 3444 dicitur.
1925 3391 1992 3444 Et

420 3471 682 3543 propheta
699 3484 766 3527 ex
785 3484 1015 3541 persona
1045 3469 1221 3527 Patris
1244 3473 1312 3529 ad
1340 3472 1536 3529 Filium
1561 3475 1832 3547 loquitur:
1858 3479 1994 3534 Ecce

420 3576 550 3631 puer
576 3576 741 3627 meus,
769 3560 959 3615 electus
988 3576 1132 3615 meus
1150 3601 1165 3627 ,
1192 3561 1316 3617 dedi
1350 3564 1591 3634 spiritum
1630 3582 1802 3619 meum
1837 3585 1992 3638 super

421 3656 593 3723 ipsum
634 3648 791 3724 (Isai.
828 3652 982 3724 sui).
1021 3651 1152 3720 Quis
1189 3661 1271 3709 est
1310 3654 1413 3709 iste
1459 3669 1592 3726 puer
1627 3656 1859 3722 eiectus,
1886 3659 1992 3713 nisi

427 3744 520 3812 qui
549 3757 581 3796 a
602 3743 834 3814 pueritia
864 3745 1170 3814 reprobavit
1198 3744 1427 3811 malum,
1465 3754 1521 3802 et
1545 3745 1705 3818 elegit
1731 3749 1873 3816 quod
1898 3749 1992 3805 bo-

424 3847 555 3887 num
579 3833 698 3888 est?
723 3830 879 3905 (Isai.
908 3832 1333 3903 vn.)Psalmista
1362 3848 1573 3906 quoque
1596 3836 1713 3890 ait:
1734 3837 1990 3893 Exoelsus

421 3938 576 3992 super
598 3938 774 3978 omnes
798 3932 973 3995 gentes
1005 3921 1286 3989 Dominus,
1313 3933 1368 3980 et
1392 3925 1598 3997 reliqua
1629 3925 1797 3999 (Psal.
1835 3930 1987 4000 exn).

422 4013 722 4070 Aminadab
775 4022 989 4082 autem,
1017 4016 1108 4086 qui
1150 4016 1534 4089 interpretatur
1577 4020 1798 4092 populus
1847 4038 1990 4079 meus

422 4105 745 4162 voluntarius
764 4147 780 4174 ,
802 4104 1069 4179 signiﬁcat
1093 4122 1218 4164 eum
1256 4110 1349 4179 qui
1383 4107 1558 4166 dixit:
1583 4111 1752 4168 Nemo
1792 4113 1926 4168 tollit
1955 4131 1989 4168 a

421 4211 502 4250 me
529 4197 761 4250 animam
782 4213 975 4266 meam,
1002 4199 1094 4254 sed
1118 4214 1212 4272 ego
1236 4216 1371 4272 pono
1391 4217 1527 4269 eam,
1553 4211 1600 4256 et
1624 4203 1811 4261 iterum
1839 4220 1989 4260 sumo

421 4302 537 4341 eam
562 4287 741 4360 (Joan.
766 4291 843 4361 ι).
870 4288 980 4346 lste
999 4306 1131 4348 vero
1160 4301 1323 4364 caput
1364 4302 1448 4350 est
1492 4293 1636 4351 illius
1677 4297 1892 4366 populi,
1922 4310 1988 4351 ex

423 4381 575 4450 cujus
591 4398 819 4453 persona
838 4383 1124 4442 Psalmista
1144 4387 1380 4459 loquitur
1401 4387 1649 4458 Domino,
1675 4391 1748 4446 ita
1768 4392 1982 4448 dicens:

432 4445 736 4526 Vbluntorie
759 4468 1068 4543 sacriﬁcabo
1095 4475 1189 4530 tibi
1203 4445 1234 4543 ,.
1247 4484 1298 4531 et
1329 4445 1615 4547 conﬁtebor
1635 4445 1848 4535 nomini
2015 4445 2063 4505 υ

421 4559 663 4625 Domine,
683 4562 931 4630 quoniam
952 4562 1143 4619 bonum
1168 4575 1244 4619 est
1265 4564 1435 4638 (Psal.
1464 4569 1602 4641 uti).
1623 4569 1858 4637 Naason,
1880 4588 1988 4626 ser-

420 4650 682 4717 pentinus,
704 4647 791 4704 vel
802 4651 1109 4722 augurium,
1132 4653 1326 4725 ﬁgurat
1347 4669 1470 4710 eum
1495 4657 1587 4727 qui
1618 4658 1671 4712 in
1697 4658 1990 4732 Evangelio

422 4737 559 4792 dixit
580 4754 595 4793 :
624 4736 773 4793 Sicut
789 4737 993 4811 Moyses
1005 4741 1252 4797 exultavit
1279 4737 1566 4816 serpentem
1585 4748 1640 4803 in
1665 4748 1889 4817 deserto,
1911 4753 1989 4808 ita

422 4827 645 4882 exaltari
672 4839 871 4898 oportet
894 4829 1065 4900 ﬁlium
1084 4831 1311 4889 hominis
1333 4832 1515 4905 (Joan.
1553 4837 1657 4912 ιιι).
1689 4839 1986 4913 Augurium

423 4932 554 4988 ergo
579 4919 668 4975 hic
689 4933 788 4990 pro
811 4921 1063 4978 vaticinia
1091 4921 1176 4979 vel
1199 4924 1525 4984 revelatione
1548 4928 1769 5002 intelligi
1795 4931 1980 4996 debet,

422 5010 576 5081 cujus
604 5010 917 5066 vaticinium
942 5012 997 5067 in
1016 5013 1119 5068 tria
1135 5015 1429 5087 prophetia:
1465 5025 1705 5091 tempera
1743 5022 1982 5092 respicit.

421 5100 478 5156 ln
506 5103 836 5173 prieteritum
856 5143 874 5171 ,
899 5111 961 5160 ut
982 5113 1102 5161 est:
1139 5103 1278 5163 Vidit
1316 5108 1582 5167 Abraham
1614 5112 1751 5167 diem
1780 5130 1982 5181 meum,
2008 5140 2015 5145 ι

419 5201 469 5245 et
487 5193 693 5262 gavisus
719 5202 794 5248 est
822 5191 1003 5267 (Joan.
1032 5194 1173 5270 vui).
1198 5195 1256 5252 In
1282 5208 1522 5269 praesens
1542 5240 1560 5269 ,
1599 5211 1658 5257 ut
1688 5213 1772 5259 est
1797 5223 1811 5259 :
1844 5204 1984 5271 Quid

420 5282 658 5353 cogitatis
682 5284 825 5338 mala
837 5284 896 5339 in
911 5285 1151 5342 cordibus
1167 5291 1346 5346 vestris
1361 5291 1387 5345 1
1407 5290 1618 5363 (Matth.
1645 5292 1743 5366 ιι.)
1762 5295 1819 5350 1η
1842 5295 1984 5352 futu-

420 5387 561 5438 rum,
591 5381 653 5431 ut
673 5383 758 5429 est
780 5375 883 5430 hoc
906 5394 922 5429 :
949 5375 1121 5432 Erunt
1141 5382 1279 5435 enim
1306 5383 1440 5437 sicut
1460 5385 1631 5456 angeli
1650 5386 1746 5441 Dei
1774 5389 1829 5442 in
1857 5389 1983 5444 calo

420 5460 638 5532 (Matth.
668 5466 829 5538 nit).
871 5465 941 5521 Et
967 5467 1135 5524 illud:
1166 5468 1359 5526 Solvite
1401 5474 1644 5546 templum
1690 5478 1816 5545 hoc,
1843 5488 1890 5534 et
1928 5483 1985 5535 in

421 5551 583 5641 tribus
604 5554 786 5610 diebus
811 5557 1047 5613 excitabo
1078 5558 1210 5615 illud
1240 5560 1423 5632 (Joan.
1469 5564 1553 5636 ιι).
1588 5564 1805 5623 Salmon
1824 5610 1838 5636 ,
1892 5571 1984 5641 qui

422 5636 803 5709 interpretatur
834 5660 1036 5713 sensus,
1060 5646 1145 5702 vel
1169 5649 1447 5715 sensibilis,
1479 5668 1583 5708 non
1610 5636 1987 5713 inconveiiien-

2092 1862 2158 1916 de
2186 1861 2503 1920 inﬁrmitate
2534 1863 2747 1945 fortius,
2776 1866 2839 1921 de
2879 1878 3052 1923 morte
3081 1871 3342 1937 vivacius,
3383 1874 3450 1930 de
3487 1875 3659 1930 humi-

2089 1953 2240 2010 litate
2265 1957 2528 2012 excelsius
2557 1956 2757 2013 factum
2781 1969 2886 2017 est.
2913 1960 3081 2027 Obed,
3114 1964 3167 2017 id
3196 1973 3304 2030 est,
3343 1968 3570 2023 serviens
3591 1970 3660 2024 si-

2090 2042 2306 2115 gniﬁcat
2332 2060 2454 2100 eum
2475 2048 2566 2116 qui
2586 2048 2652 2104 de
2673 2049 2963 2120 semetipso
2974 2052 3051 2106 ait
3073 2070 3087 2106 :
3113 2050 3286 2109 Filius
3312 2057 3537 2111 hominis
3559 2076 3661 2112 non

2090 2138 2226 2191 venit
2264 2139 2574 2206 mmislrari,
2610 2142 2701 2196 sed
2725 2142 3021 2207 ministrare
3063 2136 3276 2216 (Matth.
3308 2149 3422 2220 xx).
3447 2149 3519 2205 Et
3537 2166 3662 2222 apo~

2091 2229 2260 2286 stolus
2294 2249 2308 2284 :
2343 2229 2447 2297 Qui
2491 2249 2611 2287 cum
2658 2235 2711 2288 in
2752 2235 2921 2304 forma
2969 2235 3067 2291 Dei
3114 2248 3263 2301 esset,
3316 2241 3511 2311 inquit,
3561 2260 3663 2298 non

2091 2321 2327 2391 rapinam
2348 2323 2630 2378 arbitratus
2650 2335 2725 2378 est
2742 2341 2851 2381 esse
2873 2342 2928 2380 se
2949 2327 3195 2397 (aqualem
3220 2329 3349 2395 Deo,
3363 2331 3455 2389 sed
3476 2344 3662 2386 semet-

2089 2412 2257 2481 ipsum
2304 2412 2604 2476 exinanivit,
2646 2413 2870 2482 formam
2917 2417 3050 2475 servi
3080 2414 3369 2488 accipiens,
3417 2420 3473 2474 in
3518 2422 3665 2475 simi-

2089 2507 2362 2561 litudinem
2387 2509 2650 2563 hominum
2674 2508 2864 2579 factus,
2892 2521 2940 2564 et
2962 2510 3141 2566 habitu
3164 2511 3397 2568 inventus
3424 2524 3480 2569 ut
3511 2512 3663 2568 homo
3688 2514 3695 2517 ’

2091 2597 2313 2669 (Philip.
2340 2601 2422 2668 ιι).
2455 2599 2631 2665 Iesse,
2669 2601 3052 2671 interpretatur
3077 2603 3263 2659 insulis
3304 2604 3547 2663 libamen.
3568 2606 3663 2660 ein-

2089 2694 2219 2748 suta:
2242 2691 2499 2748 Ecclesiae
2527 2701 2652 2748 sunt
2681 2694 2746 2748 de
2771 2693 3043 2763 gentibus,
3089 2709 3209 2764 qua:
3248 2694 3301 2748 in
3338 2695 3474 2749 mari
3507 2693 3665 2750 istius

2088 2785 2271 2839 mundi
2312 2783 2519 2854 positaz,
2572 2783 2868 2838 tunduntur
2927 2784 3168 2854 quotidie
3217 2785 3658 2854 persecutionum

2087 2874 2328 2939 aestibus,
2372 2875 2437 2929 de
2486 2874 2682 2944 quibus
2713 2873 2900 2929 insulis
2936 2874 3104 2930 Isaias
3124 2874 3251 2929 dicit
3281 2892 3293 2927 :
3326 2874 3388 2928 In
3407 2873 3662 2927 doctrinis

2088 2964 2375 3033 gloriﬁcate
2402 2946 2706 3029 Dominum,
2732 2964 2786 3016 in
2818 2962 3002 3018 insulis
3047 2964 3209 3017 maris
3238 2978 3422 3018 nomen
3448 2962 3664 3017 Domini

2087 3053 2185 3107 Dei
2216 3052 2404 3107 Israel.
2443 3053 2597 3126 (Isai.
2621 3053 2794 3126 xnv.)
2823 3054 3015 3109 insulre
3043 3069 3171 3124 ergo
3196 3054 3427 3110 libamen
3454 3055 3665 3110 sacriﬁ-

2091 3148 2233 3202 cium
2281 3155 2363 3203 est
2401 3149 2643 3218 corporis
2681 3156 2736 3204 et
2762 3149 3037 3218 sanguinis
3056 3148 3287 3214 Domini,
3314 3148 3456 3218 quod
3485 3150 3667 3219 quoti-

2090 3238 2174 3293 die
2195 3247 2378 3293 sancta
2399 3238 2637 3294 Ecclesia
2661 3254 2783 3294 cum
2809 3239 2948 3294 votis
2982 3248 3037 3294 et
3060 3239 3306 3295 laudibus
3333 3239 3442 3294 Deo
3464 3237 3667 3294 oil‘erre

2090 3326 2247 3389 solet,
2298 3327 2867 3383 commemorationem
2916 3328 3075 3398 digne
3116 3343 3281 3399 agens
3311 3329 3580 3398 passionis
3608 3338 3665 3384 et

2091 3415 2503 3471 resurrectionis
2546 3416 2858 3471 Dominicar.
2928 3417 3116 3484 David,
3170 3416 3533 3471 desiderabilis
3574 3416 3662 3471 vel

2091 3507 2245 3576 fortis
2270 3521 2455 3573 manu,
2486 3507 2618 3562 nulli
2639 3508 2861 3585 dubium
2905 3509 3034 3579 quin
3055 3508 3332 3564 Christum
3368 3508 3661 3580 signiﬁcet,

2088 3598 2156 3653 de
2184 3613 2291 3667 quo
2326 3596 2613 3654 Psalmista
2632 3599 2707 3654 ait
2737 3613 2752 3652 :
2793 3597 3070 3670 Speciosus
3090 3599 3260 3670 forma
3280 3616 3389 3669 prie
3413 3599 3543 3668 ﬁliis
3565 3600 3663 3655 Iso-

2088 3686 2288 3742 minum
2342 3685 2515 3760 (Psal.
2571 3691 2743 3763 xuv),
2806 3700 2863 3747 et
2914 3692 3080 3746 item:
3110 3691 3407 3754 Dominus,
3458 3692 3657 3762 inquit,

2090 3778 2264 3847 fortis,
2289 3778 2543 3836 Dominus
2563 3791 2743 3852 potens
2772 3783 2828 3836 in
2866 3783 3049 3853 pretio
3072 3783 3243 3855 ((Psal.
3268 3784 3428 3854 mit)
3464 3803 3476 3838 :
3503 3784 3662 3855 cujus

2087 3880 2237 3940 gesta
2260 3870 2530 3940 quomodo
2580 3872 2856 3928 Dominica
2882 3873 3021 3929 facta
3051 3873 3371 3945 signiﬁcent,
3403 3882 3665 3928 tractato-

2090 3973 2178 4014 res
2206 3967 2512 4015 sanctarum
2563 3950 2964 4032 Scripturarum
3002 3962 3328 4018 sucienter
3358 3970 3658 4032 exponunt.

2090 4046 2343 4104 Salomon
2397 4066 2609 4121 quoque
2631 4065 2723 4106 rex
2747 4059 2802 4106 et
2831 4052 2971 4107 ﬁlius
3007 4053 3173 4123 regis,
3217 4052 3311 4124 qui
3336 4053 3664 4123 interpreta-

2091 4147 2178 4219 tus
2203 4140 2408 4206 Latine,
2456 4149 2614 4197 sonat
2649 4142 2921 4213 paciﬁcus,
2960 4143 3049 4199 vel
3080 4153 3299 4214 pacatus
3341 4144 3457 4210 erit,
3505 4143 3659 4198 illum

2089 4232 2308 4287 denotat
2328 4235 2394 4289 de
2422 4248 2530 4304 quo
2553 4233 2823 4304 Propheta
2842 4245 3115 4305 precatur,
3141 4235 3325 4291 dicens
3347 4234 3541 4298 :Deus,
3561 4234 3663 4304 ju-

2088 4322 2281 4376 dicium
2309 4332 2456 4377 tuum
2493 4322 2620 4394 Regi
2664 4325 2757 4391 da,
2800 4335 2850 4379 et
2879 4324 3141 4395 justitiam
3169 4336 3315 4380 tuam
3351 4325 3462 4395 ﬁlio
3498 4324 3665 4396 Regis

2090 4408 2258 4481 (Psal.
2287 4411 2455 4482 LXXI).
2481 4411 2548 4466 Et
2570 4412 2730 4482 paulo
2753 4422 2877 4483 post
2912 4430 2927 4466 :
2964 4411 3198 4480 Orietur,
3230 4414 3427 4484 inquit,
3459 4416 3518 4467 in
3543 4399 3664 4468 die-

2088 4500 2184 4554 bus
2211 4501 2325 4569 ejus
2363 4502 2577 4571 justitia
2604 4511 2653 4556 et
2700 4502 3022 4557 abundantia
3042 4505 3209 4573 pacis,
3249 4503 3413 4558 donec
3436 4502 3667 4558 extolla-

2086 4597 2172 4643 tur
2193 4589 2362 4654 luna;
2414 4600 2460 4645 et
2480 4590 2834 4646 dominabitur
2878 4610 2912 4646 a
2945 4595 3081 4647 mari
3110 4610 3271 4665 usque
3311 4594 3381 4648 ad
3408 4611 3575 4659 mare,
3612 4605 3665 4648 et

2087 4695 2121 4732 a
2145 4680 2359 4748 ﬂumine
2380 4696 2541 4748 usque
2573 4680 2642 4734 ad
2665 4683 2912 4737 terminos
2936 4682 3075 4738 orbis
3099 4692 3252 4739 terra:
3276 4681 3487 4769 (Πρω).
3504 4683 3667 4750 Quod

2029 4806 2033 4812 .
2086 4775 2268 4821 autem
2297 4776 2446 4837 gesta
2507 4768 2737 4838 plurima
2790 4770 3116 4839 Salomonis,
3164 4781 3220 4829 et
3250 4768 3483 4828 maxime
3515 4775 3666 4843 quod

2087 4856 2342 4926 templum
2393 4858 2620 4915 Domino
2660 4875 2783 4916 cum
2844 4863 2995 4918 omni
3042 4864 3222 4919 studio
3271 4872 3328 4919 et
3376 4864 3665 4934 diligentia

2089 4945 2397 5014 aediﬁcavit,
2452 4948 2677 5020 ﬁguram
2725 4950 3022 5010 Salvatoris
3065 4956 3238 5011 nostri
3279 4964 3337 5012 et
3402 4956 3665 5014 Ecclesiae

2090 5044 2326 5102 teneant,
2373 5054 2475 5095 non
2502 5049 2587 5097 est
2614 5043 2872 5113 ignotum.
2918 5044 3180 5113 Rohoam,
3232 5050 3452 5120 impetus
3475 5052 3667 5122 populi

2088 5129 2189 5182 mei
2214 5126 2619 5201 interpretatur,
2652 5142 2707 5189 et
2751 5136 3018 5207 signiﬁcat
3057 5139 3291 5196 velocem
3333 5151 3667 5199 conventum

2088 5219 2406 5289 populorum
2425 5223 2493 5278 ad
2516 5224 2674 5281 ﬁdem
2700 5225 2901 5287 Christi
2921 5239 3041 5299 post
3066 5232 3492 5290 incarnationem
3519 5236 3661 5307 ejus.

2090 5307 2243 5375 Quod
2283 5309 2551 5382 Propheta
2599 5315 2653 5370 in
2688 5315 2897 5387 Spiritu
2934 5320 3238 5390 praevidens
3278 5322 3352 5377 ait
3411 5341 3424 5376 :
3465 5322 3664 5379 Omnes

2090 5408 2264 5468 gentes
2312 5416 2646 5476 quascunque
2700 5405 2886 5476 fecisti,
2933 5410 3136 5464 venient
3152 5419 3201 5465 et
3226 5411 3520 5465 adorabunt
3566 5429 3663 5466 eo-

2092 5502 2203 5539 ram
2224 5497 2292 5553 te,
2318 5489 2556 5558 Domine,
2580 5503 2627 5548 et
2649 5494 3065 5566 honoriﬁcabunt
3092 5516 3278 5555 nomen
3309 5514 3456 5555 tuum
3482 5501 3658 5571 (Psai.

2092 5577 2309 5650 uxxv).
2358 5580 2514 5647 Abia,
2539 5583 2593 5638 in
2616 5595 2859 5641 nostram
2896 5587 3134 5659 linguam
3158 5592 3491 5646 convertitur
3509 5603 3663 5661 pater

2091 5666 2350 5736 dominus,
2402 5674 2747 5745 ostenditque
2784 5676 2930 5732 illum
2963 5679 3028 5735 de
3069 5696 3176 5750 quo
3224 5683 3483 5751 propheta
3531 5685 3655 5735 ait:
