3970 6198
272 296 366 351 741
1227 292 1574 351 ΕΟΜΜΕΧΤ.
1618 293 1684 349 IN
1724 295 1859 350 ΜΑΤ

1960 269 2157 354 must;
2183 327 2247 336 —
2285 295 2410 349 uo.
2447 293 2487 348 ι.
3412 292 3516 348 ita

266 404 527 461 Parvulas
560 414 710 457 natus
735 412 810 458 est
850 404 1015 469 nobis,
1046 414 1094 458 et
1134 405 1276 474 filius
1301 405 1457 458 datus
1486 415 1560 458 est
1586 405 1752 469 nobis,
1793 416 1839 458 et
1870 413 1915 469 Α
1949 407 2217 460 nitentium
2245 406 2307 459 ab
2348 405 2583 459 omnibus
2603 404 2825 475 peccatis
2846 404 2975 471 suis,
3005 422 3121 477 qua:
3145 415 3385 475 operatus
3416 418 3513 473 est,

267 499 438 567 factus
480 496 802 564 principatus
832 494 949 564 ejus
966 511 1119 563 super
1139 494 1408 546 humerum
1431 495 1568 564 ejus,
1596 505 1641 547 et
1690 511 1843 549 voca-
1942 506 1989 547 et
2029 494 2331 547 custodierit
2363 494 2601 549 universa
2632 505 2890 563 pra’cepta
2937 510 3071 557 mea,
3099 504 3147 548 et
3174 495 3350 564 fecerit
3367 497 3520 565 judi-

269 588 408 640 bitur
442 601 627 640 nomen
649 586 763 654 ejus
797 586 1144 649 admirabilis,
1176 585 1530 648 consiliarius,
1564 585 1702 639 Deus
1733 586 1843 655 for—
1942 582 2080 634 cium
2117 590 2164 635 et
2178 581 2463 650 justitiam,
2492 584 2593 635 vita
2627 582 2774 646 vivet,
2799 592 2844 635 et
2868 599 2969 636 non
2992 584 3262 648 morietur,
3287 588 3519 639 omnium

273 678 359 739 tis,
396 675 758 751 palcr‘fttlurl
807 675 1007 737 swculi,
1058 658 1296 747 princeps
1332 677 1496 747 pacis,
1536 686 1591 731 et
1634 676 1841 747 reliqua
1939 679 2268 740 peccatorum
2315 670 2451 740 ejus,
2505 687 2621 740 qute
2660 682 2902 741 operatus
2946 684 3038 733 est.
3077 690 3180 727 non
3208 676 3521 728 recordabar

274 768 431 835 (lsai.
460 768 557 837 ιχ).
591 768 717 830 Asa,
746 767 929 821 tollens
957 767 1070 822 sive
1108 768 1373 831 attollens,
1405 769 1674 840 signiﬁcat
1717 783 1842 822 eum
1883 801 1890 807 ι

178 882 185 887 σ
272 860 337 913 de
358 874 464 925 quo
488 855 723 910 Joannes
748 856 880 911 dicit
907 874 919 910 :
948 856 1081 910 Ecce
1102 874 1266 927 agnus
1314 857 1429 923 Dei,
1460 874 1573 911 ecce
1597 859 1685 929 qui
1709 856 1845 910 tollit

271 961 483 1019 peccata
516 949 697 1002 mundi
728 946 911 1018 (Joan.
952 947 1013 1015 ι).
1051 949 1111 1002 Et
1154 951 1415 1020 propheta
1471 949 1718 1004 Ezechiel
1776 964 1845 1004 ex

274 1055 498 1109 persona
541 1039 751 1093 Domini
780 1040 845 1091 de
897 1042 1281 1095 convocatione
1307 1041 1544 1112 gentium
1599 1040 1843 1109 loquens,

208 1194 217 1203 η
273 1133 388 1185 ait:
426 1129 627 1184 Tollam
683 1146 767 1184 ros
806 1131 869 1184 de
894 1132 1150 1203 gentibus,
1205 1144 1252 1186 et
1308 1131 1627 1202 congregubo
1658 1148 1745 1184 vos
1782 1131 1847 1185 de

275 1219 529 1272 universis
576 1217 752 1280 terris,
780 1227 828 1272 et
858 1218 1105 1272 inducam
1155 1235 1239 1273 vos
1276 1221 1330 1273 in
1364 1230 1557 1272 terram
1602 1229 1846 1284 vestram,

275 1311 350 1363 ait
398 1308 655 1364 Dominus
693 1309 828 1365 Deus
895 1307 1108 1381 (Ezech.
1151 1311 1360 1382 xxxvi).
1409 1309 1687 1382 Josaphat,
1742 1313 1849 1382 ipse

267 1400 545 1468 judicans,
587 1394 907 1461 10411119ιὶιή
949 1398 1204 1455 Dominus
1242 1401 1525 1471 judicabit,
1578 1404 1847 1472 interpre-

278 1488 381 1543 tari
409 1480 582 1558 potést
612 1506 625 1543 :
656 1489 799 1559 quod
829 1489 903 1543 illi
934 1492 1169 1546 maxime
1191 1493 1462 1557 convenit,
1495 1495 1561 1549 de
1590 1509 1697 1563 quo
1716 1493 1850 1548 scri-

276 1591 429 1649 ptum
454 1584 577 1635 est:
610 1580 821 1635 Paravit
842 1581 893 1635 in
915 1580 1119 1650 judicio
1153 1583 1325 1637 sedem
1353 1600 1524 1649 suam,
1560 1594 1609 1637 et
1636 1585 1743 1653 ipse
1757 1584 1852 1653 ju-

276 1670 474 1723 dicabit
511 1670 681 1745 orbem
714 1680 867 1725 terra:
900 1672 950 1724 in
972 1675 1211 1741 (equitate
1246 1671 1417 1743 (Psal.
1454 1675 1552 1740 ιχ).
1585 1674 1653 1729 Et
1679 1676 1847 1733 item:

1943 756 2159 831 (Ezech.
2209 774 2363 824 xvm,
2421 759 2635 829 χχχιιι).
2664 760 2729 814 Et
2757 761 2809 813 in
2858 761 3148 832 Evangelia
3181 764 3295 833 ipse
3326 767 3391 819 ad
3420 781 3514 835 pa-

1944 847 2228 920 ralyticum
2258 850 2334 903 ait
2372 848 2641 917 :Couﬁde,
2669 850 2771 918 ﬁli,
2822 853 3163 906 dimittuntur
3187 855 3280 907 tibi
3306 867 3518 924 peccata

1944 945 2034 990 tua
2063 936 2275 1007 (Matth.
2306 941 2404 1010 ιχ).
2445 939 2617 994 Amou
2637 940 2809 1009 fidelis
2846 944 2959 997 sive
3012 946 3292 1010 nutricius,
3328 946 3414 1000 ille
3440 956 3522 1001 est

1946 1027 2012 1081 de
2060 1044 2169 1099 quo
2190 1030 2319 1086 dicit
2345 1029 2668 1086 Psalmista:
2703 1031 2905 1087 Fidelis
2958 1034 3212 1089 Dominus
3249 1038 3301 1090 in
3354 1040 3523 1091 omni-

1947 1117 2041 1173 bus
2063 1120 2227 1173 verbis
2271 1122 2403 1186 suis,
2447 1131 2493 1175 et
2518 1108 2749 1176 sanctus‘
2774 1124 2829 1175 in
2858 1125 3096 1177 omnibus
3124 1125 3361 1193 aperibus
3413 1128 3523 1182 suis

1948 1206 2121 1278 (Psal.
2151 1211 2354 1283 cxmv).
2392 1212 2590 1266 Fidelis
2628 1223 2806 1267 autem
2838 1214 2963 1269 inde
3010 1216 3226 1279 dicitur,
3253 1219 3377 1287 quia
3409 1216 3525 1285 «jus

1948 1310 2076 1355 sunt
2112 1301 2381 1370 promissa
2429 1317 2641 1372 semper
2668 1318 2816 1367 vera,
2862 1319 2981 1372 qua:
3012 1306 3064 1358 in
3094 1309 3358 1362 utramvis
3414 1311 3524 1363 sint

1949 1400 2184 1460 partem,
2223 1395 2488 1463 speranda
2521 1403 2647 1448 sunt
2675 1399 2880 1466 pariter
2900 1405 2956 1450 et
2990 1399 3343 1465 pavescenda.
3376 1399 3522 1465 Quo-

1952 1482 2112 1542 modo
2163 1497 2293 1554 ergo
2332 1485 2599 1539 nutricius
2651 1486 2740 1549 sit,
2797 1486 3034 1540 ostendit
3058 1487 3193 1557 ipse,
3240 1487 3427 1542 dicens
3458 1489 3525 1541 ad

1953 1571 2142 1627 urbem
2185 1575 2545 1642 peccatricem
2591 1594 2606 1629 :
2653 1576 2972 1643 Jerusalem,
3019 1578 3336 1644 Jerusalem,
3408 1598 3527 1651 qua:

1953 1663 2145 1717 occidis
2171 1665 2467 1735 prophetas,
2492 1676 2544 1741 et
2584 1666 2787 1738 lapidas
2813 1686 2896 1721 eos
2915 1671 3005 1739 qui
3035 1670 3104 1723 ad
3133 1680 3181 1723 te
3210 1672 3352 1725 missi
3381 1681 3523 1736 sunt,

280 1761 538 1815 Dominus
574 1758 840 1831 judicabit
865 1761 994 1831 ﬁnes
1024 1770 1198 1817 terra.
1232 1764 1299 1818 Et
1326 1764 1439 1834 ipsa
1466 1764 1677 1821 Veritas
1701 1767 1770 1821 de
1791 1782 1850 1821 se

1960 1756 2149 1824 quoties
2179 1755 2318 1809 volui
2373 1772 2684 1827 congregare
2733 1758 2872 1825 filios
2908 1770 3045 1824 tuos,
3088 1764 3525 1828 quemadmodum

278 1853 359 1906 ait
389 1872 400 1906 :
438 1852 593 1906 Pater
616 1870 718 1907 non
736 1854 946 1924 judical
964 1857 1398 1926 quemquam,sed
1424 1872 1574 1915 omne
1587 1858 1851 1927 judicium

275 1944 421 2001 dedit
454 1942 565 2012 ﬁlio
611 1940 791 2015 (Joan.
829 1944 904 2016 v).
943 1940 1144 2010 Joram,
1187 1945 1275 1998 ubi
1313 1954 1388 1999 est
1435 1945 1717 2001 excelsus?
1760 1957 1854 2001 aut

273 2037 395 2103 quis
426 2042 502 2087 est
522 2033 795 2088 excelsus?
817 2034 911 2089 sed
938 2035 1127 2090 melius
1146 2034 1533 2102 sublimabitur,
1574 2053 1734 2107 quem
1774 2038 1849 2092 si-

274 2130 523 2198 gniﬁcat,
553 2128 657 2184 nisi
687 2129 832 2183 illum
858 2130 923 2184 de
946 2146 1053 2199 quo
1085 2130 1159 2185 ait
1201 2130 1404 2185 Isaias:
1438 2129 1567 2185 Iltrc
1611 2132 1743 2185 dixit
1763 2149 1855 2186 ea:-

273 2221 469 2285 ce’sus,
502 2229 552 2274 et
571 2220 825 2282 sublimis,
854 2220 1095 2274 habitans
1122 2220 1175 2274 in
1214 2221 1524 2286 mternitate,
1551 2231 1596 2287 et
1614 2232 1853 2275 sanctum

275 2329 470 2367 nomen
500 2314 640 2384 ejus,
668 2314 723 2367 in
756 2312 979 2376 excelsa,
1009 2322 1054 2366 et
1078 2313 1133 2365 in
1154 2322 1339 2366 sancto
1363 2313 1626 2377 habitans,
1660 2324 1707 2367 et
1736 2330 1855 2367 cum

273 2406 503 2460 contrito
529 2416 575 2459 et
592 2395 774 2470 humili
797 2406 1004 2475 spiritu,
1046 2415 1099 2457 ut
1145 2404 1358 2472 viviﬁcet
1389 2405 1628 2473 spiritum
1681 2404 1854 2457 humi-

271 2498 408 2551 lium
430 2507 476 2551 et
490 2514 581 2552 cor
603 2494 943 2553 contritorum
961 2494 1153 2565 ?(lsai.
1178 2494 1331 2565 Lvn.)
1349 2495 1414 2549 Et
1440 2494 1722 2549 Psalvnista
1748 2495 1851 2549 ait:

274 2587 414 2653 Quis
440 2588 576 2641 sicut
602 2585 855 2640 Dominus
894 2585 1032 2639 Deus
1056 2593 1248 2649 noster,
1299 2584 1387 2656 qui
1413 2584 1464 2638 in
1492 2583 1613 2638 altis
1633 2584 1856 2649 habitat,

272 2689 322 2731 et
358 2678 582 2732 humilia
625 2677 832 2747 respicit
876 2677 929 2730 in
966 2676 1095 2730 caelo
1111 2686 1156 2730 et
1182 2678 1236 2730 in
1262 2676 1450 2730 terra?
1500 2674 1673 2748 (Psal.
1700 2675 1855 2747 εχιι.)

271 2768 345 2821 Ει
378 2768 492 2837 ipse
519 2767 777 2822 Dominus
801 2767 854 2822 in
882 2765 1171 2837 Evangelio
1194 2767 1269 2820 ait
1296 2784 1309 2820 :
1342 2766 1512 2821 Nemo
1540 2766 1778 2822 ascendit
1799 2766 1856 2820 in

273 2858 494 2921 cazlum,
532 2858 631 2910 nisi
654 2858 743 2927 qui
771 2857 1030 2911 descendit
1053 2859 1116 2910 de
1142 2857 1288 2920 caelo,
1341 2857 1481 2926 ﬁlius
1506 2858 1730 2913 hominis
1768 2856 1861 2927 qui

272 2961 329 2997 es
380 2945 436 2997 in
482 2945 607 2996 cw'o
652 2944 830 3014 (Joan.
865 2945 967 3013 ιιι).
1010 2943 1189 3007 Ozias,
1246 2945 1298 3000 id
1338 2955 1444 3010 est,
1484 2946 1725 3000 robustus
1745 2943 1856 2999 Do-

276 3035 439 3099 mini,
476 3033 558 3088 vel
584 3034 834 3103 fortitudo
868 3035 1093 3103 Domini,
1129 3036 1215 3092 ille
1241 3045 1344 3101 est,
1372 3037 1438 3090 de
1460 3051 1566 3106 quo
1599 3036 1714 3105 ipse
1741 3035 1859 3090 Sal-

1952 1844 2151 1914 gallina
2181 1856 2456 1916 congregat
2495 1845 2665 1915 pullos
2692 1864 2814 1901 suos
2839 1848 2932 1902 sub
2963 1850 3074 1904 alas
3098 1868 3243 1915 suas,
3277 1862 3323 1905 et
3358 1854 3524 1907 nolui-

1953 1935 2061 1988 sti?
2093 1933 2305 2004 (Matth.
2345 1937 2525 2008 χχιιι.)
2570 1936 2767 2002 Josias,
2805 1939 2895 2008 qui
2932 1940 3318 2010 interpretatur
3338 1945 3425 1998 ubi
3452 1955 3526 1999 est

1954 2026 2219 2079 incensum
2252 2026 2484 2091 Domini,
2518 2028 2599 2082 vel
2635 2030 2689 2082 in
2747 2046 2849 2099 quo
2884 2040 2958 2084 est
3006 2031 3269 2087 incensum
3292 2035 3524 2103 Domini,

1954 2116 2033 2171 vel
2078 2116 2291 2197 Domini
2314 2117 2477 2180 salus,
2520 2118 2665 2172 illum
2691 2120 2958 2189 signiﬁcat
3005 2122 3071 2176 de
3121 2124 3306 2191 quoin
3355 2126 3526 2181 Evan-

1953 2206 2092 2276 gelio
2145 2207 2402 2277 scriptum
2456 2217 2555 2269 est,
2609 2208 2743 2278 fugit
2782 2209 2835 2263 in
2892 2218 3115 2265 montem
3167 2211 3313 2266 solus
3366 2231 3518 2268 orare

1956 2297 2151 2366 (Matth
2182 2314 2270 2353 xiv
2296 2315 2310 2363 ;
2340 2298 2447 2353 Luc
2472 2299 2571 2370 ιχ).
2612 2300 2676 2354 Et
2704 2301 2832 2355 item
2858 2301 2925 2356 de
2954 2318 3018 2356 eo
3061 2302 3191 2359 dicit
3216 2321 3228 2357 :
3258 2304 3428 2372 factus
3450 2317 3527 2362 est

1955 2388 2008 2442 in
2056 2389 2322 2457 agoniam,
2376 2398 2425 2442 et
2462 2389 2718 2459 prolixius
2760 2393 2940 2444 orabat
2987 2390 3136 2462 (Luc.
3180 2393 3336 2465 χιιι).
3377 2395 3529 2466 Quth

1956 2493 2083 2533 vero
2120 2480 2396 2532 incensum
2442 2480 2743 2535 orationem
2782 2482 3068 2552 signiticet,
3127 2485 3408 2539 Psalmista
3450 2496 3530 2540 te-

1956 2579 2131 2625 statur
2156 2571 2340 2626 dicens
2367 2590 2379 2624 :
2404 2570 2678 2642 Dirigatur
2705 2574 2871 2627 oratio
2898 2590 3010 2628 mea
3031 2575 3164 2628 sicut
3186 2576 3448 2630 incensum
3476 2578 3531 2631 in

1956 2671 2228 2731 conspectu
2265 2672 2355 2716 tuo
2401 2663 2573 2735 (Psal.
2616 2664 2759 2726 CXL).
2809 2665 2940 2732 Quis
2977 2675 3155 2721 autem
3202 2668 3275 2721 sit
3318 2668 3527 2723 Domini

1957 2752 2105 2810 salus
2133 2752 2300 2810 Isaias
2324 2770 2388 2811 ex
2418 2770 2649 2826 persona
2675 2756 2884 2812 Domini
2916 2757 3159 2828 loquens,
3195 2761 3425 2815 ostendit
3453 2762 3573 2830 (li-~

1956 2861 2088 2902 cens
2115 2863 2127 2899 :
2161 2845 2324 2901 Terra
2352 2848 2484 2902 sicut
2528 2850 2887 2904 uestimentum
2931 2838 3197 2916 atteretur,
3228 2863 3276 2906 et
3323 2853 3533 2908 habita-

1958 2947 2095 2993 tores
2140 2939 2254 3009 ejus
2298 2940 2433 2995 sicut
2478 2942 2588 2996 htec
2624 2943 2943 3009 interibunt;
2998 2944 3142 3000 solus
3193 2956 3364 3001 autem
3408 2966 3520 3002 mea

1958 3031 2014 3084 in
2058 3033 2426 3103 sempiternum
2453 3034 2550 3089 erit
2577 3034 2711 3106 (lsa.
2737 3035 2842 3105 LI);
2870 3035 2958 3089 ille
2983 3037 3169 3107 utique
3190 3040 3310 3109 qui,
3335 3041 3524 3110 augt-lo

282 3134 447 3177 vatur
478 3124 528 3177 in
554 3124 842 3194 Evangelio
864 3126 940 3180 ait
969 3140 983 3179 :
1014 3124 1145 3180 Cum
1171 3126 1323 3197 fortis
1347 3136 1582 3181 armatus
1630 3124 1856 3179 custodit
1885 3116 1930 3179 Ο
1964 3129 2119 3186 teste,
2168 3122 2369 3178 salvum
2391 3124 2547 3195 faciet
2577 3124 2824 3195 populant
2859 3141 3012 3181 suum
3046 3144 3077 3180 a
3098 3132 3323 3198 peccatis
3352 3148 3532 3184 eorum

280 3218 485 3269 atrium
507 3232 684 3279 suum,
708 3217 765 3270 in
789 3234 915 3287 pace
940 3228 1060 3271 sunt
1083 3218 1259 3273 omnia
1288 3234 1403 3288 qum
1432 3217 1688 3288 possidet;
1710 3217 1755 3271 si
1771 3234 1862 3271 au-

280 3314 389 3359 tem
428 3305 616 3374 fortior
652 3305 740 3359 illo
789 3309 1169 3376 superveniens,
1215 3309 1390 3363 vicerit
1445 3325 1585 3373 eum,
1623 3310 1861 3363 universa

281 3398 405 3468 ejus
435 3414 582 3451 arma
605 3398 804 3468 auferet
827 3400 881 3453 in
910 3400 1095 3471 quibus
1114 3400 1424 3469 confidebat,
1450 3410 1498 3455 et
1519 3400 1684 3470 spolia
1716 3400 1860 3455 illius

283 3486 567 3540 distribuet
629 3486 779 3559 (Luc.
839 3487 901 3561 ι).
952 3488 1070 3559 Ipse
1108 3490 1305 3560 quippe
1356 3489 1654 3559 principem
1703 3489 1862 3560 hujus

285 3576 478 3632 mundi
501 3575 658 3646 t'jecit
683 3576 846 3643 foras,
868 3579 991 3649 quia
1026 3598 1039 3633 :
1075 3579 1296 3634 Dextera
1322 3577 1533 3634 Domini
1554 3579 1674 3649 fecit
1696 3580 1861 3633 virtu-

285 3679 416 3732 tem,
432 3679 481 3723 et
494 3670 745 3739 fortitudo
759 3689 821 3726 ac
847 3671 1079 3727 laudatio
1096 3683 1294 3735 nostra,
1316 3672 1568 3729 Dominus
1594 3672 1765 3741 factus
1786 3681 1862 3728 est

288 3760 443 3815 nobis
489 3762 543 3815 in
581 3763 800 3817 salutem
832 3762 1006 3835 (Psal.
1062 3764 1247 3838 cxvu).
1285 3763 1534 3820 Joatham
1562 3780 1707 3830 vero,
1740 3781 1862 3819 con-

286 3860 603 3917 summotus,
632 3853 717 3907 vel
734 3854 1011 3924 perfectus,
1038 3856 1306 3927 signiﬁcat
1327 3856 1473 3911 illum
1506 3857 1573 3911 de
1595 3873 1701 3926 quo
1732 3856 1864 3911 dicit

288 3943 585 4013 Apostolus
616 3964 628 3998 :
663 3943 1064 4001 Consummatus
1103 3948 1275 4017 factus
1296 3957 1369 4010 est
1399 3948 1635 4002 omnibus
1669 3946 1866 4001 obtem-

286 4036 593 4092 perantibus
612 4036 712 4091 sibi
741 4055 900 4094 causa
921 4040 1108 4095 salutis
1133 4050 1339 4097 (sternte
1362 4039 1545 4111 (llebr.
1569 4039 1644 4112 v).
1671 4040 1738 4096 Et
1753 4041 1867 4111 ipse

290 4124 346 4178 in
401 4122 688 4195 Evangelio
724 4126 802 4181 ait
833 4145 846 4181 :
876 4126 998 4181 Non
1050 4137 1126 4182 est
1174 4127 1460 4198 discipulus
1509 4143 1666 4198 super
1700 4130 1868 4200 magi-

287 4224 462 4266 strum
490 4213 701 4286 (Matth.
754 4215 831 4289 χ).
862 4215 1131 4286 Perfectus
1178 4227 1351 4273 autem
1377 4216 1546 4271 omnis
1584 4216 1704 4283 erit,
1727 4217 1773 4272 si
1797 4218 1867 4272 sit

289 4303 432 4356 sicut
476 4306 723 4375 magister
769 4306 883 4377 ejus
912 4304 1062 4379 (Luc.
1100 4307 1200 4379 γι).
1233 4307 1435 4374 Achar,
1473 4308 1525 4363 id
1562 4316 1665 4375 est,
1691 4310 1863 4365 conti-

290 4412 447 4460 nens,
493 4396 605 4452 sive
645 4398 1101 4468 comprehendens,
1151 4397 1241 4454 ille
1288 4400 1551 4455 veraciter
1602 4408 1714 4466 est,
1770 4399 1864 4471 qui

1965 3212 2183 3284 (Matth.
2226 3215 2286 3287 ι).
2330 3213 2637 3282 Jechonias,
2674 3233 2999 3287 prtrparans,
3050 3220 3165 3275 sive
3216 3224 3533 3291 pra’paratio

1964 3300 2131 3367 dicit;
2174 3313 2231 3360 et
2272 3304 2418 3369 illum
2454 3307 2727 3375 signiﬁcat
2762 3308 2828 3362 de
2849 3322 2957 3377 quo
2987 3308 3154 3364 Isaias
3182 3311 3258 3364 ait
3307 3325 3321 3364 :
3356 3309 3415 3363 In
3441 3329 3529 3365 no-

1962 3395 2184 3451 vissimis
2220 3396 2399 3452 diebus
2427 3407 2526 3452 erit
2567 3407 2894 3468 praparatus
2923 3415 3072 3454 mons
3105 3401 3292 3455 domus
3318 3401 3533 3455 Domini

1958 3486 2018 3540 in
2040 3487 2225 3542 vertice
2263 3489 2538 3555 montium,
2571 3500 2620 3543 et
2655 3489 2936 3544 elevabitur
2962 3508 3118 3559 super
3136 3490 3311 3556 colles,
3338 3503 3387 3546 et
3408 3510 3533 3545 con-

1961 3578 2125 3644 ﬂuem
2156 3579 2228 3633 ad
2271 3596 2388 3633 eum
2439 3596 2616 3636 omnes
2658 3589 2835 3650 gentes
2881 3580 3034 3652 (lsai.
3076 3581 3157 3653 ιι).
3200 3582 3268 3637 Ει
3313 3584 3426 3653 ipse
3480 3583 3534 3637 in

1965 3669 2258 3741 Evangelio
2282 3660 2561 3741 discipulis
2590 3672 2703 3726 suis
2721 3671 2799 3725 ait
2831 3688 2845 3725 :
2878 3671 2940 3726 Si
2959 3671 3155 3735 abiero,
3185 3681 3234 3725 et
3262 3689 3532 3741 propora—

1965 3780 2083 3818 vero
2111 3762 2253 3817 vobis
2295 3763 2491 3827 locum,
2528 3763 2715 3816 iterum
2737 3762 2961 3822 veniam,
3000 3771 3046 3814 et
3070 3761 3321 3830 accipiam
3351 3778 3433 3815 ros
3464 3764 3533 3817 ad

1965 3855 2245 3919 meipsum,
2283 3862 2343 3908 ut
2383 3855 2472 3907 ubi
2515 3869 2613 3924 ego
2654 3870 2793 3919 sum,
2838 3862 2887 3905 et
2908 3869 2996 3905 eos
3020 3852 3133 3907 sitis
3174 3861 3358 3915 (Joan.
3395 3855 3529 3924 XIV).

1965 3945 2267 4001 Notandum
2307 3928 2510 4010 autem,
2559 3946 2701 4015 quod
2733 3945 2779 4000 si
2819 3943 3028 4001 Joakim
3067 3952 3122 3999 et
3158 3943 3381 4000 Joachin
3425 3946 3536 3999 dis-

1966 4037 2299 4107 tinguuntur,
2323 4036 2377 4091 id
2391 4044 2494 4099 est,
2522 4042 2675 4105 pater
2698 4043 2753 4090 et
2774 4033 2937 4098 ﬁlius,
2953 4034 3103 4103 prior
3128 4033 3336 4087 Domini
3366 4050 3538 4087 resur-

1966 4131 2144 4194 rectio,
2168 4143 2401 4198 sequens
2435 4127 2644 4181 Domini
2668 4126 2985 4195 pra'paratio
3010 4124 3223 4186 dicitur,
3252 4132 3536 4193 quaeutra-

1958 4235 2069 4291 que
2112 4218 2337 4275 Domino
2363 4218 2583 4275 Christo
2608 4217 2745 4272 bene
2770 4214 3114 4276 conveniunt,
3143 4211 3267 4282 quia
3290 4213 3404 4282 ipse
3425 4224 3532 4277 est,

1965 4311 2055 4380 qui
2092 4308 2384 4365 secundum
2408 4307 2793 4378 prophetarum
2819 4303 2986 4369 dicta,
3016 4312 3071 4359 et
3097 4303 3389 4359 secundum
3416 4319 3537 4375 pro-

1967 4404 2276 4473 missionem
2322 4418 2497 4467 suam,
2539 4399 2695 4457 tertia
2740 4398 2827 4456 die
2875 4413 2907 4453 a
2940 4398 3166 4453 mortuis
3214 4401 3532 4467 resurrexit,

290 4486 433 4542 dixit
465 4501 480 4540 :
511 4485 701 4541 Omnia
769 4504 1090 4561 quiscunque
1130 4489 1282 4544 habet
1344 4487 1541 4554 Pater,
1592 4507 1708 4544 mea
1745 4496 1865 4545 sunt
1890 4479 1942 4538 D
1970 4506 2120 4547 nosa
2148 4499 2491 4560 peccatorum
2545 4496 2718 4544 morte
2765 4501 3050 4558 resurgere
3084 4485 3233 4552 fecit,
3263 4496 3320 4542 et
3363 4487 3418 4542 in
3448 4489 3536 4544 die

292 4574 485 4644 (Joan.
531 4577 662 4647 xvi).
706 4577 775 4633 Et
810 4577 938 4634 item
965 4592 979 4632 :
1005 4579 1143 4634 Data
1163 4589 1239 4635 est
1262 4580 1413 4644 mihi,
1459 4580 1653 4649 inquit,
1693 4580 1863 4635 omnis

289 4677 537 4741 potestas
559 4669 614 4722 in
658 4669 786 4727 calo
830 4680 879 4725 et
925 4671 980 4724 in
1022 4680 1161 4726 terra
1207 4670 1424 4743 (Matth.
1476 4670 1692 4741 xxvnt).
1743 4669 1864 4741 Ipse

290 4758 495 4829 quippe
522 4768 607 4815 est
635 4774 825 4815 manus
860 4760 976 4824 Dei,
1014 4761 1195 4815 omnia
1219 4760 1521 4825 continens,
1557 4760 1625 4815 de.
1650 4774 1756 4830 qua
1784 4757 1865 4815 di-

290 4850 372 4904 cit
401 4849 662 4919 propheta
690 4869 704 4905 :
729 4848 928 4905 Caelum
948 4852 1121 4921 palmo
1168 4851 1404 4916 metitur,
1445 4860 1494 4905 et
1533 4860 1729 4906 terram
1772 4867 1866 4921 pu-

289 4938 422 5011 gillo
450 4939 711 4995 concludit
750 4940 908 5012 (Isai.
939 4940 1048 5013 χι).
1090 4941 1371 5009 Ezechias,
1413 4944 1718 5015 confortovit
1758 4944 1867 4999 Do-

290 5034 494 5098 minus,
550 5022 635 5088 vel
682 5034 938 5103 fortitudo
971 5030 1203 5099 Domini,
1251 5034 1665 5104 interpretatur,
1718 5035 1866 5090 ilhtm

293 5125 679 5180 demonstrans
706 5125 798 5194 qui
820 5124 1099 5194 discipulis
1131 5124 1243 5180 suis
1270 5126 1344 5180 ait
1377 5144 1392 5181 :
1421 5125 1490 5180 In
1512 5125 1706 5180 mundo
1727 5142 1869 5195 pres-

291 5231 478 5271 suram
516 5214 799 5280 habebitis;
834 5216 925 5269 sed
966 5215 1233 5284 conﬁdite,
1270 5216 1394 5286 quia
1445 5232 1538 5285 ego
1582 5215 1677 5269 rici
1720 5232 1869 5268 mun-

292 5305 424 5358 dum
474 5290 655 5375 (Joan.
709 5305 842 5375 xvi).
886 5305 952 5359 Et
1012 5304 1305 5373 secundum
1353 5304 1667 5360 Danielem:
1710 5303 1869 5374 Lapis

291 5394 531 5450 abscisus
559 5397 806 5454 demente
836 5396 946 5450 sine
967 5396 1206 5450 manibus
1242 5394 1404 5466 (Dan.
1440 5392 1523 5464 ιι),
1551 5394 1868 5448 comminuit

294 5495 518 5552 testam,
553 5486 775 5551 ferrum,
804 5502 895 5552 res,
922 5496 1202 5557 argentum
1234 5494 1290 5541 et
1320 5501 1530 5541 aurum.
1572 5484 1867 5548 Mansisses,

293 5575 601 5643 obliuiosus,
622 5577 738 5647 ejus
763 5586 943 5648 typum
966 5578 1181 5633 nomine
1205 5585 1349 5631 tenet
1375 5591 1437 5630 εχ
1462 5574 1617 5644 cujus
1642 5589 1869 5644 persona

296 5669 553 5727 Ezechiel
582 5672 838 5744 propheta
871 5672 1038 5727 dixit:
1073 5670 1129 5726 Si
1162 5681 1331 5724 autem
1359 5670 1548 5738 impius
1580 5669 1733 5738 egerit
1772 5685 1873 5738 pte-

1964 4582 2155 4653 judicii
2178 4596 2365 4637 omnes
2393 4581 2596 4637 electos
2648 4593 2776 4635 suos
2818 4576 3141 4649 generaliter
3182 4580 3533 4646 resuscitans.

1971 4675 2038 4729 ad
2069 4689 2291 4745 regnum
2317 4673 2506 4727 invitat
2525 4680 2811 4736 aeternum,
2842 4670 3063 4725 dicens:
3100 4668 3300 4734 Venite,
3329 4670 3536 4725 benedi-

1973 4766 2046 4820 cti
2080 4764 2258 4820 Patris
2300 4765 2424 4830 mei,
2453 4763 2700 4835 percipite
2728 4760 3089 4831 regnsnnquod
3131 4760 3271 4815 vobis
3288 4772 3533 4831 paratum

1971 4866 2045 4912 est
2073 4856 2138 4911 ab
2164 4856 2360 4925 origine
2394 4853 2576 4908 mundi
2605 4850 2818 4924 (Matth.
2850 4849 2997 4921 xxv).
3028 4849 3306 4918 Salathiel,
3336 4852 3392 4906 in
3429 4850 3535 4906 La-

1971 4951 2141 5004 tinum
2170 4947 2492 5004 transfertur
2513 4947 2693 5020 petitio
2715 4962 2829 5000 mea
2860 4944 3024 5007 Deus,
3068 4954 3122 5000 et
3144 4945 3272 4999 nulli
3295 4946 3397 5001 hoc
3409 4961 3538 5001 con—

1971 5020 2250 5108 grucntius
2301 5050 2461 5105 quam
2493 5034 2837 5104 Redemptori
2880 5042 3068 5089 nostro
3122 5033 3393 5097 convenit,
3443 5034 3537 5103 qui

1971 5128 2187 5182 Patrem
2237 5141 2336 5197 pro
2361 5123 2636 5194 discipulis
2670 5124 2785 5179 suis
2828 5132 3038 5192 petens.
3089 5121 3267 5176 taliter
3319 5121 3535 5176 locutus

1968 5231 2053 5276 est
2078 5240 2091 5275 :
2117 5218 2278 5274 Pater
2323 5228 2519 5282 sancte,
2569 5234 2713 5271 serva
2734 5233 2820 5270 eos
2843 5217 2897 5269 in
2929 5215 3135 5269 nomine
3153 5224 3261 5277 tuo,
3290 5229 3420 5283 quos
3447 5214 3540 5267 de-

1970 5312 2097 5366 disti
2118 5310 2264 5373 mihi,
2294 5320 2347 5363 ut
2370 5310 2471 5363 sint
2501 5324 2687 5371 unum,
2708 5307 2843 5360 sicut
2871 5315 2918 5359 et
2945 5321 3037 5358 nos
3079 5302 3262 5375 (Joan.
3292 5301 3447 5372 χχιι).
3474 5303 3542 5358 Et

1973 5411 2033 5457 ιιι
2065 5401 2313 5465 ell'eetum
2333 5397 2652 5470 deprecandi
2672 5395 3000 5459 ostenderet,
3028 5393 3187 5463 paulo
3206 5400 3327 5463 post
3354 5393 3542 5448 subdi-

1975 5492 2077 5556 dit,
2106 5490 2291 5545 dicens
2318 5502 2332 5541 :
2365 5486 2486 5540 Non
2515 5501 2607 5555 pro
2639 5484 2719 5537 his
2762 5490 2934 5535 autem
2961 5497 3085 5550 rogo
3111 5490 3331 5544 tantum,
3365 5480 3455 5534 sed
3488 5489 3537 5533 et

1975 5599 2068 5652 pro
2082 5581 2157 5635 eis
2169 5580 2258 5650 qui
2270 5576 2514 5632 credituri
2526 5584 2645 5628 sunt
2659 5589 2750 5631 per
2761 5570 2966 5625 uerbum
2981 5586 3158 5623 eorum
3172 5571 3225 5623 in
3238 5586 3341 5631 me,
3361 5579 3417 5622 ut
3429 5585 3541 5652 oms

1979 5684 2064 5721 nes
2080 5682 2237 5719 unum
2253 5666 2376 5730 sint,
2416 5665 2544 5716 sicut
2574 5670 2628 5712 tu
2645 5656 2805 5710 Pater
2816 5655 2868 5707 in
2881 5670 2980 5719 me,
2995 5664 3041 5708 et
3058 5670 3151 5723 ego
3164 5656 3215 5707 in
3228 5664 3297 5718 te,
3312 5664 3368 5707 ut
3380 5663 3425 5707 et
3441 5651 3539 5719 ipsi
