  <div class='ocr_page' id='page_1' title='image "/cluster/home/n/w/nwhite01/storage/ocr_20150623/107/hvd.32044054759725/378.png"; bbox 0 0 3970 6198; ppageno 0'>
   <div class='ocr_carea' id='block_1_1' title="bbox 290 297 391 352">
    <p class='ocr_par' dir='ltr' id='par_1_1' title="bbox 290 297 391 352">
     <span class='ocr_line' id='line_1_1' title="bbox 290 297 391 352; baseline -0.01 0"><span class='ocrx_word' id='word_1_1' title='bbox 290 297 391 352; x_wconf 63' lang='lat' dir='ltr'><strong>MSS</strong></span> 
     </span>
    </p>
   </div>
   <div class='ocr_carea' id='block_1_2' title="bbox 1236 305 2509 371">
    <p class='ocr_par' dir='ltr' id='par_1_2' title="bbox 1236 305 2509 371">
     <span class='ocr_line' id='line_1_2' title="bbox 1236 305 2509 371; baseline 0.008 -10"><span class='ocrx_word' id='word_1_2' title='bbox 1236 305 1584 364; x_wconf 73' lang='lat' dir='ltr'><strong>COMMENT.</strong></span> <span class='ocrx_word' id='word_1_3' title='bbox 1624 311 1690 365; x_wconf 85' lang='lat' dir='ltr'><strong>IN</strong></span> <span class='ocrx_word' id='word_1_4' title='bbox 1729 311 2166 368; x_wconf 69' lang='lat' dir='ltr'><strong>MATTIIAEUM.</strong></span> <span class='ocrx_word' id='word_1_5' title='bbox 2204 346 2273 353; x_wconf 88' lang='lat'><em>—</em></span> <span class='ocrx_word' id='word_1_6' title='bbox 2313 315 2437 370; x_wconf 85' lang='lat' dir='ltr'><strong>LIB.</strong></span> <span class='ocrx_word' id='word_1_7' title='bbox 2471 315 2509 371; x_wconf 87' lang='grc' dir='ltr'><strong>Ι.</strong></span> 
     </span>
    </p>
   </div>
   <div class='ocr_carea' id='block_1_3' title="bbox 3437 331 3541 384">
    <p class='ocr_par' dir='ltr' id='par_1_3' title="bbox 3437 331 3541 384">
     <span class='ocr_line' id='line_1_3' title="bbox 3437 331 3541 384; baseline -0.01 -1"><span class='ocrx_word' id='word_1_8' title='bbox 3437 331 3496 384; x_wconf 71' lang='lat' dir='ltr'><strong>7i</strong></span> <span class='ocrx_word' id='word_1_9' title='bbox 3510 331 3541 381; x_wconf 78' lang='lat' dir='ltr'><strong>ﬁ</strong></span> 
     </span>
    </p>
   </div>
   <div class='ocr_carea' id='block_1_4' title="bbox 289 408 3535 507">
    <p class='ocr_par' dir='ltr' id='par_1_4' title="bbox 289 408 3535 507">
     <span class='ocr_line' id='line_1_4' title="bbox 289 408 3535 507; baseline 0.008 -43"><span class='ocrx_word' id='word_1_10' title='bbox 289 420 446 471; x_wconf 99' lang='lat' dir='ltr'><strong>trem,</strong></span> <span class='ocrx_word' id='word_1_11' title='bbox 492 410 584 478; x_wconf 85' lang='lat' dir='ltr'><strong>qui</strong></span> <span class='ocrx_word' id='word_1_12' title='bbox 617 408 826 465; x_wconf 76' lang='lat' dir='ltr'><strong>Joakim</strong></span> <span class='ocrx_word' id='word_1_13' title='bbox 857 414 995 482; x_wconf 88' lang='lat' dir='ltr'><strong>apud</strong></span> <span class='ocrx_word' id='word_1_14' title='bbox 1042 413 1292 469; x_wconf 84' lang='lat' dir='ltr'><strong>Hebraeos</strong></span> <span class='ocrx_word' id='word_1_15' title='bbox 1330 427 1574 485; x_wconf 77' lang='lat' dir='ltr'><strong>vocatur,</strong></span> <span class='ocrx_word' id='word_1_16' title='bbox 1611 421 1858 488; x_wconf 88' lang='lat' dir='ltr'><strong>desinat;</strong></span> <span class='ocrx_word' id='word_1_17' title='bbox 1898 428 1939 485; x_wconf 68' lang='grc' dir='ltr'><strong>Α</strong></span> <span class='ocrx_word' id='word_1_18' title='bbox 1969 422 2174 490; x_wconf 84' lang='lat' dir='ltr'><strong>pandit,</strong></span> <span class='ocrx_word' id='word_1_19' title='bbox 2215 431 2267 477; x_wconf 91' lang='lat' dir='ltr'><strong>et</strong></span> <span class='ocrx_word' id='word_1_20' title='bbox 2294 423 2390 493; x_wconf 85' lang='lat' dir='ltr'><strong>ipsi</strong></span> <span class='ocrx_word' id='word_1_21' title='bbox 2418 423 2657 494; x_wconf 81' lang='lat' dir='ltr'><strong>perfecto</strong></span> <span class='ocrx_word' id='word_1_22' title='bbox 2688 427 2943 483; x_wconf 91' lang='lat' dir='ltr'><strong>virtutum</strong></span> <span class='ocrx_word' id='word_1_23' title='bbox 2975 444 3156 496; x_wconf 85' lang='lat' dir='ltr'><strong>cursu,</strong></span> <span class='ocrx_word' id='word_1_24' title='bbox 3189 433 3239 487; x_wconf 80' lang='grc' dir='ltr'><strong>ιιι</strong></span> <span class='ocrx_word' id='word_1_25' title='bbox 3265 450 3378 503; x_wconf 83' lang='lat' dir='ltr'><strong>quo</strong></span> <span class='ocrx_word' id='word_1_26' title='bbox 3397 445 3535 507; x_wconf 80' lang='lat' dir='ltr'><strong>quod</strong></span> 
     </span>
    </p>
   </div>
   <div class='ocr_carea' id='block_1_5' title="bbox 289 500 1864 572">
    <p class='ocr_par' dir='ltr' id='par_1_5' title="bbox 289 500 1864 572">
     <span class='ocr_line' id='line_1_5' title="bbox 289 500 1864 572; baseline 0.007 -18"><span class='ocrx_word' id='word_1_27' title='bbox 289 500 449 554; x_wconf 90' lang='lat' dir='ltr'><strong>tertia</strong></span> <span class='ocrx_word' id='word_1_28' title='bbox 480 514 696 568; x_wconf 87' lang='lat' dir='ltr'><strong>quoque</strong></span> <span class='ocrx_word' id='word_1_29' title='bbox 731 517 762 554; x_wconf 90' lang='lat' dir='ltr'><strong>a</strong></span> <span class='ocrx_word' id='word_1_30' title='bbox 791 501 1048 558; x_wconf 82' lang='lat' dir='ltr'><strong>Jechonia</strong></span> <span class='ocrx_word' id='word_1_31' title='bbox 1092 507 1350 572; x_wconf 90' lang='lat' dir='ltr'><strong>secundo,</strong></span> <span class='ocrx_word' id='word_1_32' title='bbox 1380 508 1432 562; x_wconf 88' lang='lat' dir='ltr'><strong>id</strong></span> <span class='ocrx_word' id='word_1_33' title='bbox 1468 516 1552 564; x_wconf 91' lang='lat' dir='ltr'><strong>est</strong></span> <span class='ocrx_word' id='word_1_34' title='bbox 1582 509 1692 564; x_wconf 92' lang='lat' dir='ltr'><strong>ﬁlio</strong></span> <span class='ocrx_word' id='word_1_35' title='bbox 1736 509 1864 565; x_wconf 80' lang='lat' dir='ltr'><strong>Joa-</strong></span> 
     </span>
    </p>
   </div>
   <div class='ocr_carea' id='block_1_6' title="bbox 287 587 1860 668">
    <p class='ocr_par' dir='ltr' id='par_1_6' title="bbox 287 587 1860 668">
     <span class='ocr_line' id='line_1_6' title="bbox 287 587 1860 668; baseline 0.011 -27"><span class='ocrx_word' id='word_1_36' title='bbox 287 587 419 653; x_wconf 80' lang='lat' dir='ltr'><strong>kim,</strong></span> <span class='ocrx_word' id='word_1_37' title='bbox 450 589 542 656; x_wconf 88' lang='lat' dir='ltr'><strong>qui</strong></span> <span class='ocrx_word' id='word_1_38' title='bbox 569 588 832 646; x_wconf 88' lang='lat' dir='ltr'><strong>llebraice</strong></span> <span class='ocrx_word' id='word_1_39' title='bbox 867 592 1064 647; x_wconf 92' lang='lat' dir='ltr'><strong>dicitur</strong></span> <span class='ocrx_word' id='word_1_40' title='bbox 1087 592 1338 662; x_wconf 84' lang='lat' dir='ltr'><strong>Joaehin,</strong></span> <span class='ocrx_word' id='word_1_41' title='bbox 1379 598 1593 652; x_wconf 90' lang='lat' dir='ltr'><strong>initium</strong></span> <span class='ocrx_word' id='word_1_42' title='bbox 1618 615 1860 668; x_wconf 87' lang='lat' dir='ltr'><strong>sumens,</strong></span> 
     </span>
    </p>
   </div>
   <div class='ocr_carea' id='block_1_7' title="bbox 289 681 1862 758">
    <p class='ocr_par' dir='ltr' id='par_1_7' title="bbox 289 681 1862 758">
     <span class='ocr_line' id='line_1_7' title="bbox 289 681 1862 758; baseline 0.009 -25"><span class='ocrx_word' id='word_1_43' title='bbox 289 695 459 750; x_wconf 90' lang='lat' dir='ltr'><strong>usque</strong></span> <span class='ocrx_word' id='word_1_44' title='bbox 481 681 548 734; x_wconf 87' lang='lat' dir='ltr'><strong>ad</strong></span> <span class='ocrx_word' id='word_1_45' title='bbox 575 681 846 736; x_wconf 78' lang='lat' dir='ltr'><strong>Christum</strong></span> <span class='ocrx_word' id='word_1_46' title='bbox 890 684 1188 754; x_wconf 85' lang='lat' dir='ltr'><strong>pertingat,</strong></span> <span class='ocrx_word' id='word_1_47' title='bbox 1219 695 1279 740; x_wconf 94' lang='lat' dir='ltr'><strong>ut</strong></span> <span class='ocrx_word' id='word_1_48' title='bbox 1309 688 1422 758; x_wconf 91' lang='lat' dir='ltr'><strong>ipse</strong></span> <span class='ocrx_word' id='word_1_49' title='bbox 1449 688 1698 746; x_wconf 84' lang='lat' dir='ltr'><strong>Christus</strong></span> <span class='ocrx_word' id='word_1_50' title='bbox 1733 708 1862 747; x_wconf 86' lang='lat' dir='ltr'><strong>con-</strong></span> 
     </span>
    </p>
   </div>
   <div class='ocr_carea' id='block_1_8' title="bbox 285 771 1863 852">
    <p class='ocr_par' dir='ltr' id='par_1_8' title="bbox 285 771 1863 852">
     <span class='ocr_line' id='line_1_8' title="bbox 285 771 1863 852; baseline 0.008 -28"><span class='ocrx_word' id='word_1_51' title='bbox 285 779 622 826; x_wconf 87' lang='lat' dir='ltr'><strong>numeretur.</strong></span> <span class='ocrx_word' id='word_1_52' title='bbox 643 771 799 838; x_wconf 86' lang='lat' dir='ltr'><strong>Quod</strong></span> <span class='ocrx_word' id='word_1_53' title='bbox 825 781 1002 828; x_wconf 90' lang='lat' dir='ltr'><strong>autem</strong></span> <span class='ocrx_word' id='word_1_54' title='bbox 1026 773 1430 844; x_wconf 87' lang='lat' dir='ltr'><strong>quatuordecim</strong></span> <span class='ocrx_word' id='word_1_55' title='bbox 1453 778 1505 832; x_wconf 92' lang='lat' dir='ltr'><strong>in</strong></span> <span class='ocrx_word' id='word_1_56' title='bbox 1532 788 1638 834; x_wconf 78' lang='lat' dir='ltr'><strong>tota</strong></span> <span class='ocrx_word' id='word_1_57' title='bbox 1669 797 1863 852; x_wconf 88' lang='lat' dir='ltr'><strong>genea-</strong></span> 
     </span>
    </p>
   </div>
   <div class='ocr_carea' id='block_1_9' title="bbox 288 861 1862 944">
    <p class='ocr_par' dir='ltr' id='par_1_9' title="bbox 288 861 1862 944">
     <span class='ocr_line' id='line_1_9' title="bbox 288 861 1862 944; baseline 0.01 -30"><span class='ocrx_word' id='word_1_58' title='bbox 288 861 428 929; x_wconf 83' lang='lat' dir='ltr'><strong>logia</strong></span> <span class='ocrx_word' id='word_1_59' title='bbox 451 871 578 916; x_wconf 91' lang='lat' dir='ltr'><strong>sunt</strong></span> <span class='ocrx_word' id='word_1_60' title='bbox 601 863 784 930; x_wconf 86' lang='lat' dir='ltr'><strong>positi,</strong></span> <span class='ocrx_word' id='word_1_61' title='bbox 807 864 1060 920; x_wconf 80' lang='lat' dir='ltr'><strong>historice</strong></span> <span class='ocrx_word' id='word_1_62' title='bbox 1087 868 1302 937; x_wconf 85' lang='lat' dir='ltr'><strong>quidem</strong></span> <span class='ocrx_word' id='word_1_63' title='bbox 1329 877 1440 924; x_wconf 91' lang='lat' dir='ltr'><strong>tres</strong></span> <span class='ocrx_word' id='word_1_64' title='bbox 1471 866 1721 927; x_wconf 82' lang='lat' dir='ltr'><strong>Hebraici</strong></span> <span class='ocrx_word' id='word_1_65' title='bbox 1766 889 1862 944; x_wconf 86' lang='lat' dir='ltr'><strong>po-</strong></span> 
     </span>
    </p>
   </div>
   <div class='ocr_carea' id='block_1_10' title="bbox 287 951 1863 1036">
    <p class='ocr_par' dir='ltr' id='par_1_10' title="bbox 287 951 1863 1036">
     <span class='ocr_line' id='line_1_10' title="bbox 287 951 1863 1036; baseline 0.009 -32"><span class='ocrx_word' id='word_1_66' title='bbox 287 951 396 1021; x_wconf 89' lang='lat' dir='ltr'><strong>puli</strong></span> <span class='ocrx_word' id='word_1_67' title='bbox 421 952 660 1007; x_wconf 85' lang='lat' dir='ltr'><strong>distincti</strong></span> <span class='ocrx_word' id='word_1_68' title='bbox 686 962 812 1008; x_wconf 92' lang='lat' dir='ltr'><strong>sunt</strong></span> <span class='ocrx_word' id='word_1_69' title='bbox 834 962 1132 1036; x_wconf 74' lang='lat' dir='ltr'><strong>temporum</strong></span> <span class='ocrx_word' id='word_1_70' title='bbox 1161 959 1395 1026; x_wconf 80' lang='lat' dir='ltr'><strong>articuli,</strong></span> <span class='ocrx_word' id='word_1_71' title='bbox 1421 975 1648 1030; x_wconf 92' lang='lat' dir='ltr'><strong>quorum</strong></span> <span class='ocrx_word' id='word_1_72' title='bbox 1684 965 1863 1034; x_wconf 92' lang='lat' dir='ltr'><strong>primo</strong></span> 
     </span>
    </p>
   </div>
   <div class='ocr_carea' id='block_1_11' title="bbox 285 1042 1864 1120">
    <p class='ocr_par' dir='ltr' id='par_1_11' title="bbox 285 1042 1864 1120">
     <span class='ocr_line' id='line_1_11' title="bbox 285 1042 1864 1120; baseline 0.009 -26"><span class='ocrx_word' id='word_1_73' title='bbox 285 1042 387 1094; x_wconf 84' lang='lat' dir='ltr'><strong>sub</strong></span> <span class='ocrx_word' id='word_1_74' title='bbox 417 1042 764 1109; x_wconf 88' lang='lat' dir='ltr'><strong>patriarchis,</strong></span> <span class='ocrx_word' id='word_1_75' title='bbox 807 1051 863 1098; x_wconf 91' lang='lat' dir='ltr'><strong>et</strong></span> <span class='ocrx_word' id='word_1_76' title='bbox 901 1047 1292 1114; x_wconf 83' lang='lat' dir='ltr'><strong>sacerdotibus,</strong></span> <span class='ocrx_word' id='word_1_77' title='bbox 1340 1059 1394 1104; x_wconf 92' lang='lat' dir='ltr'><strong>et</strong></span> <span class='ocrx_word' id='word_1_78' title='bbox 1423 1051 1693 1120; x_wconf 91' lang='lat' dir='ltr'><strong>judicibus</strong></span> <span class='ocrx_word' id='word_1_79' title='bbox 1736 1062 1864 1109; x_wconf 86' lang='lat' dir='ltr'><strong>ante</strong></span> 
     </span>
    </p>
   </div>
   <div class='ocr_carea' id='block_1_12' title="bbox 285 1131 1864 1210">
    <p class='ocr_par' dir='ltr' id='par_1_12' title="bbox 285 1131 1864 1210">
     <span class='ocr_line' id='line_1_12' title="bbox 285 1131 1864 1210; baseline 0.011 -27"><span class='ocrx_word' id='word_1_80' title='bbox 285 1144 474 1198; x_wconf 88' lang='lat' dir='ltr'><strong>reges;</strong></span> <span class='ocrx_word' id='word_1_81' title='bbox 512 1131 772 1198; x_wconf 89' lang='lat' dir='ltr'><strong>secundo,</strong></span> <span class='ocrx_word' id='word_1_82' title='bbox 795 1135 894 1188; x_wconf 85' lang='lat' dir='ltr'><strong>sub</strong></span> <span class='ocrx_word' id='word_1_83' title='bbox 921 1137 1136 1206; x_wconf 76' lang='lat' dir='ltr'><strong>regibus</strong></span> <span class='ocrx_word' id='word_1_84' title='bbox 1162 1148 1215 1192; x_wconf 91' lang='lat' dir='ltr'><strong>et</strong></span> <span class='ocrx_word' id='word_1_85' title='bbox 1240 1142 1516 1210; x_wconf 85' lang='lat' dir='ltr'><strong>prophetis</strong></span> <span class='ocrx_word' id='word_1_86' title='bbox 1536 1150 1590 1198; x_wconf 92' lang='lat' dir='ltr'><strong>el</strong></span> <span class='ocrx_word' id='word_1_87' title='bbox 1613 1145 1864 1200; x_wconf 88' lang='lat' dir='ltr'><strong>sacerdo-</strong></span> 
     </span>
    </p>
   </div>
   <div class='ocr_carea' id='block_1_13' title="bbox 282 1221 1862 1299">
    <p class='ocr_par' dir='ltr' id='par_1_13' title="bbox 282 1221 1862 1299">
     <span class='ocr_line' id='line_1_13' title="bbox 282 1221 1862 1299; baseline 0.011 -26"><span class='ocrx_word' id='word_1_88' title='bbox 282 1221 430 1275; x_wconf 87' lang='lat' dir='ltr'><strong>tibus</strong></span> <span class='ocrx_word' id='word_1_89' title='bbox 458 1237 472 1285; x_wconf 92' lang='lat'><strong>;</strong></span> <span class='ocrx_word' id='word_1_90' title='bbox 522 1223 698 1286; x_wconf 90' lang='lat' dir='ltr'><strong>tertio,</strong></span> <span class='ocrx_word' id='word_1_91' title='bbox 730 1225 829 1278; x_wconf 91' lang='lat' dir='ltr'><strong>sub</strong></span> <span class='ocrx_word' id='word_1_92' title='bbox 857 1225 1099 1292; x_wconf 89' lang='lat' dir='ltr'><strong>ducibus,</strong></span> <span class='ocrx_word' id='word_1_93' title='bbox 1123 1237 1179 1282; x_wconf 91' lang='lat' dir='ltr'><strong>et</strong></span> <span class='ocrx_word' id='word_1_94' title='bbox 1206 1232 1503 1299; x_wconf 88' lang='lat' dir='ltr'><strong>prophetis,</strong></span> <span class='ocrx_word' id='word_1_95' title='bbox 1530 1240 1585 1287; x_wconf 89' lang='lat' dir='ltr'><strong>et</strong></span> <span class='ocrx_word' id='word_1_96' title='bbox 1607 1235 1862 1290; x_wconf 86' lang='lat' dir='ltr'><strong>sacerdo-</strong></span> 
     </span>
    </p>
   </div>
   <div class='ocr_carea' id='block_1_14' title="bbox 285 1311 1865 1394">
    <p class='ocr_par' dir='ltr' id='par_1_14' title="bbox 285 1311 1865 1394">
     <span class='ocr_line' id='line_1_14' title="bbox 285 1311 1865 1394; baseline 0.013 -32"><span class='ocrx_word' id='word_1_97' title='bbox 285 1311 429 1364; x_wconf 88' lang='lat' dir='ltr'><strong>tibus</strong></span> <span class='ocrx_word' id='word_1_98' title='bbox 450 1320 568 1381; x_wconf 86' lang='lat' dir='ltr'><strong>post</strong></span> <span class='ocrx_word' id='word_1_99' title='bbox 599 1328 770 1384; x_wconf 90' lang='lat' dir='ltr'><strong>reges,</strong></span> <span class='ocrx_word' id='word_1_100' title='bbox 792 1325 1142 1373; x_wconf 85' lang='lat' dir='ltr'><strong>conversatus</strong></span> <span class='ocrx_word' id='word_1_101' title='bbox 1187 1328 1290 1374; x_wconf 90' lang='lat' dir='ltr'><strong>est.</strong></span> <span class='ocrx_word' id='word_1_102' title='bbox 1330 1321 1551 1392; x_wconf 81' lang='lat' dir='ltr'><strong>Mystice</strong></span> <span class='ocrx_word' id='word_1_103' title='bbox 1586 1339 1716 1379; x_wconf 88' lang='lat' dir='ltr'><strong>vero</strong></span> <span class='ocrx_word' id='word_1_104' title='bbox 1740 1338 1865 1394; x_wconf 89' lang='lat' dir='ltr'><strong>per-</strong></span> 
     </span>
    </p>
   </div>
   <div class='ocr_carea' id='block_1_15' title="bbox 282 1397 1865 1476">
    <p class='ocr_par' dir='ltr' id='par_1_15' title="bbox 282 1397 1865 1476">
     <span class='ocr_line' id='line_1_15' title="bbox 282 1397 1865 1476; baseline 0.013 -26"><span class='ocrx_word' id='word_1_105' title='bbox 282 1397 410 1454; x_wconf 74' lang='lat' dir='ltr'><strong>fecti</strong></span> <span class='ocrx_word' id='word_1_106' title='bbox 439 1410 491 1455; x_wconf 91' lang='lat' dir='ltr'><strong>et</strong></span> <span class='ocrx_word' id='word_1_107' title='bbox 510 1400 689 1457; x_wconf 89' lang='lat' dir='ltr'><strong>divino</strong></span> <span class='ocrx_word' id='word_1_108' title='bbox 713 1403 1036 1459; x_wconf 82' lang='lat' dir='ltr'><strong>charismate</strong></span> <span class='ocrx_word' id='word_1_109' title='bbox 1060 1407 1224 1476; x_wconf 88' lang='lat' dir='ltr'><strong>pleni,</strong></span> <span class='ocrx_word' id='word_1_110' title='bbox 1241 1408 1296 1462; x_wconf 91' lang='lat' dir='ltr'><strong>in</strong></span> <span class='ocrx_word' id='word_1_111' title='bbox 1322 1425 1485 1465; x_wconf 91' lang='lat' dir='ltr'><strong>unum</strong></span> <span class='ocrx_word' id='word_1_112' title='bbox 1511 1414 1713 1469; x_wconf 86' lang='lat' dir='ltr'><strong>redacti</strong></span> <span class='ocrx_word' id='word_1_113' title='bbox 1738 1425 1865 1472; x_wconf 89' lang='lat' dir='ltr'><strong>sunt</strong></span> 
     </span>
    </p>
   </div>
   <div class='ocr_carea' id='block_1_16' title="bbox 281 1493 1862 1573">
    <p class='ocr_par' dir='ltr' id='par_1_16' title="bbox 281 1493 1862 1573">
     <span class='ocr_line' id='line_1_16' title="bbox 281 1493 1862 1573; baseline 0.011 -28"><span class='ocrx_word' id='word_1_114' title='bbox 281 1507 592 1546; x_wconf 88' lang='lat' dir='ltr'><strong>numerum.</strong></span> <span class='ocrx_word' id='word_1_115' title='bbox 640 1493 775 1548; x_wconf 85' lang='lat' dir='ltr'><strong>Nam</strong></span> <span class='ocrx_word' id='word_1_116' title='bbox 817 1496 999 1550; x_wconf 90' lang='lat' dir='ltr'><strong>decem</strong></span> <span class='ocrx_word' id='word_1_117' title='bbox 1043 1499 1112 1553; x_wconf 91' lang='lat' dir='ltr'><strong>ad</strong></span> <span class='ocrx_word' id='word_1_118' title='bbox 1157 1500 1492 1572; x_wconf 87' lang='lat' dir='ltr'><strong>decalogum,</strong></span> <span class='ocrx_word' id='word_1_119' title='bbox 1521 1514 1753 1573; x_wconf 84' lang='lat' dir='ltr'><strong>quatuor</strong></span> <span class='ocrx_word' id='word_1_120' title='bbox 1793 1508 1862 1562; x_wconf 89' lang='lat' dir='ltr'><strong>ad</strong></span> 
     </span>
    </p>
   </div>
   <div class='ocr_carea' id='block_1_17' title="bbox 279 1583 1864 1662">
    <p class='ocr_par' dir='ltr' id='par_1_17' title="bbox 279 1583 1864 1662">
     <span class='ocr_line' id='line_1_17' title="bbox 279 1583 1864 1662; baseline 0.009 -24"><span class='ocrx_word' id='word_1_121' title='bbox 279 1583 658 1655; x_wconf 88' lang='lat' dir='ltr'><strong>Evangelium,</strong></span> <span class='ocrx_word' id='word_1_122' title='bbox 682 1587 782 1640; x_wconf 89' lang='lat' dir='ltr'><strong>tria</strong></span> <span class='ocrx_word' id='word_1_123' title='bbox 805 1587 873 1641; x_wconf 89' lang='lat' dir='ltr'><strong>ad</strong></span> <span class='ocrx_word' id='word_1_124' title='bbox 917 1587 1200 1646; x_wconf 88' lang='lat' dir='ltr'><strong>Trinitatis</strong></span> <span class='ocrx_word' id='word_1_125' title='bbox 1235 1593 1530 1662; x_wconf 90' lang='lat' dir='ltr'><strong>respiciunt</strong></span> <span class='ocrx_word' id='word_1_126' title='bbox 1569 1594 1750 1651; x_wconf 84' lang='lat' dir='ltr'><strong>ﬁdem.</strong></span> <span class='ocrx_word' id='word_1_127' title='bbox 1793 1597 1864 1653; x_wconf 87' lang='lat' dir='ltr'><strong>Et</strong></span> 
     </span>
    </p>
   </div>
   <div class='ocr_carea' id='block_1_18' title="bbox 279 1675 1862 1756">
    <p class='ocr_par' dir='ltr' id='par_1_18' title="bbox 279 1675 1862 1756">
     <span class='ocr_line' id='line_1_18' title="bbox 279 1675 1862 1756; baseline 0.012 -30"><span class='ocrx_word' id='word_1_128' title='bbox 279 1675 466 1728; x_wconf 86' lang='lat' dir='ltr'><strong>omnia</strong></span> <span class='ocrx_word' id='word_1_129' title='bbox 489 1675 604 1730; x_wconf 65' lang='lat' dir='ltr'><strong>haec</strong></span> <span class='ocrx_word' id='word_1_130' title='bbox 627 1677 798 1731; x_wconf 91' lang='lat' dir='ltr'><strong>eidem</strong></span> <span class='ocrx_word' id='word_1_131' title='bbox 832 1679 1158 1736; x_wconf 90' lang='lat' dir='ltr'><strong>conveniunt</strong></span> <span class='ocrx_word' id='word_1_132' title='bbox 1182 1694 1545 1750; x_wconf 90' lang='lat' dir='ltr'><strong>sacramento,</strong></span> <span class='ocrx_word' id='word_1_133' title='bbox 1569 1687 1693 1756; x_wconf 88' lang='lat' dir='ltr'><strong>quia</strong></span> <span class='ocrx_word' id='word_1_134' title='bbox 1720 1689 1862 1744; x_wconf 87' lang='lat' dir='ltr'><strong>sicut</strong></span> 
     </span>
    </p>
   </div>
   <div class='ocr_carea' id='block_1_19' title="bbox 1968 513 3541 597">
    <p class='ocr_par' dir='ltr' id='par_1_19' title="bbox 1968 513 3541 597">
     <span class='ocr_line' id='line_1_19' title="bbox 1968 513 3541 597; baseline 0.015 -33"><span class='ocrx_word' id='word_1_135' title='bbox 1968 527 2072 567; x_wconf 92' lang='lat' dir='ltr'><strong>non</strong></span> <span class='ocrx_word' id='word_1_136' title='bbox 2101 513 2344 568; x_wconf 83' lang='lat' dir='ltr'><strong>videmus</strong></span> <span class='ocrx_word' id='word_1_137' title='bbox 2368 524 2646 584; x_wconf 87' lang='lat' dir='ltr'><strong>sperantes</strong></span> <span class='ocrx_word' id='word_1_138' title='bbox 2673 532 2769 587; x_wconf 89' lang='lat' dir='ltr'><strong>per</strong></span> <span class='ocrx_word' id='word_1_139' title='bbox 2797 520 3109 588; x_wconf 86' lang='lat' dir='ltr'><strong>patientiam</strong></span> <span class='ocrx_word' id='word_1_140' title='bbox 3141 535 3541 597; x_wconf 67' lang='lat' dir='ltr'><strong>exspectamus,</strong></span> 
     </span>
    </p>
   </div>
   <div class='ocr_carea' id='block_1_20' title="bbox 1963 605 3539 684">
    <p class='ocr_par' dir='ltr' id='par_1_20' title="bbox 1963 605 3539 684">
     <span class='ocr_line' id='line_1_20' title="bbox 1963 605 3539 684; baseline 0.01 -24"><span class='ocrx_word' id='word_1_141' title='bbox 1963 607 2064 660; x_wconf 87' lang='lat' dir='ltr'><strong>sub</strong></span> <span class='ocrx_word' id='word_1_142' title='bbox 2123 605 2363 675; x_wconf 83' lang='lat' dir='ltr'><strong>ejusdem</strong></span> <span class='ocrx_word' id='word_1_143' title='bbox 2413 608 2494 679; x_wconf 89' lang='lat' dir='ltr'><strong>(ut</strong></span> <span class='ocrx_word' id='word_1_144' title='bbox 2529 609 2727 663; x_wconf 90' lang='lat' dir='ltr'><strong>dictum</strong></span> <span class='ocrx_word' id='word_1_145' title='bbox 2764 610 2871 682; x_wconf 89' lang='lat' dir='ltr'><strong>est)</strong></span> <span class='ocrx_word' id='word_1_146' title='bbox 2918 615 3129 669; x_wconf 89' lang='lat' dir='ltr'><strong>numeri</strong></span> <span class='ocrx_word' id='word_1_147' title='bbox 3180 630 3539 684; x_wconf 87' lang='lat' dir='ltr'><strong>sacramento,</strong></span> 
     </span>
    </p>
   </div>
   <div class='ocr_carea' id='block_1_21' title="bbox 1962 694 3542 776">
    <p class='ocr_par' dir='ltr' id='par_1_21' title="bbox 1962 694 3542 776">
     <span class='ocr_line' id='line_1_21' title="bbox 1962 694 3542 776; baseline 0.011 -28"><span class='ocrx_word' id='word_1_148' title='bbox 1962 703 2086 764; x_wconf 90' lang='lat' dir='ltr'><strong>post</strong></span> <span class='ocrx_word' id='word_1_149' title='bbox 2109 694 2370 750; x_wconf 92' lang='lat' dir='ltr'><strong>siccatum</strong></span> <span class='ocrx_word' id='word_1_150' title='bbox 2405 695 2620 751; x_wconf 88' lang='lat' dir='ltr'><strong>Christo</strong></span> <span class='ocrx_word' id='word_1_151' title='bbox 2649 699 2783 752; x_wconf 87' lang='lat' dir='ltr'><strong>duce</strong></span> <span class='ocrx_word' id='word_1_152' title='bbox 2810 700 2963 755; x_wconf 89' lang='lat' dir='ltr'><strong>Lethi</strong></span> <span class='ocrx_word' id='word_1_153' title='bbox 3001 701 3218 758; x_wconf 83' lang='lat' dir='ltr'><strong>ﬂuvium</strong></span> <span class='ocrx_word' id='word_1_154' title='bbox 3238 746 3253 772; x_wconf 97' lang='lat'><strong>,</strong></span> <span class='ocrx_word' id='word_1_155' title='bbox 3278 709 3542 776; x_wconf 89' lang='lat' dir='ltr'><strong>promissa</strong></span> 
     </span>
    </p>
   </div>
   <div class='ocr_carea' id='block_1_22' title="bbox 1963 783 3116 860">
    <p class='ocr_par' dir='ltr' id='par_1_22' title="bbox 1963 783 3116 860">
     <span class='ocr_line' id='line_1_22' title="bbox 1963 783 3116 860; baseline 0.009 -24"><span class='ocrx_word' id='word_1_156' title='bbox 1963 783 2154 854; x_wconf 78' lang='lat' dir='ltr'><strong>patria:</strong></span> <span class='ocrx_word' id='word_1_157' title='bbox 2175 783 2412 840; x_wconf 53' lang='lat' dir='ltr'><strong>caelestis</strong></span> <span class='ocrx_word' id='word_1_158' title='bbox 2436 786 2812 855; x_wconf 84' lang='lat' dir='ltr'><strong>perveniemus</strong></span> <span class='ocrx_word' id='word_1_159' title='bbox 2839 789 2905 842; x_wconf 92' lang='lat' dir='ltr'><strong>ad</strong></span> <span class='ocrx_word' id='word_1_160' title='bbox 2934 806 3116 860; x_wconf 88' lang='lat' dir='ltr'><strong>regna.</strong></span> 
     </span>
    </p>
   </div>
   <div class='ocr_carea' id='block_1_23' title="bbox 2035 871 3539 947">
    <p class='ocr_par' dir='ltr' id='par_1_23' title="bbox 2035 871 3539 947">
     <span class='ocr_line' id='line_1_23' title="bbox 2035 871 3539 947; baseline 0.011 -22"><span class='ocrx_word' id='word_1_161' title='bbox 2035 871 2310 947; x_wconf 83' lang='lat' dir='ltr'><strong>(August.)</strong></span> <span class='ocrx_word' id='word_1_162' title='bbox 2353 874 2547 930; x_wconf 82' lang='lat' dir='ltr'><strong>Verum</strong></span> <span class='ocrx_word' id='word_1_163' title='bbox 2575 877 2643 931; x_wconf 91' lang='lat' dir='ltr'><strong>ad</strong></span> <span class='ocrx_word' id='word_1_164' title='bbox 2668 878 2824 934; x_wconf 89' lang='lat' dir='ltr'><strong>istam</strong></span> <span class='ocrx_word' id='word_1_165' title='bbox 2853 883 3234 938; x_wconf 87' lang='lat' dir='ltr'><strong>mortalitatem</strong></span> <span class='ocrx_word' id='word_1_166' title='bbox 3258 886 3539 942; x_wconf 88' lang='lat' dir='ltr'><strong>nobiseum</strong></span> 
     </span>
    </p>
   </div>
   <div class='ocr_carea' id='block_1_24' title="bbox 1962 964 3544 1048">
    <p class='ocr_par' dir='ltr' id='par_1_24' title="bbox 1962 964 3544 1048">
     <span class='ocr_line' id='line_1_24' title="bbox 1962 964 3544 1048; baseline 0.012 -33"><span class='ocrx_word' id='word_1_167' title='bbox 1962 964 2412 1034; x_wconf 89' lang='lat' dir='ltr'><strong>participandam,</strong></span> <span class='ocrx_word' id='word_1_168' title='bbox 2444 966 2569 1036; x_wconf 90' lang='lat' dir='ltr'><strong>quia</strong></span> <span class='ocrx_word' id='word_1_169' title='bbox 2608 967 3023 1027; x_wconf 86' lang='lat' dir='ltr'><strong>descendentem</strong></span> <span class='ocrx_word' id='word_1_170' title='bbox 3048 974 3217 1030; x_wconf 88' lang='lat' dir='ltr'><strong>voluit</strong></span> <span class='ocrx_word' id='word_1_171' title='bbox 3239 976 3544 1048; x_wconf 89' lang='lat' dir='ltr'><strong>signiﬁcare</strong></span> 
     </span>
    </p>
   </div>
   <div class='ocr_carea' id='block_1_25' title="bbox 1965 1051 3540 1142">
    <p class='ocr_par' dir='ltr' id='par_1_25' title="bbox 1965 1051 3540 1142">
     <span class='ocr_line' id='line_1_25' title="bbox 1965 1051 3540 1142; baseline 0.011 -36"><span class='ocrx_word' id='word_1_172' title='bbox 1965 1051 2270 1119; x_wconf 64' lang='lat' dir='ltr'><strong>Mattha&#39;us,</strong></span> <span class='ocrx_word' id='word_1_173' title='bbox 2298 1055 2416 1111; x_wconf 90' lang='lat' dir='ltr'><strong>ideo</strong></span> <span class='ocrx_word' id='word_1_174' title='bbox 2450 1065 2506 1111; x_wconf 91' lang='lat' dir='ltr'><strong>et</strong></span> <span class='ocrx_word' id='word_1_175' title='bbox 2547 1058 2690 1128; x_wconf 91' lang='lat' dir='ltr'><strong>ipsas</strong></span> <span class='ocrx_word' id='word_1_176' title='bbox 2733 1062 3107 1131; x_wconf 84' lang='lat' dir='ltr'><strong>generationes</strong></span> <span class='ocrx_word' id='word_1_177' title='bbox 3153 1066 3222 1142; x_wconf 76' lang='lat' dir='ltr'><strong>ab</strong></span> <span class='ocrx_word' id='word_1_178' title='bbox 3266 1067 3540 1124; x_wconf 84' lang='lat' dir='ltr'><strong>Abraham</strong></span> 
     </span>
    </p>
   </div>
   <div class='ocr_carea' id='block_1_26' title="bbox 1963 1145 3544 1222">
    <p class='ocr_par' dir='ltr' id='par_1_26' title="bbox 1963 1145 3544 1222">
     <span class='ocr_line' id='line_1_26' title="bbox 1963 1145 3544 1222; baseline 0.011 -25"><span class='ocrx_word' id='word_1_179' title='bbox 1963 1159 2135 1213; x_wconf 90' lang='lat' dir='ltr'><strong>usque</strong></span> <span class='ocrx_word' id='word_1_180' title='bbox 2156 1146 2224 1200; x_wconf 91' lang='lat' dir='ltr'><strong>ad</strong></span> <span class='ocrx_word' id='word_1_181' title='bbox 2252 1145 2473 1216; x_wconf 85' lang='lat' dir='ltr'><strong>Joseph,</strong></span> <span class='ocrx_word' id='word_1_182' title='bbox 2500 1157 2556 1203; x_wconf 91' lang='lat' dir='ltr'><strong>et</strong></span> <span class='ocrx_word' id='word_1_183' title='bbox 2591 1165 2764 1219; x_wconf 90' lang='lat' dir='ltr'><strong>usque</strong></span> <span class='ocrx_word' id='word_1_184' title='bbox 2803 1152 2872 1206; x_wconf 88' lang='lat' dir='ltr'><strong>ad</strong></span> <span class='ocrx_word' id='word_1_185' title='bbox 2915 1153 3085 1222; x_wconf 86' lang='lat' dir='ltr'><strong>ipsius</strong></span> <span class='ocrx_word' id='word_1_186' title='bbox 3113 1155 3314 1213; x_wconf 89' lang='lat' dir='ltr'><strong>Christi</strong></span> <span class='ocrx_word' id='word_1_187' title='bbox 3347 1160 3544 1214; x_wconf 90' lang='lat' dir='ltr'><strong>nativi-</strong></span> 
     </span>
    </p>
   </div>
   <div class='ocr_carea' id='block_1_27' title="bbox 1964 1235 3544 1304">
    <p class='ocr_par' dir='ltr' id='par_1_27' title="bbox 1964 1235 3544 1304">
     <span class='ocr_line' id='line_1_27' title="bbox 1964 1235 3544 1304; baseline 0.01 -15"><span class='ocrx_word' id='word_1_188' title='bbox 1964 1242 2128 1289; x_wconf 89' lang='lat' dir='ltr'><strong>tatem</strong></span> <span class='ocrx_word' id='word_1_189' title='bbox 2163 1235 2538 1293; x_wconf 88' lang='lat' dir='ltr'><strong>descendendo</strong></span> <span class='ocrx_word' id='word_1_190' title='bbox 2570 1245 3016 1298; x_wconf 89' lang='lat' dir='ltr'><strong>commemoravit</strong></span> <span class='ocrx_word' id='word_1_191' title='bbox 3057 1245 3126 1300; x_wconf 89' lang='lat' dir='ltr'><strong>ab</strong></span> <span class='ocrx_word' id='word_1_192' title='bbox 3173 1247 3330 1304; x_wconf 92' lang='lat' dir='ltr'><strong>initio</strong></span> <span class='ocrx_word' id='word_1_193' title='bbox 3369 1250 3544 1304; x_wconf 88' lang='lat' dir='ltr'><strong>Evan-</strong></span> 
     </span>
    </p>
   </div>
   <div class='ocr_carea' id='block_1_28' title="bbox 1963 1325 3540 1409">
    <p class='ocr_par' dir='ltr' id='par_1_28' title="bbox 1963 1325 3540 1409">
     <span class='ocr_line' id='line_1_28' title="bbox 1963 1325 3540 1409; baseline 0.011 -31"><span class='ocrx_word' id='word_1_194' title='bbox 1963 1325 2089 1395; x_wconf 87' lang='lat' dir='ltr'><strong>gelii</strong></span> <span class='ocrx_word' id='word_1_195' title='bbox 2118 1327 2232 1392; x_wconf 91' lang='lat' dir='ltr'><strong>sui;</strong></span> <span class='ocrx_word' id='word_1_196' title='bbox 2262 1327 2439 1384; x_wconf 89' lang='lat' dir='ltr'><strong>Lucas</strong></span> <span class='ocrx_word' id='word_1_197' title='bbox 2466 1337 2644 1384; x_wconf 90' lang='lat' dir='ltr'><strong>autem</strong></span> <span class='ocrx_word' id='word_1_198' title='bbox 2674 1347 2779 1386; x_wconf 89' lang='lat' dir='ltr'><strong>non</strong></span> <span class='ocrx_word' id='word_1_199' title='bbox 2807 1334 2876 1388; x_wconf 88' lang='lat' dir='ltr'><strong>ab</strong></span> <span class='ocrx_word' id='word_1_200' title='bbox 2917 1335 3073 1390; x_wconf 90' lang='lat' dir='ltr'><strong>initio</strong></span> <span class='ocrx_word' id='word_1_201' title='bbox 3116 1337 3391 1409; x_wconf 85' lang='lat' dir='ltr'><strong>Evangelii</strong></span> <span class='ocrx_word' id='word_1_202' title='bbox 3434 1342 3540 1406; x_wconf 92' lang='lat' dir='ltr'><strong>sui,</strong></span> 
     </span>
    </p>
   </div>
   <div class='ocr_carea' id='block_1_29' title="bbox 1963 1413 3544 1494">
    <p class='ocr_par' dir='ltr' id='par_1_29' title="bbox 1963 1413 3544 1494">
     <span class='ocr_line' id='line_1_29' title="bbox 1963 1413 3544 1494; baseline 0.011 -27"><span class='ocrx_word' id='word_1_203' title='bbox 1963 1413 2059 1467; x_wconf 88' lang='lat' dir='ltr'><strong>sed</strong></span> <span class='ocrx_word' id='word_1_204' title='bbox 2079 1430 2110 1467; x_wconf 91' lang='lat' dir='ltr'><strong>a</strong></span> <span class='ocrx_word' id='word_1_205' title='bbox 2136 1415 2404 1485; x_wconf 89' lang='lat' dir='ltr'><strong>baptismo</strong></span> <span class='ocrx_word' id='word_1_206' title='bbox 2429 1418 2634 1474; x_wconf 90' lang='lat' dir='ltr'><strong>Christi</strong></span> <span class='ocrx_word' id='word_1_207' title='bbox 2681 1424 3058 1491; x_wconf 82' lang='lat' dir='ltr'><strong>generationes</strong></span> <span class='ocrx_word' id='word_1_208' title='bbox 3087 1413 3297 1494; x_wconf 83' lang='lat' dir='ltr'><strong>narrat,</strong></span> <span class='ocrx_word' id='word_1_209' title='bbox 3327 1443 3428 1483; x_wconf 90' lang='lat' dir='ltr'><strong>nec</strong></span> <span class='ocrx_word' id='word_1_210' title='bbox 3452 1431 3544 1485; x_wconf 88' lang='lat' dir='ltr'><strong>de—</strong></span> 
     </span>
    </p>
   </div>
   <div class='ocr_carea' id='block_1_30' title="bbox 1962 1505 3543 1584">
    <p class='ocr_par' dir='ltr' id='par_1_30' title="bbox 1962 1505 3543 1584">
     <span class='ocr_line' id='line_1_30' title="bbox 1962 1505 3543 1584; baseline 0.009 -24"><span class='ocrx_word' id='word_1_211' title='bbox 1962 1505 2290 1573; x_wconf 86' lang='lat' dir='ltr'><strong>scendendo,</strong></span> <span class='ocrx_word' id='word_1_212' title='bbox 2314 1507 2405 1562; x_wconf 91' lang='lat' dir='ltr'><strong>sed</strong></span> <span class='ocrx_word' id='word_1_213' title='bbox 2432 1513 2805 1579; x_wconf 90' lang='lat' dir='ltr'><strong>ascendendo,</strong></span> <span class='ocrx_word' id='word_1_214' title='bbox 2836 1521 3090 1584; x_wconf 90' lang='lat' dir='ltr'><strong>tanquam</strong></span> <span class='ocrx_word' id='word_1_215' title='bbox 3123 1520 3457 1574; x_wconf 82' lang='lat' dir='ltr'><strong>sacerdotem</strong></span> <span class='ocrx_word' id='word_1_216' title='bbox 3490 1521 3543 1574; x_wconf 92' lang='lat' dir='ltr'><strong>in</strong></span> 
     </span>
    </p>
   </div>
   <div class='ocr_carea' id='block_1_31' title="bbox 1961 1585 3547 1674">
    <p class='ocr_par' dir='ltr' id='par_1_31' title="bbox 1961 1585 3547 1674">
     <span class='ocr_line' id='line_1_31' title="bbox 1961 1585 3547 1674; baseline 0.012 -27"><span class='ocrx_word' id='word_1_217' title='bbox 1961 1585 2244 1664; x_wconf 79' lang='lat' dir='ltr'><strong>expiandis</strong></span> <span class='ocrx_word' id='word_1_218' title='bbox 2271 1598 2508 1664; x_wconf 88' lang='lat' dir='ltr'><strong>peccatis</strong></span> <span class='ocrx_word' id='word_1_219' title='bbox 2549 1600 2718 1670; x_wconf 91' lang='lat' dir='ltr'><strong>magis</strong></span> <span class='ocrx_word' id='word_1_220' title='bbox 2745 1604 3026 1674; x_wconf 78' lang='lat' dir='ltr'><strong>assignans</strong></span> <span class='ocrx_word' id='word_1_221' title='bbox 3045 1645 3060 1671; x_wconf 94' lang='lat'><strong>,</strong></span> <span class='ocrx_word' id='word_1_222' title='bbox 3082 1607 3173 1661; x_wconf 90' lang='lat' dir='ltr'><strong>ubi</strong></span> <span class='ocrx_word' id='word_1_223' title='bbox 3197 1623 3320 1662; x_wconf 91' lang='lat' dir='ltr'><strong>eum</strong></span> <span class='ocrx_word' id='word_1_224' title='bbox 3348 1625 3452 1664; x_wconf 81' lang='lat' dir='ltr'><strong>vox</strong></span> <span class='ocrx_word' id='word_1_225' title='bbox 3479 1611 3547 1666; x_wconf 92' lang='lat' dir='ltr'><strong>de</strong></span> 
     </span>
    </p>
   </div>
   <div class='ocr_carea' id='block_1_32' title="bbox 1963 1687 3546 1772">
    <p class='ocr_par' dir='ltr' id='par_1_32' title="bbox 1963 1687 3546 1772">
     <span class='ocr_line' id='line_1_32' title="bbox 1963 1687 3546 1772; baseline 0.011 -32"><span class='ocrx_word' id='word_1_226' title='bbox 1963 1687 2103 1741; x_wconf 75' lang='lat' dir='ltr'><strong>coelo</strong></span> <span class='ocrx_word' id='word_1_227' title='bbox 2129 1687 2440 1755; x_wconf 87' lang='lat' dir='ltr'><strong>declaravit,</strong></span> <span class='ocrx_word' id='word_1_228' title='bbox 2469 1690 2556 1746; x_wconf 90' lang='lat' dir='ltr'><strong>ubi</strong></span> <span class='ocrx_word' id='word_1_229' title='bbox 2605 1695 2967 1750; x_wconf 89' lang='lat' dir='ltr'><strong>testimonium</strong></span> <span class='ocrx_word' id='word_1_230' title='bbox 3007 1697 3243 1754; x_wconf 87' lang='lat' dir='ltr'><strong>Joannes</strong></span> <span class='ocrx_word' id='word_1_231' title='bbox 3277 1701 3374 1770; x_wconf 90' lang='lat' dir='ltr'><strong>ipsi</strong></span> <span class='ocrx_word' id='word_1_232' title='bbox 3422 1718 3546 1772; x_wconf 87' lang='lat' dir='ltr'><strong>per-</strong></span> 
     </span>
    </p>
   </div>
   <div class='ocr_carea' id='block_1_33' title="bbox 280 1765 3540 1864">
    <p class='ocr_par' dir='ltr' id='par_1_33' title="bbox 280 1765 3540 1864">
     <span class='ocr_line' id='line_1_33' title="bbox 280 1765 3540 1864; baseline 0.01 -50"><span class='ocrx_word' id='word_1_233' title='bbox 280 1770 367 1816; x_wconf 88' lang='lat' dir='ltr'><strong>ter</strong></span> <span class='ocrx_word' id='word_1_234' title='bbox 379 1765 624 1834; x_wconf 84' lang='lat' dir='ltr'><strong>quaterni</strong></span> <span class='ocrx_word' id='word_1_235' title='bbox 640 1773 694 1820; x_wconf 90' lang='lat' dir='ltr'><strong>et</strong></span> <span class='ocrx_word' id='word_1_236' title='bbox 709 1765 852 1831; x_wconf 91' lang='lat' dir='ltr'><strong>deni,</strong></span> <span class='ocrx_word' id='word_1_237' title='bbox 871 1767 984 1823; x_wconf 91' lang='lat' dir='ltr'><strong>sive</strong></span> <span class='ocrx_word' id='word_1_238' title='bbox 995 1778 1187 1838; x_wconf 86' lang='lat' dir='ltr'><strong>quater</strong></span> <span class='ocrx_word' id='word_1_239' title='bbox 1197 1771 1380 1828; x_wconf 89' lang='lat' dir='ltr'><strong>decies</strong></span> <span class='ocrx_word' id='word_1_240' title='bbox 1403 1776 1543 1830; x_wconf 87' lang='lat' dir='ltr'><strong>terni</strong></span> <span class='ocrx_word' id='word_1_241' title='bbox 1563 1776 1616 1830; x_wconf 88' lang='lat' dir='ltr'><strong>in</strong></span> <span class='ocrx_word' id='word_1_242' title='bbox 1632 1793 1857 1834; x_wconf 85' lang='lat' dir='ltr'><strong>numero</strong></span> <span class='ocrx_word' id='word_1_243' title='bbox 1885 1769 1932 1827; x_wconf 93' lang='lat' dir='ltr'><strong>B</strong></span> <span class='ocrx_word' id='word_1_244' title='bbox 1961 1776 2154 1842; x_wconf 91' lang='lat' dir='ltr'><strong>hibuit,</strong></span> <span class='ocrx_word' id='word_1_245' title='bbox 2170 1779 2388 1834; x_wconf 90' lang='lat' dir='ltr'><strong>dicens:</strong></span> <span class='ocrx_word' id='word_1_246' title='bbox 2413 1780 2550 1834; x_wconf 82' lang='lat' dir='ltr'><strong>Ecce</strong></span> <span class='ocrx_word' id='word_1_247' title='bbox 2568 1783 2658 1851; x_wconf 82' lang='lat' dir='ltr'><strong>qui</strong></span> <span class='ocrx_word' id='word_1_248' title='bbox 2680 1782 2814 1836; x_wconf 88' lang='lat' dir='ltr'><strong>tollit</strong></span> <span class='ocrx_word' id='word_1_249' title='bbox 2835 1796 3045 1853; x_wconf 86' lang='lat' dir='ltr'><strong>peccata</strong></span> <span class='ocrx_word' id='word_1_250' title='bbox 3066 1789 3250 1842; x_wconf 88' lang='lat' dir='ltr'><strong>mundi</strong></span> <span class='ocrx_word' id='word_1_251' title='bbox 3271 1765 3455 1862; x_wconf 56' lang='grc' dir='ltr'><strong>(ξῐοαᾶ.</strong></span> <span class='ocrx_word' id='word_1_252' title='bbox 3477 1793 3540 1864; x_wconf 92' lang='grc' dir='ltr'><strong>ι).</strong></span> 
     </span>
    </p>
   </div>
   <div class='ocr_carea' id='block_1_34' title="bbox 276 1857 1864 1924">
    <p class='ocr_par' dir='ltr' id='par_1_34' title="bbox 276 1857 1864 1924">
     <span class='ocr_line' id='line_1_34' title="bbox 276 1857 1864 1924; baseline 0.009 -14"><span class='ocrx_word' id='word_1_253' title='bbox 276 1857 631 1921; x_wconf 86' lang='lat' dir='ltr'><strong>concordant,</strong></span> <span class='ocrx_word' id='word_1_254' title='bbox 662 1858 736 1912; x_wconf 92' lang='lat' dir='ltr'><strong>ita</strong></span> <span class='ocrx_word' id='word_1_255' title='bbox 762 1859 815 1912; x_wconf 94' lang='lat' dir='ltr'><strong>in</strong></span> <span class='ocrx_word' id='word_1_256' title='bbox 839 1859 942 1915; x_wconf 88' lang='lat' dir='ltr'><strong>ﬁde</strong></span> <span class='ocrx_word' id='word_1_257' title='bbox 967 1871 1168 1917; x_wconf 67' lang='lat' dir='ltr'><strong>sancta:</strong></span> <span class='ocrx_word' id='word_1_258' title='bbox 1189 1864 1471 1921; x_wconf 86' lang='lat' dir='ltr'><strong>Trinitatis</strong></span> <span class='ocrx_word' id='word_1_259' title='bbox 1493 1867 1578 1922; x_wconf 82' lang='lat' dir='ltr'><strong>lex</strong></span> <span class='ocrx_word' id='word_1_260' title='bbox 1604 1877 1658 1923; x_wconf 90' lang='lat' dir='ltr'><strong>et</strong></span> <span class='ocrx_word' id='word_1_261' title='bbox 1689 1870 1864 1924; x_wconf 83' lang='lat' dir='ltr'><strong>Evan-</strong></span> 
     </span>
    </p>
   </div>
   <div class='ocr_carea' id='block_1_35' title="bbox 274 1947 1860 2030">
    <p class='ocr_par' dir='ltr' id='par_1_35' title="bbox 274 1947 1860 2030">
     <span class='ocr_line' id='line_1_35' title="bbox 274 1947 1860 2030; baseline 0.01 -30"><span class='ocrx_word' id='word_1_262' title='bbox 274 1947 480 2016; x_wconf 90' lang='lat' dir='ltr'><strong>gelium</strong></span> <span class='ocrx_word' id='word_1_263' title='bbox 502 1949 906 2018; x_wconf 89' lang='lat' dir='ltr'><strong>coadjuvantur,</strong></span> <span class='ocrx_word' id='word_1_264' title='bbox 932 1961 987 2006; x_wconf 94' lang='lat' dir='ltr'><strong>et</strong></span> <span class='ocrx_word' id='word_1_265' title='bbox 1009 1967 1106 2022; x_wconf 88' lang='lat' dir='ltr'><strong>per</strong></span> <span class='ocrx_word' id='word_1_266' title='bbox 1130 1954 1302 2025; x_wconf 81' lang='lat' dir='ltr'><strong>legem</strong></span> <span class='ocrx_word' id='word_1_267' title='bbox 1327 1963 1490 2027; x_wconf 88' lang='lat' dir='ltr'><strong>atque</strong></span> <span class='ocrx_word' id='word_1_268' title='bbox 1515 1958 1860 2030; x_wconf 87' lang='lat' dir='ltr'><strong>Evangelium</strong></span> 
     </span>
    </p>
   </div>
   <div class='ocr_carea' id='block_1_36' title="bbox 273 2037 1860 2111">
    <p class='ocr_par' dir='ltr' id='par_1_36' title="bbox 273 2037 1860 2111">
     <span class='ocr_line' id='line_1_36' title="bbox 273 2037 1860 2111; baseline 0.009 -22"><span class='ocrx_word' id='word_1_269' title='bbox 273 2045 483 2092; x_wconf 62' lang='lat' dir='ltr'><strong>sanctae</strong></span> <span class='ocrx_word' id='word_1_270' title='bbox 509 2037 791 2094; x_wconf 82' lang='lat' dir='ltr'><strong>Trinitatis</strong></span> <span class='ocrx_word' id='word_1_271' title='bbox 816 2039 947 2095; x_wconf 86' lang='lat' dir='ltr'><strong>ﬁdes</strong></span> <span class='ocrx_word' id='word_1_272' title='bbox 967 2042 1308 2110; x_wconf 66' lang='lat' dir='ltr'><strong>praedicatur.</strong></span> <span class='ocrx_word' id='word_1_273' title='bbox 1357 2044 1494 2111; x_wconf 87' lang='lat' dir='ltr'><strong>Quid</strong></span> <span class='ocrx_word' id='word_1_274' title='bbox 1537 2056 1717 2103; x_wconf 90' lang='lat' dir='ltr'><strong>autem</strong></span> <span class='ocrx_word' id='word_1_275' title='bbox 1761 2065 1860 2104; x_wconf 91' lang='lat' dir='ltr'><strong>nu-</strong></span> 
     </span>
    </p>
   </div>
   <div class='ocr_carea' id='block_1_37' title="bbox 275 2127 1861 2210">
    <p class='ocr_par' dir='ltr' id='par_1_37' title="bbox 275 2127 1861 2210">
     <span class='ocr_line' id='line_1_37' title="bbox 275 2127 1861 2210; baseline 0.008 -29"><span class='ocrx_word' id='word_1_276' title='bbox 275 2143 466 2182; x_wconf 88' lang='lat' dir='ltr'><strong>merus</strong></span> <span class='ocrx_word' id='word_1_277' title='bbox 492 2127 591 2183; x_wconf 90' lang='lat' dir='ltr'><strong>iste</strong></span> <span class='ocrx_word' id='word_1_278' title='bbox 611 2130 814 2200; x_wconf 92' lang='lat' dir='ltr'><strong>pariter</strong></span> <span class='ocrx_word' id='word_1_279' title='bbox 839 2131 1101 2202; x_wconf 89' lang='lat' dir='ltr'><strong>signiﬁcet</strong></span> <span class='ocrx_word' id='word_1_280' title='bbox 1128 2148 1234 2203; x_wconf 91' lang='lat' dir='ltr'><strong>quo</strong></span> <span class='ocrx_word' id='word_1_281' title='bbox 1264 2136 1378 2191; x_wconf 64' lang='lat' dir='ltr'><strong>haec</strong></span> <span class='ocrx_word' id='word_1_282' title='bbox 1399 2138 1711 2210; x_wconf 88' lang='lat' dir='ltr'><strong>genealogia</strong></span> <span class='ocrx_word' id='word_1_283' title='bbox 1731 2153 1861 2194; x_wconf 90' lang='lat' dir='ltr'><strong>con-</strong></span> 
     </span>
    </p>
   </div>
   <div class='ocr_carea' id='block_1_38' title="bbox 276 2216 1860 2298">
    <p class='ocr_par' dir='ltr' id='par_1_38' title="bbox 276 2216 1860 2298">
     <span class='ocr_line' id='line_1_38' title="bbox 276 2216 1860 2298; baseline 0.009 -28"><span class='ocrx_word' id='word_1_284' title='bbox 276 2216 503 2283; x_wconf 87' lang='lat' dir='ltr'><strong>tinetur,</strong></span> <span class='ocrx_word' id='word_1_285' title='bbox 532 2234 636 2274; x_wconf 92' lang='lat' dir='ltr'><strong>non</strong></span> <span class='ocrx_word' id='word_1_286' title='bbox 675 2219 922 2290; x_wconf 88' lang='lat' dir='ltr'><strong>ignobilis</strong></span> <span class='ocrx_word' id='word_1_287' title='bbox 942 2231 1026 2276; x_wconf 91' lang='lat' dir='ltr'><strong>est</strong></span> <span class='ocrx_word' id='word_1_288' title='bbox 1057 2225 1217 2279; x_wconf 91' lang='lat' dir='ltr'><strong>studii</strong></span> <span class='ocrx_word' id='word_1_289' title='bbox 1247 2226 1591 2298; x_wconf 89' lang='lat' dir='ltr'><strong>investigare.</strong></span> <span class='ocrx_word' id='word_1_290' title='bbox 1616 2228 1860 2296; x_wconf 90' lang='lat' dir='ltr'><strong>Quadra-</strong></span> 
     </span>
    </p>
   </div>
   <div class='ocr_carea' id='block_1_39' title="bbox 272 2311 1861 2396">
    <p class='ocr_par' dir='ltr' id='par_1_39' title="bbox 272 2311 1861 2396">
     <span class='ocr_line' id='line_1_39' title="bbox 272 2311 1861 2396; baseline 0.008 -32"><span class='ocrx_word' id='word_1_291' title='bbox 272 2311 532 2379; x_wconf 86' lang='lat' dir='ltr'><strong>genarius</strong></span> <span class='ocrx_word' id='word_1_292' title='bbox 553 2325 681 2383; x_wconf 90' lang='lat' dir='ltr'><strong>ergo</strong></span> <span class='ocrx_word' id='word_1_293' title='bbox 705 2327 963 2369; x_wconf 90' lang='lat' dir='ltr'><strong>numerus</strong></span> <span class='ocrx_word' id='word_1_294' title='bbox 1001 2331 1106 2371; x_wconf 88' lang='lat' dir='ltr'><strong>non</strong></span> <span class='ocrx_word' id='word_1_295' title='bbox 1147 2317 1442 2388; x_wconf 78' lang='lat' dir='ltr'><strong>incongrue</strong></span> <span class='ocrx_word' id='word_1_296' title='bbox 1471 2330 1670 2396; x_wconf 37' lang='lat' dir='ltr'><strong>rtypum</strong></span> <span class='ocrx_word' id='word_1_297' title='bbox 1715 2330 1861 2377; x_wconf 81' lang='lat' dir='ltr'><strong>tenet</strong></span> 
     </span>
    </p>
   </div>
   <div class='ocr_carea' id='block_1_40' title="bbox 270 2401 1857 2480">
    <p class='ocr_par' dir='ltr' id='par_1_40' title="bbox 270 2401 1857 2480">
     <span class='ocr_line' id='line_1_40' title="bbox 270 2401 1857 2480; baseline 0.008 -26"><span class='ocrx_word' id='word_1_298' title='bbox 270 2401 541 2469; x_wconf 89' lang='lat' dir='ltr'><strong>temporis</strong></span> <span class='ocrx_word' id='word_1_299' title='bbox 571 2404 880 2472; x_wconf 75' lang='lat' dir='ltr'><strong>przesentis,</strong></span> <span class='ocrx_word' id='word_1_300' title='bbox 901 2405 1023 2473; x_wconf 88' lang='lat' dir='ltr'><strong>quia</strong></span> <span class='ocrx_word' id='word_1_301' title='bbox 1051 2413 1293 2476; x_wconf 83' lang='lat' dir='ltr'><strong>tempora</strong></span> <span class='ocrx_word' id='word_1_302' title='bbox 1331 2423 1593 2464; x_wconf 90' lang='lat' dir='ltr'><strong>annorum</strong></span> <span class='ocrx_word' id='word_1_303' title='bbox 1633 2412 1857 2480; x_wconf 90' lang='lat' dir='ltr'><strong>quadri-</strong></span> 
     </span>
    </p>
   </div>
   <div class='ocr_carea' id='block_1_41' title="bbox 271 2491 1858 2569">
    <p class='ocr_par' dir='ltr' id='par_1_41' title="bbox 271 2491 1858 2569">
     <span class='ocr_line' id='line_1_41' title="bbox 271 2491 1858 2569; baseline 0.008 -26"><span class='ocrx_word' id='word_1_304' title='bbox 271 2491 496 2562; x_wconf 87' lang='lat' dir='ltr'><strong>partitis</strong></span> <span class='ocrx_word' id='word_1_305' title='bbox 543 2492 752 2547; x_wconf 86' lang='lat' dir='ltr'><strong>vicibus</strong></span> <span class='ocrx_word' id='word_1_306' title='bbox 797 2503 1042 2559; x_wconf 91' lang='lat' dir='ltr'><strong>currunt,</strong></span> <span class='ocrx_word' id='word_1_307' title='bbox 1084 2502 1140 2549; x_wconf 91' lang='lat' dir='ltr'><strong>et</strong></span> <span class='ocrx_word' id='word_1_308' title='bbox 1184 2497 1414 2552; x_wconf 92' lang='lat' dir='ltr'><strong>mundus</strong></span> <span class='ocrx_word' id='word_1_309' title='bbox 1459 2497 1574 2567; x_wconf 89' lang='lat' dir='ltr'><strong>ipse</strong></span> <span class='ocrx_word' id='word_1_310' title='bbox 1623 2508 1858 2569; x_wconf 87' lang='lat' dir='ltr'><strong>quatuor</strong></span> 
     </span>
    </p>
   </div>
   <div class='ocr_carea' id='block_1_42' title="bbox 268 2583 1859 2662">
    <p class='ocr_par' dir='ltr' id='par_1_42' title="bbox 268 2583 1859 2662">
     <span class='ocr_line' id='line_1_42' title="bbox 268 2583 1859 2662; baseline 0.008 -26"><span class='ocrx_word' id='word_1_311' title='bbox 268 2583 523 2652; x_wconf 87' lang='lat' dir='ltr'><strong>partibus</strong></span> <span class='ocrx_word' id='word_1_312' title='bbox 544 2584 885 2639; x_wconf 85' lang='lat' dir='ltr'><strong>terminatur.</strong></span> <span class='ocrx_word' id='word_1_313' title='bbox 917 2585 1283 2658; x_wconf 81' lang='lat' dir='ltr'><strong>Quadraginta</strong></span> <span class='ocrx_word' id='word_1_314' title='bbox 1323 2597 1502 2645; x_wconf 88' lang='lat' dir='ltr'><strong>autem</strong></span> <span class='ocrx_word' id='word_1_315' title='bbox 1548 2599 1741 2662; x_wconf 88' lang='lat' dir='ltr'><strong>quater</strong></span> <span class='ocrx_word' id='word_1_316' title='bbox 1761 2593 1859 2648; x_wconf 87' lang='lat' dir='ltr'><strong>ha-</strong></span> 
     </span>
    </p>
   </div>
   <div class='ocr_carea' id='block_1_43' title="bbox 267 2671 1856 2750">
    <p class='ocr_par' dir='ltr' id='par_1_43' title="bbox 267 2671 1856 2750">
     <span class='ocr_line' id='line_1_43' title="bbox 267 2671 1856 2750; baseline 0.006 -24"><span class='ocrx_word' id='word_1_317' title='bbox 267 2671 409 2727; x_wconf 85' lang='lat' dir='ltr'><strong>bent</strong></span> <span class='ocrx_word' id='word_1_318' title='bbox 449 2672 658 2727; x_wconf 90' lang='lat' dir='ltr'><strong>decem.</strong></span> <span class='ocrx_word' id='word_1_319' title='bbox 709 2672 876 2726; x_wconf 88' lang='lat' dir='ltr'><strong>Porro</strong></span> <span class='ocrx_word' id='word_1_320' title='bbox 919 2673 1033 2742; x_wconf 90' lang='lat' dir='ltr'><strong>ipsa</strong></span> <span class='ocrx_word' id='word_1_321' title='bbox 1080 2675 1288 2742; x_wconf 91' lang='lat' dir='ltr'><strong>decem,</strong></span> <span class='ocrx_word' id='word_1_322' title='bbox 1333 2677 1400 2732; x_wconf 91' lang='lat' dir='ltr'><strong>ab</strong></span> <span class='ocrx_word' id='word_1_323' title='bbox 1437 2693 1548 2733; x_wconf 90' lang='lat' dir='ltr'><strong>uno</strong></span> <span class='ocrx_word' id='word_1_324' title='bbox 1579 2693 1754 2750; x_wconf 88' lang='lat' dir='ltr'><strong>usque</strong></span> <span class='ocrx_word' id='word_1_325' title='bbox 1787 2681 1856 2736; x_wconf 89' lang='lat' dir='ltr'><strong>ad</strong></span> 
     </span>
    </p>
   </div>
   <div class='ocr_carea' id='block_1_44' title="bbox 266 2763 1858 2832">
    <p class='ocr_par' dir='ltr' id='par_1_44' title="bbox 266 2763 1858 2832">
     <span class='ocr_line' id='line_1_44' title="bbox 266 2763 1858 2832; baseline 0.006 -15"><span class='ocrx_word' id='word_1_326' title='bbox 266 2771 514 2832; x_wconf 86' lang='lat' dir='ltr'><strong>quatuor</strong></span> <span class='ocrx_word' id='word_1_327' title='bbox 535 2763 910 2832; x_wconf 85' lang='lat' dir='ltr'><strong>progrediente</strong></span> <span class='ocrx_word' id='word_1_328' title='bbox 926 2780 1174 2829; x_wconf 90' lang='lat' dir='ltr'><strong>numero,</strong></span> <span class='ocrx_word' id='word_1_329' title='bbox 1191 2777 1655 2824; x_wconf 90' lang='lat' dir='ltr'><strong>consummantur.</strong></span> <span class='ocrx_word' id='word_1_330' title='bbox 1668 2769 1728 2826; x_wconf 84' lang='lat' dir='ltr'><strong>In</strong></span> <span class='ocrx_word' id='word_1_331' title='bbox 1755 2771 1858 2828; x_wconf 90' lang='lat' dir='ltr'><strong>hac</strong></span> 
     </span>
    </p>
   </div>
   <div class='ocr_carea' id='block_1_45' title="bbox 267 2853 1858 2932">
    <p class='ocr_par' dir='ltr' id='par_1_45' title="bbox 267 2853 1858 2932">
     <span class='ocr_line' id='line_1_45' title="bbox 267 2853 1858 2932; baseline 0.008 -25"><span class='ocrx_word' id='word_1_332' title='bbox 267 2861 462 2907; x_wconf 90' lang='lat' dir='ltr'><strong>autem</strong></span> <span class='ocrx_word' id='word_1_333' title='bbox 488 2853 744 2923; x_wconf 57' lang='lat' dir='ltr'><strong>praesenti</strong></span> <span class='ocrx_word' id='word_1_334' title='bbox 766 2854 906 2920; x_wconf 86' lang='lat' dir='ltr'><strong>vita,</strong></span> <span class='ocrx_word' id='word_1_335' title='bbox 937 2870 1055 2925; x_wconf 79' lang='lat' dir='ltr'><strong>quae</strong></span> <span class='ocrx_word' id='word_1_336' title='bbox 1087 2864 1388 2927; x_wconf 91' lang='lat' dir='ltr'><strong>temporum</strong></span> <span class='ocrx_word' id='word_1_337' title='bbox 1429 2875 1591 2916; x_wconf 92' lang='lat' dir='ltr'><strong>cursu</strong></span> <span class='ocrx_word' id='word_1_338' title='bbox 1618 2863 1858 2932; x_wconf 89' lang='lat' dir='ltr'><strong>quotidie</strong></span> 
     </span>
    </p>
   </div>
   <div class='ocr_carea' id='block_1_46' title="bbox 267 2941 1855 3019">
    <p class='ocr_par' dir='ltr' id='par_1_46' title="bbox 267 2941 1855 3019">
     <span class='ocr_line' id='line_1_46' title="bbox 267 2941 1855 3019; baseline 0.008 -23"><span class='ocrx_word' id='word_1_339' title='bbox 267 2941 554 3007; x_wconf 86' lang='lat' dir='ltr'><strong>dilabitur,</strong></span> <span class='ocrx_word' id='word_1_340' title='bbox 581 2942 706 3010; x_wconf 89' lang='lat' dir='ltr'><strong>quia</strong></span> <span class='ocrx_word' id='word_1_341' title='bbox 730 2944 840 3014; x_wconf 89' lang='lat' dir='ltr'><strong>regi</strong></span> <span class='ocrx_word' id='word_1_342' title='bbox 875 2960 973 3000; x_wconf 89' lang='lat' dir='ltr'><strong>nos</strong></span> <span class='ocrx_word' id='word_1_343' title='bbox 995 2960 1023 2998; x_wconf 93' lang='lat' dir='ltr'><strong>a</strong></span> <span class='ocrx_word' id='word_1_344' title='bbox 1052 2945 1269 3003; x_wconf 84' lang='lat' dir='ltr'><strong>Christo</strong></span> <span class='ocrx_word' id='word_1_345' title='bbox 1303 2957 1518 3019; x_wconf 91' lang='lat' dir='ltr'><strong>oportet</strong></span> <span class='ocrx_word' id='word_1_346' title='bbox 1560 2953 1855 3009; x_wconf 64' lang='lat' dir='ltr'><strong>swundum</strong></span> 
     </span>
    </p>
   </div>
   <div class='ocr_carea' id='block_1_47' title="bbox 266 3031 1853 3109">
    <p class='ocr_par' dir='ltr' id='par_1_47' title="bbox 266 3031 1853 3109">
     <span class='ocr_line' id='line_1_47' title="bbox 266 3031 1853 3109; baseline 0.008 -21"><span class='ocrx_word' id='word_1_347' title='bbox 266 3031 615 3102; x_wconf 84' lang='lat' dir='ltr'><strong>disciplinam</strong></span> <span class='ocrx_word' id='word_1_348' title='bbox 659 3033 1002 3101; x_wconf 85' lang='lat' dir='ltr'><strong>laboriosam,</strong></span> <span class='ocrx_word' id='word_1_349' title='bbox 1049 3053 1153 3107; x_wconf 88' lang='lat' dir='ltr'><strong>qua</strong></span> <span class='ocrx_word' id='word_1_350' title='bbox 1191 3039 1425 3109; x_wconf 82' lang='lat' dir='ltr'><strong>ﬂagellat</strong></span> <span class='ocrx_word' id='word_1_351' title='bbox 1462 3041 1606 3098; x_wconf 88' lang='lat' dir='ltr'><strong>Deus</strong></span> <span class='ocrx_word' id='word_1_352' title='bbox 1650 3059 1853 3100; x_wconf 89' lang='lat' dir='ltr'><strong>omnem</strong></span> 
     </span>
    </p>
   </div>
   <div class='ocr_carea' id='block_1_48' title="bbox 265 3102 1927 3206">
    <p class='ocr_par' dir='ltr' id='par_1_48' title="bbox 265 3102 1927 3206">
     <span class='ocr_line' id='line_1_48' title="bbox 265 3102 1927 3206; baseline 0.011 -29"><span class='ocrx_word' id='word_1_353' title='bbox 265 3124 450 3195; x_wconf 75' lang='lat' dir='ltr'><strong>ﬁlium</strong></span> <span class='ocrx_word' id='word_1_354' title='bbox 485 3141 636 3196; x_wconf 87' lang='lat' dir='ltr'><strong>quem</strong></span> <span class='ocrx_word' id='word_1_355' title='bbox 660 3126 838 3196; x_wconf 86' lang='lat' dir='ltr'><strong>recipit</strong></span> <span class='ocrx_word' id='word_1_356' title='bbox 870 3102 1206 3202; x_wconf 42' lang='lat' dir='ltr'><strong>(Helm-xu),</strong></span> <span class='ocrx_word' id='word_1_357' title='bbox 1251 3102 1534 3191; x_wconf 57' lang='lat' dir='ltr'><strong>hlatthteus</strong></span> <span class='ocrx_word' id='word_1_358' title='bbox 1573 3151 1672 3206; x_wconf 90' lang='lat' dir='ltr'><strong>per</strong></span> <span class='ocrx_word' id='word_1_359' title='bbox 1711 3137 1856 3194; x_wconf 89' lang='lat' dir='ltr'><strong>hunc</strong></span> <span class='ocrx_word' id='word_1_360' title='bbox 1883 3102 1927 3165; x_wconf 78' lang='lat' dir='ltr'>C</span> 
     </span>
    </p>
   </div>
   <div class='ocr_carea' id='block_1_49' title="bbox 269 3214 1856 3294">
    <p class='ocr_par' dir='ltr' id='par_1_49' title="bbox 269 3214 1856 3294">
     <span class='ocr_line' id='line_1_49' title="bbox 269 3214 1856 3294; baseline 0.011 -27"><span class='ocrx_word' id='word_1_361' title='bbox 269 3228 565 3268; x_wconf 88' lang='lat' dir='ltr'><strong>numerum</strong></span> <span class='ocrx_word' id='word_1_362' title='bbox 595 3214 794 3286; x_wconf 81' lang='lat' dir='ltr'><strong>Regem</strong></span> <span class='ocrx_word' id='word_1_363' title='bbox 821 3215 1098 3274; x_wconf 90' lang='lat' dir='ltr'><strong>Christum</strong></span> <span class='ocrx_word' id='word_1_364' title='bbox 1143 3221 1356 3279; x_wconf 89' lang='lat' dir='ltr'><strong>venisse</strong></span> <span class='ocrx_word' id='word_1_365' title='bbox 1399 3233 1645 3294; x_wconf 88' lang='lat' dir='ltr'><strong>testatur,</strong></span> <span class='ocrx_word' id='word_1_366' title='bbox 1672 3229 1856 3284; x_wconf 87' lang='lat' dir='ltr'><strong>addito</strong></span> 
     </span>
    </p>
   </div>
   <div class='ocr_carea' id='block_1_50' title="bbox 267 3303 1853 3379">
    <p class='ocr_par' dir='ltr' id='par_1_50' title="bbox 267 3303 1853 3379">
     <span class='ocr_line' id='line_1_50' title="bbox 267 3303 1853 3379; baseline 0.011 -22"><span class='ocrx_word' id='word_1_367' title='bbox 267 3303 529 3358; x_wconf 86' lang='lat' dir='ltr'><strong>videlicet</strong></span> <span class='ocrx_word' id='word_1_368' title='bbox 553 3303 763 3361; x_wconf 88' lang='lat' dir='ltr'><strong>binario</strong></span> <span class='ocrx_word' id='word_1_369' title='bbox 801 3322 1046 3376; x_wconf 91' lang='lat' dir='ltr'><strong>numero,</strong></span> <span class='ocrx_word' id='word_1_370' title='bbox 1076 3311 1169 3379; x_wconf 92' lang='lat' dir='ltr'><strong>qui</strong></span> <span class='ocrx_word' id='word_1_371' title='bbox 1195 3311 1332 3368; x_wconf 90' lang='lat' dir='ltr'><strong>bene</strong></span> <span class='ocrx_word' id='word_1_372' title='bbox 1375 3314 1481 3372; x_wconf 91' lang='lat' dir='ltr'><strong>duo</strong></span> <span class='ocrx_word' id='word_1_373' title='bbox 1509 3316 1853 3375; x_wconf 88' lang='lat' dir='ltr'><strong>Testamenta</strong></span> 
     </span>
    </p>
   </div>
   <div class='ocr_carea' id='block_1_51' title="bbox 267 3391 1855 3470">
    <p class='ocr_par' dir='ltr' id='par_1_51' title="bbox 267 3391 1855 3470">
     <span class='ocr_line' id='line_1_51' title="bbox 267 3391 1855 3470; baseline 0.013 -24"><span class='ocrx_word' id='word_1_374' title='bbox 267 3391 582 3462; x_wconf 84' lang='lat' dir='ltr'><strong>signiﬁcare</strong></span> <span class='ocrx_word' id='word_1_375' title='bbox 604 3403 799 3464; x_wconf 86' lang='lat' dir='ltr'><strong>potest.</strong></span> <span class='ocrx_word' id='word_1_376' title='bbox 827 3397 931 3453; x_wconf 88' lang='lat' dir='ltr'><strong>Per</strong></span> <span class='ocrx_word' id='word_1_377' title='bbox 953 3399 1069 3454; x_wconf 69' lang='grc' dir='ltr'><strong>ιιωο</strong></span> <span class='ocrx_word' id='word_1_378' title='bbox 1086 3402 1302 3470; x_wconf 88' lang='lat' dir='ltr'><strong>quidem</strong></span> <span class='ocrx_word' id='word_1_379' title='bbox 1324 3405 1572 3463; x_wconf 89' lang='lat' dir='ltr'><strong>Christus</strong></span> <span class='ocrx_word' id='word_1_380' title='bbox 1596 3409 1855 3467; x_wconf 86' lang='lat' dir='ltr'><strong>Dominus</strong></span> 
     </span>
    </p>
   </div>
   <div class='ocr_carea' id='block_1_52' title="bbox 268 3481 1856 3562">
    <p class='ocr_par' dir='ltr' id='par_1_52' title="bbox 268 3481 1856 3562">
     <span class='ocr_line' id='line_1_52' title="bbox 268 3481 1856 3562; baseline 0.014 -29"><span class='ocrx_word' id='word_1_381' title='bbox 268 3481 585 3536; x_wconf 86' lang='lat' dir='ltr'><strong>universam</strong></span> <span class='ocrx_word' id='word_1_382' title='bbox 613 3484 907 3541; x_wconf 90' lang='lat' dir='ltr'><strong>Ecelesiam</strong></span> <span class='ocrx_word' id='word_1_383' title='bbox 933 3503 1087 3543; x_wconf 90' lang='lat' dir='ltr'><strong>suam</strong></span> <span class='ocrx_word' id='word_1_384' title='bbox 1114 3493 1280 3562; x_wconf 88' lang='lat' dir='ltr'><strong>regit,</strong></span> <span class='ocrx_word' id='word_1_385' title='bbox 1323 3503 1380 3550; x_wconf 91' lang='lat' dir='ltr'><strong>et</strong></span> <span class='ocrx_word' id='word_1_386' title='bbox 1413 3511 1525 3552; x_wconf 69' lang='lat' dir='ltr'><strong>suae</strong></span> <span class='ocrx_word' id='word_1_387' title='bbox 1566 3498 1856 3556; x_wconf 85' lang='lat' dir='ltr'><strong>voluntatis</strong></span> 
     </span>
    </p>
   </div>
   <div class='ocr_carea' id='block_1_53' title="bbox 268 3569 1850 3658">
    <p class='ocr_par' dir='ltr' id='par_1_53' title="bbox 268 3569 1850 3658">
     <span class='ocr_line' id='line_1_53' title="bbox 268 3569 1850 3658; baseline 0.015 -36"><span class='ocrx_word' id='word_1_388' title='bbox 268 3569 349 3623; x_wconf 88' lang='lat' dir='ltr'><strong>illi</strong></span> <span class='ocrx_word' id='word_1_389' title='bbox 367 3569 574 3638; x_wconf 89' lang='lat' dir='ltr'><strong>judicia</strong></span> <span class='ocrx_word' id='word_1_390' title='bbox 608 3574 810 3640; x_wconf 89' lang='lat' dir='ltr'><strong>tribuit,</strong></span> <span class='ocrx_word' id='word_1_391' title='bbox 835 3577 960 3646; x_wconf 87' lang='lat' dir='ltr'><strong>quia</strong></span> <span class='ocrx_word' id='word_1_392' title='bbox 985 3580 1115 3649; x_wconf 91' lang='lat' dir='ltr'><strong>quid</strong></span> <span class='ocrx_word' id='word_1_393' title='bbox 1140 3582 1241 3638; x_wconf 91' lang='lat' dir='ltr'><strong>sibi</strong></span> <span class='ocrx_word' id='word_1_394' title='bbox 1270 3582 1323 3637; x_wconf 95' lang='lat' dir='ltr'><strong>in</strong></span> <span class='ocrx_word' id='word_1_395' title='bbox 1351 3599 1518 3654; x_wconf 89' lang='lat' dir='ltr'><strong>pravo</strong></span> <span class='ocrx_word' id='word_1_396' title='bbox 1547 3587 1850 3658; x_wconf 89' lang='lat' dir='ltr'><strong>displiceat,</strong></span> 
     </span>
    </p>
   </div>
   <div class='ocr_carea' id='block_1_54' title="bbox 269 3660 1850 3748">
    <p class='ocr_par' dir='ltr' id='par_1_54' title="bbox 269 3660 1850 3748">
     <span class='ocr_line' id='line_1_54' title="bbox 269 3660 1850 3748; baseline 0.015 -35"><span class='ocrx_word' id='word_1_397' title='bbox 269 3669 325 3714; x_wconf 86' lang='lat' dir='ltr'><strong>et</strong></span> <span class='ocrx_word' id='word_1_398' title='bbox 348 3660 483 3730; x_wconf 89' lang='lat' dir='ltr'><strong>quid</strong></span> <span class='ocrx_word' id='word_1_399' title='bbox 506 3662 559 3716; x_wconf 92' lang='lat' dir='ltr'><strong>in</strong></span> <span class='ocrx_word' id='word_1_400' title='bbox 585 3664 726 3722; x_wconf 93' lang='lat' dir='ltr'><strong>bono</strong></span> <span class='ocrx_word' id='word_1_401' title='bbox 767 3665 990 3736; x_wconf 90' lang='lat' dir='ltr'><strong>placeat,</strong></span> <span class='ocrx_word' id='word_1_402' title='bbox 1017 3671 1296 3728; x_wconf 88' lang='lat' dir='ltr'><strong>evidenter</strong></span> <span class='ocrx_word' id='word_1_403' title='bbox 1333 3689 1430 3745; x_wconf 91' lang='lat' dir='ltr'><strong>per</strong></span> <span class='ocrx_word' id='word_1_404' title='bbox 1469 3691 1534 3732; x_wconf 91' lang='lat' dir='ltr'><strong>ea</strong></span> <span class='ocrx_word' id='word_1_405' title='bbox 1575 3680 1850 3748; x_wconf 82' lang='lat' dir='ltr'><strong>patefacit.</strong></span> 
     </span>
    </p>
   </div>
   <div class='ocr_carea' id='block_1_55' title="bbox 269 3751 1854 3836">
    <p class='ocr_par' dir='ltr' id='par_1_55' title="bbox 269 3751 1854 3836">
     <span class='ocr_line' id='line_1_55' title="bbox 269 3751 1854 3836; baseline 0.014 -31"><span class='ocrx_word' id='word_1_406' title='bbox 269 3751 387 3807; x_wconf 88' lang='lat' dir='ltr'><strong>Nec</strong></span> <span class='ocrx_word' id='word_1_407' title='bbox 426 3769 533 3808; x_wconf 90' lang='lat' dir='ltr'><strong>non</strong></span> <span class='ocrx_word' id='word_1_408' title='bbox 555 3762 612 3809; x_wconf 82' lang='lat' dir='ltr'><strong>et</strong></span> <span class='ocrx_word' id='word_1_409' title='bbox 632 3755 738 3812; x_wconf 89' lang='lat' dir='ltr'><strong>duo</strong></span> <span class='ocrx_word' id='word_1_410' title='bbox 758 3769 1024 3829; x_wconf 66' lang='lat' dir='ltr'><strong>praecepta</strong></span> <span class='ocrx_word' id='word_1_411' title='bbox 1048 3763 1332 3820; x_wconf 89' lang='lat' dir='ltr'><strong>eharitatis</strong></span> <span class='ocrx_word' id='word_1_412' title='bbox 1353 3782 1641 3836; x_wconf 90' lang='lat' dir='ltr'><strong>possumus</strong></span> <span class='ocrx_word' id='word_1_413' title='bbox 1672 3770 1727 3824; x_wconf 92' lang='lat' dir='ltr'><strong>in</strong></span> <span class='ocrx_word' id='word_1_414' title='bbox 1772 3772 1854 3827; x_wconf 86' lang='lat' dir='ltr'><strong>bi-</strong></span> 
     </span>
    </p>
   </div>
   <div class='ocr_carea' id='block_1_56' title="bbox 269 3841 1855 3922">
    <p class='ocr_par' dir='ltr' id='par_1_56' title="bbox 269 3841 1855 3922">
     <span class='ocr_line' id='line_1_56' title="bbox 269 3841 1855 3922; baseline 0.012 -26"><span class='ocrx_word' id='word_1_415' title='bbox 269 3841 433 3897; x_wconf 88' lang='lat' dir='ltr'><strong>nario</strong></span> <span class='ocrx_word' id='word_1_416' title='bbox 458 3843 618 3899; x_wconf 91' lang='lat' dir='ltr'><strong>simili</strong></span> <span class='ocrx_word' id='word_1_417' title='bbox 645 3847 803 3902; x_wconf 91' lang='lat' dir='ltr'><strong>modo</strong></span> <span class='ocrx_word' id='word_1_418' title='bbox 832 3848 1150 3920; x_wconf 82' lang='lat' dir='ltr'><strong>intelligere,</strong></span> <span class='ocrx_word' id='word_1_419' title='bbox 1177 3854 1300 3922; x_wconf 88' lang='lat' dir='ltr'><strong>quia</strong></span> <span class='ocrx_word' id='word_1_420' title='bbox 1323 3857 1616 3912; x_wconf 90' lang='lat' dir='ltr'><strong>secundum</strong></span> <span class='ocrx_word' id='word_1_421' title='bbox 1667 3857 1855 3915; x_wconf 85' lang='lat' dir='ltr'><strong>Salva-</strong></span> 
     </span>
    </p>
   </div>
   <div class='ocr_carea' id='block_1_57' title="bbox 271 3932 1855 4004">
    <p class='ocr_par' dir='ltr' id='par_1_57' title="bbox 271 3932 1855 4004">
     <span class='ocr_line' id='line_1_57' title="bbox 271 3932 1855 4004; baseline 0.013 -21"><span class='ocrx_word' id='word_1_422' title='bbox 271 3932 413 3986; x_wconf 91' lang='lat' dir='ltr'><strong>toris</strong></span> <span class='ocrx_word' id='word_1_423' title='bbox 459 3935 801 4002; x_wconf 89' lang='lat' dir='ltr'><strong>sententiam,</strong></span> <span class='ocrx_word' id='word_1_424' title='bbox 839 3937 892 3991; x_wconf 90' lang='lat' dir='ltr'><strong>in</strong></span> <span class='ocrx_word' id='word_1_425' title='bbox 933 3939 1014 3992; x_wconf 86' lang='lat' dir='ltr'><strong>his</strong></span> <span class='ocrx_word' id='word_1_426' title='bbox 1054 3940 1256 3996; x_wconf 82' lang='lat' dir='ltr'><strong>duobus</strong></span> <span class='ocrx_word' id='word_1_427' title='bbox 1299 3946 1564 4001; x_wconf 74' lang='lat' dir='ltr'><strong>mandatis</strong></span> <span class='ocrx_word' id='word_1_428' title='bbox 1615 3956 1726 4002; x_wconf 88' lang='lat' dir='ltr'><strong>tota</strong></span> <span class='ocrx_word' id='word_1_429' title='bbox 1770 3947 1855 4004; x_wconf 77' lang='lat' dir='ltr'><strong>lea&#39;</strong></span> 
     </span>
    </p>
   </div>
   <div class='ocr_carea' id='block_1_58' title="bbox 267 4022 1854 4109">
    <p class='ocr_par' dir='ltr' id='par_1_58' title="bbox 267 4022 1854 4109">
     <span class='ocr_line' id='line_1_58' title="bbox 267 4022 1854 4109; baseline 0.014 -35"><span class='ocrx_word' id='word_1_430' title='bbox 267 4022 462 4091; x_wconf 80' lang='lat' dir='ltr'><strong>pendet</strong></span> <span class='ocrx_word' id='word_1_431' title='bbox 485 4032 533 4077; x_wconf 86' lang='lat' dir='ltr'><strong>et</strong></span> <span class='ocrx_word' id='word_1_432' title='bbox 557 4027 816 4096; x_wconf 72' lang='lat' dir='ltr'><strong>propheta:</strong></span> <span class='ocrx_word' id='word_1_433' title='bbox 853 4028 1066 4100; x_wconf 77' lang='lat' dir='ltr'><strong>(Matth.</strong></span> <span class='ocrx_word' id='word_1_434' title='bbox 1095 4035 1251 4106; x_wconf 75' lang='lat' dir='ltr'><strong>uti).</strong></span> <span class='ocrx_word' id='word_1_435' title='bbox 1282 4033 1391 4092; x_wconf 88' lang='lat' dir='ltr'><strong>Nec</strong></span> <span class='ocrx_word' id='word_1_436' title='bbox 1414 4045 1499 4092; x_wconf 90' lang='lat' dir='ltr'><strong>est</strong></span> <span class='ocrx_word' id='word_1_437' title='bbox 1521 4038 1575 4093; x_wconf 92' lang='lat' dir='ltr'><strong>in</strong></span> <span class='ocrx_word' id='word_1_438' title='bbox 1601 4042 1854 4109; x_wconf 71' lang='lat' dir='ltr'><strong>pmsenti</strong></span> 
     </span>
    </p>
   </div>
   <div class='ocr_carea' id='block_1_59' title="bbox 271 4117 1856 4190">
    <p class='ocr_par' dir='ltr' id='par_1_59' title="bbox 271 4117 1856 4190">
     <span class='ocr_line' id='line_1_59' title="bbox 271 4117 1856 4190; baseline 0.011 -21"><span class='ocrx_word' id='word_1_439' title='bbox 271 4124 520 4186; x_wconf 90' lang='lat' dir='ltr'><strong>tempore</strong></span> <span class='ocrx_word' id='word_1_440' title='bbox 542 4117 627 4172; x_wconf 87' lang='lat' dir='ltr'><strong>illa</strong></span> <span class='ocrx_word' id='word_1_441' title='bbox 653 4119 932 4190; x_wconf 90' lang='lat' dir='ltr'><strong>disciplina</strong></span> <span class='ocrx_word' id='word_1_442' title='bbox 956 4123 1120 4189; x_wconf 92' lang='lat' dir='ltr'><strong>utilis,</strong></span> <span class='ocrx_word' id='word_1_443' title='bbox 1153 4125 1198 4180; x_wconf 91' lang='lat' dir='ltr'><strong>si</strong></span> <span class='ocrx_word' id='word_1_444' title='bbox 1240 4143 1346 4182; x_wconf 91' lang='lat' dir='ltr'><strong>non</strong></span> <span class='ocrx_word' id='word_1_445' title='bbox 1396 4129 1450 4184; x_wconf 93' lang='lat' dir='ltr'><strong>in</strong></span> <span class='ocrx_word' id='word_1_446' title='bbox 1502 4145 1562 4186; x_wconf 90' lang='lat' dir='ltr'><strong>ea</strong></span> <span class='ocrx_word' id='word_1_447' title='bbox 1608 4141 1856 4188; x_wconf 85' lang='lat' dir='ltr'><strong>servetur</strong></span> 
     </span>
    </p>
   </div>
   <div class='ocr_carea' id='block_1_60' title="bbox 269 4204 1854 4292">
    <p class='ocr_par' dir='ltr' id='par_1_60' title="bbox 269 4204 1854 4292">
     <span class='ocr_line' id='line_1_60' title="bbox 269 4204 1854 4292; baseline 0.016 -36"><span class='ocrx_word' id='word_1_448' title='bbox 269 4204 462 4260; x_wconf 82' lang='lat' dir='ltr'><strong>fervor</strong></span> <span class='ocrx_word' id='word_1_449' title='bbox 487 4207 788 4265; x_wconf 89' lang='lat' dir='ltr'><strong>eharitatis.</strong></span> <span class='ocrx_word' id='word_1_450' title='bbox 830 4211 1122 4270; x_wconf 87' lang='lat' dir='ltr'><strong>Possumus</strong></span> <span class='ocrx_word' id='word_1_451' title='bbox 1169 4224 1225 4272; x_wconf 91' lang='lat' dir='ltr'><strong>et</strong></span> <span class='ocrx_word' id='word_1_452' title='bbox 1269 4217 1429 4274; x_wconf 89' lang='lat' dir='ltr'><strong>aliter</strong></span> <span class='ocrx_word' id='word_1_453' title='bbox 1481 4220 1550 4277; x_wconf 89' lang='lat' dir='ltr'><strong>de</strong></span> <span class='ocrx_word' id='word_1_454' title='bbox 1595 4225 1854 4292; x_wconf 71' lang='lat' dir='ltr'><strong>pmdieto</strong></span> 
     </span>
    </p>
   </div>
   <div class='ocr_carea' id='block_1_61' title="bbox 269 4299 1850 4381">
    <p class='ocr_par' dir='ltr' id='par_1_61' title="bbox 269 4299 1850 4381">
     <span class='ocr_line' id='line_1_61' title="bbox 269 4299 1850 4381; baseline 0.013 -33"><span class='ocrx_word' id='word_1_455' title='bbox 269 4304 528 4362; x_wconf 87' lang='lat' dir='ltr'><strong>numero,</strong></span> <span class='ocrx_word' id='word_1_456' title='bbox 574 4299 641 4354; x_wconf 90' lang='lat' dir='ltr'><strong>ad</strong></span> <span class='ocrx_word' id='word_1_457' title='bbox 690 4315 927 4369; x_wconf 63' lang='lat' dir='ltr'><strong>praisens</strong></span> <span class='ocrx_word' id='word_1_458' title='bbox 973 4304 1228 4362; x_wconf 67' lang='lat' dir='ltr'><strong>Ecclesiae</strong></span> <span class='ocrx_word' id='word_1_459' title='bbox 1272 4315 1482 4380; x_wconf 87' lang='lat' dir='ltr'><strong>tempus</strong></span> <span class='ocrx_word' id='word_1_460' title='bbox 1525 4314 1850 4381; x_wconf 85' lang='lat' dir='ltr'><strong>pertinente,</strong></span> 
     </span>
    </p>
   </div>
   <div class='ocr_carea' id='block_1_62' title="bbox 1959 1865 3546 1950">
    <p class='ocr_par' dir='ltr' id='par_1_62' title="bbox 1959 1865 3546 1950">
     <span class='ocr_line' id='line_1_62' title="bbox 1959 1865 3546 1950; baseline 0.011 -30"><span class='ocrx_word' id='word_1_461' title='bbox 1959 1865 2315 1924; x_wconf 85' lang='lat' dir='ltr'><strong>Aseendendo</strong></span> <span class='ocrx_word' id='word_1_462' title='bbox 2340 1878 2518 1924; x_wconf 89' lang='lat' dir='ltr'><strong>autem</strong></span> <span class='ocrx_word' id='word_1_463' title='bbox 2560 1871 2753 1927; x_wconf 88' lang='lat' dir='ltr'><strong>transit</strong></span> <span class='ocrx_word' id='word_1_464' title='bbox 2781 1873 2849 1927; x_wconf 86' lang='lat' dir='ltr'><strong>ad</strong></span> <span class='ocrx_word' id='word_1_465' title='bbox 2879 1873 3173 1944; x_wconf 86' lang='lat' dir='ltr'><strong>Abraham,</strong></span> <span class='ocrx_word' id='word_1_466' title='bbox 3201 1887 3255 1933; x_wconf 94' lang='lat' dir='ltr'><strong>et</strong></span> <span class='ocrx_word' id='word_1_467' title='bbox 3299 1883 3546 1950; x_wconf 89' lang='lat' dir='ltr'><strong>pervenit</strong></span> 
     </span>
    </p>
   </div>
   <div class='ocr_carea' id='block_1_63' title="bbox 1961 1957 3542 2033">
    <p class='ocr_par' dir='ltr' id='par_1_63' title="bbox 1961 1957 3542 2033">
     <span class='ocr_line' id='line_1_63' title="bbox 1961 1957 3542 2033; baseline 0.011 -23"><span class='ocrx_word' id='word_1_468' title='bbox 1961 1957 2030 2011; x_wconf 87' lang='lat' dir='ltr'><strong>ad</strong></span> <span class='ocrx_word' id='word_1_469' title='bbox 2060 1958 2248 2024; x_wconf 89' lang='lat' dir='ltr'><strong>Deum,</strong></span> <span class='ocrx_word' id='word_1_470' title='bbox 2278 1960 2362 2015; x_wconf 92' lang='lat' dir='ltr'><strong>cui</strong></span> <span class='ocrx_word' id='word_1_471' title='bbox 2390 1961 2631 2016; x_wconf 90' lang='lat' dir='ltr'><strong>mundati</strong></span> <span class='ocrx_word' id='word_1_472' title='bbox 2661 1971 2715 2016; x_wconf 92' lang='lat' dir='ltr'><strong>et</strong></span> <span class='ocrx_word' id='word_1_473' title='bbox 2740 1964 2941 2033; x_wconf 82' lang='lat' dir='ltr'><strong>expiati</strong></span> <span class='ocrx_word' id='word_1_474' title='bbox 2965 1969 3396 2026; x_wconf 82' lang='lat' dir='ltr'><strong>reconciliamur.</strong></span> <span class='ocrx_word' id='word_1_475' title='bbox 3429 1972 3542 2028; x_wconf 83' lang='lat' dir='ltr'><strong>Me-</strong></span> 
     </span>
    </p>
   </div>
   <div class='ocr_carea' id='block_1_64' title="bbox 1961 2048 3545 2132">
    <p class='ocr_par' dir='ltr' id='par_1_64' title="bbox 1961 2048 3545 2132">
     <span class='ocr_line' id='line_1_64' title="bbox 1961 2048 3545 2132; baseline 0.009 -30"><span class='ocrx_word' id='word_1_476' title='bbox 1961 2048 2067 2103; x_wconf 90' lang='lat' dir='ltr'><strong>rito</strong></span> <span class='ocrx_word' id='word_1_477' title='bbox 2101 2056 2158 2104; x_wconf 88' lang='lat' dir='ltr'><strong>et</strong></span> <span class='ocrx_word' id='word_1_478' title='bbox 2190 2049 2492 2119; x_wconf 91' lang='lat' dir='ltr'><strong>adoptionis</strong></span> <span class='ocrx_word' id='word_1_479' title='bbox 2525 2051 2785 2122; x_wconf 86' lang='lat' dir='ltr'><strong>originem</strong></span> <span class='ocrx_word' id='word_1_480' title='bbox 2820 2054 2933 2124; x_wconf 91' lang='lat' dir='ltr'><strong>ipse</strong></span> <span class='ocrx_word' id='word_1_481' title='bbox 2967 2059 3224 2128; x_wconf 91' lang='lat' dir='ltr'><strong>suscepit,</strong></span> <span class='ocrx_word' id='word_1_482' title='bbox 3271 2061 3396 2130; x_wconf 90' lang='lat' dir='ltr'><strong>quia</strong></span> <span class='ocrx_word' id='word_1_483' title='bbox 3448 2077 3545 2132; x_wconf 91' lang='lat' dir='ltr'><strong>per</strong></span> 
     </span>
    </p>
   </div>
   <div class='ocr_carea' id='block_1_65' title="bbox 1960 2138 3542 2219">
    <p class='ocr_par' dir='ltr' id='par_1_65' title="bbox 1960 2138 3542 2219">
     <span class='ocr_line' id='line_1_65' title="bbox 1960 2138 3542 2219; baseline 0.008 -28"><span class='ocrx_word' id='word_1_484' title='bbox 1960 2138 2303 2207; x_wconf 84' lang='lat' dir='ltr'><strong>adoptionem</strong></span> <span class='ocrx_word' id='word_1_485' title='bbox 2329 2138 2596 2194; x_wconf 81' lang='lat' dir='ltr'><strong>eﬂieimur</strong></span> <span class='ocrx_word' id='word_1_486' title='bbox 2621 2140 2716 2196; x_wconf 87' lang='lat' dir='ltr'><strong>ﬁlii</strong></span> <span class='ocrx_word' id='word_1_487' title='bbox 2755 2142 2886 2207; x_wconf 89' lang='lat' dir='ltr'><strong>Dei,</strong></span> <span class='ocrx_word' id='word_1_488' title='bbox 2928 2145 3196 2201; x_wconf 92' lang='lat' dir='ltr'><strong>credendo</strong></span> <span class='ocrx_word' id='word_1_489' title='bbox 3244 2147 3298 2202; x_wconf 93' lang='lat' dir='ltr'><strong>in</strong></span> <span class='ocrx_word' id='word_1_490' title='bbox 3345 2149 3542 2219; x_wconf 88' lang='lat' dir='ltr'><strong>Filium</strong></span> 
     </span>
    </p>
   </div>
   <div class='ocr_carea' id='block_1_66' title="bbox 1960 2227 3539 2307">
    <p class='ocr_par' dir='ltr' id='par_1_66' title="bbox 1960 2227 3539 2307">
     <span class='ocr_line' id='line_1_66' title="bbox 1960 2227 3539 2307; baseline 0.008 -25"><span class='ocrx_word' id='word_1_491' title='bbox 1960 2227 2079 2282; x_wconf 92' lang='lat' dir='ltr'><strong>Dei.</strong></span> <span class='ocrx_word' id='word_1_492' title='bbox 2104 2227 2208 2283; x_wconf 92' lang='lat' dir='ltr'><strong>Per</strong></span> <span class='ocrx_word' id='word_1_493' title='bbox 2228 2228 2498 2284; x_wconf 88' lang='lat' dir='ltr'><strong>carnalem</strong></span> <span class='ocrx_word' id='word_1_494' title='bbox 2525 2244 2654 2285; x_wconf 88' lang='lat' dir='ltr'><strong>vero</strong></span> <span class='ocrx_word' id='word_1_495' title='bbox 2679 2232 3080 2300; x_wconf 84' lang='lat' dir='ltr'><strong>generationem</strong></span> <span class='ocrx_word' id='word_1_496' title='bbox 3117 2235 3285 2290; x_wconf 91' lang='lat' dir='ltr'><strong>Filius</strong></span> <span class='ocrx_word' id='word_1_497' title='bbox 3319 2237 3411 2292; x_wconf 91' lang='lat' dir='ltr'><strong>Dei</strong></span> <span class='ocrx_word' id='word_1_498' title='bbox 3437 2254 3539 2307; x_wconf 82' lang='lat' dir='ltr'><strong>.po-</strong></span> 
     </span>
    </p>
   </div>
   <div class='ocr_carea' id='block_1_67' title="bbox 1959 2317 3542 2388">
    <p class='ocr_par' dir='ltr' id='par_1_67' title="bbox 1959 2317 3542 2388">
     <span class='ocr_line' id='line_1_67' title="bbox 1959 2317 3542 2388; baseline 0.009 -18"><span class='ocrx_word' id='word_1_499' title='bbox 1959 2317 2068 2372; x_wconf 90' lang='lat' dir='ltr'><strong>tius</strong></span> <span class='ocrx_word' id='word_1_500' title='bbox 2085 2326 2304 2388; x_wconf 82' lang='lat' dir='ltr'><strong>propter</strong></span> <span class='ocrx_word' id='word_1_501' title='bbox 2323 2333 2420 2374; x_wconf 91' lang='lat' dir='ltr'><strong>nos</strong></span> <span class='ocrx_word' id='word_1_502' title='bbox 2448 2318 2591 2376; x_wconf 89' lang='lat' dir='ltr'><strong>ﬁlius</strong></span> <span class='ocrx_word' id='word_1_503' title='bbox 2617 2321 2851 2377; x_wconf 91' lang='lat' dir='ltr'><strong>hominis</strong></span> <span class='ocrx_word' id='word_1_504' title='bbox 2875 2322 3047 2378; x_wconf 82' lang='lat' dir='ltr'><strong>factus</strong></span> <span class='ocrx_word' id='word_1_505' title='bbox 3072 2333 3175 2379; x_wconf 90' lang='lat' dir='ltr'><strong>est.</strong></span> <span class='ocrx_word' id='word_1_506' title='bbox 3199 2324 3343 2382; x_wconf 88' lang='lat' dir='ltr'><strong>Satis</strong></span> <span class='ocrx_word' id='word_1_507' title='bbox 3363 2337 3542 2384; x_wconf 89' lang='lat' dir='ltr'><strong>autem</strong></span> 
     </span>
    </p>
   </div>
   <div class='ocr_carea' id='block_1_68' title="bbox 1960 2405 3543 2485">
    <p class='ocr_par' dir='ltr' id='par_1_68' title="bbox 1960 2405 3543 2485">
     <span class='ocr_line' id='line_1_68' title="bbox 1960 2405 3543 2485; baseline 0.007 -23"><span class='ocrx_word' id='word_1_508' title='bbox 1960 2405 2347 2463; x_wconf 87' lang='lat' dir='ltr'><strong>demonstravit</strong></span> <span class='ocrx_word' id='word_1_509' title='bbox 2378 2423 2484 2463; x_wconf 91' lang='lat' dir='ltr'><strong>non</strong></span> <span class='ocrx_word' id='word_1_510' title='bbox 2522 2424 2582 2465; x_wconf 92' lang='lat' dir='ltr'><strong>se</strong></span> <span class='ocrx_word' id='word_1_511' title='bbox 2611 2410 2731 2465; x_wconf 91' lang='lat' dir='ltr'><strong>ideo</strong></span> <span class='ocrx_word' id='word_1_512' title='bbox 2757 2410 2957 2468; x_wconf 79' lang='lat' dir='ltr'><strong>dixisse</strong></span> <span class='ocrx_word' id='word_1_513' title='bbox 2983 2411 3181 2484; x_wconf 87' lang='lat' dir='ltr'><strong>Joseph</strong></span> <span class='ocrx_word' id='word_1_514' title='bbox 3206 2415 3375 2471; x_wconf 89' lang='lat' dir='ltr'><strong>ﬁlium</strong></span> <span class='ocrx_word' id='word_1_515' title='bbox 3399 2417 3543 2485; x_wconf 82' lang='lat' dir='ltr'><strong>Heli,</strong></span> 
     </span>
    </p>
   </div>
   <div class='ocr_carea' id='block_1_69' title="bbox 1961 2495 3541 2578">
    <p class='ocr_par' dir='ltr' id='par_1_69' title="bbox 1961 2495 3541 2578">
     <span class='ocr_line' id='line_1_69' title="bbox 1961 2495 3541 2578; baseline 0.008 -28"><span class='ocrx_word' id='word_1_516' title='bbox 1961 2495 2106 2565; x_wconf 90' lang='lat' dir='ltr'><strong>quod</strong></span> <span class='ocrx_word' id='word_1_517' title='bbox 2143 2497 2210 2552; x_wconf 91' lang='lat' dir='ltr'><strong>de</strong></span> <span class='ocrx_word' id='word_1_518' title='bbox 2234 2497 2325 2552; x_wconf 91' lang='lat' dir='ltr'><strong>illo</strong></span> <span class='ocrx_word' id='word_1_519' title='bbox 2353 2499 2583 2568; x_wconf 88' lang='lat' dir='ltr'><strong>genitus,</strong></span> <span class='ocrx_word' id='word_1_520' title='bbox 2614 2501 2710 2554; x_wconf 90' lang='lat' dir='ltr'><strong>sed</strong></span> <span class='ocrx_word' id='word_1_521' title='bbox 2739 2501 2882 2570; x_wconf 89' lang='lat' dir='ltr'><strong>quod</strong></span> <span class='ocrx_word' id='word_1_522' title='bbox 2915 2501 2984 2557; x_wconf 89' lang='lat' dir='ltr'><strong>ab</strong></span> <span class='ocrx_word' id='word_1_523' title='bbox 3011 2503 3104 2559; x_wconf 93' lang='lat' dir='ltr'><strong>illo</strong></span> <span class='ocrx_word' id='word_1_524' title='bbox 3131 2503 3296 2560; x_wconf 81' lang='lat' dir='ltr'><strong>fuerit</strong></span> <span class='ocrx_word' id='word_1_525' title='bbox 3319 2507 3541 2578; x_wconf 83' lang='lat' dir='ltr'><strong>adopta-</strong></span> 
     </span>
    </p>
   </div>
   <div class='ocr_carea' id='block_1_70' title="bbox 1960 2587 3544 2662">
    <p class='ocr_par' dir='ltr' id='par_1_70' title="bbox 1960 2587 3544 2662">
     <span class='ocr_line' id='line_1_70' title="bbox 1960 2587 3544 2662; baseline 0.009 -22"><span class='ocrx_word' id='word_1_526' title='bbox 1960 2595 2068 2651; x_wconf 91' lang='lat' dir='ltr'><strong>tus,</strong></span> <span class='ocrx_word' id='word_1_527' title='bbox 2096 2601 2218 2641; x_wconf 92' lang='lat' dir='ltr'><strong>eum</strong></span> <span class='ocrx_word' id='word_1_528' title='bbox 2244 2595 2300 2640; x_wconf 91' lang='lat' dir='ltr'><strong>et</strong></span> <span class='ocrx_word' id='word_1_529' title='bbox 2329 2587 2502 2656; x_wconf 91' lang='lat' dir='ltr'><strong>ipsum</strong></span> <span class='ocrx_word' id='word_1_530' title='bbox 2540 2587 2709 2643; x_wconf 89' lang='lat' dir='ltr'><strong>Adam</strong></span> <span class='ocrx_word' id='word_1_531' title='bbox 2759 2590 2926 2645; x_wconf 92' lang='lat' dir='ltr'><strong>ﬁlium</strong></span> <span class='ocrx_word' id='word_1_532' title='bbox 2969 2593 3066 2647; x_wconf 90' lang='lat' dir='ltr'><strong>Dei</strong></span> <span class='ocrx_word' id='word_1_533' title='bbox 3113 2595 3275 2662; x_wconf 82' lang='lat' dir='ltr'><strong>dixit,</strong></span> <span class='ocrx_word' id='word_1_534' title='bbox 3318 2610 3440 2652; x_wconf 89' lang='lat' dir='ltr'><strong>cum</strong></span> <span class='ocrx_word' id='word_1_535' title='bbox 3471 2598 3544 2654; x_wconf 92' lang='lat' dir='ltr'><strong>sit</strong></span> 
     </span>
    </p>
   </div>
   <div class='ocr_carea' id='block_1_71' title="bbox 1958 2674 3542 2755">
    <p class='ocr_par' dir='ltr' id='par_1_71' title="bbox 1958 2674 3542 2755">
     <span class='ocr_line' id='line_1_71' title="bbox 1958 2674 3542 2755; baseline 0.008 -25"><span class='ocrx_word' id='word_1_536' title='bbox 1958 2674 2133 2732; x_wconf 81' lang='lat' dir='ltr'><strong>factus</strong></span> <span class='ocrx_word' id='word_1_537' title='bbox 2153 2691 2185 2731; x_wconf 92' lang='lat' dir='ltr'><strong>a</strong></span> <span class='ocrx_word' id='word_1_538' title='bbox 2206 2676 2339 2743; x_wconf 91' lang='lat' dir='ltr'><strong>Deo,</strong></span> <span class='ocrx_word' id='word_1_539' title='bbox 2356 2678 2450 2732; x_wconf 91' lang='lat' dir='ltr'><strong>sed</strong></span> <span class='ocrx_word' id='word_1_540' title='bbox 2477 2692 2576 2746; x_wconf 91' lang='lat' dir='ltr'><strong>per</strong></span> <span class='ocrx_word' id='word_1_541' title='bbox 2599 2679 2846 2749; x_wconf 84' lang='lat' dir='ltr'><strong>gratiam,</strong></span> <span class='ocrx_word' id='word_1_542' title='bbox 2871 2696 3030 2750; x_wconf 90' lang='lat' dir='ltr'><strong>quam</strong></span> <span class='ocrx_word' id='word_1_543' title='bbox 3056 2692 3242 2752; x_wconf 88' lang='lat' dir='ltr'><strong>postea</strong></span> <span class='ocrx_word' id='word_1_544' title='bbox 3267 2688 3542 2755; x_wconf 91' lang='lat' dir='ltr'><strong>peccando</strong></span> 
     </span>
    </p>
   </div>
   <div class='ocr_carea' id='block_1_72' title="bbox 1957 2769 3539 2840">
    <p class='ocr_par' dir='ltr' id='par_1_72' title="bbox 1957 2769 3539 2840">
     <span class='ocr_line' id='line_1_72' title="bbox 1957 2769 3539 2840; baseline 0.005 -17"><span class='ocrx_word' id='word_1_545' title='bbox 1957 2769 2160 2836; x_wconf 89' lang='lat' dir='ltr'><strong>amisit,</strong></span> <span class='ocrx_word' id='word_1_546' title='bbox 2188 2777 2446 2840; x_wconf 90' lang='lat' dir='ltr'><strong>tanquam</strong></span> <span class='ocrx_word' id='word_1_547' title='bbox 2493 2770 2634 2825; x_wconf 89' lang='lat' dir='ltr'><strong>ﬁlius</strong></span> <span class='ocrx_word' id='word_1_548' title='bbox 2682 2770 2736 2825; x_wconf 91' lang='lat' dir='ltr'><strong>in</strong></span> <span class='ocrx_word' id='word_1_549' title='bbox 2773 2771 3029 2828; x_wconf 90' lang='lat' dir='ltr'><strong>Paradiso</strong></span> <span class='ocrx_word' id='word_1_550' title='bbox 3079 2775 3404 2832; x_wconf 89' lang='lat' dir='ltr'><strong>constitutus</strong></span> <span class='ocrx_word' id='word_1_551' title='bbox 3448 2780 3539 2834; x_wconf 90' lang='lat' dir='ltr'><strong>sit.</strong></span> 
     </span>
    </p>
   </div>
   <div class='ocr_carea' id='block_1_73' title="bbox 1958 2857 3652 2946">
    <p class='ocr_par' dir='ltr' id='par_1_73' title="bbox 1958 2857 3652 2946">
     <span class='ocr_line' id='line_1_73' title="bbox 1958 2857 3652 2946; baseline 0.006 -31"><span class='ocrx_word' id='word_1_552' title='bbox 1958 2859 2298 2932; x_wconf 86' lang='lat' dir='ltr'><strong>Quapropter</strong></span> <span class='ocrx_word' id='word_1_553' title='bbox 2342 2861 2396 2916; x_wconf 93' lang='lat' dir='ltr'><strong>in</strong></span> <span class='ocrx_word' id='word_1_554' title='bbox 2437 2857 2874 2932; x_wconf 83' lang='lat' dir='ltr'><strong>generationibus</strong></span> <span class='ocrx_word' id='word_1_555' title='bbox 2919 2863 3157 2946; x_wconf 80' lang='lat' dir='ltr'><strong>Mattluei</strong></span> <span class='ocrx_word' id='word_1_556' title='bbox 3208 2866 3544 2938; x_wconf 88' lang='lat' dir='ltr'><strong>signiﬁcatur</strong></span> <span class='ocrx_word' id='word_1_557' title='bbox 3647 2939 3652 2944; x_wconf 23' lang='grc' dir='ltr'><strong><em>ι</em></strong></span> 
     </span>
    </p>
   </div>
   <div class='ocr_carea' id='block_1_74' title="bbox 1958 2945 3538 3026">
    <p class='ocr_par' dir='ltr' id='par_1_74' title="bbox 1958 2945 3538 3026">
     <span class='ocr_line' id='line_1_74' title="bbox 1958 2945 3538 3026; baseline 0.005 -18"><span class='ocrx_word' id='word_1_558' title='bbox 1958 2961 2268 3009; x_wconf 82' lang='lat' dir='ltr'><strong>nostrorum</strong></span> <span class='ocrx_word' id='word_1_559' title='bbox 2295 2961 2641 3024; x_wconf 88' lang='lat' dir='ltr'><strong>peccatorum</strong></span> <span class='ocrx_word' id='word_1_560' title='bbox 2671 2945 2940 3025; x_wconf 83' lang='lat' dir='ltr'><strong>susceptio</strong></span> <span class='ocrx_word' id='word_1_561' title='bbox 2963 2971 2992 3010; x_wconf 91' lang='lat' dir='ltr'><strong>a</strong></span> <span class='ocrx_word' id='word_1_562' title='bbox 3029 2957 3255 3014; x_wconf 89' lang='lat' dir='ltr'><strong>Domino</strong></span> <span class='ocrx_word' id='word_1_563' title='bbox 3288 2958 3538 3026; x_wconf 86' lang='lat' dir='ltr'><strong>Christo;</strong></span> 
     </span>
    </p>
   </div>
   <div class='ocr_carea' id='block_1_75' title="bbox 1957 3044 3541 3118">
    <p class='ocr_par' dir='ltr' id='par_1_75' title="bbox 1957 3044 3541 3118">
     <span class='ocr_line' id='line_1_75' title="bbox 1957 3044 3541 3118; baseline 0.003 -17"><span class='ocrx_word' id='word_1_564' title='bbox 1957 3045 2011 3101; x_wconf 91' lang='lat' dir='ltr'><strong>in</strong></span> <span class='ocrx_word' id='word_1_565' title='bbox 2033 3046 2472 3118; x_wconf 85' lang='lat' dir='ltr'><strong>generationibus</strong></span> <span class='ocrx_word' id='word_1_566' title='bbox 2518 3053 2698 3100; x_wconf 86' lang='lat' dir='ltr'><strong>autem</strong></span> <span class='ocrx_word' id='word_1_567' title='bbox 2736 3044 2895 3101; x_wconf 65' lang='lat' dir='ltr'><strong>Lucae</strong></span> <span class='ocrx_word' id='word_1_568' title='bbox 2941 3046 3274 3116; x_wconf 85' lang='lat' dir='ltr'><strong>signiﬁcatur</strong></span> <span class='ocrx_word' id='word_1_569' title='bbox 3320 3051 3541 3106; x_wconf 90' lang='lat' dir='ltr'><strong>abolitio</strong></span> 
     </span>
    </p>
   </div>
   <div class='ocr_carea' id='block_1_76' title="bbox 1958 3134 3542 3205">
    <p class='ocr_par' dir='ltr' id='par_1_76' title="bbox 1958 3134 3542 3205">
     <span class='ocr_line' id='line_1_76' title="bbox 1958 3134 3542 3205; baseline 0.004 -16"><span class='ocrx_word' id='word_1_570' title='bbox 1958 3143 2266 3190; x_wconf 92' lang='lat' dir='ltr'><strong>nostrorum</strong></span> <span class='ocrx_word' id='word_1_571' title='bbox 2294 3141 2640 3205; x_wconf 89' lang='lat' dir='ltr'><strong>peccatorum</strong></span> <span class='ocrx_word' id='word_1_572' title='bbox 2670 3149 2698 3187; x_wconf 87' lang='lat' dir='ltr'><strong>a</strong></span> <span class='ocrx_word' id='word_1_573' title='bbox 2737 3134 2962 3190; x_wconf 88' lang='lat' dir='ltr'><strong>Domino</strong></span> <span class='ocrx_word' id='word_1_574' title='bbox 2999 3134 3236 3191; x_wconf 86' lang='lat' dir='ltr'><strong>Christo.</strong></span> <span class='ocrx_word' id='word_1_575' title='bbox 3279 3137 3404 3194; x_wconf 87' lang='lat' dir='ltr'><strong>Ideo</strong></span> <span class='ocrx_word' id='word_1_576' title='bbox 3449 3154 3542 3195; x_wconf 89' lang='lat' dir='ltr'><strong>eas</strong></span> 
     </span>
    </p>
   </div>
   <div class='ocr_carea' id='block_1_77' title="bbox 1957 3227 3539 3300">
    <p class='ocr_par' dir='ltr' id='par_1_77' title="bbox 1957 3227 3539 3300">
     <span class='ocr_line' id='line_1_77' title="bbox 1957 3227 3539 3300; baseline 0.006 -19"><span class='ocrx_word' id='word_1_577' title='bbox 1957 3227 2046 3283; x_wconf 92' lang='lat' dir='ltr'><strong>ille</strong></span> <span class='ocrx_word' id='word_1_578' title='bbox 2075 3228 2410 3283; x_wconf 90' lang='lat' dir='ltr'><strong>descendens</strong></span> <span class='ocrx_word' id='word_1_579' title='bbox 2446 3234 2690 3294; x_wconf 90' lang='lat' dir='ltr'><strong>enarrat,</strong></span> <span class='ocrx_word' id='word_1_580' title='bbox 2715 3227 2820 3281; x_wconf 82' lang='lat' dir='ltr'><strong>iste</strong></span> <span class='ocrx_word' id='word_1_581' title='bbox 2860 3230 3178 3286; x_wconf 87' lang='lat' dir='ltr'><strong>ascendens.</strong></span> <span class='ocrx_word' id='word_1_582' title='bbox 3208 3231 3361 3300; x_wconf 89' lang='lat' dir='ltr'><strong>Quod</strong></span> <span class='ocrx_word' id='word_1_583' title='bbox 3391 3236 3539 3291; x_wconf 90' lang='lat' dir='ltr'><strong>enim</strong></span> 
     </span>
    </p>
   </div>
   <div class='ocr_carea' id='block_1_78' title="bbox 1955 3315 3542 3396">
    <p class='ocr_par' dir='ltr' id='par_1_78' title="bbox 1955 3315 3542 3396">
     <span class='ocr_line' id='line_1_78' title="bbox 1955 3315 3542 3396; baseline 0.003 -22"><span class='ocrx_word' id='word_1_584' title='bbox 1955 3319 2085 3374; x_wconf 88' lang='lat' dir='ltr'><strong>dicit</strong></span> <span class='ocrx_word' id='word_1_585' title='bbox 2117 3317 2407 3390; x_wconf 88' lang='lat' dir='ltr'><strong>Apostolus</strong></span> <span class='ocrx_word' id='word_1_586' title='bbox 2436 3333 2452 3372; x_wconf 90' lang='lat'><strong>:</strong></span> <span class='ocrx_word' id='word_1_587' title='bbox 2484 3317 2631 3372; x_wconf 83' lang='lat' dir='ltr'><strong>Misit</strong></span> <span class='ocrx_word' id='word_1_588' title='bbox 2663 3317 2801 3396; x_wconf 79' lang='lat' dir='ltr'><strong>Deus</strong></span> <span class='ocrx_word' id='word_1_589' title='bbox 2825 3315 3022 3373; x_wconf 82' lang='lat' dir='ltr'><strong>Filium</strong></span> <span class='ocrx_word' id='word_1_590' title='bbox 3041 3337 3194 3375; x_wconf 84' lang='lat' dir='ltr'><strong>suum</strong></span> <span class='ocrx_word' id='word_1_591' title='bbox 3216 3323 3271 3376; x_wconf 88' lang='lat' dir='ltr'><strong>in</strong></span> <span class='ocrx_word' id='word_1_592' title='bbox 3289 3323 3542 3379; x_wconf 85' lang='lat' dir='ltr'><strong>similitu-</strong></span> 
     </span>
    </p>
   </div>
   <div class='ocr_carea' id='block_1_79' title="bbox 1953 3408 3542 3485">
    <p class='ocr_par' dir='ltr' id='par_1_79' title="bbox 1953 3408 3542 3485">
     <span class='ocr_line' id='line_1_79' title="bbox 1953 3408 3542 3485; baseline 0.005 -23"><span class='ocrx_word' id='word_1_593' title='bbox 1953 3409 2128 3463; x_wconf 84' lang='lat' dir='ltr'><strong>dinem</strong></span> <span class='ocrx_word' id='word_1_594' title='bbox 2167 3410 2342 3464; x_wconf 82' lang='lat' dir='ltr'><strong>carnis</strong></span> <span class='ocrx_word' id='word_1_595' title='bbox 2373 3411 2573 3481; x_wconf 85' lang='lat' dir='ltr'><strong>peccati</strong></span> <span class='ocrx_word' id='word_1_596' title='bbox 2611 3408 2785 3481; x_wconf 86' lang='lat' dir='ltr'><strong>(Rom.</strong></span> <span class='ocrx_word' id='word_1_597' title='bbox 2811 3410 2954 3482; x_wconf 88' lang='lat' dir='ltr'><strong>vm),</strong></span> <span class='ocrx_word' id='word_1_598' title='bbox 2988 3411 3103 3466; x_wconf 63' lang='lat' dir='ltr'><strong>haec</strong></span> <span class='ocrx_word' id='word_1_599' title='bbox 3150 3421 3234 3467; x_wconf 91' lang='lat' dir='ltr'><strong>est</strong></span> <span class='ocrx_word' id='word_1_600' title='bbox 3271 3416 3542 3485; x_wconf 91' lang='lat' dir='ltr'><strong>susceptio</strong></span> 
     </span>
    </p>
   </div>
   <div class='ocr_carea' id='block_1_80' title="bbox 1952 3502 3538 3576">
    <p class='ocr_par' dir='ltr' id='par_1_80' title="bbox 1952 3502 3538 3576">
     <span class='ocr_line' id='line_1_80' title="bbox 1952 3502 3538 3576; baseline 0.002 -18"><span class='ocrx_word' id='word_1_601' title='bbox 1952 3511 2332 3572; x_wconf 89' lang='lat' dir='ltr'><strong>peccatorum;</strong></span> <span class='ocrx_word' id='word_1_602' title='bbox 2389 3503 2533 3572; x_wconf 87' lang='lat' dir='ltr'><strong>quod</strong></span> <span class='ocrx_word' id='word_1_603' title='bbox 2584 3509 2764 3556; x_wconf 90' lang='lat' dir='ltr'><strong>autem</strong></span> <span class='ocrx_word' id='word_1_604' title='bbox 2819 3502 3071 3557; x_wconf 87' lang='lat' dir='ltr'><strong>addidit:</strong></span> <span class='ocrx_word' id='word_1_605' title='bbox 3107 3502 3173 3558; x_wconf 87' lang='lat' dir='ltr'><strong>Ut</strong></span> <span class='ocrx_word' id='word_1_606' title='bbox 3220 3505 3284 3560; x_wconf 85' lang='lat' dir='ltr'><strong>de</strong></span> <span class='ocrx_word' id='word_1_607' title='bbox 3325 3516 3538 3576; x_wconf 80' lang='lat' dir='ltr'><strong>peccato</strong></span> 
     </span>
    </p>
   </div>
   <div class='ocr_carea' id='block_1_81' title="bbox 1953 3591 3540 3665">
    <p class='ocr_par' dir='ltr' id='par_1_81' title="bbox 1953 3591 3540 3665">
     <span class='ocr_line' id='line_1_81' title="bbox 1953 3591 3540 3665; baseline 0.003 -20"><span class='ocrx_word' id='word_1_608' title='bbox 1953 3592 2228 3647; x_wconf 82' lang='lat' dir='ltr'><strong>damnaret</strong></span> <span class='ocrx_word' id='word_1_609' title='bbox 2249 3601 2515 3662; x_wconf 87' lang='lat' dir='ltr'><strong>peccatum</strong></span> <span class='ocrx_word' id='word_1_610' title='bbox 2545 3593 2600 3646; x_wconf 89' lang='lat' dir='ltr'><strong>in</strong></span> <span class='ocrx_word' id='word_1_611' title='bbox 2626 3608 2784 3647; x_wconf 89' lang='lat' dir='ltr'><strong>carne</strong></span> <span class='ocrx_word' id='word_1_612' title='bbox 2805 3591 3016 3664; x_wconf 86' lang='lat' dir='ltr'><strong>(lbid.),</strong></span> <span class='ocrx_word' id='word_1_613' title='bbox 3045 3593 3160 3648; x_wconf 69' lang='lat' dir='ltr'><strong>haec</strong></span> <span class='ocrx_word' id='word_1_614' title='bbox 3186 3603 3270 3649; x_wconf 93' lang='lat' dir='ltr'><strong>est</strong></span> <span class='ocrx_word' id='word_1_615' title='bbox 3302 3596 3540 3665; x_wconf 79' lang='lat' dir='ltr'><strong>expiatio</strong></span> 
     </span>
    </p>
   </div>
   <div class='ocr_carea' id='block_1_82' title="bbox 1952 3683 3540 3757">
    <p class='ocr_par' dir='ltr' id='par_1_82' title="bbox 1952 3683 3540 3757">
     <span class='ocr_line' id='line_1_82' title="bbox 1952 3683 3540 3757; baseline 0.002 -17"><span class='ocrx_word' id='word_1_616' title='bbox 1952 3692 2321 3754; x_wconf 88' lang='lat' dir='ltr'><strong>peccatorum.</strong></span> <span class='ocrx_word' id='word_1_617' title='bbox 2358 3683 2589 3739; x_wconf 85' lang='lat' dir='ltr'><strong>Proinde</strong></span> <span class='ocrx_word' id='word_1_618' title='bbox 2635 3683 2920 3739; x_wconf 71' lang='lat' dir='ltr'><strong>Matthaeus</strong></span> <span class='ocrx_word' id='word_1_619' title='bbox 2960 3685 3029 3739; x_wconf 91' lang='lat' dir='ltr'><strong>ab</strong></span> <span class='ocrx_word' id='word_1_620' title='bbox 3076 3685 3193 3752; x_wconf 91' lang='lat' dir='ltr'><strong>ipso</strong></span> <span class='ocrx_word' id='word_1_621' title='bbox 3238 3686 3403 3742; x_wconf 90' lang='lat' dir='ltr'><strong>David</strong></span> <span class='ocrx_word' id='word_1_622' title='bbox 3442 3703 3540 3757; x_wconf 93' lang='lat' dir='ltr'><strong>per</strong></span> 
     </span>
    </p>
   </div>
   <div class='ocr_carea' id='block_1_83' title="bbox 1955 3771 3534 3845">
    <p class='ocr_par' dir='ltr' id='par_1_83' title="bbox 1955 3771 3534 3845">
     <span class='ocr_line' id='line_1_83' title="bbox 1955 3771 3534 3845; baseline 0.001 -15"><span class='ocrx_word' id='word_1_623' title='bbox 1955 3775 2298 3831; x_wconf 88' lang='lat' dir='ltr'><strong>Salomonem</strong></span> <span class='ocrx_word' id='word_1_624' title='bbox 2344 3774 2640 3838; x_wconf 89' lang='lat' dir='ltr'><strong>descendit,</strong></span> <span class='ocrx_word' id='word_1_625' title='bbox 2669 3775 2721 3828; x_wconf 91' lang='lat' dir='ltr'><strong>in</strong></span> <span class='ocrx_word' id='word_1_626' title='bbox 2752 3771 2905 3841; x_wconf 87' lang='lat' dir='ltr'><strong>cujus</strong></span> <span class='ocrx_word' id='word_1_627' title='bbox 2933 3781 3107 3829; x_wconf 90' lang='lat' dir='ltr'><strong>matre</strong></span> <span class='ocrx_word' id='word_1_628' title='bbox 3141 3774 3230 3830; x_wconf 91' lang='lat' dir='ltr'><strong>ille</strong></span> <span class='ocrx_word' id='word_1_629' title='bbox 3254 3779 3534 3845; x_wconf 87' lang='lat' dir='ltr'><strong>peccavit:</strong></span> 
     </span>
    </p>
   </div>
   <div class='ocr_carea' id='block_1_84' title="bbox 1953 3861 3539 3938">
    <p class='ocr_par' dir='ltr' id='par_1_84' title="bbox 1953 3861 3539 3938">
     <span class='ocr_line' id='line_1_84' title="bbox 1953 3861 3539 3938; baseline 0.001 -20"><span class='ocrx_word' id='word_1_630' title='bbox 1953 3863 2129 3918; x_wconf 89' lang='lat' dir='ltr'><strong>Lucas</strong></span> <span class='ocrx_word' id='word_1_631' title='bbox 2150 3878 2279 3918; x_wconf 88' lang='lat' dir='ltr'><strong>vero</strong></span> <span class='ocrx_word' id='word_1_632' title='bbox 2305 3863 2372 3916; x_wconf 93' lang='lat' dir='ltr'><strong>ad</strong></span> <span class='ocrx_word' id='word_1_633' title='bbox 2400 3862 2574 3932; x_wconf 87' lang='lat' dir='ltr'><strong>ipsum</strong></span> <span class='ocrx_word' id='word_1_634' title='bbox 2603 3861 2770 3916; x_wconf 88' lang='lat' dir='ltr'><strong>David</strong></span> <span class='ocrx_word' id='word_1_635' title='bbox 2797 3875 2895 3931; x_wconf 92' lang='lat' dir='ltr'><strong>per</strong></span> <span class='ocrx_word' id='word_1_636' title='bbox 2922 3861 3132 3917; x_wconf 85' lang='lat' dir='ltr'><strong>Nathan</strong></span> <span class='ocrx_word' id='word_1_637' title='bbox 3155 3865 3419 3929; x_wconf 88' lang='lat' dir='ltr'><strong>ascendit,</strong></span> <span class='ocrx_word' id='word_1_638' title='bbox 3442 3882 3539 3938; x_wconf 90' lang='lat' dir='ltr'><strong>per</strong></span> 
     </span>
    </p>
   </div>
   <div class='ocr_carea' id='block_1_85' title="bbox 1954 3951 3532 4025">
    <p class='ocr_par' dir='ltr' id='par_1_85' title="bbox 1954 3951 3532 4025">
     <span class='ocr_line' id='line_1_85' title="bbox 1954 3951 3532 4025; baseline 0.004 -19"><span class='ocrx_word' id='word_1_639' title='bbox 1954 3967 2114 4023; x_wconf 91' lang='lat' dir='ltr'><strong>quem</strong></span> <span class='ocrx_word' id='word_1_640' title='bbox 2155 3951 2470 4022; x_wconf 78' lang='lat' dir='ltr'><strong>prephetam</strong></span> <span class='ocrx_word' id='word_1_641' title='bbox 2502 3964 2526 3991; x_wconf 82' lang='grc' dir='ltr'><strong>ιι</strong></span> <span class='ocrx_word' id='word_1_642' title='bbox 2556 3951 2696 4007; x_wconf 90' lang='lat' dir='ltr'><strong>Deus</strong></span> <span class='ocrx_word' id='word_1_643' title='bbox 2738 3960 3020 4021; x_wconf 88' lang='lat' dir='ltr'><strong>peccatum</strong></span> <span class='ocrx_word' id='word_1_644' title='bbox 3077 3952 3220 4010; x_wconf 89' lang='lat' dir='ltr'><strong>illius</strong></span> <span class='ocrx_word' id='word_1_645' title='bbox 3274 3956 3532 4025; x_wconf 77' lang='lat' dir='ltr'><strong>expiavit.</strong></span> 
     </span>
    </p>
   </div>
   <div class='ocr_carea' id='block_1_86' title="bbox 1954 4040 3538 4113">
    <p class='ocr_par' dir='ltr' id='par_1_86' title="bbox 1954 4040 3538 4113">
     <span class='ocr_line' id='line_1_86' title="bbox 1954 4040 3538 4113; baseline 0 -16"><span class='ocrx_word' id='word_1_646' title='bbox 1954 4042 2070 4111; x_wconf 86' lang='lat' dir='ltr'><strong>Ipse</strong></span> <span class='ocrx_word' id='word_1_647' title='bbox 2096 4055 2310 4110; x_wconf 88' lang='lat' dir='ltr'><strong>quoque</strong></span> <span class='ocrx_word' id='word_1_648' title='bbox 2351 4055 2607 4095; x_wconf 90' lang='lat' dir='ltr'><strong>numerus</strong></span> <span class='ocrx_word' id='word_1_649' title='bbox 2645 4055 2804 4111; x_wconf 93' lang='lat' dir='ltr'><strong>quem</strong></span> <span class='ocrx_word' id='word_1_650' title='bbox 2847 4040 3022 4096; x_wconf 90' lang='lat' dir='ltr'><strong>Lucas</strong></span> <span class='ocrx_word' id='word_1_651' title='bbox 3058 4044 3390 4113; x_wconf 81' lang='lat' dir='ltr'><strong>exsequitur,</strong></span> <span class='ocrx_word' id='word_1_652' title='bbox 3420 4060 3538 4102; x_wconf 87' lang='lat' dir='ltr'><strong>cer-</strong></span> 
     </span>
    </p>
   </div>
   <div class='ocr_carea' id='block_1_87' title="bbox 1955 4127 3535 4202">
    <p class='ocr_par' dir='ltr' id='par_1_87' title="bbox 1955 4127 3535 4202">
     <span class='ocr_line' id='line_1_87' title="bbox 1955 4127 3535 4202; baseline 0.004 -18"><span class='ocrx_word' id='word_1_653' title='bbox 1955 4129 2162 4185; x_wconf 89' lang='lat' dir='ltr'><strong>tissime</strong></span> <span class='ocrx_word' id='word_1_654' title='bbox 2181 4143 2405 4200; x_wconf 91' lang='lat' dir='ltr'><strong>prorsus</strong></span> <span class='ocrx_word' id='word_1_655' title='bbox 2425 4127 2769 4184; x_wconf 89' lang='lat' dir='ltr'><strong>abolitionem</strong></span> <span class='ocrx_word' id='word_1_656' title='bbox 2795 4129 2997 4184; x_wconf 85' lang='lat' dir='ltr'><strong>indicat</strong></span> <span class='ocrx_word' id='word_1_657' title='bbox 3017 4140 3380 4200; x_wconf 81' lang='lat' dir='ltr'><strong>peccatorum.</strong></span> <span class='ocrx_word' id='word_1_658' title='bbox 3399 4134 3535 4202; x_wconf 89' lang='lat' dir='ltr'><strong>Quia</strong></span> 
     </span>
    </p>
   </div>
   <div class='ocr_carea' id='block_1_88' title="bbox 1953 4219 3534 4289">
    <p class='ocr_par' dir='ltr' id='par_1_88' title="bbox 1953 4219 3534 4289">
     <span class='ocr_line' id='line_1_88' title="bbox 1953 4219 3534 4289; baseline 0.003 -13"><span class='ocrx_word' id='word_1_659' title='bbox 1953 4222 2096 4276; x_wconf 90' lang='lat' dir='ltr'><strong>enim</strong></span> <span class='ocrx_word' id='word_1_660' title='bbox 2119 4219 2319 4276; x_wconf 90' lang='lat' dir='ltr'><strong>Christi</strong></span> <span class='ocrx_word' id='word_1_661' title='bbox 2341 4219 2520 4288; x_wconf 89' lang='lat' dir='ltr'><strong>aliqua</strong></span> <span class='ocrx_word' id='word_1_662' title='bbox 2548 4220 2822 4289; x_wconf 87' lang='lat' dir='ltr'><strong>iniquitas,</strong></span> <span class='ocrx_word' id='word_1_663' title='bbox 2846 4219 2936 4288; x_wconf 92' lang='lat' dir='ltr'><strong>qui</strong></span> <span class='ocrx_word' id='word_1_664' title='bbox 2966 4219 3164 4275; x_wconf 88' lang='lat' dir='ltr'><strong>nullam</strong></span> <span class='ocrx_word' id='word_1_665' title='bbox 3192 4222 3397 4286; x_wconf 88' lang='lat' dir='ltr'><strong>habuit,</strong></span> <span class='ocrx_word' id='word_1_666' title='bbox 3428 4240 3534 4280; x_wconf 92' lang='lat' dir='ltr'><strong>non</strong></span> 
     </span>
    </p>
   </div>
   <div class='ocr_carea' id='block_1_89' title="bbox 1953 4309 3530 4384">
    <p class='ocr_par' dir='ltr' id='par_1_89' title="bbox 1953 4309 3530 4384">
     <span class='ocr_line' id='line_1_89' title="bbox 1953 4309 3530 4384; baseline 0.004 -19"><span class='ocrx_word' id='word_1_667' title='bbox 1953 4318 2038 4365; x_wconf 88' lang='lat' dir='ltr'><strong>est</strong></span> <span class='ocrx_word' id='word_1_668' title='bbox 2060 4310 2246 4380; x_wconf 90' lang='lat' dir='ltr'><strong>utique</strong></span> <span class='ocrx_word' id='word_1_669' title='bbox 2273 4309 2559 4379; x_wconf 87' lang='lat' dir='ltr'><strong>conjuncta</strong></span> <span class='ocrx_word' id='word_1_670' title='bbox 2586 4309 2958 4380; x_wconf 90' lang='lat' dir='ltr'><strong>iniquitatibus</strong></span> <span class='ocrx_word' id='word_1_671' title='bbox 2985 4311 3288 4380; x_wconf 90' lang='lat' dir='ltr'><strong>hominum,</strong></span> <span class='ocrx_word' id='word_1_672' title='bbox 3315 4330 3450 4384; x_wconf 90' lang='lat' dir='ltr'><strong>quas</strong></span> <span class='ocrx_word' id='word_1_673' title='bbox 3477 4317 3530 4371; x_wconf 93' lang='lat' dir='ltr'><strong>in</strong></span> 
     </span>
    </p>
   </div>
   <div class='ocr_carea' id='block_1_90' title="bbox 274 4388 3530 4501">
    <p class='ocr_par' dir='ltr' id='par_1_90' title="bbox 274 4388 3530 4501">
     <span class='ocr_line' id='line_1_90' title="bbox 274 4388 3530 4501; baseline 0.007 -60"><span class='ocrx_word' id='word_1_674' title='bbox 274 4403 383 4457; x_wconf 90' lang='lat' dir='ltr'><strong>quo</strong></span> <span class='ocrx_word' id='word_1_675' title='bbox 401 4429 415 4453; x_wconf 94' lang='lat'><strong>,</strong></span> <span class='ocrx_word' id='word_1_676' title='bbox 438 4388 667 4446; x_wconf 88' lang='lat' dir='ltr'><strong>Domino</strong></span> <span class='ocrx_word' id='word_1_677' title='bbox 713 4406 1054 4464; x_wconf 88' lang='lat' dir='ltr'><strong>cooperante,</strong></span> <span class='ocrx_word' id='word_1_678' title='bbox 1083 4399 1137 4453; x_wconf 92' lang='lat' dir='ltr'><strong>in</strong></span> <span class='ocrx_word' id='word_1_679' title='bbox 1167 4415 1316 4470; x_wconf 91' lang='lat' dir='ltr'><strong>spem</strong></span> <span class='ocrx_word' id='word_1_680' title='bbox 1341 4401 1507 4458; x_wconf 81' lang='lat' dir='ltr'><strong>futuri</strong></span> <span class='ocrx_word' id='word_1_681' title='bbox 1536 4405 1744 4461; x_wconf 75' lang='lat' dir='ltr'><strong>sabbati</strong></span> <span class='ocrx_word' id='word_1_682' title='bbox 1773 4408 1849 4462; x_wconf 73' lang='lat' dir='ltr'><strong>In-</strong></span> <span class='ocrx_word' id='word_1_683' title='bbox 1876 4440 1928 4501; x_wconf 84' lang='lat' dir='ltr'><strong>D</strong></span> <span class='ocrx_word' id='word_1_684' title='bbox 1954 4416 2050 4457; x_wconf 90' lang='lat' dir='ltr'><strong>sua</strong></span> <span class='ocrx_word' id='word_1_685' title='bbox 2089 4415 2253 4456; x_wconf 90' lang='lat' dir='ltr'><strong>carne</strong></span> <span class='ocrx_word' id='word_1_686' title='bbox 2287 4401 2542 4470; x_wconf 90' lang='lat' dir='ltr'><strong>suscepit,</strong></span> <span class='ocrx_word' id='word_1_687' title='bbox 2573 4402 2692 4456; x_wconf 89' lang='lat' dir='ltr'><strong>ideo</strong></span> <span class='ocrx_word' id='word_1_688' title='bbox 2722 4417 2977 4458; x_wconf 91' lang='lat' dir='ltr'><strong>numerus</strong></span> <span class='ocrx_word' id='word_1_689' title='bbox 3001 4419 3168 4475; x_wconf 89' lang='lat' dir='ltr'><strong>penes</strong></span> <span class='ocrx_word' id='word_1_690' title='bbox 3194 4405 3530 4501; x_wconf 61' lang='lat' dir='ltr'><strong>blatthteum,</strong></span> 
     </span>
     <span class='ocr_line' id='line_1_91' title="bbox 274 4478 2969 4501; baseline 0 0"><span class='ocrx_word' id='word_1_691' title='bbox 274 4478 428 4501; x_wconf 64' lang='grc' dir='ltr'><strong>ιη-.</strong></span> <span class='ocrx_word' id='word_1_692' title='bbox 483 4479 726 4501; x_wconf 60' lang='lat'><strong>:_.,___-</strong></span> <span class='ocrx_word' id='word_1_693' title='bbox 776 4483 809 4501; x_wconf 68' lang='grc' dir='ltr'><strong><em>η</em></strong></span> <span class='ocrx_word' id='word_1_694' title='bbox 889 4486 923 4501; x_wconf 80' lang='grc'><strong>..</strong></span> <span class='ocrx_word' id='word_1_695' title='bbox 1093 4489 1105 4501; x_wconf 94' lang='grc'><strong>.</strong></span> <span class='ocrx_word' id='word_1_696' title='bbox 1287 4492 1299 4501; x_wconf 92' lang='grc'><strong>.</strong></span> <span class='ocrx_word' id='word_1_697' title='bbox 1479 4494 1494 4501; x_wconf 90' lang='grc'><strong>-</strong></span> <span class='ocrx_word' id='word_1_698' title='bbox 1599 4496 1610 4501; x_wconf 83' lang='grc'><strong>-</strong></span> <span class='ocrx_word' id='word_1_699' title='bbox 1762 4499 1771 4501; x_wconf 18' lang='grc' dir='ltr'>ξ</span> <span class='ocrx_word' id='word_1_700' title='bbox 2215 4493 2266 4501; x_wconf 79' lang='lat'><strong>--</strong></span> <span class='ocrx_word' id='word_1_701' title='bbox 2321 4493 2334 4501; x_wconf 91' lang='lat'><strong>.</strong></span> <span class='ocrx_word' id='word_1_702' title='bbox 2705 4495 2719 4501; x_wconf 93' lang='lat'><strong>-</strong></span> <span class='ocrx_word' id='word_1_703' title='bbox 2958 4496 2969 4501; x_wconf 82' lang='lat'><strong>-</strong></span> 
     </span>
    </p>
   </div>
   <div class='ocr_carea' id='block_1_91' title="bbox 265 4478 1849 4567">
    <p class='ocr_par' dir='ltr' id='par_1_91' title="bbox 265 4478 1849 4567">
     <span class='ocr_line' id='line_1_92' title="bbox 265 4478 1849 4567; baseline 0.015 -36"><span class='ocrx_word' id='word_1_704' title='bbox 265 4478 455 4543; x_wconf 88' lang='lat' dir='ltr'><strong>borat,</strong></span> <span class='ocrx_word' id='word_1_705' title='bbox 483 4479 750 4538; x_wconf 90' lang='lat' dir='ltr'><strong>intimare.</strong></span> <span class='ocrx_word' id='word_1_706' title='bbox 776 4483 987 4555; x_wconf 91' lang='lat' dir='ltr'><strong>Septies</strong></span> <span class='ocrx_word' id='word_1_707' title='bbox 1019 4489 1162 4544; x_wconf 92' lang='lat' dir='ltr'><strong>enim</strong></span> <span class='ocrx_word' id='word_1_708' title='bbox 1187 4492 1322 4557; x_wconf 90' lang='lat' dir='ltr'><strong>seni,</strong></span> <span class='ocrx_word' id='word_1_709' title='bbox 1354 4494 1709 4567; x_wconf 87' lang='lat' dir='ltr'><strong>quadraginta</strong></span> <span class='ocrx_word' id='word_1_710' title='bbox 1743 4499 1849 4554; x_wconf 93' lang='lat' dir='ltr'><strong>duo</strong></span> 
     </span>
    </p>
   </div>
   <div class='ocr_carea' id='block_1_92' title="bbox 266 4564 1851 4651">
    <p class='ocr_par' dir='ltr' id='par_1_92' title="bbox 266 4564 1851 4651">
     <span class='ocr_line' id='line_1_93' title="bbox 266 4564 1851 4651; baseline 0.016 -32"><span class='ocrx_word' id='word_1_711' title='bbox 266 4564 501 4623; x_wconf 82' lang='lat' dir='ltr'><strong>faciunt.</strong></span> <span class='ocrx_word' id='word_1_712' title='bbox 528 4567 636 4626; x_wconf 80' lang='lat' dir='ltr'><strong>Sex</strong></span> <span class='ocrx_word' id='word_1_713' title='bbox 660 4573 878 4642; x_wconf 84' lang='lat' dir='ltr'><strong>quidem</strong></span> <span class='ocrx_word' id='word_1_714' title='bbox 903 4577 971 4631; x_wconf 89' lang='lat' dir='ltr'><strong>ad</strong></span> <span class='ocrx_word' id='word_1_715' title='bbox 1010 4593 1195 4648; x_wconf 87' lang='lat' dir='ltr'><strong>opera,</strong></span> <span class='ocrx_word' id='word_1_716' title='bbox 1231 4589 1436 4651; x_wconf 87' lang='lat' dir='ltr'><strong>septem</strong></span> <span class='ocrx_word' id='word_1_717' title='bbox 1476 4564 1608 4641; x_wconf 73' lang='lat' dir='ltr'><strong>vero</strong></span> <span class='ocrx_word' id='word_1_718' title='bbox 1650 4587 1719 4643; x_wconf 91' lang='lat' dir='ltr'><strong>ad</strong></span> <span class='ocrx_word' id='word_1_719' title='bbox 1765 4603 1851 4643; x_wconf 89' lang='lat' dir='ltr'><strong>re-</strong></span> 
     </span>
    </p>
   </div>
   <div class='ocr_carea' id='block_1_93' title="bbox 266 4656 1844 4744">
    <p class='ocr_par' dir='ltr' id='par_1_93' title="bbox 266 4656 1844 4744">
     <span class='ocr_line' id='line_1_94' title="bbox 266 4656 1844 4744; baseline 0.016 -37"><span class='ocrx_word' id='word_1_720' title='bbox 266 4656 456 4725; x_wconf 89' lang='lat' dir='ltr'><strong>quiem</strong></span> <span class='ocrx_word' id='word_1_721' title='bbox 498 4658 905 4729; x_wconf 81' lang='lat' dir='ltr'><strong>signiﬁcandam</strong></span> <span class='ocrx_word' id='word_1_722' title='bbox 952 4669 1244 4736; x_wconf 90' lang='lat' dir='ltr'><strong>pertinere,</strong></span> <span class='ocrx_word' id='word_1_723' title='bbox 1285 4686 1442 4728; x_wconf 87' lang='lat' dir='ltr'><strong>rarus</strong></span> <span class='ocrx_word' id='word_1_724' title='bbox 1481 4675 1574 4744; x_wconf 89' lang='lat' dir='ltr'><strong>qui</strong></span> <span class='ocrx_word' id='word_1_725' title='bbox 1619 4675 1844 4734; x_wconf 88' lang='lat' dir='ltr'><strong>dubitet.</strong></span> 
     </span>
    </p>
   </div>
   <div class='ocr_carea' id='block_1_94' title="bbox 273 4746 1848 4838">
    <p class='ocr_par' dir='ltr' id='par_1_94' title="bbox 273 4746 1848 4838">
     <span class='ocr_line' id='line_1_95' title="bbox 273 4746 1848 4838; baseline 0.016 -39"><span class='ocrx_word' id='word_1_726' title='bbox 273 4746 430 4838; x_wconf 58' lang='lat' dir='ltr'><strong>[inde</strong></span> <span class='ocrx_word' id='word_1_727' title='bbox 452 4749 591 4806; x_wconf 89' lang='lat' dir='ltr'><strong>bene</strong></span> <span class='ocrx_word' id='word_1_728' title='bbox 615 4753 842 4824; x_wconf 89' lang='lat' dir='ltr'><strong>populus</strong></span> <span class='ocrx_word' id='word_1_729' title='bbox 865 4757 932 4812; x_wconf 93' lang='lat' dir='ltr'><strong>de</strong></span> <span class='ocrx_word' id='word_1_730' title='bbox 959 4766 1102 4813; x_wconf 89' lang='lat' dir='ltr'><strong>terra</strong></span> <span class='ocrx_word' id='word_1_731' title='bbox 1142 4759 1363 4832; x_wconf 64' lang='lat' dir='ltr'><strong>Egypti</strong></span> <span class='ocrx_word' id='word_1_732' title='bbox 1408 4765 1662 4832; x_wconf 88' lang='lat' dir='ltr'><strong>salvatus,</strong></span> <span class='ocrx_word' id='word_1_733' title='bbox 1707 4783 1848 4838; x_wconf 86' lang='lat' dir='ltr'><strong>qua-</strong></span> 
     </span>
    </p>
   </div>
   <div class='ocr_carea' id='block_1_95' title="bbox 265 4836 1849 4930">
    <p class='ocr_par' dir='ltr' id='par_1_95' title="bbox 265 4836 1849 4930">
     <span class='ocr_line' id='line_1_96' title="bbox 265 4836 1849 4930; baseline 0.016 -41"><span class='ocrx_word' id='word_1_734' title='bbox 265 4836 526 4907; x_wconf 87' lang='lat' dir='ltr'><strong>draginta</strong></span> <span class='ocrx_word' id='word_1_735' title='bbox 556 4841 770 4911; x_wconf 88' lang='lat' dir='ltr'><strong>quidem</strong></span> <span class='ocrx_word' id='word_1_736' title='bbox 792 4860 963 4904; x_wconf 91' lang='lat' dir='ltr'><strong>annos</strong></span> <span class='ocrx_word' id='word_1_737' title='bbox 983 4857 1225 4905; x_wconf 89' lang='lat' dir='ltr'><strong>moratur</strong></span> <span class='ocrx_word' id='word_1_738' title='bbox 1248 4852 1301 4906; x_wconf 91' lang='lat' dir='ltr'><strong>in</strong></span> <span class='ocrx_word' id='word_1_739' title='bbox 1322 4854 1563 4923; x_wconf 91' lang='lat' dir='ltr'><strong>deserto;</strong></span> <span class='ocrx_word' id='word_1_740' title='bbox 1609 4857 1704 4914; x_wconf 89' lang='lat' dir='ltr'><strong>sed</strong></span> <span class='ocrx_word' id='word_1_741' title='bbox 1722 4836 1849 4930; x_wconf 80' lang='lat' dir='ltr'><strong>quia</strong></span> 
     </span>
    </p>
   </div>
   <div class='ocr_carea' id='block_1_96' title="bbox 264 4925 1851 5014">
    <p class='ocr_par' dir='ltr' id='par_1_96' title="bbox 264 4925 1851 5014">
     <span class='ocr_line' id='line_1_97' title="bbox 264 4925 1851 5014; baseline 0.016 -35"><span class='ocrx_word' id='word_1_742' title='bbox 264 4925 374 4980; x_wconf 90' lang='lat' dir='ltr'><strong>sub</strong></span> <span class='ocrx_word' id='word_1_743' title='bbox 401 4929 757 4998; x_wconf 88' lang='lat' dir='ltr'><strong>speintrandi</strong></span> <span class='ocrx_word' id='word_1_744' title='bbox 783 4935 839 4989; x_wconf 90' lang='lat' dir='ltr'><strong>in</strong></span> <span class='ocrx_word' id='word_1_745' title='bbox 890 4937 1130 5007; x_wconf 88' lang='lat' dir='ltr'><strong>requiem</strong></span> <span class='ocrx_word' id='word_1_746' title='bbox 1174 4941 1392 4998; x_wconf 88' lang='lat' dir='ltr'><strong>sedulus</strong></span> <span class='ocrx_word' id='word_1_747' title='bbox 1432 4925 1851 5014; x_wconf 46' lang='lat' dir='ltr'><strong>exercetur,—se-</strong></span> 
     </span>
    </p>
   </div>
   <div class='ocr_carea' id='block_1_97' title="bbox 263 5017 1850 5100">
    <p class='ocr_par' dir='ltr' id='par_1_97' title="bbox 263 5017 1850 5100">
     <span class='ocr_line' id='line_1_98' title="bbox 263 5017 1850 5100; baseline 0.017 -31"><span class='ocrx_word' id='word_1_748' title='bbox 263 5017 412 5086; x_wconf 88' lang='lat' dir='ltr'><strong>pties</strong></span> <span class='ocrx_word' id='word_1_749' title='bbox 437 5034 586 5087; x_wconf 90' lang='lat' dir='ltr'><strong>sena,</strong></span> <span class='ocrx_word' id='word_1_750' title='bbox 615 5022 669 5078; x_wconf 92' lang='lat' dir='ltr'><strong>id</strong></span> <span class='ocrx_word' id='word_1_751' title='bbox 708 5032 812 5092; x_wconf 88' lang='lat' dir='ltr'><strong>est,</strong></span> <span class='ocrx_word' id='word_1_752' title='bbox 841 5028 1196 5100; x_wconf 88' lang='lat' dir='ltr'><strong>quadraginta</strong></span> <span class='ocrx_word' id='word_1_753' title='bbox 1235 5032 1341 5088; x_wconf 93' lang='lat' dir='ltr'><strong>duo</strong></span> <span class='ocrx_word' id='word_1_754' title='bbox 1381 5035 1484 5089; x_wconf 82' lang='lat' dir='ltr'><strong>viae</strong></span> <span class='ocrx_word' id='word_1_755' title='bbox 1531 5039 1850 5096; x_wconf 72' lang='lat' dir='ltr'><strong>arctissimte</strong></span> 
     </span>
    </p>
   </div>
   <div class='ocr_carea' id='block_1_98' title="bbox 265 5114 1848 5185">
    <p class='ocr_par' dir='ltr' id='par_1_98' title="bbox 265 5114 1848 5185">
     <span class='ocr_line' id='line_1_99' title="bbox 265 5114 1848 5185; baseline 0.016 -26"><span class='ocrx_word' id='word_1_756' title='bbox 265 5114 454 5162; x_wconf 87' lang='lat' dir='ltr'><strong>castra</strong></span> <span class='ocrx_word' id='word_1_757' title='bbox 505 5119 775 5167; x_wconf 86' lang='lat' dir='ltr'><strong>metatur:</strong></span> <span class='ocrx_word' id='word_1_758' title='bbox 803 5131 1033 5185; x_wconf 87' lang='lat' dir='ltr'><strong>quorum</strong></span> <span class='ocrx_word' id='word_1_759' title='bbox 1056 5119 1244 5176; x_wconf 91' lang='lat' dir='ltr'><strong>ultimo</strong></span> <span class='ocrx_word' id='word_1_760' title='bbox 1285 5122 1410 5178; x_wconf 92' lang='lat' dir='ltr'><strong>dum</strong></span> <span class='ocrx_word' id='word_1_761' title='bbox 1447 5122 1631 5181; x_wconf 72' lang='lat' dir='ltr'><strong>Iesum</strong></span> <span class='ocrx_word' id='word_1_762' title='bbox 1659 5128 1848 5184; x_wconf 89' lang='lat' dir='ltr'><strong>ducem</strong></span> 
     </span>
    </p>
   </div>
   <div class='ocr_carea' id='block_1_99' title="bbox 266 5197 1850 5278">
    <p class='ocr_par' dir='ltr' id='par_1_99' title="bbox 266 5197 1850 5278">
     <span class='ocr_line' id='line_1_100' title="bbox 266 5197 1850 5278; baseline 0.016 -31"><span class='ocrx_word' id='word_1_763' title='bbox 266 5197 532 5266; x_wconf 85' lang='lat' dir='ltr'><strong>suscepit,</strong></span> <span class='ocrx_word' id='word_1_764' title='bbox 557 5215 679 5254; x_wconf 74' lang='lat' dir='ltr'><strong>mox</strong></span> <span class='ocrx_word' id='word_1_765' title='bbox 710 5216 897 5272; x_wconf 90' lang='lat' dir='ltr'><strong>aperto</strong></span> <span class='ocrx_word' id='word_1_766' title='bbox 931 5204 1188 5274; x_wconf 83' lang='lat' dir='ltr'><strong>Jordane,</strong></span> <span class='ocrx_word' id='word_1_767' title='bbox 1222 5211 1520 5278; x_wconf 89' lang='lat' dir='ltr'><strong>promissas</strong></span> <span class='ocrx_word' id='word_1_768' title='bbox 1537 5215 1666 5269; x_wconf 92' lang='lat' dir='ltr'><strong>olim</strong></span> <span class='ocrx_word' id='word_1_769' title='bbox 1693 5218 1850 5273; x_wconf 88' lang='lat' dir='ltr'><strong>sedes</strong></span> 
     </span>
    </p>
   </div>
   <div class='ocr_carea' id='block_1_100' title="bbox 266 5286 1850 5376">
    <p class='ocr_par' dir='ltr' id='par_1_100' title="bbox 266 5286 1850 5376">
     <span class='ocr_line' id='line_1_101' title="bbox 266 5286 1850 5376; baseline 0.014 -36"><span class='ocrx_word' id='word_1_770' title='bbox 266 5286 502 5342; x_wconf 90' lang='lat' dir='ltr'><strong>devictis</strong></span> <span class='ocrx_word' id='word_1_771' title='bbox 529 5289 776 5348; x_wconf 89' lang='lat' dir='ltr'><strong>hostibus</strong></span> <span class='ocrx_word' id='word_1_772' title='bbox 801 5295 951 5350; x_wconf 89' lang='lat' dir='ltr'><strong>adiit.</strong></span> <span class='ocrx_word' id='word_1_773' title='bbox 989 5295 1081 5350; x_wconf 89' lang='lat' dir='ltr'><strong>Sic</strong></span> <span class='ocrx_word' id='word_1_774' title='bbox 1109 5305 1165 5353; x_wconf 92' lang='lat' dir='ltr'><strong>et</strong></span> <span class='ocrx_word' id='word_1_775' title='bbox 1212 5298 1469 5357; x_wconf 87' lang='lat' dir='ltr'><strong>Dominus</strong></span> <span class='ocrx_word' id='word_1_776' title='bbox 1515 5301 1673 5360; x_wconf 81' lang='lat' dir='ltr'><strong>Jesus</strong></span> <span class='ocrx_word' id='word_1_777' title='bbox 1716 5322 1850 5376; x_wconf 88' lang='lat' dir='ltr'><strong>qua-</strong></span> 
     </span>
    </p>
   </div>
   <div class='ocr_carea' id='block_1_101' title="bbox 267 5377 1852 5460">
    <p class='ocr_par' dir='ltr' id='par_1_101' title="bbox 267 5377 1852 5460">
     <span class='ocr_line' id='line_1_102' title="bbox 267 5377 1852 5460; baseline 0.015 -32"><span class='ocrx_word' id='word_1_778' title='bbox 267 5377 575 5447; x_wconf 85' lang='lat' dir='ltr'><strong>dragesima</strong></span> <span class='ocrx_word' id='word_1_779' title='bbox 595 5384 827 5438; x_wconf 90' lang='lat' dir='ltr'><strong>secunda</strong></span> <span class='ocrx_word' id='word_1_780' title='bbox 850 5389 1198 5454; x_wconf 88' lang='lat' dir='ltr'><strong>generatione</strong></span> <span class='ocrx_word' id='word_1_781' title='bbox 1217 5403 1284 5444; x_wconf 81' lang='lat' dir='ltr'><strong>ex</strong></span> <span class='ocrx_word' id='word_1_782' title='bbox 1298 5406 1404 5460; x_wconf 89' lang='lat' dir='ltr'><strong>quo</strong></span> <span class='ocrx_word' id='word_1_783' title='bbox 1426 5393 1657 5450; x_wconf 90' lang='lat' dir='ltr'><strong>mundus</strong></span> <span class='ocrx_word' id='word_1_784' title='bbox 1674 5397 1852 5453; x_wconf 60' lang='lat' dir='ltr'><strong>atatis</strong></span> 
     </span>
    </p>
   </div>
   <div class='ocr_carea' id='block_1_102' title="bbox 262 5467 1851 5553">
    <p class='ocr_par' dir='ltr' id='par_1_102' title="bbox 262 5467 1851 5553">
     <span class='ocr_line' id='line_1_103' title="bbox 262 5467 1851 5553; baseline 0.016 -35"><span class='ocrx_word' id='word_1_785' title='bbox 262 5467 466 5535; x_wconf 70' lang='lat' dir='ltr'><strong>priscte</strong></span> <span class='ocrx_word' id='word_1_786' title='bbox 497 5474 765 5540; x_wconf 86' lang='lat' dir='ltr'><strong>tenebras,</strong></span> <span class='ocrx_word' id='word_1_787' title='bbox 787 5475 1060 5534; x_wconf 85' lang='lat' dir='ltr'><strong>Abraham</strong></span> <span class='ocrx_word' id='word_1_788' title='bbox 1091 5482 1364 5547; x_wconf 87' lang='lat' dir='ltr'><strong>credente,</strong></span> <span class='ocrx_word' id='word_1_789' title='bbox 1387 5483 1660 5553; x_wconf 90' lang='lat' dir='ltr'><strong>discussit,</strong></span> <span class='ocrx_word' id='word_1_790' title='bbox 1685 5486 1851 5542; x_wconf 88' lang='lat' dir='ltr'><strong>adve-</strong></span> 
     </span>
    </p>
   </div>
   <div class='ocr_carea' id='block_1_103' title="bbox 263 5562 1854 5648">
    <p class='ocr_par' dir='ltr' id='par_1_103' title="bbox 263 5562 1854 5648">
     <span class='ocr_line' id='line_1_104' title="bbox 263 5562 1854 5648; baseline 0.01 -31"><span class='ocrx_word' id='word_1_791' title='bbox 263 5562 430 5617; x_wconf 85' lang='lat' dir='ltr'><strong>nicns</strong></span> <span class='ocrx_word' id='word_1_792' title='bbox 452 5563 506 5616; x_wconf 91' lang='lat' dir='ltr'><strong>in</strong></span> <span class='ocrx_word' id='word_1_793' title='bbox 534 5579 718 5634; x_wconf 89' lang='lat' dir='ltr'><strong>carne,</strong></span> <span class='ocrx_word' id='word_1_794' title='bbox 744 5567 996 5640; x_wconf 88' lang='lat' dir='ltr'><strong>baptismi</strong></span> <span class='ocrx_word' id='word_1_795' title='bbox 1037 5573 1190 5629; x_wconf 87' lang='lat' dir='ltr'><strong>nobis</strong></span> <span class='ocrx_word' id='word_1_796' title='bbox 1229 5574 1445 5630; x_wconf 88' lang='lat' dir='ltr'><strong>lavacro</strong></span> <span class='ocrx_word' id='word_1_797' title='bbox 1491 5577 1615 5631; x_wconf 60' lang='lat' dir='ltr'><strong>caeli</strong></span> <span class='ocrx_word' id='word_1_798' title='bbox 1661 5578 1854 5648; x_wconf 90' lang='lat' dir='ltr'><strong>januas</strong></span> 
     </span>
    </p>
   </div>
   <div class='ocr_carea' id='block_1_104' title="bbox 1957 4493 3530 4571">
    <p class='ocr_par' dir='ltr' id='par_1_104' title="bbox 1957 4493 3530 4571">
     <span class='ocr_line' id='line_1_105' title="bbox 1957 4493 3530 4571; baseline 0.004 -22"><span class='ocrx_word' id='word_1_799' title='bbox 1957 4501 2184 4564; x_wconf 78' lang='lat' dir='ltr'><strong>excepto</strong></span> <span class='ocrx_word' id='word_1_800' title='bbox 2208 4493 2446 4558; x_wconf 89' lang='lat' dir='ltr'><strong>Christo,</strong></span> <span class='ocrx_word' id='word_1_801' title='bbox 2467 4503 2552 4548; x_wconf 91' lang='lat' dir='ltr'><strong>est</strong></span> <span class='ocrx_word' id='word_1_802' title='bbox 2579 4495 3072 4566; x_wconf 85' lang='lat' dir='ltr'><strong>quadragenarius;</strong></span> <span class='ocrx_word' id='word_1_803' title='bbox 3115 4498 3243 4569; x_wconf 87' lang='lat' dir='ltr'><strong>quia</strong></span> <span class='ocrx_word' id='word_1_804' title='bbox 3267 4514 3397 4554; x_wconf 87' lang='lat' dir='ltr'><strong>vero</strong></span> <span class='ocrx_word' id='word_1_805' title='bbox 3438 4500 3530 4571; x_wconf 85' lang='lat' dir='ltr'><strong>ju-</strong></span> 
     </span>
    </p>
   </div>
   <div class='ocr_carea' id='block_1_105' title="bbox 1956 4583 3534 4660">
    <p class='ocr_par' dir='ltr' id='par_1_105' title="bbox 1956 4583 3534 4660">
     <span class='ocr_line' id='line_1_106' title="bbox 1956 4583 3534 4660; baseline 0.006 -22"><span class='ocrx_word' id='word_1_806' title='bbox 1956 4583 2118 4638; x_wconf 78' lang='lat' dir='ltr'><strong>stitiae</strong></span> <span class='ocrx_word' id='word_1_807' title='bbox 2151 4596 2261 4638; x_wconf 64' lang='lat' dir='ltr'><strong>suae</strong></span> <span class='ocrx_word' id='word_1_808' title='bbox 2296 4583 2579 4652; x_wconf 89' lang='lat' dir='ltr'><strong>Patrisque</strong></span> <span class='ocrx_word' id='word_1_809' title='bbox 2623 4599 2720 4640; x_wconf 87' lang='lat' dir='ltr'><strong>nos</strong></span> <span class='ocrx_word' id='word_1_810' title='bbox 2764 4584 3008 4654; x_wconf 85' lang='lat' dir='ltr'><strong>expiatos</strong></span> <span class='ocrx_word' id='word_1_811' title='bbox 3037 4586 3106 4641; x_wconf 89' lang='lat' dir='ltr'><strong>ab</strong></span> <span class='ocrx_word' id='word_1_812' title='bbox 3128 4588 3275 4644; x_wconf 91' lang='lat' dir='ltr'><strong>omni</strong></span> <span class='ocrx_word' id='word_1_813' title='bbox 3305 4599 3534 4660; x_wconf 90' lang='lat' dir='ltr'><strong>peccato</strong></span> 
     </span>
    </p>
   </div>
   <div class='ocr_carea' id='block_1_106' title="bbox 1955 4672 3528 4748">
    <p class='ocr_par' dir='ltr' id='par_1_106' title="bbox 1955 4672 3528 4748">
     <span class='ocr_line' id='line_1_107' title="bbox 1955 4672 3528 4748; baseline 0.006 -22"><span class='ocrx_word' id='word_1_814' title='bbox 1955 4681 2317 4743; x_wconf 89' lang='lat' dir='ltr'><strong>purgatosque</strong></span> <span class='ocrx_word' id='word_1_815' title='bbox 2353 4672 2651 4745; x_wconf 89' lang='lat' dir='ltr'><strong>conjungit,</strong></span> <span class='ocrx_word' id='word_1_816' title='bbox 2679 4683 2739 4728; x_wconf 93' lang='lat' dir='ltr'><strong>ut</strong></span> <span class='ocrx_word' id='word_1_817' title='bbox 2782 4675 2878 4729; x_wconf 88' lang='lat' dir='ltr'><strong>ﬁat</strong></span> <span class='ocrx_word' id='word_1_818' title='bbox 2903 4677 3046 4746; x_wconf 91' lang='lat' dir='ltr'><strong>quod</strong></span> <span class='ocrx_word' id='word_1_819' title='bbox 3084 4677 3161 4732; x_wconf 90' lang='lat' dir='ltr'><strong>ait</strong></span> <span class='ocrx_word' id='word_1_820' title='bbox 3192 4676 3482 4748; x_wconf 86' lang='lat' dir='ltr'><strong>Apostolus</strong></span> <span class='ocrx_word' id='word_1_821' title='bbox 3513 4697 3528 4735; x_wconf 91' lang='lat'><strong>:</strong></span> 
     </span>
    </p>
   </div>
   <div class='ocr_carea' id='block_1_107' title="bbox 1958 4763 3524 4841">
    <p class='ocr_par' dir='ltr' id='par_1_107' title="bbox 1958 4763 3524 4841">
     <span class='ocr_line' id='line_1_108' title="bbox 1958 4763 3524 4841; baseline 0.003 -26"><span class='ocrx_word' id='word_1_822' title='bbox 1958 4763 2062 4828; x_wconf 84' lang='lat' dir='ltr'><strong>Qui</strong></span> <span class='ocrx_word' id='word_1_823' title='bbox 2086 4771 2260 4816; x_wconf 86' lang='lat' dir='ltr'><strong>autem</strong></span> <span class='ocrx_word' id='word_1_824' title='bbox 2288 4763 2517 4818; x_wconf 72' lang='lat' dir='ltr'><strong>adhtrret</strong></span> <span class='ocrx_word' id='word_1_825' title='bbox 2546 4763 2770 4818; x_wconf 87' lang='lat' dir='ltr'><strong>Domino</strong></span> <span class='ocrx_word' id='word_1_826' title='bbox 2801 4781 2935 4819; x_wconf 81' lang='lat' dir='ltr'><strong>unus</strong></span> <span class='ocrx_word' id='word_1_827' title='bbox 2957 4764 3184 4835; x_wconf 78' lang='lat' dir='ltr'><strong>Spiritus</strong></span> <span class='ocrx_word' id='word_1_828' title='bbox 3216 4775 3292 4821; x_wconf 83' lang='lat' dir='ltr'><strong>est</strong></span> <span class='ocrx_word' id='word_1_829' title='bbox 3320 4766 3372 4841; x_wconf 86' lang='lat' dir='ltr'><strong>(I</strong></span> <span class='ocrx_word' id='word_1_830' title='bbox 3403 4767 3524 4822; x_wconf 87' lang='lat' dir='ltr'><strong>Cor.</strong></span> 
     </span>
    </p>
   </div>
   <div class='ocr_carea' id='block_1_108' title="bbox 1955 4855 3530 4930">
    <p class='ocr_par' dir='ltr' id='par_1_108' title="bbox 1955 4855 3530 4930">
     <span class='ocr_line' id='line_1_109' title="bbox 1955 4855 3530 4930; baseline 0.004 -21"><span class='ocrx_word' id='word_1_831' title='bbox 1955 4855 2051 4928; x_wconf 77' lang='lat' dir='ltr'><strong>vr),</strong></span> <span class='ocrx_word' id='word_1_832' title='bbox 2083 4855 2203 4910; x_wconf 91' lang='lat' dir='ltr'><strong>ideo</strong></span> <span class='ocrx_word' id='word_1_833' title='bbox 2233 4855 2286 4909; x_wconf 90' lang='lat' dir='ltr'><strong>in</strong></span> <span class='ocrx_word' id='word_1_834' title='bbox 2319 4871 2384 4921; x_wconf 91' lang='lat' dir='ltr'><strong>eo</strong></span> <span class='ocrx_word' id='word_1_835' title='bbox 2413 4871 2639 4911; x_wconf 92' lang='lat' dir='ltr'><strong>numero</strong></span> <span class='ocrx_word' id='word_1_836' title='bbox 2663 4857 2753 4927; x_wconf 91' lang='lat' dir='ltr'><strong>qui</strong></span> <span class='ocrx_word' id='word_1_837' title='bbox 2781 4865 2863 4912; x_wconf 90' lang='lat' dir='ltr'><strong>est</strong></span> <span class='ocrx_word' id='word_1_838' title='bbox 2887 4873 3054 4927; x_wconf 89' lang='lat' dir='ltr'><strong>penes</strong></span> <span class='ocrx_word' id='word_1_839' title='bbox 3082 4858 3307 4926; x_wconf 90' lang='lat' dir='ltr'><strong>Lucam,</strong></span> <span class='ocrx_word' id='word_1_840' title='bbox 3338 4868 3392 4914; x_wconf 93' lang='lat' dir='ltr'><strong>et</strong></span> <span class='ocrx_word' id='word_1_841' title='bbox 3414 4859 3530 4930; x_wconf 83' lang='lat' dir='ltr'><strong>ipse</strong></span> 
     </span>
    </p>
   </div>
   <div class='ocr_carea' id='block_1_109' title="bbox 1951 4946 3527 5019">
    <p class='ocr_par' dir='ltr' id='par_1_109' title="bbox 1951 4946 3527 5019">
     <span class='ocr_line' id='line_1_110' title="bbox 1951 4946 3527 5019; baseline 0.001 -16"><span class='ocrx_word' id='word_1_842' title='bbox 1951 4947 2196 5003; x_wconf 89' lang='lat' dir='ltr'><strong>Christus</strong></span> <span class='ocrx_word' id='word_1_843' title='bbox 2221 4961 2250 5000; x_wconf 89' lang='lat' dir='ltr'><strong>a</strong></span> <span class='ocrx_word' id='word_1_844' title='bbox 2284 4961 2392 5016; x_wconf 90' lang='lat' dir='ltr'><strong>quo</strong></span> <span class='ocrx_word' id='word_1_845' title='bbox 2422 4946 2610 5018; x_wconf 92' lang='lat' dir='ltr'><strong>incipit</strong></span> <span class='ocrx_word' id='word_1_846' title='bbox 2631 4948 2989 5015; x_wconf 89' lang='lat' dir='ltr'><strong>enumeratio,</strong></span> <span class='ocrx_word' id='word_1_847' title='bbox 3013 4957 3068 5004; x_wconf 92' lang='lat' dir='ltr'><strong>et</strong></span> <span class='ocrx_word' id='word_1_848' title='bbox 3102 4950 3243 5005; x_wconf 90' lang='lat' dir='ltr'><strong>Deus</strong></span> <span class='ocrx_word' id='word_1_849' title='bbox 3270 4950 3338 5004; x_wconf 90' lang='lat' dir='ltr'><strong>ad</strong></span> <span class='ocrx_word' id='word_1_850' title='bbox 3369 4965 3527 5019; x_wconf 91' lang='lat' dir='ltr'><strong>quem</strong></span> 
     </span>
    </p>
   </div>
   <div class='ocr_carea' id='block_1_110' title="bbox 1950 5036 3525 5107">
    <p class='ocr_par' dir='ltr' id='par_1_110' title="bbox 1950 5036 3525 5107">
     <span class='ocr_line' id='line_1_111' title="bbox 1950 5036 3525 5107; baseline 0.001 -16"><span class='ocrx_word' id='word_1_851' title='bbox 1950 5037 2214 5106; x_wconf 89' lang='lat' dir='ltr'><strong>pervenit,</strong></span> <span class='ocrx_word' id='word_1_852' title='bbox 2246 5045 2725 5103; x_wconf 89' lang='lat' dir='ltr'><strong>connumerantur,</strong></span> <span class='ocrx_word' id='word_1_853' title='bbox 2750 5044 2807 5092; x_wconf 89' lang='lat' dir='ltr'><strong>et</strong></span> <span class='ocrx_word' id='word_1_854' title='bbox 2831 5036 2890 5091; x_wconf 92' lang='lat' dir='ltr'><strong>ﬁt</strong></span> <span class='ocrx_word' id='word_1_855' title='bbox 2912 5053 3168 5094; x_wconf 91' lang='lat' dir='ltr'><strong>numerus</strong></span> <span class='ocrx_word' id='word_1_856' title='bbox 3191 5040 3525 5107; x_wconf 84' lang='lat' dir='ltr'><strong>septuaginta</strong></span> 
     </span>
    </p>
   </div>
   <div class='ocr_carea' id='block_1_111' title="bbox 1950 5127 3526 5198">
    <p class='ocr_par' dir='ltr' id='par_1_111' title="bbox 1950 5127 3526 5198">
     <span class='ocr_line' id='line_1_112' title="bbox 1950 5127 3526 5198; baseline 0.002 -18"><span class='ocrx_word' id='word_1_857' title='bbox 1950 5135 2175 5196; x_wconf 86' lang='lat' dir='ltr'><strong>septem,</strong></span> <span class='ocrx_word' id='word_1_858' title='bbox 2205 5142 2312 5196; x_wconf 90' lang='lat' dir='ltr'><strong>quo</strong></span> <span class='ocrx_word' id='word_1_859' title='bbox 2355 5127 2688 5196; x_wconf 85' lang='lat' dir='ltr'><strong>signiﬁcatur</strong></span> <span class='ocrx_word' id='word_1_860' title='bbox 2721 5128 2961 5183; x_wconf 90' lang='lat' dir='ltr'><strong>omnium</strong></span> <span class='ocrx_word' id='word_1_861' title='bbox 2992 5143 3212 5198; x_wconf 88' lang='lat' dir='ltr'><strong>prorsus</strong></span> <span class='ocrx_word' id='word_1_862' title='bbox 3257 5129 3526 5194; x_wconf 89' lang='lat' dir='ltr'><strong>remissio,</strong></span> 
     </span>
    </p>
   </div>
   <div class='ocr_carea' id='block_1_112' title="bbox 1951 5215 3528 5286">
    <p class='ocr_par' dir='ltr' id='par_1_112' title="bbox 1951 5215 3528 5286">
     <span class='ocr_line' id='line_1_113' title="bbox 1951 5215 3528 5286; baseline -0.001 -14"><span class='ocrx_word' id='word_1_863' title='bbox 1951 5225 2009 5272; x_wconf 89' lang='lat' dir='ltr'><strong>et</strong></span> <span class='ocrx_word' id='word_1_864' title='bbox 2049 5217 2268 5272; x_wconf 88' lang='lat' dir='ltr'><strong>abolitio</strong></span> <span class='ocrx_word' id='word_1_865' title='bbox 2315 5224 2682 5285; x_wconf 89' lang='lat' dir='ltr'><strong>peccatorum,</strong></span> <span class='ocrx_word' id='word_1_866' title='bbox 2725 5232 2888 5286; x_wconf 86' lang='lat' dir='ltr'><strong>quam</strong></span> <span class='ocrx_word' id='word_1_867' title='bbox 2931 5217 3094 5272; x_wconf 87' lang='lat' dir='ltr'><strong>etiam</strong></span> <span class='ocrx_word' id='word_1_868' title='bbox 3131 5216 3244 5285; x_wconf 87' lang='lat' dir='ltr'><strong>ipse</strong></span> <span class='ocrx_word' id='word_1_869' title='bbox 3269 5215 3528 5271; x_wconf 89' lang='lat' dir='ltr'><strong>Dominus</strong></span> 
     </span>
    </p>
   </div>
   <div class='ocr_carea' id='block_1_113' title="bbox 1952 5308 3524 5380">
    <p class='ocr_par' dir='ltr' id='par_1_113' title="bbox 1952 5308 3524 5380">
     <span class='ocr_line' id='line_1_114' title="bbox 1952 5308 3524 5380; baseline -0.002 -15"><span class='ocrx_word' id='word_1_870' title='bbox 1952 5325 2052 5378; x_wconf 91' lang='lat' dir='ltr'><strong>per</strong></span> <span class='ocrx_word' id='word_1_871' title='bbox 2099 5309 2258 5377; x_wconf 89' lang='lat' dir='ltr'><strong>hujus</strong></span> <span class='ocrx_word' id='word_1_872' title='bbox 2297 5309 2507 5364; x_wconf 89' lang='lat' dir='ltr'><strong>numeri</strong></span> <span class='ocrx_word' id='word_1_873' title='bbox 2567 5310 2879 5380; x_wconf 83' lang='lat' dir='ltr'><strong>mysterium</strong></span> <span class='ocrx_word' id='word_1_874' title='bbox 2924 5308 3203 5362; x_wconf 82' lang='lat' dir='ltr'><strong>evidenter</strong></span> <span class='ocrx_word' id='word_1_875' title='bbox 3237 5308 3524 5378; x_wconf 80' lang='lat' dir='ltr'><strong>expressit,</strong></span> 
     </span>
    </p>
   </div>
   <div class='ocr_carea' id='block_1_114' title="bbox 1955 5397 3526 5475">
    <p class='ocr_par' dir='ltr' id='par_1_114' title="bbox 1955 5397 3526 5475">
     <span class='ocr_line' id='line_1_115' title="bbox 1955 5397 3526 5475; baseline 0 -21"><span class='ocrx_word' id='word_1_876' title='bbox 1955 5400 2140 5454; x_wconf 89' lang='lat' dir='ltr'><strong>dicens</strong></span> <span class='ocrx_word' id='word_1_877' title='bbox 2167 5399 2544 5475; x_wconf 74' lang='lat' dir='ltr'><strong>remittendum</strong></span> <span class='ocrx_word' id='word_1_878' title='bbox 2597 5414 2718 5454; x_wconf 90' lang='lat' dir='ltr'><strong>esse</strong></span> <span class='ocrx_word' id='word_1_879' title='bbox 2742 5398 2982 5467; x_wconf 83' lang='lat' dir='ltr'><strong>peccanti</strong></span> <span class='ocrx_word' id='word_1_880' title='bbox 3011 5413 3113 5452; x_wconf 87' lang='lat' dir='ltr'><strong>non</strong></span> <span class='ocrx_word' id='word_1_881' title='bbox 3135 5397 3302 5452; x_wconf 85' lang='lat' dir='ltr'><strong>solum</strong></span> <span class='ocrx_word' id='word_1_882' title='bbox 3319 5399 3526 5467; x_wconf 79' lang='lat' dir='ltr'><strong>septies.</strong></span> 
     </span>
    </p>
   </div>
   <div class='ocr_carea' id='block_1_115' title="bbox 1957 5487 3528 5560">
    <p class='ocr_par' dir='ltr' id='par_1_115' title="bbox 1957 5487 3528 5560">
     <span class='ocr_line' id='line_1_116' title="bbox 1957 5487 3528 5560; baseline -0.001 -16"><span class='ocrx_word' id='word_1_883' title='bbox 1957 5489 2046 5544; x_wconf 85' lang='lat' dir='ltr'><strong>sed</strong></span> <span class='ocrx_word' id='word_1_884' title='bbox 2071 5490 2226 5543; x_wconf 86' lang='lat' dir='ltr'><strong>etiam</strong></span> <span class='ocrx_word' id='word_1_885' title='bbox 2246 5491 2536 5560; x_wconf 81' lang='lat' dir='ltr'><strong>septuagies</strong></span> <span class='ocrx_word' id='word_1_886' title='bbox 2567 5491 2750 5559; x_wconf 78' lang='lat' dir='ltr'><strong>septies</strong></span> <span class='ocrx_word' id='word_1_887' title='bbox 2793 5487 3007 5560; x_wconf 79' lang='lat' dir='ltr'><strong>(Matth.</strong></span> <span class='ocrx_word' id='word_1_888' title='bbox 3036 5488 3214 5559; x_wconf 80' lang='lat' dir='ltr'><strong>mn).</strong></span> <span class='ocrx_word' id='word_1_889' title='bbox 3261 5489 3372 5544; x_wconf 84' lang='lat' dir='ltr'><strong>Nec</strong></span> <span class='ocrx_word' id='word_1_890' title='bbox 3414 5488 3528 5543; x_wconf 81' lang='lat' dir='ltr'><strong>fru-</strong></span> 
     </span>
    </p>
   </div>
   <div class='ocr_carea' id='block_1_116' title="bbox 1957 5579 3524 5650">
    <p class='ocr_par' dir='ltr' id='par_1_116' title="bbox 1957 5579 3524 5650">
     <span class='ocr_line' id='line_1_117' title="bbox 1957 5579 3524 5650; baseline -0.001 -16"><span class='ocrx_word' id='word_1_891' title='bbox 1957 5589 2069 5634; x_wconf 91' lang='lat' dir='ltr'><strong>stra</strong></span> <span class='ocrx_word' id='word_1_892' title='bbox 2104 5579 2204 5633; x_wconf 91' lang='lat' dir='ltr'><strong>iste</strong></span> <span class='ocrx_word' id='word_1_893' title='bbox 2231 5595 2487 5635; x_wconf 90' lang='lat' dir='ltr'><strong>numerus</strong></span> <span class='ocrx_word' id='word_1_894' title='bbox 2515 5580 2581 5633; x_wconf 91' lang='lat' dir='ltr'><strong>ad</strong></span> <span class='ocrx_word' id='word_1_895' title='bbox 2621 5587 2968 5648; x_wconf 87' lang='lat' dir='ltr'><strong>peccatorum</strong></span> <span class='ocrx_word' id='word_1_896' title='bbox 3010 5581 3250 5634; x_wconf 88' lang='lat' dir='ltr'><strong>omnium</strong></span> <span class='ocrx_word' id='word_1_897' title='bbox 3295 5579 3524 5650; x_wconf 88' lang='lat' dir='ltr'><strong>pertinet</strong></span> 
     </span>
    </p>
   </div>
   <div class='ocr_carea' id='block_1_117' title="bbox 337 5670 3521 5766">
    <p class='ocr_par' dir='ltr' id='par_1_117' title="bbox 337 5670 3521 5766">
     <span class='ocr_line' id='line_1_118' title="bbox 337 5670 3521 5766; baseline 0.008 -41"><span class='ocrx_word' id='word_1_898' title='bbox 337 5683 366 5714; x_wconf 75' lang='grc' dir='ltr'><strong>ει</strong></span> <span class='ocrx_word' id='word_1_899' title='bbox 406 5670 476 5726; x_wconf 89' lang='lat' dir='ltr'><strong>De</strong></span> <span class='ocrx_word' id='word_1_900' title='bbox 495 5672 596 5731; x_wconf 89' lang='lat' dir='ltr'><strong>hoc</strong></span> <span class='ocrx_word' id='word_1_901' title='bbox 620 5675 738 5732; x_wconf 89' lang='lat' dir='ltr'><strong>loco</strong></span> <span class='ocrx_word' id='word_1_902' title='bbox 754 5679 973 5734; x_wconf 90' lang='lat' dir='ltr'><strong>consule</strong></span> <span class='ocrx_word' id='word_1_903' title='bbox 992 5680 1127 5751; x_wconf 84' lang='lat' dir='ltr'><strong>Aug.</strong></span> <span class='ocrx_word' id='word_1_904' title='bbox 1154 5682 1245 5737; x_wconf 88' lang='lat' dir='ltr'><strong>lib.</strong></span> <span class='ocrx_word' id='word_1_905' title='bbox 1271 5700 1308 5737; x_wconf 88' lang='grc' dir='ltr'><strong>ιι</strong></span> <span class='ocrx_word' id='word_1_906' title='bbox 1331 5684 1590 5753; x_wconf 78' lang='lat' dir='ltr'><strong>Retract.,</strong></span> <span class='ocrx_word' id='word_1_907' title='bbox 1607 5704 1655 5742; x_wconf 92' lang='lat' dir='ltr'><strong>c.</strong></span> <span class='ocrx_word' id='word_1_908' title='bbox 1681 5689 1760 5755; x_wconf 79' lang='grc'><strong>16,</strong></span> <span class='ocrx_word' id='word_1_909' title='bbox 1779 5690 1866 5745; x_wconf 82' lang='lat' dir='ltr'><strong>ubi</strong></span> <span class='ocrx_word' id='word_1_910' title='bbox 1890 5691 1967 5745; x_wconf 90' lang='lat' dir='ltr'><strong>ait</strong></span> <span class='ocrx_word' id='word_1_911' title='bbox 1987 5707 2042 5747; x_wconf 90' lang='lat' dir='ltr'><strong>se</strong></span> <span class='ocrx_word' id='word_1_912' title='bbox 2064 5691 2241 5747; x_wconf 90' lang='lat' dir='ltr'><strong>dicere</strong></span> <span class='ocrx_word' id='word_1_913' title='bbox 2263 5692 2536 5759; x_wconf 89' lang='lat' dir='ltr'><strong>debuisse,</strong></span> <span class='ocrx_word' id='word_1_914' title='bbox 2545 5707 2639 5762; x_wconf 60' lang='lat' dir='ltr'><strong>ptr</strong></span> <span class='ocrx_word' id='word_1_915' title='bbox 2651 5693 2802 5764; x_wconf 83' lang='lat' dir='ltr'><strong>cujus</strong></span> <span class='ocrx_word' id='word_1_916' title='bbox 2821 5693 3045 5748; x_wconf 83' lang='lat' dir='ltr'><strong>nominis</strong></span> <span class='ocrx_word' id='word_1_917' title='bbox 3065 5675 3388 5766; x_wconf 77' lang='lat' dir='ltr'><strong>prophetam,</strong></span> <span class='ocrx_word' id='word_1_918' title='bbox 3411 5703 3521 5750; x_wconf 83' lang='lat' dir='ltr'><strong>etc.</strong></span> 
     </span>
    </p>
   </div>
   <div class='ocr_carea' id='block_1_118' title="bbox 673 5774 1169 5840">
    <p class='ocr_par' dir='ltr' id='par_1_118' title="bbox 673 5774 1169 5840">
     <span class='ocr_line' id='line_1_119' title="bbox 673 5774 1169 5840; baseline 0.006 -4"><span class='ocrx_word' id='word_1_919' title='bbox 673 5774 944 5836; x_wconf 73' lang='grc' dir='ltr'><strong>ΡΑτιιοι.</strong></span> <span class='ocrx_word' id='word_1_920' title='bbox 983 5777 1169 5840; x_wconf 84' lang='lat' dir='ltr'><strong>CVII.</strong></span> 
     </span>
    </p>
   </div>
   <div class='ocr_carea' id='block_1_119' title="bbox 3014 5786 3092 5847">
    <p class='ocr_par' dir='ltr' id='par_1_119' title="bbox 3014 5786 3092 5847">
     <span class='ocr_line' id='line_1_120' title="bbox 3014 5786 3092 5847; baseline 0.013 -1"><span class='ocrx_word' id='word_1_921' title='bbox 3014 5786 3092 5847; x_wconf 68' lang='lat' dir='ltr'><strong>21t-</strong></span> 
     </span>
    </p>
   </div>
  </div>
