3970 6198
419 257 523 311 7-27

1072 250 1132 305 Β.
1176 249 1427 306 RABANI
1468 248 1686 305 MAURI
1725 247 2044 304 ARClllEP.
2085 247 2394 306 MOGUNT.
2435 242 2723 303 OPERUM
2761 241 2940 298 PARS
2981 242 3020 298 Ι.

3586 245 3688 302 7-58

413 363 845 429 inundationem,
899 363 946 418 si
993 361 1306 432 diligentius
1358 359 1681 429 inquiratur.
1736 359 2004 416 Denarius
2030 365 2080 427 Α
2109 360 2162 416 id
2183 359 2445 431 jungatur
2478 358 2621 429 quod
2649 358 3001 429 subsequitur
3025 357 3090 414 dc
3137 359 3558 430 desponsatione
3584 379 3698 419 mas

409 461 614 531 quippe
638 467 896 527 tanquam
920 451 1144 522 iustitia:
1172 466 1451 516 numerus,
1479 452 1533 506 in
1577 453 1764 507 decem
1794 465 2001 522 praece-

411 553 520 624 ptis
550 550 684 622 legis
710 545 1032 604 ostenditur.
1051 544 1222 599 Porro
1245 552 1526 614 peccatum
1556 553 1639 599 est
1668 544 1801 615 legis
1827 553 2003 598 trans-

413 641 655 716 gressio;
724 645 780 693 et
806 637 990 705 utique
1019 634 1378 704 transgressio
1402 633 1611 688 denarii
1641 633 1852 688 numeri
1881 648 2006 687 con-

413 725 984 806 gruentcrundenario
1010 723 1291 794 ﬁguratur.
1331 722 1488 779 Unde
1533 730 1590 776 et
1630 722 1747 778 vela
1787 722 2002 777 cilicina

409 828 670 899 jubentur
700 823 756 878 in
785 816 1132 876 tabernaculo
1159 815 1411 870 undecim
1443 814 1561 870 ﬁeri
1595 811 1792 886 (Exod.
1825 811 1997 883 xxvi).

414 920 547 988 Quis
575 925 755 972 autem
783 913 992 968 dubitet
1016 910 1084 964 ad
1129 909 1339 980 peccati
1379 905 1829 978 signiﬁcationem
1876 904 2001 959 cili-

413 1012 556 1065 cium
583 1006 888 1079 pertinere?
923 1006 1002 1060 Ac
1024 1019 1121 1075 per
1147 1005 1273 1066 hoc,
1296 999 1421 1069 quia
1453 998 1767 1051 universum
1791 1004 2002 1063 tempus

413 1098 716 1169 septenario
739 1097 946 1150 dierum
973 1106 1200 1148 numero
1220 1088 1407 1151 volvit,
1425 1085 1816 1142 convenienter
1829 1083 2000 1138 unde-

410 1189 568 1243 nario
596 1186 796 1256 septies
822 1183 1198 1253 multiplicato,
1221 1181 1290 1234 ad
1334 1192 1620 1234 numerum
1668 1174 2002 1244 septuagesi-

412 1293 560 1333 mum
587 1286 644 1333 et
670 1274 958 1346 septimum
985 1280 1179 1329 cuncta
1201 1278 1421 1342 peccata
1451 1267 1792 1338 perveniunt.
1815 1264 1871 1318 ln
1894 1278 2001 1332 quo

411 1381 638 1423 numero
656 1366 821 1422 etiam
837 1363 896 1418 ﬁt
915 1364 1073 1434 plena
1094 1361 1340 1417 remissio
1361 1368 1730 1429 peccatorum,
1747 1357 2000 1426 expiante

411 1477 510 1516 nos
535 1471 701 1514 carne
727 1455 1038 1512 Sacerdotis
1061 1454 1255 1518 nostri,
1274 1467 1303 1505 a
1325 1466 1433 1520 quo
1455 1464 1597 1504 nunc
1618 1449 1718 1502 istc
1741 1461 2000 1501 numerus

411 1549 620 1620 incipit,
649 1556 706 1604 et
728 1545 1122 1612 reconciliante
1138 1557 1235 1598 nos
1270 1540 1381 1595 Deo
1401 1582 1416 1606 ,
1443 1539 1510 1593 ad
1539 1554 1698 1608 quem
1731 1552 1873 1591 nunc
1899 1536 2001 1590 isto

409 1653 668 1695 numerus
688 1638 934 1709 pervenit
961 1651 1057 1706 per
1078 1633 1340 1704 Spiritum
1366 1641 1613 1688 sanctum
1637 1672 1651 1696 ,
1675 1631 1765 1701 qui
1815 1631 1866 1685 in
1908 1645 2000 1684 co-

2108 453 2204 506 tris
2225 451 2362 522 ejus,
2378 451 2665 522 quomodo,
2689 458 2979 518 antequam
3001 448 3321 520 iungeretur
3341 467 3460 517 suo,
3479 452 3695 510 inventa

2105 554 2193 601 est
2229 547 2282 600 in
2311 553 2466 599 utero
2500 545 2707 599 habens
2738 544 2804 598 de
2855 542 3059 613 Spiritu
3101 551 3311 610 sancto,
3346 556 3406 598 ut
3434 557 3696 615 quantum

2103 637 2382 709 generatio
2407 634 2610 691 Christi
2635 650 2666 688 a
2688 632 2903 689 caeteris
2933 633 3099 688 distet
3125 635 3421 703 aperiatur,
3447 650 3573 689 cum
3602 651 3698 690 ca:-

2104 727 2204 780 teri
2235 741 2333 795 per
2359 723 2796 793 coniunctionem
2820 724 2988 778 maris
3009 731 3062 778 et
3083 723 3295 778 feminae
3321 724 3566 792 solitam,
3587 726 3699 796 ipsc.

2104 825 2284 871 autem
2320 832 2419 887 per
2462 814 2738 886 Virginem
2779 823 2968 884 utpote
3023 814 3116 870 Dei
3154 815 3324 870 Filius
3371 817 3700 872 nascebatur

2105 909 2156 964 in
2179 909 2460 963 mundum.
2497 906 2767 979 (Hieron.)
2814 905 2870 978 Si
2915 916 3095 961 autem
3121 907 3320 977 aliquis
3345 909 3698 978 quaerendum

2100 1008 2255 1070 putat
2283 1013 2406 1054 cum
2430 996 2628 1067 Joscph
2659 1012 2765 1055 non
2794 998 2865 1052 sit
2909 1005 3066 1067 pater
3113 997 3323 1052 Domini
3373 997 3695 1065 Salvatoris,

2101 1090 2230 1160 quid
2259 1090 2528 1160 pertineat
2569 1089 2637 1144 ad
2682 1103 2806 1142 eum
2844 1087 3208 1158 generationis
3247 1088 3383 1143 ordo
3431 1087 3699 1146 deductus

2100 1197 2272 1252 usque
2302 1183 2369 1237 ad
2405 1181 2622 1249 Ioseph,
2649 1180 2787 1236 sciat
2816 1179 3051 1249 primum
3095 1194 3202 1234 non
3246 1193 3370 1236 esse
3398 1190 3694 1234 consuetu-

2099 1273 2242 1328 diuis
2268 1271 2672 1340 Scripturarum
2711 1279 2773 1326 ut
2819 1270 3103 1324 mulierum
3150 1270 3205 1324 in
3255 1271 3698 1340 generationibus

2099 1363 2232 1418 ordo
2259 1370 2495 1416 texatur.
2529 1360 2733 1415 Deinde
2760 1377 2826 1414 ex
2856 1375 2960 1414 una
2999 1359 3140 1413 tribu
3187 1358 3352 1414 fuisse
3395 1357 3600 1430 Joseph
3640 1371 3695 1414 et

2099 1452 2356 1516 Mariam,
2388 1452 2530 1507 unde
2565 1465 2633 1505 ex
2675 1450 2792 1522 lege
2828 1465 2949 1505 eam
2995 1450 3242 1520 accipere
3291 1451 3612 1522 cogebatur,
3639 1461 3694 1507 ut

2097 1543 2454 1614 propinquam
2489 1550 2545 1596 et
2579 1542 2725 1611 quod
2764 1540 2926 1597 simul
2951 1549 3244 1596 censentur
3285 1541 3340 1596 in
3375 1540 3692 1596 Bethlehem

2099 1637 2176 1688 uti
2204 1635 2269 1689 de
2297 1649 2402 1688 una
2427 1634 2597 1703 stirpe
2618 1633 2882 1704 generati.

411 1737 606 1792 lumbus
633 1735 812 1807 specie
860 1734 914 1788 in
963 1733 1069 1788 hoc
1121 1730 1410 1800 baptismo,
1441 1727 1533 1783 ubi
1581 1740 1840 1780 numerus
1891 1725 1995 1778 iste
2024 1714 2071 1772 Β
2169 1723 2301 1779 Cum
2339 1734 2468 1778 esset
2513 1724 2826 1794 desponsata
2878 1733 3045 1778 mater
3088 1723 3204 1794 ejus
3249 1723 3430 1778 Maria
3471 1723 3690 1796 Ioseph.

407 1834 881 1892 commemoratur,
917 1824 1166 1896 apparuit
1205 1821 1415 1893 (Matth.
1447 1820 1550 1889 ιιι).
1592 1817 1804 1890 (Beda.)
1832 1817 1995 1872 Chri-

407 1931 523 1976 stus
550 1933 678 1990 ergo
709 1915 980 1987 quomodo
1025 1914 1142 1983 ipso
1184 1910 1328 1982 quod
1361 1909 1686 1964 tricenarius
1719 1906 1996 1962 inchoavit

407 2015 735 2085 baptismum
763 2010 928 2066 totius
957 2006 1230 2080 signiﬁcat
1280 2002 1536 2060 Ecclesia:
1579 2001 1768 2058 sordes
1809 1999 1996 2069 expia-

408 2116 584 2171 turus,
600 2102 910 2160 eorumdem
937 2113 1151 2170 quoque
1170 2109 1519 2152 numerorum
1544 2091 1772 2164 mystica
1794 2103 1996 2162 cogna-

410 2195 484 2248 tio
505 2191 773 2256 declarat,
799 2188 925 2260 quia
975 2186 1226 2242 videlicet
1263 2183 1483 2255 triginta
1536 2181 1832 2251 aequalibus
1883 2179 1996 2234 suis

405 2281 649 2352 partibus
693 2287 1002 2350 computata
1049 2277 1265 2348 pariunt
1304 2273 1534 2346 amplius
1561 2272 1872 2337 duodecim,
1900 2271 1994 2341 qui

405 2380 488 2426 est
530 2368 958 2440 patriarcharum
1003 2376 1058 2421 et
1084 2363 1447 2435 apostolorum
1477 2377 1756 2428 numerus,
1781 2371 1836 2417 et
1861 2360 1998 2416 ﬁunt

407 2461 762 2532 quadraginta
796 2458 921 2513 duo.
957 2457 1167 2512 Habent
1201 2455 1345 2511 enim
1395 2461 1580 2526 partes
1629 2454 1994 2518 tricesimam,

405 2566 608 2619 unum;
645 2549 888 2620 quintam
911 2545 1347 2612 decimam,duo;
1381 2546 1670 2611 decimam,
1699 2545 1836 2611 tria;
1868 2559 1994 2600 sex-

406 2653 539 2708 tam,
568 2637 839 2714 quibque;
871 2640 1135 2710 quintam,
1169 2653 1293 2703 sex;
1328 2637 1559 2700 tertiam,
1589 2637 1808 2703 decem;
1840 2636 1998 2690 dimi-

403 2731 569 2796 diam,
600 2730 938 2802 quindecim;
983 2743 1104 2799 quae
1123 2728 1282 2784 simul
1297 2727 1488 2798 juncta
1512 2727 1863 2797 quadraginta
1890 2727 1996 2782 duo

405 2829 802 2878 consummant.
821 2819 921 2876 Ubi
943 2819 1191 2890 mystice,
1209 2826 1268 2873 ut
1291 2818 1546 2883 diximus,
1563 2818 1806 2872 inanitur
1827 2826 1996 2872 totam

403 2910 659 2966 Ecclesia:
684 2907 1071 2979 perfectionem
1100 2907 1154 2962 in
1183 2906 1385 2962 Christi
1422 2905 1526 2961 ﬁde
1545 2915 1599 2961 et
1620 2906 1792 2976 gratia
1820 2906 1997 2960 consi-

2097 1808 2273 1876 Quare
2300 1817 2480 1864 autem
2511 1825 2618 1864 non
2649 1810 2716 1864 de
2741 1808 2973 1879 simplici
2996 1809 3229 1880 virgine,
3252 1810 3347 1865 sed
3365 1810 3435 1865 de
3455 1811 3692 1881 despon-

2097 1909 2236 1966 sata,
2268 1901 2576 1970 concipitur
2606 1899 2874 1967 Salvator,
2906 1901 3024 1956 haec
3061 1901 3201 1956 ratio
3226 1909 3329 1956 est.
3359 1901 3608 1956 Primum
3637 1912 3696 1958 ut

2095 2007 2194 2062 per
2220 1992 2625 2062 generationem
2655 1989 2853 2060 Ioseph
2877 1991 3031 2061 origo
3053 1990 3236 2046 Mariae
3261 2001 3691 2058 monstraretur;

2063 2083 2068 2088 ’
2096 2085 2354 2151 secundo,
2379 2097 2448 2138 ne
2477 2084 2809 2154 lapidaretur
2837 2098 2866 2136 a
2894 2079 3097 2137 Iudaeis
3124 2091 3185 2136 ut
3210 2083 3495 2150 adultera;
3535 2088 3696 2140 tertio

2094 2181 2155 2226 ut
2171 2173 2222 2227 in
2237 2171 2533 2245 Egyptum
2555 2171 2767 2244 fugiens
2785 2171 3009 2227 haberet
3033 2172 3285 2226 solatium
3309 2174 3517 2228 mariti.
3544 2175 3696 2245 lgna-

2096 2263 2205 2318 tius
2223 2263 2386 2317 etiam
2415 2271 2666 2332 quartam
2689 2263 2898 2318 addidit
2917 2277 3158 2327 causam,
3174 2278 3274 2318 cur
3292 2278 3322 2316 a
3343 2279 3546 2334 sponsa
3568 2281 3696 2320 cen-

2095 2361 2285 2423 ccptus
2314 2353 2406 2418 sit,
2422 2360 2482 2406 ut
2501 2362 2715 2422 partus,
2739 2351 3009 2421 inquiens,
3026 2352 3294 2408 celaretur
3312 2353 3553 2421 diabolo,
3570 2357 3694 2411 dum

2096 2461 2218 2503 eum
2249 2454 2402 2516 putat
2427 2462 2534 2500 non
2577 2445 2644 2499 de
2675 2444 2882 2514 virgine
2912 2453 3250 2514 generatum,
3280 2445 3374 2500 sed
3405 2448 3476 2502 de
3499 2464 3689 2502 uxore.

2166 2536 2458 2607 Antequam
2480 2535 2807 2589 convenirent
2836 2534 3044 2589 inventa
3075 2545 3151 2589 est
3175 2537 3230 2590 in
3254 2546 3398 2590 utero
3419 2538 3617 2594 habens
3629 2540 3696 2593 de

2098 2627 2300 2700 Spiritu
2347 2638 2528 2682 sancto
2567 2625 2796 2699 (blitum)
2847 2627 2961 2682 Hoc
2988 2629 3443 2697 quemadmodum
3483 2631 3695 2686 factum

2097 2723 2190 2789 sit,
2218 2737 2434 2792 quoque
2461 2721 2672 2785 ordine,
2709 2719 2794 2776 vel
2831 2720 2884 2774 in
2911 2736 3018 2791 qua
3045 2721 3265 2776 civitate
3299 2723 3372 2777 sit
3413 2723 3692 2779 celebrata

2096 2813 2402 2882 conceptio,
2447 2812 2591 2881 quod
2638 2811 2925 2866 Malthmus
2972 2812 3061 2866 hic
3111 2813 3482 2882 praetermisit,
3515 2814 3693 2870 Lucas

2097 2902 2430 2960 sufﬁcienter
2481 2903 2752 2972 exposuit,
2791 2911 2913 2972 post
2959 2914 3446 2960 commemoratum
3493 2921 3695 2962 conce-

403 3009 568 3066 stere,
597 2999 724 3070 quia
751 3013 781 3052 a
805 2997 1132 3068 patriarchis
1158 2997 1334 3067 primo
1361 2997 1540 3067 agnita
1559 3036 1575 3064 ,
1605 3010 1740 3052 voce
1777 3005 1991 3066 aposto-
2019 3001 2062 3062 C
2095 3008 2245 3067 ptum
2271 2995 2494 3052 Joannis
2524 2997 2596 3050 ita
2647 3011 2879 3052 narrans
2912 3013 2926 3048 :
2959 2995 3029 3050 In
3074 3013 3283 3061 mense,
3310 2997 3521 3066 inquit,
3544 3010 3693 3053 sexto

403 3091 577 3146 lorum
607 3095 692 3143 est
719 3087 880 3141 latius
909 3084 1203 3150 dill‘amata,
1229 3100 1330 3140 nec
1353 3100 1473 3141 esse
1501 3100 1695 3141 nomen
1732 3086 1833 3140 sub
1853 3085 1992 3140 coelo

405 3181 460 3235 in
490 3193 596 3249 quo
627 3183 874 3248 oporteat
896 3190 994 3231 nos
1018 3175 1196 3230 salvos
1225 3176 1359 3242 ﬁeri,
1384 3177 1652 3246 quomodo
1679 3177 1733 3231 in
1758 3177 1991 3246 quadra-

403 3269 550 3338 ginta
576 3266 786 3321 duobus
816 3264 962 3319 nulla
989 3271 1074 3318 est
1102 3264 1392 3334 particula,
1415 3282 1535 3336 quae
1563 3281 1670 3320 non
1694 3266 1992 3335 aaqualibus

405 3353 679 3411 trioenarii
704 3354 916 3409 numeri
959 3354 1298 3409 contineatur
1332 3355 1386 3409 in
1429 3356 1692 3425 partibus.
1742 3355 1993 3410 Tricena-

405 3447 518 3501 rius
565 3458 696 3516 ergo
745 3457 1000 3498 numer-us
1057 3443 1170 3499 suis
1218 3445 1463 3514 partibus
1514 3445 1986 3516 quadragesimum

402 3533 634 3606 complet
659 3541 714 3588 et
738 3533 1063 3600 secundum,
1092 3533 1218 3604 quia
1257 3535 1514 3590 Dominus
1560 3535 1858 3590 Ecclesiam
1902 3536 1988 3590 sui

403 3625 744 3697 baptismatis
772 3625 1130 3681 sacramentis
1171 3633 1228 3680 et
1281 3640 1426 3679 nunc
1463 3624 1798 3680 laborantem
1850 3633 1989 3681 tem-

400 3717 660 3787 poraliter
684 3717 860 3772 munit
885 3725 942 3772 et
968 3717 1136 3772 [initis
1164 3717 1441 3773 laboribus
1460 3718 1527 3773 ad
1552 3719 1793 3787 requiem
1821 3729 1982 3774 aeter-

401 3809 596 3864 naliter
624 3806 891 3879 perducit.
935 3806 1048 3862 Nec
1091 3806 1398 3861 mirandum
1449 3816 1536 3864 est
1577 3809 1721 3879 quod
1749 3808 1924 3864 Lucas
1954 3825 1986 3864 a

401 3901 570 3955 David
610 3915 782 3969 usque
818 3899 884 3954 ad
911 3897 1183 3954 Christum
1214 3898 1397 3968 plures
1429 3902 1825 3968 successiones,
1853 3901 1987 3956 Mat-

402 3989 572 4044 thaeus
602 3991 902 4059 pauciores,
934 3989 1033 4043 hoc
1059 3996 1163 4053 est,
1195 3989 1296 4043 iste
1333 3991 1686 4061 quadraginta
1716 3992 1866 4057 duas,
1898 3992 1986 4048 ille

398 4082 758 4152 quadraginta
786 4089 1019 4153 quatuor
1059 4079 1260 4151 posuit,
1288 4094 1409 4134 cum
1439 4093 1534 4150 per
1563 4079 1696 4136 alias
1725 4095 1985 4149 personas

397 4173 804 4244 generationem
830 4172 1100 4228 fateamur
1129 4186 1248 4226 esse
1284 4172 1584 4226 decursam.
1628 4170 1812 4226 Potest
1839 4172 1982 4225 enim

2093 3088 2284 3140 missus
2326 3086 2542 3156 angelus
2581 3083 2794 3141 Gabriel
2819 3104 2851 3140 a
2880 3086 2987 3140 Deo
3023 3087 3078 3140 in
3121 3088 3380 3144 civitatem
3423 3089 3688 3156 Galilretc,

2094 3176 2179 3228 cui
2211 3191 2398 3230 nomen
2427 3174 2720 3240 Nazaretlt,
2748 3175 2817 3228 ad
2850 3176 3099 3246 uirginem
3124 3176 3495 3248 desponsatam
3539 3181 3650 3233 uiro
3673 3221 3689 3244 ,

2092 3264 2179 3317 cui
2236 3281 2423 3318 nomen
2475 3273 2588 3317 erat
2633 3263 2860 3333 Joseph,
2891 3264 2955 3318 de
2995 3265 3150 3319 domo
3191 3265 3385 3330 Dauid,
3419 3277 3469 3321 et
3499 3285 3692 3322 nomen

2091 3355 2307 3425 uirginis
2349 3353 2548 3408 Maria.
2591 3353 2660 3408 Et
2705 3356 2971 3425 ingressus
3007 3356 3222 3426 angelus
3260 3357 3330 3410 ad
3361 3374 3479 3411 eam
3506 3358 3640 3411 diu]
3671 3372 3690 3409 :

2091 3444 2214 3509 Ave,
2247 3445 2419 3514 gratia
2470 3443 2656 3514 plena,
2689 3444 2947 3499 Dominus
2991 3455 3183 3512 tecum,
3229 3444 3502 3501 benedicta
3545 3448 3691 3500 tuin

2089 3533 2420 3598 mulieribus,
2468 3542 2574 3589 etc.
2610 3533 2762 3605 (Luc.
2797 3533 2876 3606 ι);
2920 3550 3039 3604 quae
3067 3545 3366 3604 sequuntur
3391 3537 3461 3591 de
3490 3552 3688 3591 conetr

2087 3624 2272 3694 ptione
2296 3623 2434 3692 ejus,
2449 3633 2504 3678 et
2525 3625 2590 3678 de
2617 3623 2849 3678 adventu
2874 3622 3112 3694 Spiritus
3141 3625 3314 3679 sancti
3345 3640 3511 3695 super
3535 3641 3685 3689 eam,

2089 3724 2144 3768 et
2167 3715 2234 3768 de
2263 3714 2676 3770 obumbratione
2707 3715 2926 3770 virtutis
2950 3714 3235 3768 Altissimi.
3260 3714 3416 3782 Quod
3438 3731 3572 3787 ergo
3599 3732 3688 3771 sc-

2088 3803 2322 3857 cundum
2351 3802 2551 3858 Lucam
2577 3803 2800 3874 angelus
2841 3805 3092 3875 promisit
3121 3803 3381 3873 futurum,
3411 3806 3519 3862 hoc
3547 3807 3686 3862 Mat-

2090 3891 2262 3948 thteus
2289 3902 2474 3947 narrat
2506 3907 2627 3948 esse
2653 3893 2996 3962 completum.

2155 3980 2375 4038 Inventa
2399 3993 2474 4037 est
2499 3992 2669 4036 autem
2694 3983 2749 4036 in
2772 3991 2920 4037 utero
2940 3984 3136 4038 habens
3156 3985 3221 4038 de
3243 3984 3449 4056 Spiritu
3471 3998 3682 4055 sancto,

2084 4087 2113 4126 a
2144 4071 2289 4127 nullo
2315 4072 2565 4130 videlicet
2589 4074 2698 4130 alio
2723 4089 2886 4144 quam
2917 4072 3142 4145 Joseph,
3165 4077 3260 4146 qui
3294 4077 3516 4133 licentia
3561 4095 3682 4133 ma.

2087 4162 2227 4217 ritali
2256 4162 2451 4219 futura:
2465 4166 2652 4221 uxoris
2675 4181 2811 4237 pene
2831 4169 3014 4223 omnia
3037 4179 3288 4237 noverat;
3321 4171 3443 4228 ideo
3463 4180 3682 4227 tamen-

402 4264 542 4330 ﬁeri,
571 4271 632 4318 ut
669 4263 759 4318 alii
805 4263 1100 4334 longaevam
1146 4262 1508 4332 transegerint
1545 4263 1726 4325 vitam,
1759 4261 1981 4317 alterius
2084 4262 2191 4308 lem
2213 4255 2332 4325 ejus
2359 4265 2574 4311 uterum
2605 4271 2730 4312 mox
2775 4260 2992 4315 curioso
3030 4261 3386 4331 deprehendit
3447 4263 3673 4318 intuitu.

399 4365 529 4407 vero
555 4351 918 4421 generationis
943 4351 1046 4404 viri
1094 4351 1384 4405 immatura
1428 4358 1588 4406 astate
1627 4351 1976 4418 decesserint,
2010 4338 2060 4397 D
2086 4343 2143 4397 Ῑη
2173 4359 2239 4400 eo
2258 4345 2455 4416 quippe
2478 4347 2624 4416 (Ιυοά
2644 4347 2722 4402 aii
2750 4366 2763 4402 ε
2797 4348 3090 4421 Αηιθσιιαηι
3122 4353 3480 4418 convenirem.
3503 4355 3679 4410 verbo

397 4457 524 4496 cum
563 4443 841 4496 videamus
886 4441 1193 4511 complures
1223 4456 1380 4497 senes
1407 4458 1531 4497 cum
1562 4442 1676 4497 suis
1697 4442 1981 4512 nepotibus

399 4528 602 4594 vivere,
633 4529 769 4584 alios
787 4543 917 4584 vero
954 4529 1102 4585 viros
1126 4531 1309 4584 statim
1358 4530 1482 4584 ﬁliis
1505 4532 1656 4586 obire
1693 4533 1975 4602 susceptis.

397 4615 530 4670 Post
549 4625 890 4671 enumeratas
903 4615 1282 4688 generationes
1303 4616 1586 4674 Matthzeus
1615 4620 1688 4674 ita
1713 4621 1975 4690 sequitur.

472 4703 607 4778 [ιιι]
631 4704 827 4760 Christi
855 4715 1028 4760 autem
1051 4707 1314 4776 generatio
1338 4707 1414 4760 sic
1442 4717 1572 4762 erat.
1605 4707 1732 4765 Haec
1765 4719 1978 4767 senten-

398 4794 476 4850 tia
502 4792 694 4850 bifarie
718 4794 843 4864 poni
866 4803 1063 4865 potest,
1087 4795 1141 4851 id
1165 4803 1270 4861 est,
1289 4804 1348 4850 ut
1371 4796 1485 4852 sive
1511 4799 1578 4855 ad
1598 4809 1970 4856 enumeratam

397 4883 648 4955 superius
677 4883 1040 4955 genealogiam
1071 4885 1345 4955 respiciat,
1396 4902 1557 4957 quam
1607 4890 1681 4944 ita
1729 4891 1973 4964 Evange-

395 4975 520 5032 lista
550 4977 604 5032 in
631 4977 807 5048 capite
845 4977 1120 5050 Evangelii
1165 4981 1247 5035 sui
1291 4981 1564 5038 inchoavit
1598 5003 1610 5038 :
1641 4984 1794 5040 Liber
1823 5004 1978 5058 gene-

397 5069 618 5124 rationis
641 5069 769 5123 Jesu
799 5066 992 5124 Christi
1013 5069 1112 5138 lilii
1133 5070 1322 5138 David,
1355 5072 1455 5140 ﬁlii
1483 5074 1770 5141 Abraham,
1800 5085 1854 5132 et
1895 5079 1974 5133 sic

393 5176 494 5230 per
520 5163 893 5234 generationes
925 5161 1255 5231 singulorum
1300 5165 1523 5230 vadens,
1551 5179 1720 5234 usque
1766 5168 1833 5222 ad
1872 5168 1970 5222 Jo-

395 5255 518 5323 seph
550 5255 717 5308 uirum
741 5253 948 5320 Marias,
965 5255 1029 5309 de
1047 5271 1150 5326 qua
1173 5264 1325 5308 natus
1345 5264 1420 5309 est
1444 5255 1622 5323 Iesus,
1647 5257 1737 5326 qui
1764 5269 1973 5312 vocatur

397 5342 655 5400 Christus.
681 5344 879 5417 Sicque
904 5347 1051 5401 ﬁnita
1078 5346 1219 5401 serie
1250 5346 1656 5415 generatienum
1688 5347 1841 5416 quasi
1882 5364 1972 5403 re-

397 5439 747 5493 memorando
775 5439 910 5493 dixit
942 5458 954 5493 :
993 5437 1187 5493 Christi
1216 5445 1388 5490 autem
1417 5441 1682 5508 generatio
1724 5442 1800 5494 sic
1835 5451 1970 5508 erat,

2083 4435 2432 4492 conveniendi
2468 4451 2575 4491 non
2601 4438 2775 4507 ipsum
2805 4440 3168 4506 concubitum,
3191 4443 3286 4497 sed
3331 4445 3673 4514 nuptiarum,

2081 4537 2200 4593 quae
2225 4527 2533 4595 praecedere
2557 4527 2755 4596 solent,
2799 4537 3012 4600 tempus
3048 4531 3306 4598 insinuat,
3333 4535 3558 4603 quando
3605 4551 3672 4591 ea

2079 4629 2201 4684 quas
2223 4616 2372 4685 prius
2403 4627 2658 4688 sponsata
2689 4619 2872 4676 fuerat
2899 4637 3019 4678 esse
3049 4623 3246 4693 conjux
3278 4625 3489 4696 incipit.
3524 4627 3675 4700 Ergo

2079 4718 2357 4780 antequam
2385 4714 2735 4780 convenirent,
2767 4715 2898 4771 dicit
2916 4726 3202 4789 antequam
3234 4720 3551 4790 nuptiarum
3582 4737 3674 4778 so-

2079 4798 2276 4856 lemnia
2323 4800 2428 4856 rite
2464 4802 2818 4870 celebrarent,
2851 4807 3059 4861 inventa
3088 4818 3164 4862 est
3193 4810 3249 4863 in
3279 4820 3430 4866 utero
3470 4812 3670 4867 habens

2075 4891 2139 4946 de
2158 4890 2359 4962 Spiritu
2380 4904 2583 4948 sancto.
2607 4894 2884 4964 Siquidem
2909 4908 3207 4955 memorato
3227 4901 3419 4957 ordine
3447 4914 3574 4974 post
3600 4919 3669 4959 ea

2075 4996 2466 5054 convenerunt,
2495 4989 2709 5057 quando
2752 4987 2949 5062 Josepb
2999 4993 3065 5047 ad
3112 5006 3441 5067 praceptum
3485 4999 3666 5070 angeli

2076 5079 2281 5147 accepit
2301 5079 2584 5150 conjugem
2611 5095 2785 5147 suam,
2810 5083 2905 5137 sed
2931 5098 3038 5138 non
3065 5087 3661 5159 concumbebant,quia

2047 5170 2337 5240 ‘scquitur,
2363 5178 2412 5223 et
2443 5184 2546 5223 non
2572 5173 2912 5242 cognoscebat
2939 5190 3075 5228 eam.

2142 5260 2333 5330 Ioseph
2356 5270 2530 5316 autem
2555 5264 2634 5317 uir
2653 5263 2768 5333 ejus
2795 5281 2912 5319 cum
2939 5277 3070 5321 esset
3099 5267 3254 5323 homo
3258 5271 3442 5340 justus
3469 5281 3520 5326 et
3546 5272 3658 5327 nol-

2071 5347 2138 5402 let
2177 5366 2292 5403 eam
2331 5351 2624 5418 traducere,
2650 5353 2813 5409 voluit
2843 5355 3041 5410 occulte
3061 5357 3320 5414 dimittere
3348 5377 3484 5416 eam.
3511 5361 3661 5419 Scri-

2071 5448 2222 5508 ptum
2257 5449 2362 5508 est,
2393 5443 2439 5496 si
2483 5444 2597 5514 quis
2629 5444 2931 5513 [arnicas-ia:
2970 5448 3312 5519 conjungitur
3341 5468 3502 5506 unum
3539 5470 3661 5507 cor-

397 5542 460 5580 ac
485 5529 529 5582 si
560 5530 763 5584 diceret
795 5547 807 5584 :
840 5529 931 5584 Sic
955 5530 1089 5586 ordo
1113 5528 1363 5582 humana:
1389 5529 1750 5597 generationis
1772 5530 1971 5587 Christi
2013 5529 2039 5578 1
2071 5547 2167 5601 pus
2196 5533 2435 5602 efﬁcitur,
2483 5543 2538 5589 et
2584 5535 2638 5589 iu
2675 5533 2792 5607 lege
2832 5546 3161 5609 praeceptum
3203 5549 3288 5597 est
3325 5557 3436 5598 non
3482 5543 3660 5599 solum

394 5631 494 5684 per
528 5630 778 5686 parentes
803 5620 939 5690 ejus,
969 5635 1138 5689 usque
1167 5619 1232 5675 ad
1261 5619 1428 5677 Deum
1457 5621 1718 5691 pervenit.
1751 5620 1876 5680 Sive
1903 5623 1972 5682 ad

2073 5640 2214 5693 reos,
2245 5627 2339 5683 sed
2374 5636 2430 5684 et
2475 5628 2723 5686 conscios
2767 5629 3056 5688 criminum
3083 5633 3349 5692 obnoxios
3375 5651 3496 5711 esse
3534 5652 3666 5709 pec-
