3970 6198
229 355 325 411 739

1222 355 1570 414 COMMENT.
1616 357 1682 412 ΙΝ
1723 357 2156 414 ΜΑΤΤΗᾸΞΕΜ.
2199 391 2265 400 —-
2309 359 2429 414 LIB.
2473 361 2512 415 l.

3391 357 3496 413 77.0

225 474 364 520 rato.
391 463 670 532 Quomodo
708 464 908 537 Ioseph
959 481 1080 521 cum
1109 468 1320 524 crimen
1345 468 1486 526 celat
1514 469 1700 524 uxoris
1722 468 1810 537 ju-
1843 471 1888 530 Α
1920 471 2082 525 rebus
2113 472 2272 526 simul
2297 481 2352 526 et
2377 473 2574 539 verbis,
2606 488 2727 528 cum
2759 470 3077 543 quibusdam
3104 471 3337 528 motibus
3369 474 3496 529 iusi-

224 569 340 613 stus
359 557 593 612 dicitur?
619 556 715 611 Illa
762 559 959 629 quippe
993 557 1204 627 iustitia
1234 559 1434 632 Ioseph
1455 561 1634 632 justus
1668 569 1806 623 erat,

224 665 344 719 qum
369 657 496 704 ante
521 648 810 704 Dominum
833 650 1042 721 justitia
1072 660 1179 717 est,
1227 666 1347 723 qua:
1376 653 1550 708 aliena
1588 668 1618 707 a
1647 653 1810 708 mise-

225 740 459 795 ricordia
491 754 596 794 non
625 748 728 806 est,
762 757 883 810 qua:
919 757 986 796 ex
1014 742 1210 797 mentis
1233 742 1579 813 simplicitate
1613 743 1814 796 forma-

226 840 336 895 tur,
360 845 481 900 quae
504 829 690 900 gratiae
717 832 1008 886 concordat
1032 841 1086 886 et
1109 847 1174 887 ex
1207 833 1312 888 lide
1337 841 1440 888 est.
1465 831 1662 905 (θήρ.)
1695 833 1810 887 Non

226 922 314 977 illa
344 937 464 991 quae
492 923 631 992 apud
645 923 891 979 homines
920 923 1054 979 falso
1070 923 1287 994 iustitia
1316 927 1531 992 dicitur,
1557 935 1612 982 et
1634 927 1716 982 vel
1745 941 1813 982 ex

225 1015 422 1070 all'ectu
450 1015 670 1070 humani
706 1015 908 1073 favoris
931 1019 1182 1073 simulate
1215 1017 1488 1092 profertur
1516 1018 1602 1074 vel
1629 1033 1658 1072 a
1687 1033 1814 1073 cru-

223 1106 447 1161 delitate
498 1107 663 1162 animi
713 1108 922 1177 prolata
968 1109 1084 1165 sine
1134 1111 1460 1166 discretione
1504 1120 1810 1166 exercetur.

226 1199 393 1268 Igitur
417 1207 534 1253 erat
565 1200 618 1253 in
652 1201 814 1255 verbo
853 1200 1054 1275 justus,
1095 1202 1148 1257 in
1186 1203 1328 1259 facto
1347 1204 1545 1274 justus,
1584 1205 1638 1259 in
1680 1204 1815 1275 legis

223 1291 721 1354 consummatione,
763 1289 942 1359 justus
982 1293 1036 1346 in
1089 1294 1240 1348 initio
1275 1294 1484 1365 gratiae.
1532 1294 1656 1348 ideo
1694 1308 1814 1348 eam

225 1379 501 1434 dimittere
529 1379 742 1434 volebat
779 1382 1033 1451 quoniam
1068 1382 1322 1438 virtutem
1351 1384 1594 1455 mysterii
1630 1393 1686 1438 et
1729 1400 1817 1440 sa-

223 1477 562 1522 cramentum
599 1469 869 1537 quoddam
917 1471 1262 1543 magniﬁcum
1305 1472 1357 1526 in
1386 1474 1574 1528 eadem
1617 1489 1816 1544 cogno-

222 1557 434 1621 scebat,
462 1557 547 1612 cui
591 1559 972 1627 adproximare
1008 1576 1129 1616 sese
1181 1561 1458 1632 indignum
1487 1563 1811 1618 mstimabat.

223 1647 362 1702 Nam
393 1657 448 1703 et
468 1649 522 1703 in
549 1651 687 1706 lsaia
716 1651 922 1723 legerat
943 1655 1204 1725 virginem
1232 1657 1296 1712 de
1319 1658 1479 1713 domo
1502 1659 1670 1714 David
1695 1675 1816 1715 esse

219 1748 608 1810 concepturam
637 1749 692 1796 et
722 1744 1024 1812 parituram
1059 1747 1365 1810 Dominum,
1408 1749 1474 1803 de
1501 1765 1607 1818 qua
1649 1751 1810 1804 etiam

1916 571 2045 616 nunt
2081 563 2184 618 hoc
2212 565 2354 633 quod
2394 567 2734 621 sermonibus
2785 574 2991 621 narrat.
3033 565 3169 633 Quid
3218 575 3302 621 est
3328 568 3493 629 enim,

1913 653 2056 724 quod
2088 663 2210 723 post
2257 664 2535 726 peccatum
2575 657 2810 712 hominis
2861 657 2913 710 in
2944 657 3197 726 paradiso
3240 656 3499 711 Dominus

1915 759 2020 797 non
2037 743 2149 811 jam
2178 755 2308 810 stat,
2339 747 2431 800 sed
2465 747 2724 810 ambulat,
2754 747 2856 800 nisi
2891 747 3032 816 quod
3072 747 3312 801 irruente
3342 747 3500 816 culpa

1915 847 1973 888 se
2004 850 2032 887 a
2059 836 2223 890 corde
2262 836 2496 890 hominis
2539 846 2743 891 motqu
2795 837 3156 902 dmnnnstrat,
3191 839 3377 908 sicque
3409 853 3502 892 ne.-

1915 923 2142 992 quitiam
2189 941 2342 980 suam
2375 926 2533 980 cmcis
2565 926 2835 981 mentibus
2870 942 2977 980 non
3017 925 3191 980 solum
3239 933 3504 984 sermoni-

1917 1012 2040 1077 bus,
2072 1015 2267 1082 quibus
2303 1030 2396 1070 eos
2424 1016 2740 1085 increpavit,
2774 1016 2868 1071 sed
2884 1013 3046 1070 etiam
3078 1018 3240 1071 rebus
3267 1017 3498 1086 aperuit.

1916 1101 2219 1171 Aliquando
2259 1103 2604 1177 imaginibus,
2652 1105 2825 1160 oculis
2852 1107 3033 1162 cordis
3064 1107 3315 1169 ostensis,
3362 1106 3503 1162 sicut

1917 1189 2084 1246 Iacob
2118 1191 2406 1248 subnixam
2440 1193 2578 1248 cmlo
2620 1195 2822 1250 scalam
2867 1195 3142 1252 dormiens
3166 1197 3304 1252 vidit
3347 1195 3501 1269 (Gen.

1918 1280 2139 1354 xxvm),
2170 1292 2224 1337 et
2256 1284 2448 1339 Petrus
2480 1283 2703 1338 linteum
2746 1287 3026 1356 reptilibus
3053 1296 3108 1343 et
3144 1287 3506 1357 quadrupedi-

1919 1371 2022 1426 bus
2059 1372 2300 1441 plenum,
2350 1373 2401 1427 in
2432 1374 2607 1429 extasi
2641 1384 2825 1445 raptus
2871 1377 3244 1449 aspexit(Act.
3284 1383 3362 1448 χ).
3393 1377 3506 1432 Ali-

1917 1461 2136 1531 quando
2173 1462 2502 1532 imaginibus
2540 1473 2666 1519 aute
2695 1481 2988 1536 corporeos
3029 1467 3217 1522 oculos
3255 1467 3324 1521 ad
3369 1475 3504 1523 tem-

1918 1565 2020 1620 pus
2066 1560 2286 1608 exstare
2329 1553 2654 1624 adsumptis,
2703 1555 2844 1610 sicut
2890 1557 3161 1612 Abraham
3193 1572 3298 1612 non
3330 1559 3504 1614 solum

1919 1648 2034 1696 tres
2072 1642 2218 1698 viros
2269 1643 2424 1709 vidit,
2475 1645 2571 1699 sed
2622 1647 2675 1700 in
2731 1647 2950 1703 domum
3005 1650 3232 1718 accepit,
3288 1649 3508 1720 insuper

1916 1733 2082 1789 etiam
2131 1733 2569 1808 cibavit(Cencs.
2624 1739 2804 1810 xvm).
2850 1739 3157 1809 Aliquando
3193 1741 3507 1798 etnlestibus

220 1828 391 1882 domo
433 1841 659 1886 ηονοηη
717 1848 885 1902 genus
932 1833 1152 1890 duxisse
1199 1835 1439 1902 Mariam,
1478 1814 1641 1907 aiquc
1691 1839 1811 1892 ideo
1842 1814 1890 1873 B
1919 1823 2260 1886 substantiis,
2309 1825 2452 1880 sicut
2508 1827 2783 1897 baptizato
2831 1828 3060 1884 Domino
3097 1830 3360 1901 scriptum
3399 1843 3506 1898 cst,

220 1935 333 1974 non
385 1920 658 1976 diuidebat
703 1923 756 1977 in
801 1939 866 1978 ea
913 1926 1251 1995 prophetiam
1298 1927 1438 1982 hanc
1484 1929 1810 1996 implendam

220 2025 367 2066 esse.
400 2010 540 2082 Ergo
560 2012 850 2070 humilians
875 2030 935 2070 se
965 2024 1090 2076 ante
1112 2025 1319 2072 tantam
1349 2025 1404 2072 et
1433 2026 1542 2072 tam
1570 2017 1816 2073 inetl‘abi-

221 2101 330 2155 lem
365 2116 500 2167 rem,
533 2105 809 2172 quaarebat
845 2121 906 2161 se
942 2107 1099 2180 longe
1141 2106 1340 2174 facere,
1370 2109 1509 2164 sicut
1537 2117 1592 2162 et
1620 2108 1815 2164 beatus

219 2192 442 2258 Petrus,
471 2194 699 2251 Domino
729 2213 787 2252 se
830 2197 1120 2254 bumilians
1157 2199 1374 2254 aiebat:
1408 2199 1604 2255 Recede
1634 2219 1667 2254 a
1711 2217 1812 2264 me,

220 2282 471 2348 Domine,
487 2286 734 2353 quoniam
758 2288 910 2342 homo
924 2299 1165 2359 peccator
1183 2306 1299 2344 sum
1323 2289 1474 2360 (Luc.
1492 2289 1568 2360 v).
1591 2290 1609 2360 (
1625 2289 1814 2361 Beda.)

219 2371 331 2428 Sed
354 2373 399 2427 si
417 2373 500 2429 sic
511 2389 631 2429 eam
646 2376 856 2432 occulte
877 2378 1193 2444 dimitteret,
1213 2395 1389 2450 neque
1399 2381 1674 2450 acciperet
1692 2395 1818 2434 con-

210 2461 407 2534 iugem
423 2472 478 2519 et
490 2464 576 2518 illa
599 2481 798 2536 sponsa
821 2476 1059 2536 pareret,
1076 2470 1331 2524 nimirum
1347 2469 1506 2539 pauci
1523 2477 1708 2524 essent
1724 2470 1816 2539 qui

216 2569 344 2608 eam
379 2554 645 2624 virginem
684 2565 742 2610 et
762 2572 869 2610 non
897 2557 1078 2626 potius
1110 2566 1461 2613 autumarent
1484 2572 1606 2614 esse
1643 2573 1820 2614 mere-

215 2645 441 2699 tricem.
482 2644 637 2700 Unde
661 2645 947 2701 consilium
975 2646 1174 2717 Ioseph
1207 2657 1428 2718 repente
1451 2647 1678 2704 consilio
1705 2663 1813 2704 me-

213 2734 362 2790 liore
393 2744 658 2802 mutatur,
691 2743 750 2789 ut
779 2737 1034 2791 videlicet
1066 2739 1132 2793 ad
1174 2739 1604 2794 conservandam
1638 2738 1820 2794 Mariae

205 2811 428 2878 ‘famam
461 2824 576 2892 ipse
607 2838 727 2877 eam
757 2824 1032 2879 celebrato
1069 2825 1379 2894 nuptiarum
1405 2825 1652 2880 convivio
1685 2841 1819 2880 con—

209 2915 404 2986 iugem
437 2914 728 2983 acciperet,
747 2923 801 2968 et
833 2924 1038 2969 castam
1068 2925 1330 2985 perpetuo
1361 2915 1679 2971 custodiret.
1709 2915 1822 2970 Ma-

214 3009 315 3062 luit
348 3021 588 3076 namque
612 3005 872 3060 Dominus
897 3006 1107 3076 aliquos
1137 3008 1356 3063 modum
1383 3022 1495 3063 suae
1517 3008 1823 3077 generatio-

212 3097 301 3152 nis
335 3097 630 3168 ignorare,
671 3110 832 3165 quam
865 3097 1169 3151 castitatem
1218 3096 1481 3154 infamare
1523 3097 1816 3170 genitricis.

1916 1913 2044 1982 quia
2073 1913 2140 1968 de
2170 1915 2310 1969 nube
2337 1930 2440 1970 vox
2467 1918 2643 1971 sonuit
2676 1919 2862 1974 dicens
2887 1937 2900 1972 :
2926 1919 3028 1974 llic
3057 1931 3132 1976 est
3163 1919 3210 1973 F
3212 1922 3335 1975 ilius
3358 1939 3507 1978 meus

1916 2004 2159 2070 dilectus,
2193 2005 2248 2060 in
2287 2022 2388 2076 quo
2437 2008 2568 2062 mihi
2616 2009 2932 2079 complacuit
2971 2009 3190 2082 (Matth.
3238 2012 3344 2087 ιιι).
3398 2013 3510 2068 Ali-

1919 2095 2137 2162 quando
2160 2097 2396 2151 terrenis
2422 2099 2765 2166 substantiis,
2797 2101 2938 2155 sicut
2965 2116 3090 2156 cum
3128 2102 3346 2158 Balaam
3385 2120 3506 2160 cor-

1921 2185 2108 2254 ripuit,
2139 2187 2191 2240 in
2234 2202 2332 2243 ore
2367 2189 2534 2244 asinae
2563 2190 2799 2245 humana
2832 2193 2994 2248 verba
3033 2192 3284 2249 formavit
3309 2193 3502 2270 (Nam.

1920 2277 2080 2348 xxii).
2127 2277 2432 2349 Aliquando
2478 2280 2640 2336 simul
2669 2282 2900 2338 terrenis
2941 2289 2998 2338 et
3043 2283 3357 2340 caelestibus
3385 2286 3510 2340 sab-

1920 2366 2139 2421 stantiis
2164 2367 2426 2424 Dominus
2458 2383 2556 2440 per
2593 2371 2814 2440 angelos
2842 2372 3105 2444 loquitur,
3136 2375 3278 2430 sicut
3319 2390 3505 2430 coram

1923 2455 2103 2527 Moyse
2135 2456 2187 2510 in
2228 2467 2413 2514 monte
2451 2460 2630 2532 ignem
2665 2464 2971 2534 rubumque
3016 2465 3264 2531 sociavit,
3305 2466 3512 2538 signiﬁ-

1919 2563 2054 2602 cans
2077 2562 2136 2603 se
2161 2547 2439 2606 doctorem
2470 2550 2586 2620 eius
2615 2553 2798 2624 populi
2830 2553 2966 2620 fore,
2993 2555 3085 2626 qui
3111 2564 3166 2611 et
3195 2555 3329 2628 legis
3351 2556 3508 2613 tiam-

1922 2653 2066 2692 mam
2113 2640 2530 2710 perciperet,‘ct
2580 2652 2757 2700 tamen
2803 2647 3011 2715 peccati
3057 2648 3266 2718 spinam
3307 2664 3513 2719 nequa-

1921 2741 2082 2797 quam
2115 2728 2333 2795 vitaret,
2375 2731 2458 2784 vel
2481 2733 2623 2800 quod
2662 2749 2729 2788 ex
2769 2735 2860 2788 illo
2884 2735 3082 2806 populo
3104 2739 3300 2802 exiret,
3331 2739 3421 2809 qui
3454 2739 3508 2793 in

1923 2820 2047 2890 igne
2076 2819 2297 2876 deitatis
2341 2822 2558 2878 dolores
2601 2827 2782 2880 carnis
2820 2836 3022 2882 nostra:
3044 2828 3200 2897 quasi
3240 2828 3357 2884 rubi
3399 2831 3513 2899 spi-

1923 2925 2025 2964 nas
2067 2910 2388 2980 susciperet,
2440 2919 2493 2965 et
2534 2912 2969 2985 inconsumptum
3006 2916 3360 2990 humanitatis
3405 2934 3505 2972 no-

1924 3008 2052 3055 strze
2083 3001 2444 3057 substantiam
2468 3004 2631 3060 etiam
2690 3007 2742 3061 in
2791 3008 2907 3076 ipsa
2954 3007 3254 3064 divinitatis
3294 3007 3510 3064 ﬂamma

1923 3093 2185 3141 servaret.
2215 3085 2608 3158 Nonnunquam
2633 3105 2765 3146 vero
2784 3091 3038 3147 humanis
3057 3093 3312 3148 cordibus
3335 3093 3504 3149 etiam

289 3185 434 3239 "au:
480 3192 654 3237 autem
701 3200 760 3238 eo
797 3184 1055 3254 cogitante
1104 3201 1221 3238 ecce
1258 3185 1478 3255 angelus
1515 3185 1728 3240 Domini
1765 3186 1816 3240 in

1924 3189 2022 3244 per
2059 3175 2278 3247 angelos
2308 3178 2572 3235 Dominus
2611 3190 2819 3235 secreta
2852 3196 3041 3236 eorum
3072 3183 3361 3254 pmsentia
3404 3184 3514 3240 vir-

212 3274 426 3331 somuis
447 3274 691 3344 apparuit
719 3273 767 3327 ei
803 3273 1000 3330 dicens.
1032 3273 1236 3346 (Greg.)
1269 3275 1564 3331 Sciendum
1588 3277 1816 3347 estquia

217 3368 275 3423 in
306 3367 528 3422 duobus
554 3365 730 3421 modis
759 3365 962 3422 locu-tio
985 3366 1164 3420 divina
1191 3365 1576 3437 distinguitur;
1606 3376 1700 3422 aut
1721 3382 1820 3437 per

217 3457 582 3526 semetipsum
605 3469 840 3525 namque
862 3456 1122 3511 Dominus
1147 3457 1408 3527 loquitur,
1436 3466 1530 3512 aut
1549 3473 1647 3528 per
1667 3472 1820 3513 crea-

220 3561 412 3603 turam
439 3548 735 3619 angelicam
764 3548 882 3618 cjus
915 3549 982 3603 ad
1021 3564 1122 3604 nos
1159 3551 1325 3604 verba
1353 3552 1679 3604 formantur.
1709 3548 1818 3604 Sed

216 3656 354 3696 cum
386 3654 483 3710 per
507 3639 855 3708 semetipsum
884 3638 1145 3707 loquitur,
1183 3639 1294 3694 sola
1324 3640 1480 3694 nobis
1509 3639 1560 3693 vi
1595 3641 1819 3694 interna:

221 3727 603 3798 inspirationis
633 3729 892 3796 aperitur.
921 3729 990 3782 Et
1024 3729 1095 3783 de
1140 3731 1306 3784 verbo
1334 3730 1450 3800 ejus
1495 3730 1614 3786 sine
1639 3729 1820 3784 verbis

222 3835 291 3875 ac
319 3819 551 3890 syllabis
577 3834 675 3875 cor
703 3820 944 3886 docetur,
975 3819 1120 3890 quod
1150 3821 1393 3874 auditum
1422 3821 1598 3889 aperit
1625 3828 1679 3875 et
1724 3820 1811 3873 ha-

220 3909 362 3965 bere
387 3909 624 3964 sonitum
651 3910 849 3976 nescit,
873 3910 1014 3966 sicut
1051 3909 1248 3979 legitur
1301 3910 1357 3966 in
1386 3910 1538 3965 Actis
1565 3910 1814 3980 apostoli-

220 4001 328 4066 cis,
356 3999 504 4069 quod
533 3997 769 4070 Spiritus
797 4006 1020 4054 sanctus
1046 3998 1294 4069 Philippo
1319 3998 1516 4054 dixerit
1540 4015 1554 4052 :
1579 3998 1820 4069 Adjunge

221 4102 276 4144 te
313 4089 389 4143 ad
435 4105 673 4143 currum.
723 4089 792 4143 Et
831 4103 956 4144 cum
998 4089 1068 4144 ad
1108 4089 1440 4146 evocandum
1476 4088 1697 4144 Petrum
1747 4089 1817 4143 ti-

219 4188 448 4237 mentes
485 4177 771 4234 Dominum
822 4179 1023 4234 milites
1061 4179 1345 4235 Cornelius
1387 4179 1711 4245 direxisset,
1763 4179 1816 4233 in

220 4279 418 4327 mente
465 4270 818 4340 prowldubio
851 4286 881 4325 a
924 4270 1131 4342 Spiritu
1177 4270 1369 4326 Petrus
1408 4271 1650 4325 audivit:
1684 4271 1820 4325 Ecce

221 4373 335 4417 (res
372 4361 472 4415 uiri
504 4371 746 4433 quierunt
776 4371 824 4416 te
853 4362 992 4434 (Act.
1036 4361 1254 4432 x).Cum
1283 4377 1411 4417 vero
1438 4376 1536 4431 per
1570 4361 1818 4431 angelum

223 4451 497 4508 Dominus
533 4451 868 4506 voluntatem
900 4467 1056 4506 suam
1090 4451 1308 4515 indicat,
1361 4451 1652 4521 aliquando
1693 4465 1814 4505 eam

221 4545 420 4600 verbis
451 4543 570 4598 sine
605 4543 713 4598 ulla
758 4544 993 4614 imagine
1019 4543 1371 4608 demonstrat,
1419 4543 1560 4597 sicut
1589 4543 1816 4598 Domino

221 4637 450 4692 dicente
485 4654 498 4689 :
533 4633 717 4702 Pater,
758 4635 994 4705 clariﬁca
1021 4634 1222 4689 Filium
1264 4643 1434 4701 tuum,
1465 4643 1522 4689 ut
1572 4643 1620 4688 et
1646 4631 1818 4690 Filius

219 4738 356 4782 tuus
401 4725 653 4795 clariﬁcet
688 4735 737 4780 te
766 4725 948 4796 (Joan.
1000 4725 1097 4797 xi),
1151 4725 1400 4796 protinus
1446 4723 1817 4795 respondetur,

220 4817 553 4886 clariﬁcavi,
606 4828 656 4872 et
706 4819 897 4872 iterum
947 4818 1268 4888 clariﬁcabo.
1311 4819 1614 4890 Aliquando
1659 4818 1822 4874 rebus

218 4911 353 4966 sine
373 4910 578 4975 verbis,
610 4911 752 4966 sicut
774 4920 829 4966 et
856 4910 1106 4965 Ezechiel
1133 4911 1319 4966 electri
1349 4911 1584 4982 speciem
1606 4911 1739 4966 vidit
1766 4912 1819 4967 in

224 5002 420 5058 medio
466 5001 606 5072 ignis
635 5001 854 5073 (Ezech.
886 5003 952 5073 ι),
977 5002 1120 5072 quod
1169 5002 1443 5073 significat
1489 5003 1822 5058 incarnatio-

221 5108 362 5148 nem
396 5090 618 5146 Christi.
661 5089 934 5145 Electrum
979 5091 1180 5160 quippe
1215 5105 1284 5145 ex
1325 5091 1442 5145 auri
1504 5091 1822 5161 argentique

222 5182 461 5238 metallo
514 5183 812 5247 miscetur,
870 5181 922 5236 in
963 5197 1070 5251 qua
1120 5181 1474 5249 permistione
1537 5190 1819 5251 argentum

219 5275 461 5346 quidem
486 5273 686 5329 clarius
709 5273 969 5338 redditur,
1001 5273 1096 5327 sed
1133 5281 1314 5326 tamen
1340 5269 1516 5342 lulgor
1543 5271 1662 5326 auri
1685 5279 1822 5328 tem-

221 5373 485 5437 petatur.
517 5365 656 5432 Quid
686 5379 817 5436 ergo
849 5365 903 5420 in
937 5364 1142 5420 electro
1182 5363 1285 5417 nisi
1328 5362 1594 5418 mediator
1633 5363 1728 5418 Dei
1768 5373 1823 5418 et

222 5458 524 5516 bominu
545 5459 972 5524 demonstratur,
1002 5459 1094 5530 qui
1123 5460 1249 5516 dum
1282 5458 1336 5512 in
1366 5458 1656 5527 semetipso
1685 5457 1822 5513 divi-

221 5567 368 5606 nam
402 5551 799 5622 humanamque
823 5561 1071 5606 naturam
1090 5550 1412 5619 composuit,
1441 5557 1497 5604 et
1529 5549 1822 5604 humanam

223 5657 334 5711 per
365 5623 630 5695 Deitatem
659 5641 946 5696 clariorem
976 5639 1228 5705 reddidit,
1252 5648 1307 5694 et
1332 5638 1570 5694 divinam
1601 5653 1699 5708 per
1723 5638 1822 5692 hu-

223 5731 563 5786 manitatem
585 5733 787 5788 nostris
810 5732 1120 5802 aspectibus
1146 5731 1487 5801 temperavit.
1519 5729 1821 5802 Aliquando

1924 3275 2096 3322 tutem
2143 3283 2255 3323 sua:
2308 3270 2655 3340 aspirationis
2704 3271 2958 3327 infundit.
3000 3273 3154 3328 Unde
3213 3273 3511 3332 Zacharias

1919 3357 1996 3412 ait
2030 3376 2044 3412 :
2076 3358 2147 3412 Et
2198 3359 2333 3414 dixit
2367 3361 2438 3414 ad
2482 3377 2566 3416 me
2596 3362 2833 3432 angelus,
2866 3364 2957 3434 qui
2986 3362 3296 3435 loquebatur
3324 3365 3381 3420 in
3427 3384 3511 3421 mc

1920 3446 2105 3519 (Zaclr.
2137 3449 2233 3520 n);
2271 3450 2399 3505 dum
2435 3451 2505 3506 ad
2548 3466 2607 3507 se
2644 3453 2882 3523 quidem,
2911 3453 3004 3508 sed
3039 3462 3218 3508 tamen
3255 3454 3312 3509 in
3343 3470 3402 3511 se
3433 3456 3512 3510 lo-

1919 3539 2012 3609 qui
2057 3540 2308 3612 angelum
2341 3541 2492 3608 dicit,
2523 3541 2728 3613 liquido
2772 3544 3012 3599 ostendit
3034 3544 3178 3613 quod
3210 3544 3256 3600 is
3293 3545 3384 3614 qui
3438 3546 3505 3600 ad

1921 3630 2097 3700 ipsum
2133 3631 2355 3686 verbum
2382 3630 2583 3686 faceret
2603 3646 2704 3701 per
2732 3648 3052 3703 corpoream
3085 3634 3319 3703 speciem
3350 3646 3503 3689 extra

1920 3733 2030 3772 non
2064 3726 2228 3773 esset.
2273 3719 2426 3775 Unde
2451 3728 2504 3775 et
2531 3720 2694 3790 paulo
2720 3729 2841 3790 post
2867 3721 3105 3775 subdidit
3131 3739 3143 3773 :
3169 3721 3237 3774 Et
3267 3739 3383 3776 ecce
3410 3741 3501 3777 au-

1919 3807 2064 3875 gelus
2110 3808 2202 3878 qui
2247 3808 2554 3878 loquebatur
2601 3810 2657 3862 in
2701 3825 2804 3875 me,
2854 3810 3233 3880 egrediebatur.
3278 3810 3506 3886 (ΜΑυιι.)

1921 3896 2202 3963 Quomodo
2223 3907 2402 3955 autem
2435 3901 2659 3972 angelus
2693 3900 2892 3972 Ioseph
2924 3904 3237 3974 apparuerit
3281 3905 3509 3961 demou-

1921 3997 2148 4056 stratur,
2178 4005 2300 4045 cum
2320 3991 2522 4046 dicitur
2543 3993 2598 4048 in
2625 3995 2841 4058 somnis,
2873 3994 2927 4048 id
2946 4001 3026 4049 est
3049 3995 3320 4062 quomodo
3341 3993 3510 4051 Iacob

1921 4080 2124 4136 scalam
2155 4081 2288 4137 vidit
2316 4098 2414 4153 per
2443 4083 2886 4155 imaginationem
2914 4084 3168 4140 videlicet
3195 4086 3370 4142 oculis
3391 4101 3507 4141 con

1923 4173 2006 4227 dis
2035 4181 2330 4228 ostensam.
2365 4174 2506 4242 Quid
2549 4185 2731 4232 autem
2789 4177 2930 4233 idem
2973 4175 3196 4247 angelus
3240 4191 3506 4248 apparens

1922 4263 2119 4317 dixerit
2148 4263 2386 4318 ostendit
2421 4279 2545 4320 cum
2577 4264 2844 4321 subinl’ert
2879 4311 2883 4315 .

1989 4352 2204 4421 Ioseph,
2241 4352 2324 4420 ﬁli
2371 4351 2565 4419 David,
2626 4353 2733 4408 noli
2780 4355 2963 4409 timere
3007 4357 3244 4426 accipere
3275 4354 3500 4410 Mariam

1922 4443 2196 4512 coniugem
2225 4451 2389 4496 tuam.
2434 4443 2562 4498 Ideo
2605 4444 2806 4515 Ioseph
2839 4443 2982 4500 [ilius
3028 4445 3197 4500 David
3225 4461 3346 4501 esse
3371 4445 3499 4501 dici-

1922 4539 2032 4595 tur,
2063 4540 2122 4585 ut
2158 4531 2325 4586 Maria
2351 4547 2568 4604 quoque
2591 4535 2656 4590 de
2682 4536 2850 4606 stirpe
2891 4536 3058 4591 David
3089 4545 3500 4605 monstraretur,

1919 4622 2074 4693 juxta
2105 4623 2231 4677 illud
2262 4625 2404 4693 quod
2432 4625 2693 4696 scriptum
2720 4635 2822 4694 est,
2853 4643 3011 4683 nemo
3049 4629 3332 4700 copuletur
3352 4631 3510 4686 uxori

1922 4713 2027 4767 nisi
2056 4714 2122 4767 de
2146 4714 2286 4769 tribu
2322 4731 2418 4770 sua
2449 4734 2461 4770 :
2487 4715 2638 4782 Noli,
2665 4717 2862 4788 inquit,
2907 4721 3087 4774 timere
3124 4722 3356 4792 accipere
3395 4721 3512 4777 Ila-

1925 4805 2058 4856 riam
2089 4804 2362 4875 conjugem
2393 4816 2556 4860 tuam.
2603 4806 2681 4862 Ne
2711 4809 2954 4864 timueris
2995 4824 3096 4864 nec
3128 4811 3507 4881 trepidaveris,

1925 4915 2026 4953 nec
2055 4899 2418 4965 conturberis,
2467 4900 2563 4955 sed
2616 4915 2840 4958 securus
2883 4909 2937 4957 et
2976 4902 3278 4974 intrepidus
3321 4903 3509 4974 accipe

1924 4987 2219 5042 secundum
2257 4987 2389 5059 legis
2413 4999 2743 5059 praeceptum
2769 5007 2994 5048 uxorem
3023 4992 3120 5048 tibi
3146 4993 3500 5054 nominatam,

1923 5085 1978 5132 et
2015 5079 2311 5132 secundum
2364 5079 2674 5148 nuptiarum
2713 5083 3158 5137 consuetudinem
3188 5087 3244 5135 et
3283 5078 3510 5147 conjun-

1925 5169 2160 5224 ctionem
2189 5168 2346 5240 longe
2376 5169 2643 5238 alienam;
2669 5187 2769 5228 cur
2794 5183 2974 5229 autem
3003 5189 3111 5228 non
3146 5171 3392 5229 debuerit
3416 5185 3510 5228 ve-

1926 5258 2034 5312 reri
2061 5273 2186 5314 eam
2214 5259 2460 5330 amipere
2497 5262 2735 5318 ostendit
2760 5279 2885 5320 cum
2911 5263 3043 5318 dicit
3069 5276 3084 5315 :

2003 5371 2158 5438 Quod
2183 5372 2321 5426 enim
2351 5373 2407 5428 in
2444 5391 2508 5430 ea
2556 5386 2738 5431 uatum
2759 5385 2835 5430 est
2865 5375 2928 5430 de
2957 5373 3155 5444 Spiritu
3195 5385 3378 5430 sancto
3406 5383 3504 5429 est.

1929 5462 2136 5530 Quibus
2174 5463 2417 5533 profecto
2462 5465 2644 5521 verbis
2691 5466 2881 5522 modus
2905 5464 3270 5534 conceptionis
3313 5464 3432 5533 ejus
3454 5472 3514 5519 et

1927 5552 2163 5624 dignitas
2208 5552 2386 5610 Patris
2437 5555 2713 5620 edocetur,
2745 5556 2872 5624 quia
2903 5553 3151 5609 videlicet
3194 5554 3261 5609 de
3302 5553 3509 5625 Spiritu

1929 5650 2117 5697 sancto
2142 5643 2451 5713 conceperit
2488 5652 2542 5698 et
2587 5642 2827 5712 paritura
2859 5645 2930 5698 sit
2959 5642 3256 5698 Christum.
3289 5642 3396 5698 Nec
3429 5651 3500 5698 ta-

1927 5750 2054 5791 men
2098 5731 2368 5791 Christum
2398 5749 2515 5791 esse
2544 5733 2709 5788 ﬁlium
2754 5733 2987 5804 Spiritus
3037 5734 3212 5792 sancti
3243 5735 3420 5792 dicere
3442 5734 3510 5788 li-
