3970 6198
457 314 552 372 ῗὸι

1092 311 1152 368 Β.
1198 312 1449 368 RABANI
1488 313 1704 369 MAURI
1744 313 2058 370 ARCHIEP.
2105 312 2408 368 MOGUNT.
2452 311 2736 369 OPER‘UM
2777 310 2954 367 PARS
2994 311 3032 366 l.

3613 317 3719 374 752

457 430 622 493 cebit,
660 426 786 498 quia
815 430 1004 482 unicus
1050 427 1148 481 iste
1190 435 1273 480 cst
1313 427 1406 481 Dei
1444 427 1620 480 Patris
1656 426 2039 512 omnipotentis
2067 432 2114 489 Α
2142 424 2373 480 liberare
2415 442 2444 478 a
2486 426 2723 496 peccatis
2758 436 2921 496 atque
2971 427 3205 493 salvare,
3251 429 3366 483 sive
3399 445 3463 484 ex
3503 427 3723 498 Judrcis,

454 522 754 580 secundum
802 520 1036 573 divinam
1095 528 1256 587 atque
1309 519 1598 572 lnnnanam
1657 519 2031 574 substantiam.

451 612 642 683 .(Aug.)
677 610 810 664 Nam
839 610 1097 664 Dominus
1124 618 1307 663 noster
1331 609 1490 664 Jcsus
1517 607 1766 663 Christus
1792 608 1845 662 in
1866 623 2035 677 quan-

457 711 570 757 tum
601 701 744 755 Deus
767 709 852 756 est
885 701 1059 754 omnia
1084 717 1176 770 per
1202 700 1371 770 ipsum
1402 701 1543 769 facta
1590 709 1709 753 sunt
1743 697 1924 770 (Jaan.
1959 697 2034 770 t);

458 793 513 847 in
551 801 807 862 quantum
847 799 1025 846 autem
1080 793 1260 857 homo,
1299 800 1352 846 et
1388 792 1500 861 ipse
1549 791 1724 846 factus
1761 801 1865 856 est,
1899 789 2039 844 sicut

447 883 588 938 dicit
625 881 913 952 Apostolus
939 897 953 935 :
979 880 1180 936 Factus
1215 891 1288 935 est
1331 898 1396 936 ea:
1431 882 1624 936 semine
1655 881 1822 936 David
1849 897 2037 934 secun‘

457 976 582 1029 dum
639 990 848 1028 carnem
893 972 1070 1045 (Rom.
1110 972 1170 1043 1),
1233 972 1325 1027 sed
1373 988 1494 1027 cum
1549 971 1693 1026 illam
1733 981 2037 1025 creaturam

459 1081 622 1136 quam
643 1065 819 1135 'V'irgo
843 1065 1088 1134 concepit
1131 1071 1186 1118 et
1220 1063 1457 1133 peperit,
1486 1062 1733 1132 quamvis
1762 1062 1830 1116 ad
1870 1061 2039 1117 solam

456 1172 745 1227 personam
798 1156 919 1210 Filii
952 1155 1346 1226 pertinentem,
1393 1162 1505 1208 tota
1544 1153 1784 1208 Trinitas
1830 1151 2038 1218 fecerit,

458 1267 633 1323 neque
663 1252 807 1307 enim
837 1251 1159 1319 separabilia
1191 1257 1316 1304 sunt
1339 1265 1505 1320 opera
1534 1248 1838 1312 Trinitatis,
1864 1262 1961 1302 cur
1987 1247 2040 1300 in

455 1359 519 1398 ea
567 1329 811 1398 facienda
849 1342 995 1397 solus
1032 1341 1267 1412 Spiritus
1303 1348 1524 1394 sanctus
1568 1339 1876 1394 nominatus
1920 1337 2043 1392 est?

455 1435 589 1490 Cum
624 1434 803 1504 itaque
838 1433 904 1488 de
933 1432 1114 1502 aliquo
1143 1438 1402 1486 nascatur
1423 1429 1625 1499 aliquid
1647 1427 1810 1482 etiam
1850 1441 1956 1482 non
1979 1440 2044 1482 eo

451 1526 617 1580 modo
645 1534 704 1579 ut
742 1525 814 1580 sit
845 1524 1008 1588 ﬁlius,
1051 1537 1152 1578 nec
1175 1536 1375 1576 rursus
1414 1520 1592 1574 omnis
1636 1518 1726 1586 qui
1761 1516 1959 1589 dicitur
1988 1515 2047 1570 ﬁ-

447 1617 560 1670 lius
606 1617 671 1671 de
719 1615 808 1669 illo
853 1615 923 1669 sit
963 1622 1124 1667 natus
1150 1611 1305 1678 cujus
1347 1610 1550 1664 dicitur
1594 1605 2044 1676 ﬁlius;profecto

456 1707 648 1760 modus
682 1721 789 1772 quo
817 1713 976 1758 natus
1001 1713 1084 1758 est
1107 1702 1356 1756 Christus
1394 1701 1462 1755 de
1493 1698 1698 1768 Spiritu
1723 1707 1913 1753 sancto
1936 1711 2040 1750 non

2141 518 2254 572 sive
2302 533 2364 572 ex
2408 519 2656 588 gentibus
2703 519 2982 574 hominum
3023 519 3257 574 ﬁdelium
3305 531 3468 590 atque
3511 523 3729 578 creden-

2138 607 2273 661 tium
2316 609 2550 672 turbam,
2595 609 2855 678 sanguine
2879 607 3130 662 videlicet
3178 623 3278 663 suo
3321 618 3549 665 cunctos
3589 612 3728 667 redi-

2141 712 2316 762 mens,
2340 708 2515 752 morte
2543 714 2638 752 sua
2674 699 2739 753 de
2769 698 2961 753 mortis
2981 714 3076 754 eos
3100 698 3339 755 liberans
3363 709 3657 770 potestate.

2214 789 2330 844 Hoc
2355 799 2527 844 autem
2557 799 2724 844 totum
2761 789 2959 859 factum
2983 799 3059 844 est
3090 800 3146 844 ut
3175 790 3549 860 adimpleretut
3591 791 3727 861 quod

2141 879 2336 933 dictum
2365 887 2440 932 est
2475 896 2507 932 a
2541 878 2763 932 Domino
2806 895 2899 950 per
2922 880 3228 950 praphetam
3260 879 3563 934 dicentem:
3596 881 3732 935 Ecce

2140 973 2281 1044 virgo
2303 973 2357 1026 in
2384 981 2530 1027 utero
2556 972 2764 1026 habebit
2798 981 2846 1026 et
2870 973 3041 1044 pariet
3074 971 3244 1042 ﬁlium
3274 982 3323 1027 et
3354 972 3611 1026 vocabunt
3640 989 3732 1026 no—

2141 1083 2259 1121 men
2279 1066 2393 1138 ejus
2419 1065 2753 1131 Emmanuel,
2774 1068 2912 1139 quod
2939 1077 3014 1122 est
3036 1068 3430 1139 interpretatum
3458 1069 3731 1124 nobiscum

2142 1156 2305 1212 Deus.
2340 1157 2458 1211 Hoc
2484 1167 2662 1211 autem
2708 1166 2874 1210 totum
2905 1158 3105 1228 factum
3147 1167 3246 1222 est,
3287 1157 3459 1225 dicit;
3491 1159 3624 1228 quid
3654 1167 3735 1213 to-

2145 1245 2294 1298 tum?
2337 1244 2451 1300 Hoc
2497 1253 2601 1310 est,
2634 1245 2778 1315 quod
2826 1245 3051 1316 angelus
3100 1245 3170 1301 ad
3213 1245 3496 1317 Virginem
3539 1247 3731 1304 missus

2143 1345 2247 1401 est,
2279 1337 2421 1405 quod
2454 1335 2568 1405 ipsa
2600 1335 2766 1405 Virgo
2795 1351 2893 1390 suo
2920 1334 3225 1407 propinquo
3256 1337 3584 1406 desponsata
3610 1336 3731 1402 fuit,

2147 1427 2287 1494 quod
2317 1434 2468 1481 casta
2516 1434 2728 1480 servata
2775 1433 2879 1490 est,
2933 1425 3076 1495 quod
3123 1425 3346 1497 angelus
3394 1425 3600 1496 Joseph
3635 1439 3733 1494 per

2146 1516 2415 1571 somnium
2453 1516 2604 1573 visus
2647 1524 2752 1583 est,
2790 1516 2936 1586 quod
2988 1515 3214 1571 Mariam
3257 1515 3508 1586 accipere
3548 1517 3734 1587 jussus

2146 1619 2249 1671 est,
2278 1618 2333 1665 et
2355 1610 2508 1680 pueri
2538 1625 2732 1666 nomen
2765 1624 2966 1665 vocare
2990 1605 3198 1675 Jesum,
3228 1619 3286 1663 et
3313 1609 3382 1663 ad
3403 1608 3537 1678 quid
3572 1607 3733 1662 illud?

2149 1705 2219 1759 Ut
2249 1703 2409 1774 Virgo
2439 1703 2604 1759 totius
2630 1704 2814 1759 mundi
2845 1712 3067 1773 pareret
3107 1703 3338 1758 salutem
3382 1709 3441 1756 et
3466 1700 3624 1772 virgo
3653 1701 3733 1756 in-

456 1798 598 1850 SlClll
629 1797 788 1860 ﬁlius,
821 1802 877 1848 Cl.
905 1794 970 1848 de
997 1792 1167 1844 Mar-ia
1199 1790 1406 1860 virgine
1441 1790 1586 1844 sicut
1617 1788 1777 1850 ﬁlius,
1807 1787 2045 1840 insinuat
2073 1797 2118 1856 Β
2149 1802 2288 1848 [acta
2320 1794 2374 1848 ίιι
2420 1802 2738 1864 perpetuum
2786 1801 3183 1864 perseveraret,
3218 1790 3285 1846 Ut
3328 1791 3730 1862 “impleretur,

448 1890 611 1944 nobis
652 1888 878 1957 gratiam
907 1885 1037 1948 Dei,
1061 1897 1168 1953 qua
1215 1882 1376 1936 homo
1413 1880 1574 1934 nullis
1607 1877 2039 1948 pnecedentibus

457 1979 668 2032 meritis
708 1978 763 2030 in
807 1977 924 2046 ipso
955 1974 1177 2029 exordio
1211 1980 1417 2026 natura:
1445 1987 1555 2026 sua:
1583 1985 1690 2040 quo
1727 1983 1849 2024 esse
1877 1966 2040 2036 cmpit

457 2071 631 2126 Verbo
651 2069 766 2124 Deo
792 2067 1136 2137 copularetur
1157 2065 1211 2119 in
1247 2072 1453 2118 tantam
1479 2076 1723 2132 personae
1748 2062 2036 2125 unitatem,

457 2168 516 2214 ut
543 2159 684 2214 idem
702 2159 822 2227 ipse
847 2164 991 2212 esset
1019 2155 1066 2210 -F
1073 2155 1194 2210 ilius
1245 2153 1363 2220 Dei,
1409 2153 1499 2223 qui
1530 2151 1670 2206 ﬁlius
1696 2151 1954 2216 hominis,
1985 2159 2039 2205 et

459 2251 601 2306 ﬁlius
625 2250 860 2304 hominis
886 2249 977 2318 qui
999 2247 1168 2302 Filius
1198 2247 1315 2310 Dei,
1342 2261 1405 2300 ac
1429 2246 1506 2301 sic
1535 2245 1587 2298 in
1616 2253 1822 2298 natura:
1848 2244 2038 2298 huma-

456 2357 540 2398 nae
585 2341 928 2410 susceptione
972 2338 1128 2394 ﬁeret
1168 2335 1564 2408 quodammodo
1609 2336 1722 2405 ipsa
1751 2335 1924 2406 gratia
1965 2334 2036 2388 illi

459 2431 662 2486 homini
691 2428 976 2495 naturalis,
1003 2443 1126 2498 qua:
1165 2427 1369 2481 nullum
1399 2433 1678 2496 peccatum
1722 2432 1906 2495 posset
1939 2425 2036 2479 ad-

457 2523 692 2575 mittere.
725 2521 855 2588 Quae
877 2520 1050 2590 gratia
1077 2527 1359 2590 propterea
1385 2532 1484 2587 per
1506 2515 1766 2587 Spiritum
1790 2523 2038 2591 sanctum

457 2613 636 2667 fuerat
678 2611 1046 2683 signiﬁcanda,
1078 2611 1205 2681 quia
1245 2609 1357 2680 ipse
1388 2607 1606 2678 proprie
1651 2607 1731 2662 sic
1756 2615 1841 2662 est
1871 2606 2036 2673 Deus,

455 2711 516 2756 ut
544 2702 757 2757 dicatur
780 2701 943 2756 etiam
971 2700 1065 2755 Dei
1096 2701 1314 2754 donum.

526 2789 708 2846 Pariet
747 2800 921 2845 autem
950 2789 1119 2858 [ilium
1148 2799 1195 2843 ct
1217 2789 1427 2844 vocabis
1463 2806 1646 2843 nomen
1681 2789 1796 2858 ejus
1830 2787 2036 2843 Iesum.

455 2883 533 2938 Ac
554 2882 600 2937 si
625 2882 866 2936 diceret:
898 2880 1060 2950 Virgo
1089 2888 1330 2950 generat,
1361 2887 1417 2933 et
1442 2887 1496 2932 tu
1529 2879 1672 2933 lnmc
1706 2877 1924 2932 vocabis
1941 2876 2039 2933 Je-

455 2987 598 3036 sum,
625 2971 729 3026 hoc
754 2977 858 3036 est,
886 2969 1104 3024 vocabis
1135 2967 1276 3037 quod
1300 2976 1425 3020 ante
1454 2967 1574 3030 fuit,
1604 2967 1748 3037 quod
1774 2974 1898 3020 ante
1935 2981 2036 3022 sa!-

456 3062 576 3116 cula
605 3061 938 3114 nominatum
963 3068 1084 3125 est;
1114 3074 1220 3113 non
1249 3067 1301 3113 tu
1325 3058 1373 3112 ei
1397 3070 1564 3128 pones
1591 3071 1810 3120 nomen,
1838 3071 1938 3112 nec
1971 3073 2040 3112 ex

449 3163 511 3207 .te
537 3151 586 3206 ei
612 3149 933 3206 vocabulum
959 3149 1275 3212 constitues,
1309 3148 1402 3202 sed
1442 3147 1658 3202 numina
1687 3157 1742 3201 et
1782 3161 1915 3202 voca
1942 3161 2037 3201 ex-

451 3243 708 3299 sultando
754 3239 961 3304 Jesum,
1013 3239 1068 3294 id
1114 3247 1216 3306 est,
1261 3237 1635 3304 Salvatorem;
1694 3236 2036 3292 Salvatorem

442 3347 580 3387 eum
605 3346 726 3386 csse
758 3337 980 3395 testare,
1029 3343 1130 3383 nec
1157 3343 1222 3382 ex
1252 3335 1492 3398 tempore
1537 3326 1765 3397 cmpisse
1803 3324 2036 3393 salvare,

451 3425 552 3479 sed
575 3422 690 3490 jam
722 3420 1158 3491 antiquissimum
1204 3417 1537 3473 Salvatorem
1572 3430 1716 3473 esse.

528 3511 648 3582 Ipse
677 3511 815 3565 enim
851 3508 1054 3564 soluunt
1089 3508 1246 3578 faciet
1281 3505 1532 3579 populum
1565 3521 1718 3559 suum
1742 3522 1774 3558 α
1812 3505 2037 3574 peccatis

437 3617 656 3656 eorum.
678 3598 957 3673 ,(Ηίενοη.)
982 3597 1137 3653 Jesus
1164 3597 1390 3652 Hebraeo
1412 3610 1660 3651 sermone
1682 3593 1933 3650 Salvator
1957 3595 2038 3650 di-

447 3697 620 3751 citur.
651 3693 1039 3766 Etymologiam
1079 3708 1208 3765 ergo
1248 3691 1485 3748 nominis
1505 3689 1834 3761 evangelista
1863 3688 2037 3760 signa-

448 3789 535 3842 tvit
587 3788 816 3844 dicens:
852 3785 1071 3841 Vocabis
1121 3801 1308 3839 nomen
1342 3784 1464 3854 ejus
1514 3782 1863 3850 Saluatorem,
1911 3781 2037 3852 quia

454 3877 791 3952 ipsesalvum
809 3877 976 3947 faciet
1006 3875 1254 3947 populant
1285 3892 1459 3930 suum.
1490 3874 1606 3929 Duo
1635 3874 1779 3930 enim
1808 3889 1904 3944 per
1934 3875 2036 3929 hoc

449 3974 684 4028 .verbum
707 3971 979 4042 ,przeclara
1019 3971 1321 4039 signantur,
1346 3969 1489 4038 quod
1527 3976 1584 4022 et
1625 3969 1770 4022 Deus
1796 3967 1959 4022 fuerit
1984 3975 2037 4022 et

449 4064 716 4118 Dominus
753 4061 917 4132 ,psius
973 4067 1099 4114 ante
1155 4059 1587 4114 incarnationem
1652 4057 1921 4113 Christus.
1972 4057 2038 4112 Et

453 4153 598 4224 quod
619 4154 846 4223 populus
867 4150 984 4221 ejus
1006 4153 1074 4205 ab
1103 4150 1218 4220 ipso
1241 4147 1529 4202 salvandus
1544 4146 1653 4216 jam
1681 4155 1808 4200 tunc
1829 4161 2040 4200 annun-

461 4245 712 4299 tiabatur.
745 4243 972 4314 (Μλυιι.)
1006 4241 1119 4296 Νοιι
1144 4239 1372 4311 populus
1395 4237 1484 4293 ille
1516 4236 1770 4309 perfidus,
1797 4236 2038 4292 carnalis

450 4333 708 4389 videlicet
731 4332 894 4387 lsrael
921 4333 988 4386 de
1027 4346 1134 4401 quo
1165 4331 1425 4400 scriptum
1456 4336 1540 4383 est
1573 4345 1586 4380 :
1612 4326 1678 4381 In
1709 4327 1919 4398 propria
1958 4342 2039 4381 re-

457 4426 554 4492 nit,
579 4435 627 4479 et
651 4425 739 4478 sui
773 4439 892 4478 eum
929 4439 1034 4476 non
1060 4430 1359 4491 receperunt
1390 4419 1572 4490 (Joan.
1598 4418 1670 4490 .t).
1695 4417 1761 4470 Et
1786 4417 1954 4472 lsaias
1980 4416 2037 4471 in

2141 1888 2237 1954 ait,
2278 1889 2417 1960 quod
2461 1889 2658 1942 dictum
2708 1899 2782 1943 est
2820 1907 2852 1944 a
2898 1889 3124 1943 Domino
3157 1905 3249 1960 per
3292 1889 3604 1959 prophetam
3658 1889 3734 1942 di-

2143 1989 2360 2033 centem.
2410 1978 2627 2049 (Beda.)
2667 1979 2904 2036 Adhibet
2945 1987 3128 2034 autem
3169 1978 3502 2050 evangelista
3555 1981 3732 2048 partui

2141 2070 2390 2141 virginali
2450 2071 2614 2126 etiam
2681 2072 2985 2142 prophetici
3047 2072 3314 2127 sermonis
3381 2070 3732 2141 exemplum,

2143 2169 2203 2214 ut
2253 2169 2411 2216 tantm
2442 2162 2764 2217 miraculum
2803 2161 3100 2231 majestatis
3145 2177 3212 2216 eo
3255 2162 3460 2218 certius
3485 2164 3736 2217 credere-

2146 2261 2257 2316 tur,
2291 2267 2400 2321 quo
2430 2253 2532 2308 hoc
2561 2269 2668 2308 non
2721 2253 2894 2308 solum
2933 2254 3046 2323 ipse
3076 2251 3280 2306 factum
3326 2251 3599 2318 crederet,
3642 2253 3736 2308 sed

2144 2343 2304 2396 etiam
2329 2359 2359 2397 a
2388 2345 2648 2414 propheta
2678 2344 2997 2415 pne-dictum
3039 2343 3322 2398 recoleret.
3352 2342 3489 2398 Nam
3516 2351 3574 2398 et
3604 2342 3732 2398 huic

2143 2434 2508 2504 evangelista,
2546 2436 2599 2490 id
2627 2445 2728 2500 est,
2775 2435 3047 2501 Matthteo,
3096 2451 3264 2491 moris
3289 2443 3373 2491 est
3398 2436 3585 2489 omnia
3615 2450 3737 2504 qua:

2141 2533 2330 2586 narrat
2353 2526 2516 2580 etiam
2541 2526 2877 2597 pr0plieticis
2906 2523 3176 2579 aﬂirmare
3205 2524 3552 2580 testimoniis.
3589 2523 3738 2579 Scri-

2142 2617 2251 2686 psit
2273 2632 2505 2688 namque
2528 2617 2881 2689 Evangelium
2908 2632 3088 2682 suum,
3119 2617 3264 2672 sicut
3303 2615 3555 2684 superius
3590 2615 3737 2670 dixi-

2143 2722 2284 2772 mus,
2315 2706 2386 2762 ob
2419 2723 2609 2762 eorum
2636 2708 2720 2764 vel
2761 2708 2999 2762 maxime
3041 2723 3286 2772 causam,
3310 2706 3404 2776 qui
3431 2722 3497 2760 ex
3528 2704 3738 2761 Judmis

2141 2796 2463 2863 credebant,
2499 2810 2598 2852 nec
2625 2805 2807 2852 tamen
2839 2796 2975 2867 legis
3007 2795 3348 2851 cceremouiis
3371 2795 3622 2866 quamvis
3643 2811 3739 2850 rc—

2143 2887 2257 2942 nati
2285 2887 2338 2941 in
2367 2886 2586 2943 Christo
2623 2887 2880 2942 valebant
2899 2885 3076 2941 evelli.
3109 2885 3175 2939 Et
3202 2893 3487 2956 propterea
3521 2894 3740 2954 satage-

2141 2976 2236 3032 bat
2252 2991 2346 3033 eos
2366 2993 2398 3033 a
2420 2976 2626 3033 carnali
2649 2976 2782 3048 legis
2803 2983 2858 3031 et
2876 2975 3263 3046 prophetarum
3284 2989 3447 3029 sensu
3466 2973 3537 3029 ad
3557 2971 3738 3043 Spiri-

2144 3068 2328 3135 talem,
2362 3083 2484 3139 quae
2512 3068 2581 3124 de
2601 3067 2819 3124 Christo
2843 3075 2951 3134 est,
2979 3066 3214 3137 erigere,
3249 3072 3516 3135 quatenus
3545 3080 3740 3120 sacra-

2143 3166 2324 3214 menta
2360 3158 2483 3214 ﬁdei
2530 3158 2854 3214 Christiana:
2897 3165 3049 3212 tanto
3089 3157 3333 3213 securius
3367 3157 3736 3227 perciperent,

2141 3258 2346 3322 quanto
2370 3251 2487 3306 haec
2509 3250 2779 3306 naturalia
2809 3264 2931 3307 esse
2957 3264 3118 3319 quam
3141 3264 3264 3319 qua:
3287 3250 3566 3320 prOpheta:
3591 3265 3741 3320 prae.

2143 3344 2397 3399 dixerant
2425 3351 2802 3414 agnoscerent.
2830 3341 2983 3407 Ecce,
3011 3340 3206 3411 inquit.
3234 3340 3350 3395 Hoc
3376 3340 3551 3410 ipsum
3580 3340 3734 3408 quod

2139 3433 2290 3499 dicit,
2321 3449 2456 3500 ecce,
2483 3432 2806 3488 admirantis
2839 3439 2924 3486 est
2952 3431 3089 3486 tanti
3118 3429 3358 3502 mystcrii
3389 3429 3730 3501 magnitudi-

2139 3538 2286 3588 nem,
2320 3530 2382 3577 ut
2407 3536 2596 3579 omnes
2625 3521 2773 3577 velut
2792 3536 2858 3576 ex
2888 3535 3082 3576 somno
3113 3519 3377 3582 suscitati,
3411 3519 3481 3572 ad
3515 3517 3620 3572 hoc
3647 3517 3730 3572 di-

2138 3621 2284 3668 ctum
2329 3611 2605 3683 evigilent.
2639 3609 2911 3684 (Ηίενοη.)
2939 3609 3097 3674 Ecce,
3141 3608 3233 3672 ait,
3288 3606 3440 3678 Virga
3471 3606 3528 3661 in
3571 3615 3732 3661 utero

2138 3705 2345 3760 habebit
2368 3713 2416 3760 et
2438 3706 2605 3776 pariet
2632 3704 2824 3775 ﬁlium.
2851 3703 2960 3758 Pro
2981 3718 3046 3760 eo
3067 3708 3213 3772 quod
3236 3701 3565 3771 evangelista
3595 3701 3739 3757 Mat-

2140 3795 2312 3850 thzeus
2342 3795 2472 3850 dicit
2514 3797 2571 3850 in
2609 3805 2755 3849 utero
2797 3793 3028 3859 habebit,
3063 3795 3116 3848 in
3157 3792 3418 3864 propheta
3462 3791 3732 3860 scriptum

2137 3893 2240 3949 est,
2276 3885 2332 3940 in
2362 3893 2508 3939 utero
2535 3884 2775 3956 accipiet,
2803 3884 2898 3939 sed
2924 3883 3049 3954 quia
3080 3883 3340 3954 propheta
3372 3880 3554 3935 futura
3580 3897 3732 3951 prm-

2138 3975 2291 4042 dicit,
2321 3975 2588 4047 significat
2611 3975 2753 4046 quod
2780 3974 3022 4030 futurum
3053 3975 3143 4038 sit,
3173 3982 3228 4030 et
3253 3973 3443 4030 scribit
3467 3973 3729 4043 accipiet;

2137 4067 2466 4139 evangelista
2497 4082 2625 4122 vero
2667 4067 2793 4137 quia
2829 4081 2937 4122 non
2967 4067 3033 4122 de
3061 4066 3260 4131 futuro,
3305 4065 3399 4121 sed
3439 4065 3504 4119 de
3529 4075 3734 4134 praete-

2139 4160 2246 4215 rito
2272 4167 2461 4214 narrat
2494 4157 2798 4224 historiam,
2830 4156 3062 4212 mutavit
3083 4157 3302 4225 accipiet
3329 4163 3380 4211 et
3420 4156 3604 4226 posuit
3629 4155 3734 4210 ha-

2139 4252 2290 4318 bebit,
2323 4251 2414 4326 qui
2443 4251 2586 4306 enim
2609 4250 2771 4306 habet
2797 4263 3138 4319 nequaquam
3161 4257 3480 4318 accepturus
3501 4255 3607 4302 est.
3632 4245 3734 4302 Se-

2138 4343 2322 4412 quitur
2345 4357 2360 4396 :
2387 4341 2456 4394 Et
2485 4341 2739 4396 vocabunt
2770 4340 3102 4410 nomenejus
3124 4336 3460 4404 Emmanuel,
3482 4342 3627 4408 quod
3657 4347 3735 4392 est

2139 4436 2535 4506 interpretatum
2571 4433 2841 4488 nobiscum
2866 4431 3029 4486 Deus.
3055 4429 3258 4503 (Θήρ.)
3287 4430 3495 4485 Vocant
3527 4444 3733 4484 nomen

456 4529 689 4586 Persona
713 4511 921 4605 libris“
948 4510 1080 4564 ἀίοίι
1103 4527 1123 4605 ³,
1145 4508 1274 4562 Τοια
1305 4508 1389 4561 die
1411 4505 1862 4605 επραῄηάίηηιαξιιιε
1892 4521 2036 4605 ἠεξ-ξ
2064 4548 2114 4605 D
2140 4525 2256 4594 ejus
2289 4524 2440 4595 prius
2485 4523 2660 4593 angeli
2688 4521 2982 4593 psallentes
3021 4523 3078 4578 in
3103 4521 3219 4590 ejus
3249 4521 3530 4576 nativitate
3567 4528 3736 4589 atque

455 4605 526 4659 ad
564 4601 813 4674 populum
857 4617 960 4654 non
1004 4599 1295 4652 credentem
1339 4605 1388 4651 et
1432 4593 1869 4650 contradicentem
1908 4594 2036 4648 milii

439 4696 637 4768 .(Rom.
672 4692 750 4764 x).
786 4689 892 4746 Sed
924 4689 1011 4744 ille
1035 4687 1261 4760 populus
1286 4687 1353 4740 de
1375 4699 1482 4755 quo
1507 4683 1768 4739 Dominus
1790 4697 1888 4755 per
1912 4697 2037 4753 pro-

439 4788 678 4859 phetam
719 4783 797 4837 ait
847 4799 860 4835 :
912 4778 1119 4835 Vocabo
1177 4793 1281 4831 non
1340 4774 1537 4846 plebem
1587 4791 1791 4842 meam,
1838 4774 2034 4846 plebem

448 4893 659 4940 meum;
690 4885 739 4929 et
790 4863 1337 4927 non'misericordiam
1369 4876 1697 4922 consecutam
1740 4867 2034 4921 misericor-

438 4970 600 5024 diam
629 4974 980 5021 consecutam.
1012 4961 1078 5015 Et
1105 4961 1200 5015 erit
1231 4960 1286 5014 in
1331 4958 1444 5013 loco
1471 4957 1557 5012 ubi
1586 4957 1784 5010 dictum
1824 4967 1898 5011 est
1930 4973 2031 5011 non

438 5062 594 5134 .plebs
617 5077 732 5116 mea
759 5074 867 5124 vos,
897 5057 967 5112 ibi
996 5054 1314 5110 vocabuntur
1342 5052 1439 5122 ﬁlii
1470 5052 1566 5106 Dei
1599 5052 1695 5106 uiui
1727 5050 1904 5122 (Rom.
1928 5051 2029 5119 Ix),

454 5155 580 5226 quia
620 5169 748 5225 quos
794 5150 1051 5223 prazscivit
1079 5156 1126 5202 et
1166 5145 1554 5216 prwdestinavit
1594 5144 1686 5197 hos
1721 5145 1939 5209 vocavit,
1984 5153 2032 5197 et

453 5263 582 5319 quos
608 5245 826 5310 vocavit,
858 5241 952 5296 hos
975 5250 1024 5295 et
1043 5237 1382 5310 jnstiﬁcavit,
1410 5252 1538 5308 quos
1569 5244 1742 5289 autem
1760 5234 2032 5304 justi/ica-

454 5340 546 5404 uit,
579 5337 698 5393 illos
725 5346 771 5392 et
810 5333 1165 5407 magniﬁcavit
1197 5329 1374 5402 (Rom.
1404 5327 1555 5400 vni);
1596 5336 1650 5383 et
1688 5327 1809 5382 ideo
1831 5328 2032 5383 dicttnn

441 5437 534 5483 aest
561 5445 573 5481 :
601 5426 722 5498 Ipse
748 5425 950 5480 salvum
989 5421 1143 5492 faciet
1168 5417 1416 5491 pOpulum
1452 5433 1604 5470 suum
1630 5433 1661 5470 a
1686 5417 1911 5486 peccatis
1947 5432 2034 5470 eo-

455 5533 594 5582 rum,
640 5523 702 5570 ut
727 5529 852 5570 vere
886 5514 1048 5568 Dens.
1093 5510 1188 5566 Dei
1223 5509 1365 5564 enim
1392 5515 1475 5562 est
1512 5505 1728 5561 virtutis
1756 5521 1785 5560 a
1812 5516 2030 5576 peccato

457 5613 692 5677 salvare,
739 5609 824 5664 vel
854 5615 1075 5679 peccata
1120 5605 1412 5660 dimittere.
1444 5599 1551 5656 lste
1590 5615 1721 5672 ergo
1761 5599 1904 5655 ﬁlius
1940 5599 2033 5653 Dei

461 5702 664 5756 habens
692 5701 947 5772 populum
985 5713 1160 5764 suum,
1193 5698 1365 5768 ipsum
1401 5694 1568 5760 venit,
1616 5702 1676 5748 ut
1700 5693 1900 5749 dictum
1930 5702 2032 5762 est,

2142 4616 2459 4686 gaudentes,
2485 4616 2623 4671 sicut
2669 4614 2841 4671 Deum
2867 4614 3111 4670 omnium
3139 4622 3196 4684 et
3238 4613 3446 4684 Regem
3482 4614 3636 4683 pacis
3663 4612 3734 4666 ad

2143 4709 2389 4765 homines
2424 4708 2750 4763 venientem.
2801 4707 3007 4763 Deinde
3051 4705 3277 4776 apostoli
3307 4705 3582 4775 unigeniti
3609 4702 3731 4758 Filii

2139 4799 2235 4854 Dei
2263 4799 2687 4854 dominationem
2719 4806 2881 4867 atque
2907 4797 3162 4874 virtutem
3189 4795 3445 4852 omnibus
3482 4793 3734 4866 gentibus

2140 4891 2511 4960 przedicantes.
2543 4889 2622 4945 Ad
2648 4890 2763 4946 haec
2790 4899 2843 4945 et
2874 4889 3046 4944 sancti
3070 4895 3339 4960 martyres
3363 4895 3563 4942 contra
3587 4886 3734 4958 ignes

2140 4997 2194 5042 et
2219 4987 2423 5058 gladios
2458 5001 2628 5056 usque
2655 4985 2724 5040 ad
2751 4993 2980 5040 mortem
3002 4983 3339 5039 resistentes.
3366 4979 3577 5036 Deinde
3603 4995 3734 5035 cun-

2141 5081 2213 5136 cti
2265 5078 2550 5136 credentes
2607 5080 2711 5134 hoc
2763 5079 2935 5148 ipsum
2992 5088 3189 5131 nomen
3242 5088 3416 5142 usque
3461 5073 3531 5128 ad
3598 5087 3732 5127 con-

2143 5171 2555 5226 summationem
2596 5169 2779 5224 saeculi
2823 5175 3189 5223 memorantes
3231 5175 3396 5234 atque
3421 5163 3730 5218 laudantes.

2143 5263 2355 5335 (Bcda.)
2381 5261 2585 5318 Nomen
2607 5262 2803 5332 quippe
2826 5260 3145 5325 Salvatoris,
3169 5273 3277 5328 quo
3292 5257 3566 5311 nobiscum
3591 5253 3731 5307 Deus

2143 5372 2171 5412 a
2198 5356 2460 5427 propheta
2490 5364 2732 5416 vocatur,
2775 5361 3062 5422 utramque
3084 5358 3334 5405 naturam
3360 5347 3522 5401 unius
3547 5357 3734 5415 perso-

2141 5464 2224 5503 na:
2263 5447 2433 5517 ipsius
2467 5443 2756 5515 signiﬁcat.
2806 5442 2908 5510 Qui
2939 5442 3084 5497 enim
3122 5449 3247 5494 ante
3279 5447 3522 5507 tempora
3571 5443 3734 5490 natus

2140 5551 2207 5590 ex
2250 5535 2412 5589 Patre
2455 5533 2596 5589 Deus
2642 5543 2745 5600 est,
2789 5532 2900 5601 ipse
2947 5531 3000 5585 in
3047 5528 3380 5601 plenitudine
3422 5535 3732 5594 temporum

2141 5625 2475 5689 Emmanuel,
2507 5624 2558 5679 id
2602 5631 2708 5689 est,
2746 5621 3028 5677 nobiscum
3058 5620 3220 5683 Deus,
3269 5617 3321 5672 in
3353 5605 3740 5671 utero'matris

2143 5717 2320 5771 factus
2346 5722 2449 5782 est,
2474 5715 2598 5785 quia
2637 5720 2834 5770 nostra:
2858 5711 3201 5782 fragilitatem
3228 5716 3436 5763 natura:
3464 5707 3515 5762 in
3547 5703 3738 5759 unita-
