3970 6198
275 316 376 372 753

1239 305 1587 365 COMMENT.
1632 307 1695 361 IN
1737 304 2260 361 MATTH’.£UM‘.—
2299 307 2425 363 LIB.
2463 306 2504 362 ι.

3435 314 3543 370 758

273 438 386 500 tem
429 405 676 497 personae
723 437 834 478 suae
880 421 1153 491 suscipere
1193 420 1443 489 dignatus
1489 429 1594 487 est,
1646 420 1861 490 quando
1888 423 1936 482 Α
1964 421 2234 493 aliquam,
2300 433 2624 479 comternum
2684 424 2786 480 sibi
2840 424 3001 482 Pater
3059 426 3245 496 genuit
3305 427 3542 498 Filium;

283 516 507 574 Verbum
529 531 652 569 caro
679 513 877 584 factum
905 523 980 566 est
1009 521 1056 567 et
1078 513 1328 567 habitavit
1357 514 1413 566 in
1440 513 1605 566 nobis.

343 604 649 675 Exsurgens
675 612 849 658 autem
877 599 1073 672 Ioseph
1104 619 1135 656 a
1156 617 1337 656 somno
1365 601 1485 670 fecit
1507 602 1641 654 sicut
1663 617 1854 671 prame-

268 700 351 770 pit
400 699 449 752 ei
489 695 704 766 angelus
734 694 968 759 Domini,
1004 704 1053 749 et
1079 693 1274 764 accepit
1306 693 1581 764 coniugem
1620 710 1770 747 suam
1808 702 1856 748 et

269 783 712 855 noncognocebat
739 799 874 836 eam.
912 781 1135 851 Accepit
1160 796 1278 835 eam
1308 781 1376 836 ad
1401 795 1592 834 nomen
1615 779 1857 850 conjugis

263 877 341 943 _ob
367 889 561 931 causas
580 889 718 943 quas
747 872 1114 942 praediximus,
1143 879 1198 926 et
1227 885 1331 925 non
1360 872 1716 942 cognoscebat
1736 886 1854 926 eam

270 966 340 1022 ad
367 981 504 1036 opus
530 962 811 1034 conjugale
834 963 903 1017 ob
937 977 1136 1016 arcana
1159 977 1278 1030 quae
1298 960 1582 1016 didicerat.

262 1041 269 1046 ”
341 1055 519 1109 Donec
544 1046 749 1125 peperit
786 1051 957 1122 [ilium
1003 1067 1153 1105 suum
1196 1051 1618 1122 primogenitum.
1670 1050 1852 1123 (.Iug.)

266 1147 549 1202 Interdum
579 1147 742 1200 donec
767 1144 992 1199 verbum
1039 1159 1194 1199 sacra
1238 1143 1448 1213 eloquia
1491 1157 1590 1212 pro
1624 1141 1853 1211 cbnjun-

253 1239 455 1310 ctione
475 1244 829 1308 przcsumunt,
854 1251 959 1306 qua
983 1235 1155 1300 velet,
1184 1235 1268 1290 vel
1298 1244 1376 1301 ut,
1405 1234 1630 1289 indicari
1654 1241 1849 1303 potest.

254 1328 336 1399 Et
368 1329 487 1384 ideo
517 1329 776 1396 scriptum
808 1336 910 1391 est,
942 1327 1103 1380 donec
1137 1325 1332 1397 peperit
1381 1325 1551 1394 filium
1583 1342 1752 1388 suum,
1801 1324 1854 1378 id

255 1429 374 1487 cst,
423 1427 480 1475 ct
531 1419 743 1493 peperit
788 1418 956 1472 ﬁlium
1010 1433 1186 1473 suum.
1231 1415 1456 1489 (Hilar.)
1499 1415 1854 1488 Cognoscitur

262 1512 456 1586 itaque
485 1512 650 1568 Maria
675 1521 798 1582 post
826 1519 1068 1582 partum,
1092 1511 1146 1564 id
1177 1518 1280 1575 est,
1309 1509 1503 1563 transit
1531 1509 1582 1562 in
1608 1507 1852 1577 conjugis

260 1617 497 1666 notnen;
537 1601 879 1675 cognoscitur
906 1609 1108 1666 autem,
1150 1613 1257 1653 non
1290 1597 1636 1654 admiscetur.
1665 1597 1849 1670 (ll/tn.)

260 1689 438 1748 Nemo
460 1690 642 1760 itaque
672 1689 1077 1759 intelligendum
1105 1695 1276 1757 putet,
1319 1689 1471 1755 quasi
1510 1693 1848 1756 post'natum

1960 513 2275 583 priusquam
2299 515 2464 570 verbo
2491 516 2738 571 veritatis
2766 517 3072 588 adoptionis
3099 517 3202 573 sibi
3237 517 3376 575 ﬁlios
3398 524 3545 577 redi-

1959 602 2154 656 mendo
2181 603 2422 683 gigneret
2445 604 2676 674 aliquos,
2709 614 3039 661 eomternum
3064 607 3179 662 sibi,
3192 606 3358 664 Pater
3381 620 3545 666 teter.

1958 707 2059 746 nus
2081 694 2266 763 genuit
2288 693 2545 749 Verbum.
2579 697 2732 751 Unde
2757 697 2934 767 ipsum
2957 698 3216 766 Verbum,
3240 701 3355 769 ipse
3379 701 3542 770 ﬁlius,

1957 781 2052 836 Dei
2086 781 2336 838 videlicet
2383 784 2557 839 virtus
2592 794 2646 839 et
2684 786 2980 854 Sapientia,
3024 786 3295 857 loquitur:
3325 788 3438 861 Ego
3477 807 3545 845 ea:

1957 886 2044 926 ore
2065 869 2310 924 altissimi
2335 873 2558 942 prodivi,
2590 875 2935 944 primogenita
2959 885 3079 930 ante
3107 894 3312 932 omnem
3337 891 3547 935 creatu—

1956 975 2070 1013 ram
2104 959 2294 1032 (Eccli.
2345 961 2513 1034 xxiv).
2551 962 2771 1033 Peperit
2813 980 2942 1036 ergo
2976 964 3145 1020 Maria
3175 967 3345 1022 ﬁlium
3381 984 3542 1024 suum

1953 1051 2394 1122 primogenitum,
2428 1053 2480 1108 id
2504 1062 2607 1119 est,
2635 1070 2744 1109 sua:
2771 1055 3086 1110 substantia:
3113 1056 3301 1111 ﬁlium.
3324 1057 3544 1128 Peperit

1953 1151 2073 1192 eun:
2099 1141 2188 1209 qui
2218 1149 2274 1195 et
2317 1149 2444 1197 ante
2469 1157 2686 1197 omnem
2715 1153 3020 1199 creaturam
3045 1145 3186 1201 Deus
3221 1149 3287 1202 de
3313 1149 3423 1204 Deo
3450 1165 3541 1204 na-

1953 1237 2041 1284 tus
2066 1239 2204 1296 erat,
2227 1240 2281 1286 et
2308 1232 2362 1287 in
2381 1247 2445 1287 ea
2474 1248 2579 1302 qua
2605 1243 2824 1290 creatus
2850 1245 2933 1290 est
2961 1237 3296 1294 humanitate
3322 1255 3540 1296 omnem

1953 1321 2146 1376 merito
2170 1331 2475 1377 creaturam
2503 1325 2744 1394 prmibat.
2773 1324 3031 1396 Sequitur
3054 1346 3068 1382 :

2023 1410 2090 1463 Et
2128 1414 2330 1467 vocavit
2376 1430 2561 1468 nomen
2606 1415 2720 1484 ejus
2757 1415 2958 1470 Iesum.
2992 1417 3108 1472 Non
3156 1421 3301 1489 quod
3347 1423 3536 1477 statim

1951 1512 2073 1572 post
2107 1512 2322 1573 partum
2359 1505 2408 1559 ei
2440 1521 2636 1561 nomen
2683 1509 2790 1563 hoc
2831 1507 3168 1579 imposuerit,
3210 1512 3264 1566 id
3309 1519 3412 1578 est,
3443 1512 3536 1568 Ie-

1950 1606 2092 1656 sum,
2125 1593 2252 1648 licet
2290 1594 2393 1649 hoc
2432 1603 2560 1650 ante
2600 1607 2920 1668 conceptum
2972 1598 3090 1668 ejus
3132 1603 3370 1672 angelica
3419 1604 3536 1658 sive

1950 1684 2268 1752 pr0phetica
2295 1685 2654 1754 praedicerent
2685 1688 2940 1753 oracula;
2967 1690 3085 1754 sed,
3115 1691 3255 1745 sicut
3275 1691 3451 1747 Lucas
3480 1693 3536 1748 in

243 1779 439 1840 (ﬁlium
470 1796 590 1838 eam
613 1778 812 1848 Ioseph
843 1777 1178 1848 cognoverit.
1224 1785 1282 1830 ut
1311 1775 1608 1835 llelvidi'ani
1633 1789 1852 1844 perver-
1878 1776 1926 1835 B
1953 1771 2245 1842 Evangelio
2273 1788 2372 1828 suo
2399 1774 2679 1828 evidenter
2710 1776 2970 1842 insmuat,
3017 1783 3227 1832 certum
3270 1781 3532 1850 temporis

257 1869 480 1924 sissime
514 1870 824 1939 opinantur.
863 1867 964 1934 Qui
1012 1867 1198 1921 dicunt
1245 1866 1370 1920 inde
1408 1873 1558 1920 ortos
1591 1879 1713 1919 esse
1753 1877 1849 1920 eos

255 1978 401 2035 quos
428 1947 617 2036 fratres
647 1961 860 2016 Domini
891 1959 1166 2029 Scriptura
1217 1957 1468 2028 appellat,
1509 1965 1848 2012 assumentes

254 2055 367 2109 hoc
411 2055 464 2108 in
513 2053 840 2124 adjutorium
870 2052 953 2107 sui
1000 2051 1222 2116 erroris,
1268 2050 1411 2121 quod
1453 2049 1848 2120 primogenitus

236 2153 606 2215 nuncupatur
662 2143 955 2207 Dominus;
1011 2142 1128 2206 sed,
1174 2140 1317 2210 quod
1357 2140 1623 2194 catholica
1671 2139 1848 2210 pietas

251 2237 439 2302 docet,
470 2236 809 2290 sentiendum
839 2244 923 2291 est
951 2245 1202 2305 parentes
1229 2234 1399 2289 nostri
1437 2233 1737 2288 Salvatoris
1763 2235 1845 2288 in-

251 2336 523 2382 temerata
557 2326 722 2382 fuisse
744 2342 958 2397 semper
981 2326 1290 2397 virginitate
1317 2325 1626 2395 prazclaros,
1655 2333 1710 2380 et
1736 2341 1844 2381 non

246 2413 418 2480 ﬁlios,
445 2416 536 2471 sed
566 2425 823 2488 cognatos
848 2431 1060 2480 eorum,
1103 2415 1294 2485 fratres
1324 2414 1553 2480 Domini,
1585 2424 1844 2471 consueto

246 2502 663 2574 Scripturarum
691 2520 840 2560 more
867 2505 1185 2574 nuncupari.
1215 2505 1390 2573 Atque
1418 2504 1488 2558 ob
1523 2503 1576 2558 id
1615 2520 1845 2576 evange-

244 2583 463 2661 listam,
508 2610 576 2650 an
615 2603 739 2668 post
766 2601 954 2649 natum
992 2593 1186 2647 Filium
1229 2593 1323 2648 Dei
1367 2609 1489 2649 eam
1530 2597 1845 2664 cognoverit

242 2683 438 2740 dicere
475 2700 582 2739 non
621 2699 859 2748 curasse,
885 2683 1011 2753 quia
1054 2683 1184 2737 nulli
1230 2683 1296 2738 de
1321 2683 1425 2739 hoc
1466 2684 1842 2756 ambigendum

238 2775 544 2844 putaverit.
598 2775 663 2829 Et
708 2790 896 2830 revera
940 2774 1072 2828 nulli
1115 2774 1491 2844 ambigendum
1550 2783 1654 2841 est,
1699 2777 1844 2846 quod

234 2865 381 2936 justi
404 2865 687 2937 conjuges,
715 2867 911 2936 quibus
937 2866 991 2920 in
1024 2864 1349 2936 virginitatis
1375 2865 1692 2920 castimonia
1719 2883 1842 2936 per-

239 2955 602 3011 manentibus
631 2956 726 3010 Dei
755 2955 948 3009 Filium
986 2956 1135 3010 nasci
1164 2955 1425 3025 singulari
1454 2955 1626 3024 gratia
1656 2956 1839 3011 datum

237 3057 353 3110 est,
403 3044 708 3100 nullatenus
756 3061 822 3099 ex
873 3059 938 3099 eo
985 3044 1253 3099 castitatis
1289 3044 1412 3115 jura
1465 3053 1731 3100 temerare
1783 3054 1838 3100 et

1953 1862 2245 1916 terminum
2287 1864 2571 1930 denotans,
2630 1865 2930 1920 secundum
2985 1868 3039 1922 id
3091 1870 3234 1938 quod
3292 1870 3346 1924 in
3412 1871 3530 1941 lege

1947 1960 2278 2020 prteceptum
2311 1959 2417 2007 est.
2449 1950 2756 2024 Postquam,
2803 1954 2998 2024 inquit,
3031 1959 3378 2012 consummati
3409 1969 3534 2015 sunt

1948 2043 2059 2098 dies
2087 2052 2222 2110 octo,
2248 2053 2303 2098 ut
2329 2045 2791 2100 ci‘rcumcideretur
2810 2063 2962 2117 puer,
2989 2056 3230 2102 vocatum
3250 2057 3326 2103 est
3347 2066 3536 2106 nomen

1947 2131 2064 2202 ejus
2089 2131 2269 2199 Iesus,
2292 2133 2430 2205 quod
2459 2142 2694 2188 vocatum
2726 2143 2800 2189 est
2835 2136 2900 2189 ab
2930 2135 3114 2207 angelo
3141 2139 3448 2211 priusquam
3477 2141 3534 2196 in

1946 2230 2094 2299 utero
2122 2223 2480 2292 conciperetur
2519 2221 2670 2294 (Luc.
2695 2222 2783 2294 ιι).
2807 2222 2964 2280 Iesus
2992 2239 3206 2296 quoque
3247 2227 3532 2296 Hebraice,

1946 2313 2137 2369 Latine
2167 2313 2452 2380 Salutaris,
2497 2315 2611 2369 sive
2647 2313 2919 2375 Salvator.
2959 2325 3018 2371 ut
3049 2318 3296 2388 superius
3326 2319 3530 2376 dictum

1945 2413 2051 2470 est,
2093 2406 2499 2476 interpretatur,
2542 2404 2696 2474 cujus
2743 2407 3079 2462 vocationem
3131 2408 3365 2464 nominis
3402 2425 3533 2481 pro-

1943 2497 2122 2566 phetis
2148 2496 2314 2566 liquet
2334 2511 2453 2552 esse
2473 2497 2865 2563 certissimam;
2897 2497 3048 2554 Unde
3069 2508 3197 2554 sunt
3218 2499 3307 2556 illa
3335 2517 3532 2574 magno

1944 2587 2213 2643 desiderio
2255 2587 2476 2642 visionis
2521 2585 2638 2656 ejus
2680 2596 2918 2643 cantata.
2968 2589 3159 2642 Anima
3192 2600 3366 2644 autem
3415 2608 3532 2647 mea

1943 2679 2220 2734 exsultavit
2261 2681 2316 2734 in
2357 2680 2602 2747 Domino,
2629 2690 2679 2736 et
2704 2681 3046 2736 delectabitur
3083 2682 3139 2736 in
3161 2682 3387 2739 salutari
3412 2685 3526 2756 ejsts

1945 2768 2116 2841 (Psal.
2159 2770 2376 2841 xxxrv);
2428 2770 2630 2839 Defecit
2682 2771 2737 2826 in
2785 2771 3011 2826 salutari
3053 2781 3142 2827 tuo
3191 2774 3371 2829 anima
3411 2791 3528 2830 mea

1945 2859 2117 2932 (Psal.
2164 2861 2388 2933 cxvm);
2419 2861 2501 2926 Et,
2531 2861 2646 2932 Ego
2691 2871 2867 2917 autem
2903 2863 2956 2917 in
2985 2862 3213 2919 Domino
3241 2863 3526 2935 gloriabor,

1942 2952 2176 3022 gaudebo
2208 2953 2264 3007 in
2313 2953 2424 3008 Deo
2449 2951 2579 3008 Iesu
2624 2968 2738 3008 meo
2770 2952 2998 3026 (Habac.
3037 2952 3144 3024 ιιι).
3181 2953 3250 3009 Ει
3292 2955 3527 3010 maxime

1943 3044 2073 3099 illud
2097 3063 2110 3098 ε
2139 3043 2205 3098 In
2247 3045 2455 3100 nomine
2482 3055 2570 3100 tuo
2602 3045 2804 3100 salvum
2852 3061 2936 3100 me
2965 3045 3049 3114 fac
3078 3044 3252 3118 (Psal.
3280 3045 3420 3117 un).
3447 3046 3526 3102 Ac

241 3136 512 3206 templum
552 3137 644 3192 Dei
678 3145 1084 3192 sacrosanctum
1112 3151 1222 3192 sum
1247 3137 1452 3192 semine
1473 3137 1836 3207 corruptionis
1862 3120 1910 3184 ο
1940 3135 1985 3190 si
2015 3135 2218 3190 diceret
2242 3152 2256 3188 :
2285 3133 2529 3190 Nominis
2556 3135 2632 3190 tui
2667 3135 2915 3204 gloriam,
2948 3134 3042 3205 qui
3090 3133 3340 3190 Salvator
3367 3149 3527 3191 voca-

239 3228 578 3282 attaminare
617 3217 926 3297 potuerunt.
961 3226 1265 3282 Notandum
1307 3243 1522 3298 quoque
1551 3229 1690 3298 quod
1714 3229 1836 3298 ,pri-

242 3315 513 3387 mogeniti
552 3331 680 3380 non,
707 3315 863 3385 juxta
905 3315 1282 3370 haereticorum
1314 3316 1702 3384 Opinationem,
1732 3317 1829 3371 soli

240 3415 378 3462 sunt
403 3421 540 3475 quos
569 3405 762 3462 fratres
785 3415 1087 3476 sequuntur
1117 3406 1231 3472 alii,
1272 3407 1387 3471 sed,
1405 3405 1562 3476 juxta
1595 3409 1831 3463 auctori-

243 3505 417 3551 tatem
463 3495 883 3566 Scripturarum,
915 3511 1104 3550 omnes
1132 3496 1224 3567 qui
1256 3496 1414 3567 primi
1445 3495 1657 3550 vulvam
1702 3513 1830 3568 ape—

241 3585 414 3649 riunt,
466 3585 580 3640 sive
621 3583 816 3640 fratres
864 3599 958 3640 eos
985 3585 1170 3655 aliqui,
1203 3600 1296 3641 seu
1336 3586 1466 3640 nulli
1511 3597 1822 3655 sequantur.

239 3677 498 3732 Attamen
537 3678 794 3733 Dominus
819 3679 1039 3747 speciali
1067 3679 1274 3734 ratione
1299 3689 1474 3750 potest
1502 3681 1828 3751 primogeni-

241 3778 330 3823 tus
364 3769 540 3824 dictus
568 3769 808 3840 intelligi,
828 3770 984 3841 juxta
1013 3770 1115 3826 hoc
1138 3771 1278 3840 quod
1309 3771 1362 3824 in
1392 3771 1713 3843 Apocalypsi
1746 3773 1827 3828 di-

238 3861 316 3914 cit
348 3861 413 3915 de
444 3860 535 3914 illo
561 3859 797 3916 Ioannes
823 3876 837 3915 :
863 3861 968 3927 Qui
993 3871 1067 3916 est
1097 3863 1240 3916 testis
1268 3861 1459 3931 ﬁdelis,
1505 3862 1828 3934 Primogeni-

240 3961 328 4004 tus
355 3960 703 4016 mortuorum,
731 3961 781 4005 et
812 3952 1050 4021 princeps
1080 3967 1256 4021 regum
1281 3961 1454 4008 terrm.
1489 3951 1672 4022 (Apoc.
1693 3951 1732 4022 1)
1760 3952 1827 4007 Et

237 4040 520 4112 apostolus
546 4040 744 4096 Paulus
774 4059 788 4094 :
815 4039 954 4094 Nam
981 4057 1109 4111 quos
1129 4041 1387 4110 praesciuit
1411 4049 1458 4093 et
1483 4040 1824 4110 pra'destina-

236 4132 308 4184 ait
342 4129 637 4199 conformes
675 4131 791 4199 ﬁeri
820 4129 1062 4200 imaginis
1106 4127 1233 4182 Filii
1263 4130 1369 4195 sui,
1412 4138 1467 4182 ut
1489 4129 1554 4183 sit
1581 4129 1689 4199 ipse
1715 4130 1825 4199 pri-

237 4220 530 4290 mogenitus
574 4220 628 4273 in
663 4219 840 4273 multis
872 4218 1124 4288 fratribus
1157 4217 1336 4288 (Rom.
1365 4217 1506 4289 vtu).
1548 4218 1824 4290 Primoge-

236 4314 388 4371 uitus
426 4313 625 4383 quippe
671 4322 1006 4368 mortuorum
1036 4320 1281 4377 vocatur,
1310 4312 1436 4381 quia
1467 4321 1588 4383 post
1625 4313 1822 4368 multos

237 4403 366 4460 licet
394 4403 592 4459 fratres
632 4404 969 4469 incarnatus,
1005 4404 1214 4473 primus
1236 4403 1478 4458 omnium
1521 4405 1758 4460 surrexit
1786 4421 1815 4458 a

237 4493 490 4558 mortuis,
518 4502 573 4548 et
600 4493 742 4547 viam
770 4493 834 4548 dc
863 4503 1039 4549 morte
1064 4493 1410 4549 credentibus
1436 4495 1559 4549 vitae
1581 4495 1816 4551 cmlestis

235 4584 473 4656 aperuit.

304 4671 708 4742 Primogenitus
747 4673 798 4728 in
847 4672 1030 4728 multis
1080 4673 1360 4741 fratribus,
1408 4677 1534 4745 quia
1569 4685 1820 4746 quotquot

234 4774 536 4832 receperunt
565 4781 702 4829 eum,
747 4765 888 4819 dedit
937 4767 1012 4819 eis
1040 4776 1341 4834 potestatem
1381 4766 1520 4835 ﬁlios
1569 4767 1670 4821 Dei'
1699 4767 1817 4836 ﬁeri

234 4851 424 4922 (Ioan.
452 4853 533 4925 l);
585 4869 816 4924 quorum
884 4863 1029 4909 recte
1066 4854 1455 4924 primogenitus
1496 4855 1813 4925 appellatur,

233 4941 361 5010 quia
384 4957 576 4996 omnes
601 4943 906 5012 adoptionis
932 4943 1070 4998 ﬁlios
1091 4945 1254 4997 etiam
1282 4953 1337 4998 et
1365 4944 1485 5000 illos
1510 4945 1603 5014 qui
1631 4946 1809 5003 incar-

233 5035 470 5088 nationis
496 5032 611 5101 ejus
647 5044 886 5105 tempora
917 5036 1188 5090 nascendo
1210 5047 1622 5107 praecesserunt,
1646 5039 1815 5110 digni-

234 5131 342 5176 tate
386 5124 758 5194 praegreditur.
791 5123 1066 5193 Siquidem
1079 5136 1319 5198 possunt
1352 5126 1423 5180 illi
1455 5143 1575 5181 cum
1605 5128 1810 5183 Joanne

235 5214 581 5269 veracissime
611 5215 796 5269 testari
831 5233 842 5268 :
880 5216 1014 5282 Quia
1058 5217 1148 5286 qui
1195 5227 1308 5286 post
1356 5235 1447 5272 nos
1474 5220 1651 5284 .venit,
1691 5230 1811 5274 ante

231 5319 324 5356 nos
351 5304 524 5372 [actus
550 5314 646 5371 est,
679 5306 730 5361 id
758 5316 860 5369 est,
891 5316 1012 5376 post
1035 5323 1132 5362 nos
1161 5307 1377 5376 quidem
1403 5310 1454 5364 in
1495 5311 1694 5365 mundo
1721 5327 1812 5382 ge-

231 5395 377 5450 nitus
405 5407 510 5461 est,
542 5399 638 5454 sed
679 5399 874 5452 merito
908 5399 1124 5453 virtutis
1153 5407 1206 5452 et
1235 5400 1380 5469 regni
1424 5401 1812 5470 primogenitns

229 5488 472 5542 omnium
501 5498 746 5545 nostrum
770 5488 894 5558 jure
921 5498 1165 5554 vocatur.
1193 5488 1293 5556 Qui
1322 5499 1372 5544 et
1404 5490 1456 5543 in
1487 5491 1599 5560 ipsa
1633 5492 1810 5546 divina

232 5579 517 5634 nativitate
555 5597 660 5636 non
710 5580 1154 5636 inconvenientcr
1203 5589 1379 5650 potest
1422 5582 1811 5652 primogenitns

230 5668 367 5732 dici,
400 5670 525 5740 quia
577 5672 888 5741 priusquam
919 5678 1226 5726 creaturam
1272 5669 1516 5726 faciendo
1560 5673 1804 5742 gigneret

1938 3225 2034 3289 ris,
2068 3226 2121 3279 in
2153 3240 2240 3279 me
2269 3224 2527 3280 salvando
2563 3224 2820 3280 clariﬁca.
2849 3223 3007 3281 Iesus
3052 3240 3182 3298 ergo
3208 3240 3406 3282 nomen
3440 3235 3526 3282 est

1934 3315 2079 3382 Filii,
2115 3317 2206 3386 qui
2250 3332 2318 3372 ex
2353 3317 2573 3388 Virgine
2620 3324 2780 3372 natus
2809 3327 2914 3382 est,
2959 3317 3152 3386 angelo
3192 3327 3518 3388 exponente,

1932 3406 2242 3476 signiﬁcans
2271 3407 2412 3476 quod
2435 3407 2550 3476 ipse
2575 3407 2743 3463 salvet
2764 3407 3018 3477 populum
3040 3423 3197 3462 suum
3226 3423 3258 3462 a
3282 3409 3522 3480 peccatis

1930 3511 2138 3552 eorum.
2172 3497 2274 3564 Qui
2297 3506 2476 3553 autem
2508 3497 2680 3553 salvat
2706 3513 2736 3552 a
2760 3499 3018 3567 peccatis,
3052 3497 3107 3553 id
3132 3506 3238 3565 est,
3270 3515 3300 3553 a
3327 3515 3517 3555 corru-

1927 3587 2203 3656 ptionibus
2246 3588 2444 3644 mentis
2487 3596 2544 3643 et
2588 3586 2852 3656 corporis,
2880 3603 3000 3658 quae
3035 3589 3105 3643 ob
3134 3597 3358 3658 peccata
3391 3605 3521 3646 con-

1930 3678 2165 3747 tingunt,
2208 3692 2310 3734 nec
2362 3692 2470 3733 non
2509 3684 2564 3732 et
2605 3678 2673 3733 ab
2715 3677 2830 3746 ipsa
2868 3684 3042 3732 morte
3095 3677 3150 3731 in
3196 3687 3514 3748 perpetuum

1927 3764 2174 3818 salvabit.

2549 3853 2775 3913 CAPUT
2810 3856 2873 3911 ιι.

1927 3945 2004 4000 De
2034 3941 2303 4018 natiuitatis
2333 3946 2528 4018 Chﬁsti
2553 3947 2608 4000 in
2637 3946 2935 4018 Bethleltem
2959 3946 3133 4018 Iuda,
3153 3955 3202 4002 et
3223 3949 3424 4018 magis;
3447 3949 3514 4005 de

2139 4016 2266 4088 fuga
2286 4019 2340 4071 in
2363 4015 2657 4088 zEgyptuns
2675 4027 2723 4073 et
2746 4033 2867 4071 nece
2884 4017 3173 4086 infantum,
3197 4025 3306 4072 etc.

1995 4127 2085 4200 [1.]
2113 4126 2245 4183 Cum
2269 4145 2390 4199 ergo
2418 4137 2573 4184 natus
2597 4139 2728 4184 esset
2750 4127 2904 4182 Iesus
2927 4129 2983 4181 in
3008 4125 3311 4182 Bethlehem
3334 4127 3504 4195 Iuda,

1923 4219 1977 4273 in
2005 4219 2187 4273 diebus
2223 4218 2450 4273 Herodis
2487 4221 2644 4288 regis.
2682 4217 2893 4290 (Manu.
2918 4216 3046 4287 )De'
3075 4217 3355 4273 nativitate
3389 4220 3510 4288 qui-

1923 4309 2042 4364 dem
2082 4310 2293 4366 Domini
2322 4310 2376 4364 in
2411 4309 2726 4365 Bethlehem
2761 4308 3045 4364 Matthaeus
3068 4307 3350 4379 Bucasque
3377 4323 3506 4365 con-

1921 4400 2162 4455 sentiunt
2187 4417 2203 4466 ;
2227 4401 2323 4456 sed
2344 4401 2614 4470 quomodo
2653 4410 2710 4455 et
2746 4413 2856 4470 qua
2895 4413 3058 4455 causa
3099 4397 3166 4452 ad
3207 4411 3328 4453 eam
3357 4401 3504 4454 veni-

1842 4461 1896 4520 D
1920 4501 2040 4549 rent
2074 4461 2272 4562 Ioseph
2297 4461 2567 4558 et-Maria,
2595 4461 2780 4546 Lucas.
2795 4489 3038 4560 exponit,
3065 4488 3342 4544 Matthams
3361 4504 3502 4560 pras-

1918 4589 2186 4643 termittit.
2217 4587 2514 4655 Quomodo,
2542 4595 2599 4642 et
2625 4587 2760 4642 illud
2783 4587 2925 4656 quod
2949 4587 3168 4658 angelus
3187 4589 3501 4658 pastoribus

1917 4687 2127 4744 natum,
2160 4679 2295 4732 etin
2322 4678 2548 4748 przzesepi
2586 4677 2820 4748 positum
2859 4677 3232 4744 nuntiaverat;
3264 4685 3320 4734 et
3353 4680 3525 4749 quod:

1918 4769 2204 4825 multitudo
2233 4769 2438 4823 militia:
2462 4767 2698 4824 caelestis
2716 4766 2857 4822 facta
2885 4775 2968 4823 est
3002 4783 3124 4823 cum
3153 4768 3346 4840 angelo
3374 4767 3497 4823 lau-t

1919 4861 2161 4915 dantium
2199 4860 2526 4924 Dominum;
2560 4868 2617 4914 et
2651 4859 2792 4928 quod
2825 4867 3089 4914 venerunt
3125 4866 3369 4929 pastores
3390 4899 3405 4924 ,
3443 4868 3500 4914 et
3540 4890 3546 4895 -

1917 4951 2172 5006 viderunt
2199 4965 2388 5005 verum
2424 4964 2546 5004 esse
2577 4949 2721 5019 quod
2759 4949 2838 5004 eis
2865 4949 3088 5019 angelus
3116 4949 3499 5013 nuntiaverat;

1916 5050 1970 5095 et
1996 5041 2138 5109 quod
2159 5040 2246 5094 die
2271 5038 2700 5094 circumcisionis
2726 5053 2836 5092 sua:
2865 5035 3023 5092 Iesus
3053 5049 3248 5090 nomen
3275 5049 3496 5104 accepe-

1917 5131 2019 5193 rit,
2073 5129 2213 5183 Luca
2259 5143 2354 5198 per
2387 5126 2634 5181 ordinem
2677 5133 2958 5189 narrante,
3005 5123 3285 5177 Matthmus
3330 5131 3491 5177 tacet.

1917 5217 2069 5274 Sicut
2095 5226 2282 5272 contra
2319 5217 2386 5270 de
2418 5215 2618 5286 magis,
2657 5215 2810 5270 stella
2840 5215 2994 5277 duce,
3044 5212 3111 5265 ab
3145 5210 3366 5265 Oriente
3404 5225 3496 5264 ve-

1915 5309 2188 5363 nientibus
2227 5306 2295 5361 ad
2335 5307 2622 5371 Herodem,
2660 5315 2715 5360 et
2756 5305 2956 5372 Regem
2992 5307 3174 5354 natum
3209 5300 3496 5368 quaerenti-

1914 5399 2037 5462 bus,
2067 5397 2367 5466 oblatisque
2393 5395 2706 5451 muneribus
2729 5435 2742 5458 ,
2781 5402 2835 5448 et
2858 5393 2925 5446 de
2945 5391 3117 5444 reditu
3143 5405 3354 5454 eorum,
3385 5389 3493 5444 Lu-

1914 5507 2006 5545 cas
2035 5497 2210 5554 tacet,
2243 5488 2522 5543 Matthaaus
2563 5487 2712 5541 dicit.
2751 5483 2920 5537 Natus
2956 5491 3037 5536 est
3086 5496 3214 5551 ergo
3233 5481 3502 5536 Dominus

1912 5581 2068 5635 Iesus
2093 5581 2146 5634 in
2167 5579 2383 5635 civitate
2403 5596 2523 5649 qua:
2553 5576 2862 5630 Betltlchcm
2890 5573 3024 5627 Inda
3051 5573 3272 5638 dicitur,
3301 5574 3367 5626 ad
3393 5572 3491 5626 dif-

1915 5669 2196 5724 ferentiam
2247 5669 2466 5723 alterius
2505 5685 2622 5737 qua:
2663 5667 2715 5720 in
2745 5665 2959 5720 Galil-.ea
3008 5665 3234 5719 habetur
3265 5665 3316 5718 in
3347 5664 3499 5720 tribu
