3970 6198
293 335 394 392 ἶ37

1279 326 1632 390 CDMMENT.
1675 329 1739 384 IN
1780 323 2216 386 MATTHIEUM.
2279 359 2286 368 ι

2363 328 2492 384 LIB.
2532 329 2573 383 l.

3464 329 3566 384 758

373 449 1101 519 Vidimusenimstellamejus
1115 449 1169 504 in
1188 447 1485 514 Oriente,et
1500 447 1730 502 venimus
1752 444 1878 499 ado—
1906 451 1947 508 Α
1981 445 2236 500 ostendit.
2270 443 2627 516 Congregavit
2672 445 2814 500 enim
2863 457 2957 499 eos
3003 452 3060 498 ut
3106 447 3358 515 probaret
3384 455 3565 502 utrum

294 563 409 602 rare
432 559 571 598 eum.
594 541 675 596 Ad
703 539 1072 596 confusionem
1091 536 1421 604 Iudaeorum,
1454 545 1514 591 ut
1536 536 1874 593 nativitatem

291 634 490 693 Christi
516 648 546 686 a
569 632 816 702 gentibus
842 630 1131 693 discerent,
1159 629 1334 684 oritur
1360 626 1512 683 stella
1543 625 1599 680 in
1628 625 1872 690 Oriente,

292 740 455 796 quam
478 722 737 785 futuram,
770 718 1011 784 Balaam,
1043 718 1197 790 cujus
1218 731 1563 773 successores
1587 725 1764 781 erant,
1787 731 1878 770 va-

291 814 478 872 ticinio
506 819 770 867 noverant
788 851 804 872 ,
837 811 976 866 sicut
1005 809 1059 864 in
1087 808 1340 864 Numeris
1364 808 1578 879 legitur.
1617 807 1708 860 Ait
1729 806 1875 861 enim

288 905 433 960 inter
459 912 654 959 czetera
679 901 760 957 sic
785 919 798 955 :
829 901 1043 955 Orietur
1066 898 1217 955 stella
1245 916 1309 954 ea:
1333 899 1500 954 Iacob
1517 939 1534 964 ,
1561 908 1608 953 et
1634 906 1876 967 exsurget

287 995 443 1048 homo
490 1010 555 1048 ea:
587 990 778 1047 Israel.
823 988 1013 1063 (Num.
1051 991 1223 1062 xxxv.)
1266 989 1470 1046 Idcirco
1509 997 1686 1044 autem
1731 989 1874 1059 magi

287 1085 430 1157 apud
458 1084 622 1140 lsrael
660 1084 930 1156 prtccipue
961 1091 1147 1138 natum
1187 1098 1367 1155 regem
1394 1079 1709 1152 requirunt;
1747 1081 1874 1151 quia

284 1188 385 1245 per
423 1173 645 1228 Balaam
699 1174 764 1229 de
804 1173 969 1229 Israel
1024 1173 1359 1229 nasciturum
1398 1188 1522 1229 eum
1561 1172 1868 1227 audierunt.

285 1266 308 1338 (
326 1263 488 1334 Fulg.
515 1276 533 1336 )
563 1263 710 1320 Nova
750 1265 894 1320 enim
928 1263 1084 1321 stella
1113 1280 1311 1320 novum
1340 1265 1660 1320 adventasse
1695 1262 1871 1318 homi-

284 1372 411 1412 nem
441 1355 730 1411 revelabat.
757 1355 963 1423 Quibus
988 1371 1117 1411 vero
1140 1355 1336 1421 radiis,
1366 1365 1635 1424 quantove
1670 1353 1872 1409 lumine

282 1449 434 1503 illam
478 1447 689 1504 Domini
742 1448 951 1503 stellam
994 1449 1216 1517 antiqua
1261 1447 1534 1502 credimus
1574 1455 1702 1501 tunc
1731 1446 1874 1502 inter

282 1551 430 1596 astra
459 1540 701 1596 fulsisse!
730 1539 1002 1606 Quantum
1033 1539 1084 1592 in
1117 1537 1399 1608 splendore
1421 1537 1720 1606 prazcessit,
1754 1545 1873 1590 tan-

282 1641 398 1685 tum
439 1631 664 1700 prteibat
716 1631 769 1684 in
815 1643 1060 1684 munere.
1093 1627 1223 1696 Quae
1262 1627 1410 1682 velut
1445 1628 1665 1698 quidam
1706 1627 1872 1682 totius

277 1719 431 1774 orbis
452 1718 658 1785 oculus,
690 1717 972 1788 caligantis
1001 1717 1185 1772 mundi
1208 1726 1447 1773 veterem
1477 1716 1695 1772 novavit
1715 1731 1868 1786 aspe-

277 1805 450 1867 ctum.
485 1810 690 1883 (Greg.)
717 1810 825 1866 Sed
851 1809 1200 1880 quaerendum
1226 1809 1381 1864 nobis
1409 1817 1493 1864 est
1516 1808 1770 1878 quidnam
1799 1807 1870 1862 sit
1897 1795 1945 1853 Β

276 1896 424 1965 quod
448 1896 806 1964 Redemptore
839 1904 1000 1959 nato,
1037 1894 1346 1964 pastoribus
1384 1893 1439 1947 in
1474 1890 1657 1947 Judaaa
1704 1906 1873 1963 ange—

277 1985 369 2040 lus
391 1985 634 2054 :‘ppat‘uit
659 2026 673 2050 ,
719 1993 878 2054 atque
907 1987 974 2039 ad
1004 1983 1338 2040 adorandum
1380 1983 1524 2038 hunc
1557 1982 1625 2038 ab
1653 1980 1873 2037 Oriente

279 2093 492 2147 magos,
527 2095 634 2133 non
661 2078 882 2150 angelus
909 2117 923 2140 ,
954 2077 1048 2132 sed
1073 2075 1224 2132 stella
1260 2075 1528 2147 perduxit.
1554 2073 1689 2142 Quia
1722 2074 1872 2130 scili-

273 2176 372 2224 cet
422 2167 620 2224 Judzeis
683 2177 940 2238 tanquam
1006 2167 1216 2222 ratione
1268 2165 1544 2220 utentibus
1610 2163 1874 2219 rationale

273 2261 520 2326 animal,
579 2261 631 2316 id
683 2268 768 2316 est
813 2259 1076 2330 angelus,
1121 2258 1417 2328 praedicare
1470 2255 1690 2321 debuit;
1742 2269 1872 2326 gen-

273 2351 408 2407 tiles
449 2367 599 2419 vero,
642 2353 769 2424 quia
813 2352 1024 2408 ratione
1060 2351 1138 2406 uti
1192 2351 1524 2416 nesciebant,
1567 2349 1635 2403 ad
1667 2363 1872 2417 cogno-

271 2443 543 2497 scendum
585 2443 868 2499 Dominum
926 2457 1034 2497 non
1087 2455 1184 2511 per
1231 2455 1416 2495 vocem
1445 2481 1460 2505 ,
1515 2437 1608 2493 sed
1655 2453 1752 2508 per
1799 2439 1875 2492 si-

271 2550 384 2606 gna
414 2535 803 2604 perducuntur.
837 2533 993 2590 Unde
1030 2534 1195 2588 etiam
1241 2546 1338 2604 per
1363 2530 1589 2585 Paulum
1621 2530 1819 2586 dicitur
1856 2549 1870 2584 :

271 2625 568 2695 Prop/retia
600 2625 861 2695 ﬁdelibus,
891 2641 994 2679 non
1034 2624 1333 2694 inﬁdelibus
1356 2639 1376 2689 ;
1412 2621 1564 2694 signa
1589 2632 1763 2678 autem
1792 2623 1874 2676 in-

267 2716 544 2786 ﬁdelibus,
589 2734 692 2771 non
732 2716 973 2785 ﬁdelibus
1027 2715 1081 2788 (Ι
1105 2716 1228 2772 Cor.
1275 2716 1412 2789 xw).
1459 2716 1529 2770 Et
1573 2714 1872 2771 notandum

268 2804 421 2872 quod
447 2804 862 2875 Redemptorem
893 2813 1136 2860 nostrum
1159 2820 1282 2861 cum
1306 2805 1421 2876 jam
1450 2803 1704 2876 perfectae
1726 2811 1875 2860 esset

267 2894 458 2949 aetatis
497 2894 701 2949 eisdem
725 2894 974 2964 gentibus
1009 2895 1237 2966 apostoli
1270 2895 1568 2967 praedicant
1590 2936 1606 2963 ,
1639 2910 1875 2965 eumque

268 2984 566 3055 parvulum
600 2992 655 3039 et
695 2985 924 3040 necdum
955 3001 1054 3056 per
1082 2987 1303 3042 humani
1349 2987 1594 3058 corporis
1635 2986 1872 3042 ocium

269 3073 589 3142 loquentem
619 3072 776 3128 stella
819 3074 1069 3144 gentibus
1111 3075 1412 3131 denuntiat.
1446 3074 1584 3143 Quia
1613 3075 1872 3130 nimirum

272 3140 510 3222 rationis
532 3153 667 3220 or'do
687 3140 945 3236 poscebat
971 3172 1031 3219 ut
1055 3173 1111 3220 et
1139 3165 1449 3236 loquentem
1472 3140 1766 3221 Dominum
1794 3165 1872 3220 lo-
1898 3140 1944 3204 δ

269 3265 512 3327 quentes
531 3257 686 3312 nobis
709 3257 1093 3327 praedicatores
1114 3257 1537 3324 innotescerent,
1565 3264 1622 3312 et
1643 3257 1872 3313 necdum

272 3349 591 3418 loquentem
618 3348 884 3405 elementa
915 3359 1064 3404 muta
1089 3349 1465 3420 praedicarent.

357 3441 594 3496 Audiens
625 3451 799 3496 autem
830 3440 1064 3496 Herodes
1100 3458 1193 3496 rex
1221 3442 1461 3496 turbatus
1483 3448 1578 3507 est,
1618 3449 1664 3495 et
1702 3440 1872 3495 omnis

273 3533 616 3603 Jerosolyma
637 3549 755 3586 cum
788 3550 867 3588 eo.
897 3532 1030 3589 Coeli
1059 3533 1204 3605 Rege
1232 3541 1359 3588 nato
1377 3575 1392 3598 ,
1433 3547 1536 3607 rex.
1559 3540 1722 3588 terra:
1760 3543 1873 3587 tur—

275 3626 446 3679 batus
481 3631 584 3690 est,
616 3623 740 3693 quia
764 3623 1018 3678 nimirum
1047 3631 1264 3678 terrena
1292 3622 1520 3678 altitudo
1544 3663 1559 3689 ,
1590 3621 1873 3678 confundi-

278 3724 374 3770 tur
423 3730 546 3769 cum
594 3714 855 3770 celsitudo
907 3713 1144 3771 caelestis
1198 3715 1458 3785 aperitur.
1511 3713 1756 3786 (Fulg.)
1808 3713 1874 3767 Et

279 3807 490 3860 frustra
533 3804 770 3860 Herodes
796 3806 1043 3860 turbatur
1066 3804 1464 3874 suspicionibus
1494 3844 1509 3868 ,
1552 3803 1702 3858 falsis
1746 3818 1874 3858 nec-

280 3896 585 3968 quidquam
616 3895 871 3967 agitatur,
907 3895 1121 3949 invidiae
1148 3894 1382 3950 stimulis
1407 3893 1791 3958 inﬂammatur,
1820 3899 1875 3946 et

279 3987 356 4042 ob
384 3988 490 4042 hoc
530 3994 716 4040 natum
765 3986 964 4056 Regem
1006 3985 1255 4055 occidere
1299 3993 1547 4039 conatur.
1582 3983 1764 4038 Inanis
1792 3992 1876 4064 est

283 4078 392 4133 ista
424 4077 658 4132 turbatio
681 4085 735 4131 et
768 4093 908 4130 vana
935 4090 1160 4146 prorsus
1187 4074 1472 4146 cogitatio;
1509 4073 1624 4129 Rex
1654 4074 1758 4128 iste
1782 4074 1872 4142 qui

283 4177 451 4224 natus
485 4174 569 4223 est
600 4182 705 4222 non
750 4168 900 4221 venit
946 4183 1099 4238 reges
1137 4179 1392 4238 superare
1423 4164 1734 4236 pugnando,
1780 4165 1876 4218 sed

284 4255 569 4310 moriendo
601 4254 920 4310 mirabiliter
939 4254 1244 4326 subjugare.
1274 4252 1383 4310 Nec
1410 4255 1530 4308 ideo
1562 4261 1720 4309 natus
1748 4261 1835 4308 est
1855 4294 1870 4317 ,

286 4355 348 4401 ut
376 4345 577 4402 Herodi
619 4349 902 4413 succedat,
950 4347 1045 4402 sed
1079 4355 1138 4402 ut
1180 4347 1233 4401 in
1281 4362 1404 4402 eum
1433 4347 1665 4401 mundus
1703 4345 1876 4401 ﬁdeli-

286 4448 378 4496 ter
421 4440 630 4494 credat.
673 4440 832 4495 Venit
869 4439 1012 4496 enim
1053 4455 1159 4494 non
1195 4446 1256 4494 ut
1295 4448 1495 4509 pugnet
1537 4439 1728 4505 vivus,
1779 4440 1872 4495 sed

286 4540 348 4586 ut
399 4530 708 4600 triumphet
746 4531 978 4586 occisus.
1033 4528 1144 4585 Nec
1188 4529 1336 4584 venit
1384 4536 1445 4584 ut
1491 4529 1593 4584 sibi
1643 4531 1708 4585 de
1750 4529 1871 4585 aliis

284 4621 540 4694 gentibus
581 4638 715 4677 auro
761 4623 1059 4677 exercitum
1099 4628 1338 4691 quaerat,
1393 4621 1486 4676 sed
1531 4629 1589 4674 ut
1639 4636 1737 4691 pro
1766 4621 1871 4676 sal-

283 4712 481 4767 vandis
501 4711 752 4782 gentibus
785 4713 1080 4782 pretiosum
1122 4711 1438 4781 sanguinem
1474 4709 1680 4765 fundat.
1715 4710 1869 4778 Quod

285 4812 470 4859 autem
508 4803 640 4858 dicit
676 4803 889 4857 turbato
928 4800 1134 4856 Herode
1171 4807 1336 4855 totam
1375 4799 1676 4855 Jerusalem
1707 4799 1886 4856 simul.

284 4909 412 4948 cum
460 4892 550 4949 illo
597 4893 840 4956 turbari,
881 4893 995 4948 sive
1034 4890 1354 4946 adulationis
1401 4889 1582 4945 favore
1632 4891 1735 4946 hoc
1785 4891 1875 4945 fa-.

287 4997 437 5040 ctum
464 5000 584 5041 esse
618 4984 890 5041 credimus
915 5024 929 5050 ,
972 4991 1031 5037 ut
1065 4983 1306 5036 membra
1331 4982 1515 5050 iniquo
1551 4981 1714 5052 capiti
1746 4997 1872 5036 con—

289 5077 550 5141 sentiant,
581 5077 723 5131 sicut
750 5076 1006 5144 scriptum
1043 5081 1128 5128 est
1154 5091 1166 5126 :
1198 5072 1366 5126 Amici
1391 5071 1610 5129 divitum
1637 5070 1872 5142 plurimi,

288 5176 338 5221 et
374 5167 523 5220 d'viti
557 5166 767 5236 decepto
798 5165 948 5220 multi
985 5173 1388 5236 recuperatores.
1435 5162 1661 5219 Locutus
1683 5173 1757 5218 est
1786 5182 1876 5218 su-

288 5258 446 5327 perbe
473 5269 522 5312 et
541 5256 960 5329 justiﬁeaverunt
982 5257 1129 5311 illum
1156 5253 1346 5326 (Prov.
1379 5271 1468 5311 xrv
1486 5255 1536 5325 );
1573 5256 1688 5310 sive
1708 5257 1872 5310 animi

289 5348 444 5412 odio,
470 5364 536 5404 eo
563 5350 705 5419 quod
727 5349 965 5421 legerent
992 5349 1046 5402 in
1077 5345 1364 5419 prophetia
1385 5345 1601 5398 Balaam
1633 5363 1645 5398 :
1674 5344 1748 5399 De
1783 5343 1874 5400 Jae

291 5441 398 5496 cob
424 5443 548 5510 erit,
579 5443 669 5513 qui
704 5443 1036 5507 dominetur,
1064 5449 1117 5496 et
1139 5439 1328 5510 perdat
1348 5437 1585 5508 reliquas
1605 5437 1871 5492 civitates.

369 5533 436 5588 Et
459 5551 774 5607 congregans
794 5552 969 5590 omnes
993 5535 1247 5606 principes
1285 5531 1615 5587 sacerdotum
1645 5539 1692 5585 et
1730 5529 1877 5586 Scri-

291 5630 388 5679 bas
415 5628 616 5697 populi,
644 5629 1007 5684 sciscitabatur
1039 5645 1102 5684 ea:
1141 5628 1213 5682 eis
1254 5627 1340 5682 ubi
1367 5625 1606 5681 Christus
1633 5639 1876 5682 nascere-

296 5729 400 5772 tur.
453 5717 508 5775 In
560 5721 724 5775 verbo
768 5720 1123 5791 congregandi
1176 5719 1508 5790 diligentiam
1555 5717 1873 5789 inquirentis

1904 4488 1955 4548 D

1979 536 2113 608 legis
2144 538 2392 606 peritiam
2435 541 2722 606 haberent,
2756 550 2810 596 ct
2841 543 2894 597 in
2923 541 3271 598 Testamento
3311 543 3569 598 divinitus

1978 630 2282 698 conscripto
2309 631 2550 687 caelestis
2581 632 2722 702 regis
2746 634 3081 688 nativitatem
3105 632 3409 702 potuissent
3429 647 3566 701 pra:-

1976 716 2176 772 dictam
2225 719 2482 784 invenire,
2525 730 2581 776 et
2621 721 2854 777 fortasse
2896 730 2956 776 ut
2998 723 3206 777 videret
3250 731 3430 775 utrum
3460 719 3568 775 tale

1977 807 2093 878 ejus
2140 811 2387 865 nuntium
2429 812 2619 879 ltetos,
2676 828 2743 866 an
2791 813 2974 868 tristes
3014 811 3236 868 faceret.
3287 810 3564 866 Christum

1977 904 2122 959 enim
2154 919 2274 959 eum
2305 906 2547 961 nominat
2573 946 2587 971 ,
2618 907 2742 976 quia
2779 906 2931 961 novit
2964 904 3271 961 Iudaeorum
3299 919 3454 959 more
3481 918 3566 957 re-

1977 1009 2070 1064 ges
2093 995 2213 1051 oleo
2239 997 2489 1067 perungi.

2045 1085 2112 1138 At
2137 1084 2216 1140 illi
2241 1087 2486 1140 dixerunt
2511 1127 2525 1151 ,
2563 1087 2617 1140 in
2643 1087 2940 1141 Bethlehem
2965 1087 3129 1141 Iuda.
3159 1085 3245 1141 Sic
3273 1083 3410 1142 enim
3435 1084 3567 1137 scri-

1974 1187 2120 1247 ptum
2159 1188 2232 1233 est
2257 1195 2350 1248 per
2373 1181 2676 1249 prophetam
2705 1193 2723 1232 :
2749 1179 2814 1233 Et
2838 1190 2893 1234 tu
2921 1180 3219 1234 Bethlehem
3247 1189 3388 1233 terra
3419 1174 3567 1230 Iuda
3654 1217 3659 1222 .

1976 1286 2303 1341 nequaquam
2353 1271 2571 1324 minima
2616 1289 2668 1325 es
2725 1271 2781 1325 in
2819 1271 3141 1341 principibus
3176 1270 3342 1324 Iuda.
3390 1268 3474 1323 Ea:
3518 1278 3566 1321 te

1973 1365 2110 1417 enim
2163 1364 2296 1417 exiet
2340 1365 2486 1423 dux,
2539 1365 2630 1434 qui
2683 1373 2818 1433 reget
2867 1362 3119 1434 papulum
3175 1377 3345 1416 meum
3395 1358 3567 1414 Israel

1975 1451 2263 1525 (Hic/LV).
2314 1450 2536 1508 Micheze
2589 1461 2811 1508 utuntur
2861 1452 3169 1508 testimonio
3219 1451 3273 1504 in
3319 1465 3427 1520 quo
3473 1464 3562 1502 ar-

1972 1549 2208 1611 guuntur
2243 1541 2420 1596 nimiae
2456 1541 2742 1596 oblivionis
2767 1581 2782 1606 ,
2823 1541 2966 1611 quod
3003 1555 3111 1595 non
3147 1539 3352 1594 eisdem
3381 1537 3564 1592 verbis

1971 1632 2165 1702 quibus
2185 1632 2445 1702 propheta
2467 1631 2698 1697 dixerat,
2720 1631 3053 1687 utuntur.lta
3075 1631 3220 1687 enim
3236 1631 3313 1686 ait
3333 1631 3568 1701 prophe—

1971 1729 2025 1777 ta
2057 1740 2070 1775 :
2101 1722 2166 1775 Et
2192 1732 2249 1776 tu
2267 1721 2562 1776 Bethlehem
2586 1722 2821 1791 Ephrata
2845 1737 3170 1791 nequaquam
3194 1718 3415 1790 parvula
3439 1737 3491 1773 es
3509 1720 3566 1772 in

1974 1811 2203 1866 millibus
2237 1811 2402 1865 Iuda.
2433 1811 2517 1866 Ea:
2540 1821 2587 1866 te
2609 1813 2734 1866 mihi
2754 1812 3047 1881 egredietur
3069 1811 3157 1882 qui
3182 1811 3247 1865 sit
3269 1810 3568 1864 dominator

1973 1903 2030 1956 in
2056 1901 2243 1956 Israel.
2278 1901 2449 1973 (Leo.)
2475 1900 2613 1967 Quid
2641 1901 2781 1956 enim
2809 1909 2917 1956 tam
2949 1915 3174 1967 aecum,
3193 1900 3320 1970 quid
3344 1909 3452 1954 tam
3477 1900 3563 1954 lu-

1975 1995 2053 2048 cis
2068 1993 2300 2048 alienum
2316 2007 2476 2062 quam
2493 1992 2567 2046 illi
2583 1992 2890 2047 sacerdotes
2911 1999 2966 2046 et
2980 1991 3182 2046 Scriba
3197 1989 3562 2046 lsraelitarum

1974 2082 2231 2138 fuerunt?
2255 2083 2347 2154 qui
2377 2081 2824 2153 percontantibus
2856 2081 3030 2151 magis
3053 2122 3067 2147 ,
3107 2089 3162 2135 et
3187 2079 3400 2134 Herode
3421 2095 3568 2150 quae-

1975 2184 2132 2232 rente
2161 2175 2251 2230 ubi
2278 2173 2525 2230 Christus
2564 2172 2861 2228 secundum
2887 2170 3297 2240 Scripturarum
3322 2171 3566 2224 testimo-

1976 2267 2126 2321 nium
2163 2273 2515 2329 nasceretur,
2556 2264 2659 2318 hoc
2705 2261 3102 2332 responderunt
3147 2260 3213 2314 de
3249 2259 3566 2330 prophetico

1975 2357 2210 2427 eloquio,
2243 2355 2387 2425 quod
2429 2355 2702 2409 indicabat
2722 2353 2876 2408 stella
2919 2352 2985 2407 de
3025 2350 3184 2405 ctelo.
3214 2349 3346 2418 Quae
3378 2349 3567 2418 utique

1973 2452 2227 2516 potuerat
2258 2458 2443 2514 magos
2483 2441 2836 2514 Jerosolymis
2881 2439 3264 2511 prtetermissis
3291 2452 3465 2507 usque
3495 2439 3565 2491 ad

1976 2536 2241 2592 cunabula
2268 2534 2425 2606 pueri
2455 2535 2598 2590 sicut
2620 2533 2964 2605 postmodum
2994 2529 3142 2596 fecit,
3171 2544 3266 2584 sua
3297 2527 3568 2599 significa-

1977 2627 2123 2682 tione
2151 2626 2469 2696 perducere,
2499 2623 2604 2679 nisi
2630 2623 2697 2679 ad
2718 2621 3104 2679 confutandam
3130 2618 3438 2674 Judteorum
3464 2613 3566 2672 du-

1976 2719 2158 2774 ritiam
2183 2718 2534 2788 pertinuisset
2569 2724 2628 2772 ut
2667 2731 2775 2771 non
2817 2715 2990 2770 solum
3029 2714 3192 2769 ductu
3221 2710 3435 2775 sideris,
3470 2709 3567 2764 sed

1974 2811 2143 2868 etiam
2198 2809 2437 2878 ipsorum
2493 2806 2831 2878 professione
2895 2805 3259 2859 innotesceret
3309 2798 3566 2854 nativitas

1975 2902 2293 2960 Salvatoris.
2318 2900 2454 2956 Nam
2483 2903 2551 2956 ab
2575 2897 2787 2954 Herode
2809 2895 3075 2968 requisiti,
3107 2895 3284 2950 locum
3312 2890 3567 2946 nativita—

1976 2995 2046 3049 tis
2072 2992 2189 3062 ejus
2218 2993 2561 3063 exprimunt,
2598 3003 2757 3061 quem
2797 2986 3098 3057 Scriptura:
3132 2983 3455 3040 auctoritate
3485 2981 3570 3036 di-

1976 3085 2240 3142 dicerunt.
2263 3079 2464 3154 (Greg.)
2491 3083 2557 3136 Et
2581 3079 2946 3136 testimonium
2973 3075 3253 3148 proferunt
3273 3089 3380 3144 quo
3405 3071 3570 3126 Beth—

1977 3177 2153 3232 lehem
2180 3175 2492 3230 honoranda
2520 3172 2800 3227 nativitate
2829 3169 2951 3225 novi
2977 3167 3129 3223 ducis
3150 3165 3472 3228 ostenditur,
3507 3169 3567 3216 ut

1977 3263 2093 3334 ipsa
2130 3279 2315 3321 eorum
2354 3263 2584 3319 scientia
2640 3270 2696 3316 et
2737 3259 2846 3315 illis
2890 3258 3046 3314 fieret
3091 3256 3157 3311 ad
3197 3253 3564 3310 testimonium

1976 3354 2360 3416 damnationis,
2391 3360 2446 3407 et
2467 3352 2625 3407 nobis
2649 3350 2716 3406 ad
2745 3348 3073 3418 adiutorium
3100 3343 3459 3402 credulitatis.

2050 3443 2194 3498 Tunc
2220 3442 2454 3498 Herodes
2485 3441 2622 3496 clam
2650 3440 2844 3496 vocatis
2877 3439 3044 3510 magis
3074 3437 3350 3508 diligenter
3379 3432 3564 3487 didicit

1976 3536 2040 3591 ab
2069 3537 2142 3591 eis
2168 3545 2367 3606 tempus
2395 3533 2581 3599 stellae,
2612 3548 2731 3604 qua:
2755 3532 3000 3603 apparuit
3025 3529 3100 3585 eis
3117 3569 3132 3594 ,
3167 3537 3215 3583 et
3241 3528 3451 3580 mittens
3476 3538 3563 3577 eos

1974 3629 2027 3684 in
2065 3627 2363 3683 Betltlehem
2413 3627 2546 3681 dixit
2589 3639 2608 3677 :
2640 3624 2722 3679 Ite
2764 3635 2812 3679 et
2855 3625 3169 3692 interrogate
3195 3619 3471 3690 diligenter
3500 3615 3564 3669 de

1974 3735 2166 3790 puero,
2211 3727 2260 3772 et
2308 3733 2427 3770 cum
2457 3714 2756 3770 inveneritis
2787 3714 3080 3766 renuntiate
3111 3710 3278 3774 mihi,
3314 3716 3368 3761 ut
3396 3716 3444 3760 et
3470 3720 3562 3774 ego

1977 3793 2182 3863 veniens
2209 3807 2421 3861 adorem
2449 3821 2588 3860 eum.
2621 3801 2848 3874 (Μλυιι.)
2878 3799 3105 3856 Herodis
3133 3812 3308 3862 mens,
3337 3806 3391 3850 et
3423 3794 3564 3850 facta

1977 3898 2324 3961 conveniunt,
2352 3895 2477 3964 quia
2505 3895 2731 3949 livorem
2759 3907 2920 3962 quem
2944 3889 3160 3946 tenebat
3187 3890 3241 3942 in
3265 3888 3449 3952 corde,
3483 3884 3564 3939 fo-

1978 3989 2221 4043 rinsecus
2279 3985 2519 4042 ostendit
2569 3985 2624 4040 in
2682 3997 2864 4053 opere.
2924 3981 3076 4037 Clam
3135 3986 3292 4034 vocat
3339 3977 3565 4032 semotis

1980 4079 2184 4136 Scribis
2209 4085 2261 4134 et
2286 4077 2655 4132 sacerdotibus
2677 4089 2884 4147 magos,
2908 4073 3033 4144 quia
3065 4071 3380 4126 intestinum
3412 4067 3562 4124 dolo-

1980 4185 2092 4226 rem
2123 4167 2431 4222 occultabat
2460 4164 2806 4220 intrinsecus.
2850 4162 3145 4233 Diligenter
3174 4158 3362 4214 didieit
3387 4159 3455 4213 ab
3483 4159 3564 4213 eis

1980 4267 2191 4329 tempus
2220 4254 2411 4321 stellae,
2436 4255 2561 4324 quia
2591 4266 2776 4309 necem
2801 4251 3100 4308 Salvatoris
3127 4249 3486 4304 meditabatur
3510 4248 3563 4302 in

1978 4355 2189 4413 mente;
2222 4345 2378 4402 ﬁnxit
2413 4361 2472 4401 se
2502 4344 2652 4398 vultu
2690 4351 2744 4399 et
2774 4341 2956 4398 verbis
2981 4355 3106 4395 eum
3136 4339 3361 4394 adorare
3384 4337 3520 4392 velle
3545 4377 3560 4400 ,

1980 4455 2140 4510 quem
2174 4438 2353 4493 invida
2409 4435 2734 4508 cogitatione
2772 4433 3041 4488 tractabat
3082 4429 3346 4487 occidere.
3395 4429 3562 4499 Cujus

1979 4531 2195 4602 quidem
2232 4543 2520 4601 personam
2566 4540 2754 4582 omnes
2801 4523 3092 4595 hypocrita:
3139 4530 3343 4577 tenent.
3389 4520 3562 4593 (Leo.)

1983 4621 2116 4688 (nia
2149 4621 2274 4675 dum
2315 4619 2437 4673 ficte
2479 4616 2765 4671 Dominum
2799 4620 3078 4684 quierunt,
3129 4610 3372 4666 invenire
3415 4610 3564 4666 illum

1981 4726 2269 4780 nunquam,
2289 4716 2582 4764 merentur.
2607 4704 2910 4775 Superﬂuo,
2941 4703 3203 4767 Heiodes,
3236 4703 3428 4758 timore
3453 4709 3566 4756 ιαμ

1979 4801 2148 4867 buris,
2179 4810 2235 4856 et
2280 4800 2484 4855 frustra
2531 4799 2582 4853 in
2622 4803 2934 4867 suspectum
2975 4794 3070 4850 tibi
3103 4809 3328 4864 puerum
3370 4796 3561 4849 saevire

1981 4895 2206 4952 moliris.
2240 4892 2357 4950 Non
2399 4893 2543 4963 capit
2570 4891 2842 4946 Christum
2879 4888 3023 4959 regia
3065 4897 3186 4952 tua,
3229 4903 3329 4942 nec
3374 4886 3558 4941 mundi

1982 4987 2242 5042 Dominus
2287 4983 2570 5057 potestatis
2609 4991 2711 5036 tua:
2752 4980 2950 5051 sceptri
3001 4987 3086 5035 est
3134 4988 3417 5035 contentus
3465 4993 3560 5030 an-

1981 5079 2190 5150 gustiis.
2219 5077 2389 5145 Quem
2418 5075 2470 5129 in
2494 5073 2675 5129 ludzea
2706 5086 2931 5142 regnare
2954 5087 3057 5125 non
3085 5071 3165 5124 vis
3190 5110 3204 5134 ,
3243 5069 3438 5136 ubique
3473 5082 3560 5120 re-

1981 5178 2128 5240 gnat.
2158 5169 2224 5222 Et
2247 5167 2455 5222 felicior
2481 5165 2596 5236 ipse
2622 5177 2876 5234 regnares
2896 5161 2942 5215 si
2968 5159 3086 5228 ejus
3117 5156 3343 5226 imperio
3363 5155 3557 5209 subde-

1982 5262 2136 5317 rcris.
2166 5260 2276 5316 Cur
2303 5259 2516 5314 sincero
2537 5255 2712 5312 officio
2736 5271 2840 5310 non
2863 5253 3019 5318 facis,
3043 5251 3186 5320 quod
3213 5248 3431 5304 subdola
3460 5248 3558 5303 fal-

1982 5354 2140 5409 sitate
2165 5350 2479 5423 promittis?
2505 5348 2676 5420 Perge
2701 5362 2825 5402 cum
2853 5345 3048 5412 magis,
3073 5348 3131 5395 et
3155 5355 3343 5396 verum
3373 5355 3565 5410 regem

1980 5441 2294 5512 suppliciter
2319 5437 2593 5495 adorando
2618 5451 2900 5492 venerare.

2053 5533 2298 5598 Quicum
2321 5533 2590 5586 audissent
2631 5543 2820 5600 regem,
2866 5525 3126 5580 abierunt.
3157 5524 3224 5580 Et
3264 5539 3379 5580 ecce
3407 5521 3570 5578 stella-

1979 5642 2135 5696 quam
2159 5625 2392 5679 viderunt
2425 5625 2478 5676 in
2505 5622 2716 5677 Oriente
2736 5660 2750 5684 ,
2780 5618 3110 5673 antecedebat
3136 5635 3222 5672 eos
3247 5632 3406 5686 usque
3431 5615 3564 5668 dum

1983 5717 2185 5770 veniens
2209 5727 2365 5770 staret
2399 5731 2557 5784 supra
2580 5711 2666 5766 ubi
2712 5720 2821 5764 erat
2859 5727 3006 5781 puer.
3053 5710 3233 5775 Venit,
3276 5707 3466 5777 inquit.
3503 5712 3568 5759 ct.
