3970 6198
461 301 565 359 759

1093 301 1155 357 Β.
1196 302 1449 359 RABANI
1486 303 1703 362 MAURI
1739 302 2055 361 ARCHIEP.
2093 303 2400 360 MUGUNT.
2439 304 2723 362 OPERUM
2759 305 2939 362 PARS
2973 307 3013 362 ι.

3598 308 3707 362 760

425 450 433 475 ι
461 414 612 479 stetit
638 414 728 474 ubi
758 421 875 469 erat
908 428 1061 484 puer.
1088 413 1334 485 Nunquid
1366 430 1470 469 non
1498 415 1676 470 dicere
1712 424 1769 469 et
1793 414 2030 469 clamare
2058 421 2107 475 Α
2135 413 2279 467 mine
2306 411 2471 468 David
2495 428 2658 468 secun
2680 412 2788 467 tum
2808 426 3028 467 carnem
3047 419 3251 477 natum,
3280 427 3387 467 non
3415 413 3592 468 credit
3618 430 3706 468 re-

421 556 433 571 ,
459 504 771 562 videbatur:
787 503 903 571 llic,
918 504 1008 560 hic
1026 519 1160 575 puer
1169 520 1329 575 quem
1355 513 1538 560 natum
1560 506 1799 560 testabor
1818 519 1849 558 a
1868 503 2027 559 ctelo.

428 644 435 649 .
463 593 561 650 llic
580 601 663 650 est
685 609 775 649 rex
804 592 891 649 ille
915 608 1142 665 magnus
1168 594 1259 664 qui
1297 594 1447 649 venit
1465 593 1673 649 caelesti
1699 594 1922 663 imperio
1948 607 2033 648 re—

460 702 623 755 gnum
651 686 859 741 sociare
899 694 1196 758 terrenum.
1244 686 1385 742 Vere
1420 683 1576 741 stella
1602 685 1718 740 haec
1742 684 2033 740 Dominicte

460 778 758 834 nativitatis
786 778 1031 835 ministra
1058 787 1161 845 est,
1196 794 1316 849 quze
1345 788 1496 847 tanto
1518 786 1602 834 est
1629 778 1909 833 Chaldaeos
1932 777 2033 833 ob-

463 876 644 924 secuta
669 868 954 934 iamulatu,
980 878 1039 924 ut
1067 870 1121 924 in
1144 870 1463 940 inquirendo
1483 868 1701 926 Christo
1727 882 1831 923 non
1859 866 2032 922 solum

462 973 557 1015 eos
581 970 823 1017 moneret
845 976 877 1017 e
908 961 1046 1016 cmlo
1071 1000 1088 1026 ,
1117 962 1210 1016 sed
1250 969 1307 1016 et
1349 961 1604 1015 ducatum
1643 959 1751 1014 illis
1771 956 2036 1028 praeberet

463 1048 519 1103 in
550 1051 728 1105 terris.
756 1050 884 1106 llaec
926 1051 1079 1107 stella
1122 1065 1396 1122 nunquam
1437 1059 1563 1105 ante
1591 1049 1877 1122 apparuit,
1907 1048 2034 1119 quia

422 1180 425 1181 ν
463 1154 608 1194 nunc
629 1154 751 1196 eam
777 1154 912 1209 puer
936 1141 1038 1196 iste
1061 1140 1286 1207 creavit,
1323 1148 1379 1196 et
1402 1140 1572 1211 magis
1593 1140 1661 1195 ad
1684 1154 1744 1194 se
1767 1138 2035 1195 venienti-

464 1228 566 1283 bus
604 1230 860 1297 prteviam
883 1229 1192 1301 deputavit,
1235 1245 1356 1300 quae
1386 1238 1605 1299 peracto
1631 1228 1886 1300 obsequio
1911 1243 2035 1285 mox

462 1331 585 1373 esse
607 1317 786 1374 desiit.
868 1390 875 1393 ν

542 1406 785 1480 Videntes
819 1418 994 1464 autem
1031 1410 1236 1467 stellam
1270 1412 1435 1482 gavisi
1474 1420 1594 1467 sunt
1625 1411 1819 1481 gaudio
1848 1426 2035 1481 magno

464 1496 636 1553 valde.
662 1498 888 1573 (Μλσιι.)
915 1500 1235 1558 Gaudebant
1254 1518 1485 1573 namque
1509 1503 1650 1574 magi
1675 1516 1781 1558 non
1803 1501 1928 1557 inde
1955 1515 2039 1557 so-

464 1585 599 1651 lum,
634 1589 779 1660 quod
816 1590 1025 1646 stellam
1049 1586 1296 1647 viderant
1321 1602 1377 1649 et
1409 1607 1588 1663 regem
1626 1601 1810 1647 natum
1836 1605 2034 1661 cogno-

466 1686 678 1743 verant,
729 1679 842 1736 imo
882 1680 1024 1749 quod
1051 1695 1143 1737 eos
1184 1697 1356 1753 usque
1395 1682 1464 1737 ad
1499 1680 1645 1736 illum
1685 1680 2033 1751 perducebat,

2130 518 2272 574 gem,
2299 510 2352 558 et
2380 502 2611 558 Arianus
2636 502 2746 557 Deo
2782 501 3060 572 unigenlto
3095 501 3397 556 naturalem
3425 502 3709 573 assignare

2130 595 2320 649 nititur
2331 594 2669 651 servitutem.
2690 592 2924 648 Proinde
2940 599 3162 661 uterque
3175 606 3283 647 non
3298 591 3611 662 experietur
3627 608 3709 647 re-

2108 702 2250 759 gem
2268 703 2300 743 a
2319 702 2426 758 quo
2445 703 2543 758 per
2554 686 2715 742 ﬁdem
2734 695 2970 757 regatur,
2999 685 3094 740 sed
3120 699 3151 739 a
3171 700 3280 754 quo
3299 684 3695 755 proiuﬁdelita-

2132 779 2203 836 tis
2223 778 2450 834 crimine
2470 779 2742 849 puniatur.
2769 775 2905 845 Quia
2925 775 2994 831 ab
3015 789 3124 829 uno
3143 774 3472 841 divinitatis,
3491 774 3683 830 abalte
3705 805 3711 808 -

2133 884 2194 923 ro
2214 868 2394 924 carnis
2409 867 2612 925 veritas
2634 868 2949 937 denegatur.
2972 867 3029 922 In
3054 868 3141 923 his
3168 865 3520 922 confunditur
3544 865 3713 923 etiam

2132 956 2434 1024 Nestorius,
2455 957 2546 1027 qui
2572 955 2766 1011 nititur
2786 955 3062 1031 Christum
3104 955 3160 1010 in
3188 954 3321 1033 duas
3345 968 3608 1025 personas
3631 952 3714 1008 di-

2132 1048 2336 1113 videre,
2360 1062 2483 1102 cum
2511 1046 2694 1101 videat
2718 1060 2907 1117 magos
2929 1060 3037 1103 non
3082 1044 3187 1100 alia
3232 1044 3375 1110 Deo,
3393 1051 3451 1099 et
3474 1042 3581 1098 alia
3618 1042 3716 1096 ho-

2134 1140 2287 1202 mini,
2317 1141 2413 1196 sed
2439 1139 2530 1194 uni
2574 1138 2686 1194 Deo
2719 1137 2925 1193 homini
2952 1136 3141 1192 eadem
3181 1150 3411 1191 munera
3451 1126 3716 1195 obtulisse

2133 1229 2464 1301 suppliciter.
2501 1226 2619 1284 Non
2646 1242 2777 1300 ergo
2802 1227 3077 1283 dividatur
3100 1227 3156 1283 in
3192 1225 3459 1296 personis,
3483 1225 3578 1294 qui
3604 1240 3714 1280 non

2135 1319 2406 1375 invenitur
2446 1317 2652 1391 divisus
2693 1317 2747 1371 in
2791 1315 2968 1372 donis.
3014 1315 3308 1386 Propterea
3336 1314 3536 1385 quippe
3575 1329 3719 1368 unus

2136 1409 2389 1480 idemque
2417 1408 2537 1464 istis
2562 1406 2879 1463 muneribus
2919 1405 3241 1471 honoratur,
3284 1411 3346 1458 ut
3372 1419 3512 1459 unus
3546 1402 3719 1457 idem-

2114 1514 2243 1570 que
2280 1498 2425 1554 Deus
2449 1506 2507 1553 et
2533 1497 2697 1552 homo
2721 1501 3092 1566 cognoscatur.
3118 1493 3226 1549 Ista
3255 1507 3536 1563 magorum
3562 1490 3718 1545 obla-

2139 1591 2214 1645 tio
2255 1587 2535 1646 conl'undit
2573 1587 2735 1643 etiam
2782 1584 3097 1657 Eutychetis
3126 1582 3425 1648 insaniam,
3475 1580 3570 1651 qui
3610 1595 3720 1634 non

2137 1679 2254 1736 vult
2279 1679 2334 1734 in
2360 1677 2577 1734 Christo
2601 1685 2886 1746 utramque
2908 1690 3092 1730 veram
3121 1668 3404 1744 prmdicari
3437 1679 3716 1725 naturam.

468 1767 622 1837 cujus
656 1768 922 1825 desiderio
957 1769 1199 1839 jamdum
1240 1773 1453 1827 accensi
1491 1780 1666 1828 erant.
1707 1772 1858 1829 Unde
1898 1772 2036 1827 scri-
2065 1779 2112 1838 Β
2141 1770 2435 1826 Veritatem
2477 1768 2675 1838 quippe
2720 1766 2946 1823 istorum
2980 1756 3265 1819 munerum
3312 1760 3478 1826 tollit,
3505 1761 3633 1815 dum
3663 1759 3721 1816 in

468 1869 618 1931 ptum
647 1868 731 1916 est
777 1877 792 1914 :
823 1860 1000 1918 Gavisi
1045 1873 1167 1918 sunt
1204 1864 1397 1934 gaudio
1445 1879 1634 1934 magno
1673 1862 1844 1930 valde,
1885 1862 2069 1919 valde‘

470 1952 666 2022 quippe
692 1954 779 2009 eis
797 1962 852 2009 et
869 1955 1070 2027 gaudio
1090 1969 1285 2024 magno
1311 1955 1650 2027 gaudendum
1673 1963 1824 2021 erat,
1853 1955 1945 2024 qui
1976 1955 2043 2010 ad

471 2057 696 2111 puerum
722 2043 961 2100 cmlcstis
984 2045 1127 2115 regis
1159 2045 1440 2119 pervenire
1463 2054 1808 2112 meruerant,
1839 2054 1894 2100 et
1921 2060 2044 2101 cor-

473 2133 651 2203 poreis
677 2133 849 2191 oculis
890 2135 1049 2191 simul
1085 2145 1143 2192 et
1167 2146 1385 2207 aspectu
1425 2136 1735 2209 ﬁdei‘illum
1777 2137 2041 2206 aspicere,

468 2223 561 2293 qui
592 2225 740 2279 venit
766 2225 1218 2294 totummundum
1246 2240 1277 2281 a
1305 2234 1649 2297 peccatorum
1676 2235 1734 2285 et
1755 2226 2045 2284 inﬁdelita—

473 2314 540 2367 tis
566 2314 1113 2371 tcncbrisl'rherare..
1214 2386 1217 2389 _
1324 2386 1327 2389 η

547 2402 612 2457 Et
639 2404 892 2460 intrantes
916 2405 1129 2462 domum
1153 2408 1453 2462 invenerunt
1474 2422 1698 2478 puerum
1720 2423 1836 2463 cum
1866 2406 2042 2461 Maria

471 2502 637 2545 matre
661 2492 812 2562 ejus,
845 2503 894 2550 et
937 2495 1259 2566 procidentes
1298 2496 1647 2555 adcreverqu
1689 2512 1829 2551 cum.
1868 2496 1937 2553 Et
1967 2496 2045 2573 in-

473 2589 679 2638 tsantes
708 2583 925 2641 domum
955 2585 1122 2652 dicit,
1160 2585 1214 2640 id
1237 2593 1350 2653 est,
1397 2585 1451 2641 in
1488 2584 1843 2643 diversorium
1864 2626 1880 2651 ,
1914 2585 2043 2644 illud

471 2672 721 2728 videlicet
763 2673 908 2744 quod
950 2674 1128 2733 Lucas
1151 2675 1205 2730 in
1226 2676 1517 2747 Evangelio
1537 2691 1634 2735 suo
1656 2685 2045 2733 commemorat

470 2766 623 2840 (Luc.
649 2768 731 2840 ιι).
763 2767 1078 2837 Innrnerunt
1095 2786 1311 2840 puerum
1336 2785 1455 2824 cum
1474 2768 1660 2823 Maria
1689 2780 1852 2823 matre
1885 2770 2000 2840 ejus
2023 2809 2039 2836 ,

2140 1860 2357 1916 Christo
2390 1874 2553 1914 unam
2582 1866 2833 1915 naturam
2867 1856 3163 1928 praedicare
3207 1853 3506 1910 contendit.
3535 1851 3717 1908 Potest

2140 1961 2195 2008 et
2237 1952 2382 2007 aliud
2428 1952 2480 2006 in
2525 1964 2682 2016 auro,
2726 1950 2885 2013 thure
2927 1954 2984 2002 et
3035 1945 3257 2017 myrrha
3296 1942 3545 2013 intelligi.
3583 1940 3719 2009 Quia
3803 1974 3809 1979 ο

2142 2044 2258 2099 hmc
2286 2042 2509 2113 mystica
2540 2041 2677 2096 dona
2715 2020 2988 2112 mysteriis
3032 2022 3359 2092 coelestibus
3384 2040 3514 2088 sunt
3541 2031 3718 2104 plena.

2139 2135 2196 2190 ln
2222 2148 2359 2188 auro
2402 2146 2634 2203 namque
2664 2130 2966 2189 ostenditur
2990 2114 3318 2199 captivitatis
3351 2133 3555 2179 nostra:
3602 2138 3723 2194 pre-

2144 2224 2278 2280 tiosa
2303 2221 2618 2292 redemptio.
2657 2221 2717 2276 In
2742 2221 2901 2276 thure
2925 2227 3104 2274 autem
3128 2224 3185 2273 et
3211 2214 3606 2272 daemoniorum
3622 2210 3718 2266 su-

2141 2314 2385 2386 perstitio
2419 2320 2719 2377 cessatura,
2746 2319 2801 2366 et
2829 2308 3041 2365 iuturus
3066 2323 3208 2364 verte
3242 2306 3519 2377 religionis
3547 2306 3723 2361 Cultus

2142 2406 2400 2477 aperitur.
2429 2403 2488 2459 In
2518 2403 2737 2476 myrrha
2758 2417 2887 2458 vero
2916 2416 3022 2473 qua
3046 2400 3359 2456 exanimata
3397 2398 3580 2454 solent
3603 2413 3725 2477 cor-

2140 2511 2269 2566 pora
2309 2496 2650 2560 conservari,
2696 2494 3070 2565 prmﬁguratur
3107 2492 3288 2548 carnis
3320 2498 3522 2546 nostra:
3563 2505 3723 2559 repa-

2143 2587 2302 2653 ratio,
2327 2595 2383 2642 et
2415 2585 2741 2642 resurrectio
2775 2591 3129 2649 mortuorum.
3156 2582 3287 2637 Item
3335 2595 3470 2635 auro
3506 2580 3724 2650 sapien-

2144 2678 2238 2743 tia,
2276 2675 2565 2733 Solomone
2607 2681 2920 2741 attestante,
2958 2673 3281 2744 assignatur,
3307 2671 3399 2741 qui
3443 2669 3559 2736 ait,
3591 2669 3726 2724 The-

2141 2787 2334 2826 saurus
2360 2769 2721 2825 desiderabilis
2755 2767 3021 2838 requiescit
3051 2767 3103 2820 in
3131 2782 3220 2820 ore
3247 2764 3501 2833 sapientis
3534 2762 3720 2836 (Prov.

467 2872 569 2914 cur
590 2873 818 2928 puerum
840 2858 991 2917 illum
1017 2867 1198 2924 vocat,
1222 2858 1314 2929 qui
1342 2858 1520 2915 adhuc
1548 2856 1726 2915 infans
1750 2844 1888 2923 erat,
1914 2858 2042 2928 quia
2104 2906 2111 2917 ,
2144 2858 2277 2932 me).
2296 2859 2489 2920 .Thure
2516 2866 2699 2913 autem
2725 2857 2885 2927 quod,
2903 2855 3015 2916 Deo
3050 2855 3376 2919 incenditur,
3401 2854 3578 2908 virtus
3605 2868 3724 2908 ora-

472 2962 578 3002 non
614 2942 922 3006 necessario
946 2948 1252 3019 assignatur
1276 2956 1409 3004 aztas
1432 2948 1482 3003 ei
1503 2947 1595 3017 qui
1624 2961 1837 3019 semper
1861 2945 2042 3018 perfe-
2144 2950 2305 3007 tionis
2352 2949 2689 3020 exprimitur,
2726 2933 3010 3007 Psalmista
3052 2952 3362 3009 attestante,
3408 2943 3505 3013 qui
3551 2941 3720 3005 dicit,

470 3045 590 3092 ctus
621 3045 722 3092 est.
754 3037 1025 3105 Qumritur
1068 3052 1167 3092 cur
1201 3034 1399 3108 Ioseph
1439 3036 1599 3094 simul
1644 3052 1766 3091 cum
1792 3049 1959 3110 puero
1987 3043 2043 3091 et
2145 3042 2418 3113 Dirigatur
2460 3041 2636 3097 oratio
2674 3055 2795 3095 mea
2832 3039 2970 3094 sicut
3017 3038 3294 3095 incensum
3336 3036 3389 3092 in
3425 3043 3722 3105 conspectu

473 3124 640 3180 Maria
668 3126 919 3182 inventus
943 3140 976 3179 ³
1004 3126 1177 3197 magis
1220 3140 1339 3181 esse
1378 3140 1487 3181 ῐιοη
1529 3125 1777 3190 dicatur.
1812 3124 1915 3180 1100
1936 3132 2041 3191 εει,
2067 3116 2113 3180 (ἶ
2146 3141 2257 3188 ιυο.
2301 3131 2405 3187 Per
2435 3131 2709 3201 myrrham
2749 3143 2881 3184 vero
2920 3127 3102 3185 carnis
3149 3135 3344 3184 nostrae
3371 3124 3723 3183 mortiﬁcatio

470 3229 540 3270 ne
564 3213 741 3285 aliqua
772 3214 1271 3292 makesuspicionis
1290 3214 1535 3295 gentibus
1560 3214 1781 3273 daretur
1804 3213 2040 3281 occasiO,
2108 3268 2111 3271 .
2144 3224 2422 3294 ﬁguratur.
2463 3222 2617 3279 Unde
2640 3230 2695 3278 et
2720 3222 2906 3276 sancta
2935 3218 3175 3275 Ecclesia
3203 3217 3269 3272 de
3296 3217 3411 3274 suis
3455 3216 3724 3287 operariis

471 3321 591 3376 quae
629 3306 892 3376 primitias
926 3321 1052 3363 suas
1090 3305 1370 3363 Salvatore
1413 3316 1542 3363 nato
1580 3307 1763 3366 statim
1808 3307 1877 3362 ad
1916 3322 2041 3362 eum

471 3395 802 3450 adorandum
844 3396 1126 3452 miserunt.
1170 3394 1306 3452 Nam
1347 3396 1684 3468 procidentes
1723 3395 1951 3463 adorant
1985 3395 2040 3450 in

470 3499 635 3540 carne
666 3486 923 3551 Verbum,
949 3485 1003 3540 in
1025 3484 1249 3544 infantia
1277 3485 1619 3556 sapientiam,
1646 3483 1701 3538 in
1732 3483 2043 3540 inﬁrmitate

471 3576 722 3632 virtutem
747 3585 801 3634 et
828 3576 882 3632 in
910 3576 1143 3637 hominis
1161 3578 1386 3638 veritate
1409 3578 1690 3632 Dominum
1718 3577 2037 3646 majestatis.

477 3666 650 3738 thue
677 3674 1073 3723 sacramentum
1110 3656 1236 3725 ﬁdei
1263 3654 1377 3724 sum
1415 3667 1779 3738 intelligentiae
1815 3667 2043 3727 manife-

470 3763 635 3822 stent,
660 3755 804 3829 quod
821 3755 1078 3813 cordibus
1103 3756 1328 3815 credunt
1391 3756 1706 3819 muneribus
1732 3764 2040 3832 protestan-

471 3857 577 3902 tur.
606 3846 757 3906 Unde
777 3848 1049 3918 sequitur:

542 3935 611 3992 Et
632 3937 828 4010 apertis
850 3937 1107 3997 thesauris
1133 3928 1249 3993 suis
1272 3939 1566 4002 obtulerunt
1589 3942 1636 3996 ei
1665 3958 1904 4007 munera,
1940 3959 2040 4002 au-

2143 3329 2313 3384 usque
2357 3314 2424 3369 ad
2463 3320 2691 3368 mortem
2740 3296 2853 3382 pro
2884 3309 3495 3370 Dominoccrtantibus
3540 3308 3714 3364 dicit:

2142 3401 2335 3457 Manus
2373 3417 2502 3455 mete
2533 3399 2917 3456 distillaverunt
2954 3400 3221 3470 myrrham
3265 3392 3443 3470 (Cant.
3470 3397 3549 3470 ν).
3580 3397 3719 3452 Nato

2140 3507 2270 3561 ergo
2312 3490 2443 3561 Regi
2486 3505 2677 3546 aurum
2724 3488 2998 3546 offerimus
3031 3490 3075 3544 si
3133 3489 3185 3543 in
3226 3496 3526 3564 conspectu
3579 3487 3723 3564 illius

2140 3583 2385 3639 claritate
2413 3598 2658 3653 superate
2684 3582 2960 3653 sapientiae
3003 3561 3424 3652 resplendemus,
3478 3581 3611 3635 thus
3640 3561 3725 3634 of:

2140 3672 2382 3738 ierimus,
2430 3673 2474 3728 si
2504 3673 2856 3744 cogitationes
2883 3662 3066 3727 carnis
3103 3662 3200 3741 per
3224 3679 3409 3726 sancta
3440 3670 3720 3740 operatio-

2140 3780 2266 3825 num
2298 3764 2473 3819 studia
2512 3763 2566 3819 in
2595 3779 2690 3818 ara
2733 3763 2910 3819 cordis
2942 3762 3297 3828 incendimus,
3338 3770 3399 3817 ut
3424 3776 3598 3816 suave
3625 3759 3724 3815 ali-

2141 3854 2267 3926 quid
2296 3856 2404 3911 Deo
2427 3870 2525 3926 per
2551 3855 2770 3911 cmleste
2794 3854 3128 3914 desiderium.
3145 3852 3387 3908 redolere
3414 3848 3718 3907 valeamus.

2141 3947 2409 4019 Myrrham
2437 3945 2731 4012 oﬁ‘erimus,
2757 3946 2803 4002 si
2835 3946 3015 4001 carnis
3043 3945 3173 3999 vitia
3202 3959 3300 4016 per
3326 3943 3718 3998 abstinentiam

470 4043 616 4092 rum,
640 4027 760 4085 titus
780 4035 828 4082 et
856 4027 1140 4097 myrrham.
1171 4028 1308 4083 Ecce
1334 4037 1444 4086 tres
1469 4031 1610 4101 magi
1644 4031 1806 4086 simul
1832 4047 1939 4087 uno
1961 4033 2044 4087 iti-
2140 4036 2546 4097 mortiﬁcamus.
2592 4035 2697 4092 Per
2740 4037 3016 4108 myrrham
3057 4049 3309 4105 namque,
3342 4042 3403 4088 ut
3452 4033 3716 4098 diximus,

469 4132 599 4173 nere
613 4116 887 4178 adoraturi
904 4117 1210 4185 veniebant,
1230 4119 1356 4190 quia
1376 4120 1429 4174 in
1447 4135 1551 4176 uno
1565 4119 1777 4177 Christo
1789 4121 2041 4195 Jesu,qui
2100 4112 2105 4115 ’
2140 4125 2341 4196 agitur,
2363 4140 2432 4181 ne
2460 4134 2668 4183 mortua
2698 4141 2823 4185 caro
2851 4125 3123 4196 putreﬁat.
3149 4124 3414 4181 Mortuam
3444 4139 3579 4180 vero
3602 4139 3725 4178 car-

468 4208 707 4265 omnium
721 4207 1053 4266 credentium
1070 4207 1152 4263 via
1164 4216 1270 4275 est,
1300 4208 1603 4281 inseparata
1616 4209 1816 4271 eratab
1831 4209 1910 4264 eis
1923 4209 2043 4270 Tri-
2140 4230 2263 4271 nem
2287 4221 2617 4284 putrescere,
2642 4223 2722 4271 est
2758 4215 2861 4270 hoc
2885 4208 3110 4273 mortale
3137 4229 3332 4285 corpus
3356 4212 3527 4269 ﬁuxui
3566 4213 3727 4268 luxu-

468 4301 611 4357 nitas
640 4301 934 4358 adoranda.
964 4300 1221 4357 Deierunt
1238 4309 1418 4361 autem
1440 4301 1490 4357 ei
1514 4317 1761 4369 munera,
1788 4316 1906 4372 qua:
1932 4317 2039 4361 non
2142 4304 2237 4362 riae
2259 4304 2567 4365 deservire._
2587 4303 2858 4380 Myrrham
2884 4319 3014 4374 ergo
3038 4304 3149 4358 Deo
3174 4301 3473 4368 offerimus,
3502 4300 3724 4373 quando

412 4456 415 4461 ν
470 4403 577 4448 tam
614 4407 834 4452 munera
873 4408 1031 4463 quam
1068 4392 1321 4464 mysteria
1353 4391 1671 4464 probantur,
1711 4392 1764 4455 id
1799 4399 1902 4457 est,
1943 4406 2042 4445 au-
2064 4449 2115 4469 n
2140 4393 2244 4455 hoc
2275 4392 2500 4448 mortale
2524 4408 2720 4463 corpus
2761 4409 2790 4447 a
2818 4392 3043 4455 luxuriae
3069 4393 3355 4469 putredine
3396 4406 3496 4463 per
3527 4391 3724 4449 condi-

468 4498 608 4547 rutn,
653 4483 775 4540 thus
807 4489 863 4536 et
890 4449 1192 4554 inyrrhain.
1220 4481 1323 4544 Per
1352 4449 1453 4537 ista
1482 4495 1611 4551 ergo
1636 4495 1918 4535 munerum
1947 4494 2035 4550 gev
2063 4449 2117 4508 D
2140 4491 2379 4538 mentum
2400 4449 2742 4545 continentia:
2767 4449 3118 4544 custodimus.
3146 4481 3369 4561 Mystice
3396 4449 3575 4536 autem
3605 4490 3726 4536 tres

469 4588 618 4637 uera,
658 4573 712 4628 in
740 4588 849 4632 uno
873 4572 1171 4645 eodemque
1207 4571 1423 4633 Christo
1455 4580 1511 4627 et
1546 4570 1724 4631 divina
1760 4568 2035 4641 maiestas,

464 4672 521 4717 et
541 4661 703 4737 regia
732 4670 991 4731 potestas,
1030 4670 1088 4717 et
1132 4662 1365 4721 humana
1408 4661 1706 4721 mortalitas
1734 4655 2034 4723 intimatur.

466 4754 619 4809 'l'hus
639 4738 784 4811 enim
811 4753 878 4813 ad
904 4751 1254 4819 sacriﬁcium,
1285 4768 1477 4810 aurum
1510 4753 1745 4824 pertinet
1769 4754 1836 4810 ad
1864 4755 2035 4811 tribu-

468 4854 580 4900 tum
608 4885 623 4909 ,
670 4844 887 4918 myrrha
931 4843 999 4907 ad
1033 4842 1361 4913 sepulturam
1402 4844 1633 4914 pertinet
1676 4852 2033 4899 mortuorum.

464 4934 656 4991 Omnia
681 4935 794 4992 haec
813 4942 1000 5003 sancta
1030 4935 1164 4993 ﬁdes
1187 4932 1401 4993 Christo
1426 4934 1691 4989 veraciter
1716 4932 1911 4989 oﬁ‘crre
1931 4949 2037 4993 non

464 5028 683 5096 desinit,
734 5029 859 5083 dum
890 5042 1053 5086 unum
1102 5027 1458 5098 eumdemque
1499 5040 1685 5081 verum
1729 5025 2034 5090 Dominum,

463 5135 652 5175 verum
696 5133 898 5191 regem,
936 5132 1232 5186 verumque
1266 5116 1536 5175 hominem
1585 5116 1780 5180 credit,
1823 5122 1883 5169 ut
1909 5128 2036 5170 vere

463 5226 563 5281 pro
591 5210 745 5267 nobis
773 5218 1041 5268 mortuum
1072 5208 1337 5265 veraciter
1369 5214 1738 5279 recognoscat.
1784 5204 1841 5260 in
1887 5205 2034 5259 obla-

464 5302 610 5357 tione
639 5299 813 5354 thuris
838 5297 1183 5357 confunditur
1223 5298 1474 5361 Arianus,
1515 5297 1606 5367 qui
1646 5296 1743 5352 soli
1772 5295 1917 5350 Patri
1949 5311 2035 5351 sa-

464 5387 725 5442 criﬁcium
757 5386 940 5442 oll'erri
965 5388 1161 5444 debere
1185 5387 1479 5443 contendit.
1502 5388 1556 5441 In
1585 5386 1854 5442 oblatione
1882 5402 2033 5457 myr-

464 5478 577 5531 rhm
619 5477 964 5532 confunditur
1016 5478 1376 5543 Manichacus,
1434 5478 1525 5548 qui
1581 5478 1853 5533 Christum
1908 5492 2033 5532 vere

466 5575 733 5619 mortuum
765 5582 864 5638 pro
890 5576 1072 5623 nostra
1101 5568 1271 5623 salute
1298 5584 1403 5623 non
1435 5567 1626 5624 credit.
1658 5568 1714 5623 ln
1743 5584 1876 5624 auro
1902 5583 2032 5624 vero

462 5655 620 5715 simul
645 5669 866 5724 uterque
886 5659 1247 5721 confunditur.
1268 5662 1400 5730 Quia
1429 5673 1479 5718 et
1510 5662 1833 5719 Mauiclurus
1861 5664 1924 5719 de
1950 5653 2031 5719 Se-

2139 4572 2281 4643 magi
2318 4572 2625 4644 signiﬁcant
2668 4571 2933 4631 Gentilem
2976 4572 3230 4643 populum
3275 4588 3341 4627 ex
3390 4572 3563 4629 tribus
3591 4571 3724 4626 ﬁliis

2139 4661 2251 4719 Noe
2277 4671 2641 4733 procreatum,
2668 4670 2723 4725 et
2746 4678 2776 4716 a
2809 4660 2983 4717 tribus
3008 4662 3255 4738 partibus
3288 4662 3438 4721 orbis
3464 4662 3533 4719 ad
3559 4660 3727 4718 Chri-

2138 4755 2205 4811 sti
2233 4755 2389 4811 ﬁdem
2413 4754 2736 4815 vcnientcm.
2767 4754 2931 4817 Stella
2958 4754 3172 4824 quidem
3205 4754 3585 4831 propheticum
3609 4768 3727 4809 ser-

2140 4862 2353 4906 monem
2401 4846 2667 4918 signiﬁcat
2708 4846 2976 4902 veraciter
3003 4845 3211 4909 Domini
3251 4846 3594 4905 nativitatem
3628 4846 3725 4899 de-

2139 4944 2545 4999 monstrantem.
2598 4934 2838 4992 Herodes
2876 4951 3002 4990 vero
3050 4944 3232 5008 typum
3284 4942 3435 4990 tenet
3481 4933 3724 4999 diaboli,

2137 5026 2231 5105 qui
2271 5027 2485 5096 cognita
2514 5024 2809 5091 Salvatoris
2845 5025 3123 5087 nativitate
3150 5025 3499 5099 persequitur
3539 5023 3723 5087 illum,

2137 5116 2393 5176 membris
2436 5112 2552 5187 ejus
2596 5114 2943 5188 temporalem
2998 5130 3309 5188 praeparans
3364 5121 3627 5168 mortem.
3675 5112 3721 5165 Δ

2136 5220 2244 5276 quo
2272 5204 2411 5275 magi
2457 5213 2716 5275 pergunt.
2745 5221 2868 5261 cum
2897 5205 2965 5260 ab
3009 5205 3312 5259 idololatria
3339 5212 3527 5276 gentes
3558 5218 3722 5258 rece-

2139 5296 2293 5361 dunt,
2319 5304 2374 5351 et
2409 5295 2476 5348 ad
2505 5295 2721 5350 domum
2749 5296 2802 5349 in
2832 5310 2936 5365 qua
2960 5304 3044 5350 est
3069 5295 3341 5360 Christus,
3372 5294 3423 5349 id
3464 5300 3549 5347 est
3568 5333 3587 5357 ,
3619 5292 3726 5346 Ec-

2137 5388 2356 5444 clesiam
2384 5387 2702 5444 catholicam
2738 5388 3076 5459 perveniunt.
3105 5387 3161 5441 In
3192 5402 3355 5456 quam
3385 5400 3482 5454 per
3507 5384 3721 5454 baptis-

2139 5495 2284 5535 mum
2320 5488 2375 5535 et
2405 5479 2564 5536 ﬁdem
2591 5494 2775 5534 veram
2802 5478 3180 5550 ingredientes,
3217 5487 3537 5548 repererunt
3556 5474 3721 5531 Chri-

2136 5580 2279 5625 stum
2307 5588 2428 5627 cum
2459 5580 2632 5627 matre
2661 5587 2776 5638 sua,
2802 5586 2925 5627 cum
2953 5579 3136 5626 sancta
3165 5569 3417 5624 videlicet
3445 5565 3725 5630 Ecclesia,

2137 5678 2253 5731 quae
2286 5663 2433 5733 virgo
2466 5677 2785 5734 permanens
2835 5662 3071 5735 quotidie
3108 5660 3219 5715 Deo
3259 5661 3401 5731 patri
3442 5659 3581 5714 ﬁlios
3626 5671 3725 5729 εει
