3970 6198
273 311 374 366 73!

1233 306 1586 367 COMMENT.
1625 307 1693 364 IN
1734 295 2169 365 MA'I'TIl/EUM.
2209 341 2277 351 -—
2313 311 2443 368 LIB.
2481 313 2523 369 Ι.

3438 323 3550 380 769

271 433 444 490 uerat,
468 422 667 493 Joseph
689 423 813 478 inde
841 428 1196 492 sequestrata,
1221 421 1402 488 idest,
1427 420 1735 477 Judaeorum
1766 435 1856 490 po-
1888 422 1938 481 Α
1966 427 2103 475 trem
2150 420 2290 490 ejus,
2319 432 2380 478 ut
2429 425 2484 479 in
2515 424 2806 497 Egyptum
2852 435 3111 498 transeat,
3145 441 3302 490 nocte
3331 435 3453 492 tulit
3487 445 3546 493 οι

270 517 396 588 pulo
423 524 648 586 propter
689 512 968 584 perﬁdiam
1004 511 1233 566 secluso.
1263 510 1332 565 Et
1357 512 1553 582 apertis
1597 510 1858 565 thesauris

274 610 404 671 suis,
435 606 733 660 litterarqu
760 603 990 673 peritia,
1015 601 1313 656 obtulerunt
1342 601 1389 655 ei
1420 610 1571 655 terna
1613 615 1854 663 munera,

271 699 326 756 id
359 708 471 762 est,
515 697 814 768 physicam,
840 694 1098 760 ethicam,
1124 693 1376 764 logicum,
1403 693 1516 748 sive
1552 691 1856 756 historiam,

273 787 649 861 tropologiatn',
678 795 732 841 et
761 785 1072 857 allegoriam
1091 824 1106 849 ,
1136 784 1222 838 vel
1248 783 1408 838 fidem
1435 791 1638 858 sancta:
1675 782 1858 837 Trini-

271 882 417 936 tatis.
448 878 666 933 Munera
700 890 830 947 ergo
865 876 919 930 in
953 873 1220 930 thesauris
1253 873 1434 928 clausa
1463 871 1771 943 signiﬁcant
1795 871 1859 925 ﬁ—

270 969 393 1024 dem
424 969 476 1022 in
507 967 671 1023 corde
698 965 1061 1020 reconditam;
1083 961 1304 1018 Munera
1324 977 1454 1017 vero
1481 961 1548 1016 de
1587 960 1858 1016 thesauris

270 1058 472 1128 apertis
505 1056 714 1126 prolata
767 1053 1074 1124 signiﬁcant
1098 1051 1257 1106 ﬁdem
1283 1050 1394 1105 oris
1418 1049 1759 1106 confessione
1782 1058 1859 1104 at-

269 1167 376 1222 que
400 1151 582 1221 operis
608 1148 924 1219 probatione
959 1143 1377 1200 manifestatam.
1420 1141 1526 1198 Sed
1565 1143 1691 1212 quia
1731 1150 1856 1212 post

268 1251 544 1312 receptam
571 1240 730 1294 ﬁdem
751 1246 806 1293 et
832 1236 1100 1307 cognitam
1123 1234 1404 1300 veritatem
1430 1245 1727 1289 retrorsum
1752 1233 1855 1300 ire,

265 1343 323 1386 et
361 1334 426 1387 in
468 1328 838 1385 inﬁdelitatem
886 1326 1054 1382 relabi
1095 1326 1256 1382 alicui
1293 1338 1401 1380 non
1445 1324 1590 1390 licet,
1623 1340 1856 1393 sequens

266 1421 536 1477 sententia
566 1419 854 1489 signiﬁcat,
870 1427 1004 1473 eum
1031 1418 1406 1489 su‘.:jungitur:

341 1515 410 1568 Et
445 1529 689 1584 responso
717 1521 924 1581 accepto
960 1510 1016 1564 in
1046 1511 1242 1565 somnis
1279 1526 1341 1564 ne
1366 1509 1594 1563 redirent
1637 1509 1706 1563 ad
1748 1508 1856 1564 Ile-

265 1605 470 1670 rodem,
496 1619 589 1674 per
607 1602 764 1656 aliam
791 1602 926 1656 viam
954 1603 1145 1656 reversi
1174 1611 1294 1656 sunt
1315 1602 1370 1656 in
1391 1602 1650 1656 civitatem
1675 1619 1850 1657 suam.

266 1694 412 1763 Ergo
458 1693 601 1763 magi
646 1706 869 1746 munera
908 1691 1222 1748 obtulerunt
1265 1690 1511 1758 Domino,
1554 1701 1612 1748 et
1658 1707 1852 1748 conse-

1961 508 2016 562 in
2047 510 2298 564 tenebris.
2330 511 2557 578 Quando
2584 528 2714 569 vero
2742 516 3034 572 revertitur
3063 533 3163 574 nec
3190 536 3295 577 nox
3327 537 3426 578 nec
3445 532 3545 580 te-

1959 587 2140 655 uebﬂe
2166 610 2440 671 ponuntur
2464 604 2518 658 in
2556 605 2864 677 Evangelio.
2895 607 3032 675 Quia
3068 609 3188 666 luce
3225 625 3354 668 vera
3389 629 3542 670 rece-

1957 688 2141 755 dente,
2171 689 2306 746 lucis
2349 692 2516 762 ipsius
2542 708 2801 750 exosores
2847 697 2899 750 in
2946 698 3140 768 priscis
3177 702 3420 758 tenebris
3452 719 3540 759 re-

1957 792 2291 837 manserunt.
2339 783 2460 854 Ipsa
2517 801 2648 848 vero
2702 787 2962 842 redeunte
3020 790 3330 860 quicunque
3388 793 3539 864 digni

1955 871 2194 928 existunt
2234 881 2495 944 perpetuo
2531 875 2670 932 lucis
2715 875 2924 947 fulgore
2966 878 3356 936 illuminantur.
3385 881 3540 947 Quod

1955 969 2137 1016 autem
2164 960 2422 1020 Dominus
2449 964 2562 1033 ipse
2591 979 2658 1018 ne
2686 966 3023 1021 occideretur
3047 967 3115 1022 ab
3156 968 3366 1026 Herode
3388 973 3533 1027 sub-

1955 1050 2096 1106 latus
2119 1059 2202 1107 est
2226 1068 2256 1106 a
2280 1040 2597 1122 parentibus
2621 1055 2675 1108 in
2699 1054 3012 1127 Egyptum,
3039 1058 3306 1129 signiﬁcat
3331 1060 3533 1118 electos

1955 1145 2151 1213 saepius
2196 1146 2309 1202 suis
2354 1146 2665 1217 elfugandos
2707 1149 2955 1214 sedibus,
3003 1150 3090 1204 vel
3134 1151 3298 1206 etiam
3345 1154 3538 1208 exsilio

1955 1234 2310 1292 damnandos.
2353 1237 2456 1292 Ubi
2502 1239 2662 1294 simul
2690 1240 3020 1309 exemplum
3062 1241 3222 1296 datur
3263 1243 3530 1311 ﬁdelibus,

1955 1339 2022 1380 ne
2062 1327 2308 1382 dubitent
2332 1328 2534 1383 rabiem
2563 1331 3002 1400 persequentium
3031 1329 3144 1402 (ubi
3169 1343 3531 1403 opportunum

1954 1415 2137 1488 fuerit)
2163 1417 2456 1484 declinare,
2484 1419 2754 1489 fugiendo,
2782 1436 2905 1475 eum
2935 1423 3038 1477 hoc
3069 1422 3235 1477 Deum
3264 1439 3328 1478 ac
3351 1424 3536 1480 Domi-

1953 1523 2080 1561 num
2123 1524 2281 1563 suum
2322 1508 2517 1564 fecisse
2557 1511 2924 1566 meminerint.
2969 1511 3246 1582 Siquidem
3290 1514 3405 1583 ipse
3444 1514 3536 1584 qui

1951 1606 2319 1667 przecepturus
2345 1599 2458 1654 suis
2485 1608 2642 1655 erat:
2673 1599 2805 1654 Cum
2843 1618 2928 1656 vos
2963 1603 3219 1672 persecuti
3262 1602 3455 1670 fuerint
3483 1604 3538 1657 in

1953 1708 2060 1746 una
2089 1692 2312 1757 civitate,
2343 1691 2502 1762 fugite
2544 1695 2600 1746 in
2626 1694 2788 1748 aliam
2823 1693 3036 1765 (Matth.
3060 1695 3154 1765 xx)
3175 1735 3188 1761 ,
3218 1695 3371 1764 prius
3408 1695 3539 1750 fecit

264 1794 498 1856 quenter
522 1787 743 1840 munera
773 1783 842 1837 ab
866 1799 932 1838 eo
956 1783 1246 1852 accipiunt.
1278 1782 1642 1837 Revertantur
1671 1790 1852 1838 autem
1881 1776 1931 1836 B
1956 1783 2098 1851 quod
2144 1791 2496 1853 praeceperat,
2542 1784 2794 1853 fugiendo
2823 1786 3060 1850 homine,
3100 1787 3254 1854 quasi
3284 1786 3446 1842 homo
3482 1787 3536 1841 in

262 1895 366 1950 per
399 1877 562 1932 aliam
590 1877 756 1942 viain,
785 1876 875 1945 qui
916 1874 1222 1930 inﬁdelitati
1260 1874 1520 1930 miscendi
1553 1890 1658 1929 non
1691 1881 1852 1928 erant

261 1970 596 2027 Judaeorum.
621 1967 678 2022 In
716 1982 780 2022 eo
805 1967 948 2020 cnim
976 1966 1117 2035 quod
1147 1965 1405 2020 admoniti
1433 1963 1658 2029 faciunt,
1693 1965 1851 2019 nobis

261 2061 512 2131 profecto
536 2058 810 2113 insinuant
846 2056 975 2126 quid
1009 2056 1290 2110 faciamus.
1320 2054 1489 2126 Regio
1515 2056 1728 2125 quippe
1751 2070 1850 2110 no-

259 2161 376 2206 stra
404 2151 685 2221 paradisus
716 2157 820 2215 est,
849 2149 916 2204 ad
960 2164 1118 2218 quem
1149 2147 1274 2203 Jesu
1303 2148 1520 2218 cognito
1550 2148 1727 2202 redire
1753 2163 1851 2216 per

257 2242 407 2295 viam
437 2255 540 2311 qua
581 2239 830 2295 venimus
874 2238 1244 2307 prohibemur.
1294 2238 1340 2290 Α
1383 2237 1600 2308 regione
1647 2238 1848 2292 etenim

255 2341 450 2385 nostra
472 2331 849 2401 superbiendo,
876 2329 1248 2394 inobediendo,
1279 2330 1508 2384 visibilia
1547 2329 1846 2399 sequendo,

253 2422 446 2477 cibum
492 2421 717 2476 vetitum
763 2422 1028 2492 gustando
1075 2420 1441 2484 discessimus,
1483 2420 1577 2474 sed
1629 2434 1849 2474 necesse

253 2523 346 2568 est
400 2511 470 2568 ad
511 2527 632 2568 eam
690 2511 897 2576 ﬂendo,
941 2511 1272 2576 obediendo,
1321 2511 1554 2566 visibilia
1600 2519 1848 2566 contem-

253 2603 463 2670 nendo,
503 2611 668 2673 atque
702 2602 1001 2672 appetitum
1051 2602 1234 2656 carnis
1268 2600 1612 2667 refrenando,
1664 2603 1850 2657 redea-

252 2709 404 2748 mus.
445 2693 550 2748 Per
593 2693 756 2748 aliam
795 2694 937 2746 viam
966 2691 1034 2746 ad
1069 2694 1342 2763 regionem
1377 2701 1616 2748 nostram
1665 2709 1849 2764 regre-

251 2785 464 2851 ditnur,
509 2784 725 2854 quando
769 2784 860 2854 qui
902 2800 931 2838 a
965 2784 1208 2838 Paradisi
1254 2785 1448 2851 gaudio
1480 2799 1576 2854 per
1613 2784 1846 2840 delecta-

251 2881 446 2928 menta
512 2873 904 2939 discessimus,
959 2874 1026 2928 ad
1083 2875 1186 2929 hoc
1242 2889 1340 2943 per
1395 2873 1630 2929 lamenta
1688 2889 1847 2930 revo—

253 2981 318 3019 ca
328 2979 475 3018 mur.

327 3054 437 3120 Qui
467 3070 587 3107 cum
631 3055 981 3120 recessissent,
1020 3071 1135 3110 ecce
1173 3055 1390 3126 angelus
1428 3054 1640 3110 Domini
1685 3073 1846 3128 appa-

251 3147 363 3201 ruit
391 3146 448 3200 in
478 3147 673 3200 somnis
697 3145 914 3216 Ioseph,
944 3147 1120 3200 dicens
1145 3161 1163 3198 :
1202 3121 1395 3216 surge,
1431 3150 1479 3200 et
1508 3147 1682 3216 accipe
1717 3121 1845 3216 p'ue-
1873 3121 1919 3184 C

253 3251 401 3300 rum,
433 3242 483 3288 et
511 3230 730 3288 matrem
768 3235 902 3304 ejus,
926 3245 974 3289 et
1002 3236 1122 3305 fuge
1149 3236 1204 3289 in
1232 3235 1541 3305 .Egyptum,
1567 3245 1614 3290 et
1641 3245 1748 3290 esto
1773 3236 1846 3290 ibi

252 3347 424 3400 usque
464 3329 586 3382 dum
616 3327 786 3381 dicam
815 3327 942 3390 tibi;
969 3325 1208 3395 futurum
1232 3334 1306 3380 est
1341 3325 1478 3379 enim
1521 3325 1845 3382 uLHerodes

249 3428 461 3489 quierat
489 3434 705 3488 puerum
738 3417 807 3470 ad
842 3415 1160 3486 perdendum
1192 3432 1328 3469 eum.
1363 3415 1544 3487 (Aug.)
1574 3415 1675 3471 Hic
1709 3417 1846 3472 Mat-

229 3512 434 3564 -th:eus
472 3507 834 3578 pnetermittit
871 3522 990 3575 qum
1035 3505 1211 3561 Lucas
1259 3515 1444 3559 narrat
1491 3506 1558 3561 de
1604 3507 1840 3571 Christo,

252 3599 404 3670 quod
452 3607 584 3669 post
609 3598 858 3668 impletos
885 3597 998 3652 dies
1043 3597 1378 3667 purgationis
1408 3595 1614 3663 Mariae,
1651 3598 1845 3653 attule-

253 3699 388 3745 runt
431 3704 554 3744 eum
598 3673 916 3752 Jerusalem,
946 3693 1000 3740 et
1035 3687 1100 3741 dc
1134 3685 1386 3741 Situcone
1421 3693 1476 3740 et
1518 3686 1696 3752 Anna,
1725 3703 1845 3757 quae

253 3784 514 3837 dixerunt
540 3781 607 3835 de
633 3780 724 3836 illo
766 3780 819 3834 in
867 3777 1087 3849 templo,
1135 3786 1423 3848 postquam
1471 3783 1844 3848 Cognoverunt

253 3890 384 3929 eum
412 3871 620 3943 impleti
653 3863 854 3941 Spiritu
885 3878 1092 3926 sancto.
1121 3869 1312 3926 Omnia
1360 3869 1476 3923 hmc
1521 3876 1662 3922 tacet
1706 3884 1844 3938 pra:-

253 3959 458 4027 dictus,
491 3962 585 4016 ubi
613 3961 688 4016 alt
713 3961 923 4015 somnio
949 3959 1255 4014 admonitos
1284 3972 1470 4025 magos
1499 3973 1568 4012 ne
1605 3957 1846 4012 redirent

255 4054 325 4107 ad
357 4050 781 4119 Herodem,per
822 4049 982 4103 aliam
1011 4063 1142 4103 vero
1171 4048 1312 4102 viam
1351 4063 1627 4118 regressos
1665 4048 1720 4102 in
1759 4063 1844 4107 re-_

255 4141 476 4211 gionem
516 4153 690 4193 suam.
721 4138 856 4194 Cum
897 4137 1079 4193 statim
1123 4135 1433 4208 subjungit:
1465 4137 1570 4204 Qui
1605 4155 1722 4192 cum
1764 4155 1844 4193 re-

255 4232 564 4294 cessissent,
602 4245 717 4284 ecce
751 4227 967 4299 angelus
1008 4227 1219 4281 Domini
1263 4229 1506 4298 apparuit
1547 4229 1603 4282 in
1644 4229 1842 4302 somnis

254 4321 476 4392 Ioseph.
514 4320 642 4376 Pest
676 4335 952 4390 magorum
975 4318 1117 4374 enim
1153 4332 1424 4373 recessum
1451 4317 1729 4388 impletum
1757 4327 1843 4375 est

255 4412 599 4485 purgationis
645 4421 887 4480 tempus,
937 4418 994 4463 et
1033 4408 1198 4463 allato
1244 4408 1360 4478 ipso
1382 4425 1383 4428 ‘
1406 4410 1459 4464 in
1507 4407 1838 4484 Jerusalem,

256 4502 686 4574 perﬁciebantur
709 4499 1040 4568 omniaquae
1071 4514 1135 4553 eo
1164 4498 1284 4554 loco
1329 4498 1500 4554 Lucas
1529 4509 1657 4556 tunc
1697 4500 1838 4557 facta

255 4599 671 4651 commemorat.
711 4590 778 4645 Et
821 4589 901 4645 sic
929 4589 1119 4644 deinde
1151 4586 1370 4658 Joseph‘,
1415 4590 1590 4660 angeli
1622 4591 1841 4661 appari-

258 4685 408 4738 tione
436 4680 815 4744 oommonitu‘s,
848 4694 968 4734 cum
995 4691 1161 4748 puero
1193 4686 1248 4732 et
1276 4686 1450 4732 matre
1477 4678 1593 4748 ejus
1625 4678 1760 4749 fugit
1787 4680 1840 4734 in

258 4775 577 4845 zEgyptum,
608 4771 748 4826 unde
774 4767 1112 4840 Evangelista
1134 4767 1480 4837 subsequitur
1509 4769 1693 4824 dicens
1719 4787 1732 4824 :

332 4863 446 4938 [IL]
497 4862 600 4929 Qui
639 4878 856 4932 surgens
902 4860 1098 4931 accepit
1141 4876 1361 4930 puerum
1394 4869 1443 4914 et
1481 4870 1699 4915 matrem
1727 4863 1840 4932 ejus

261 4971 430 5026 nocte,
462 4969 510 5012 et
540 4957 744 5012 recessit
779 4958 834 5011 in
876 4955 1184 5026 ngyptum,
1219 4965 1267 5008 et
1309 4965 1420 5009 erat
1465 4957 1536 5010 ibi
1571 4973 1732 5028 usque
1775 4959 1845 5012 ad

260 5053 459 5105 obitum
509 5041 756 5103 Herodis.
795 5046 1020 5120 (Hilar.)
1062 5045 1258 5115 Joseph
1299 5061 1395 5114 per
1439 5049 1687 5118 angelum
1724 5067 1841 5107 mo-

262 5151 422 5206 netur
451 5148 510 5194 ut
544 5139 725 5194 Jcsum
758 5139 812 5192 in
845 5137 1136 5208 IEgyptum
1179 5136 1496 5201 transferat,
1548 5137 1842 5209 Egyptum

263 5233 516 5288 videlicet
543 5231 700 5286 idolis
727 5231 940 5301 plenam
965 5237 1020 5283 et
1039 5228 1383 5296 omnigenum
1412 5230 1579 5284 Deum
1605 5241 1844 5287 monstra

263 5330 633 5396 venerantem.
663 5319 781 5375 Jam
826 5329 949 5391 post
989 5318 1298 5374 Judzeorum
1346 5320 1758 5377 insectationem
1790 5332 1845 5378 et

265 5418 319 5469 in
347 5415 738 5487 exstinguendo
777 5411 1016 5481 profana:
1052 5413 1223 5482 plebis
1265 5427 1566 5478 assensum,
1600 5413 1846 5470 Christus

265 5508 334 5561 ad
363 5514 550 5576 gentes
580 5505 910 5560 inanissimis
935 5503 1284 5574 religionibus
1313 5503 1519 5558 deditas
1549 5505 1763 5570 transit,
1793 5515 1848 5560 et

267 5598 509 5652 Judmam
535 5597 847 5666 relinquens
891 5594 1154 5666 ignoranti
1199 5611 1320 5648 cum
1366 5594 1563 5647 saeculo
1589 5595 1846 5652 colendus

269 5689 518 5748 infertur.
548 5689 770 5757 Quando
815 5690 977 5758 igitur
1003 5686 1121 5744 tulit
1153 5685 1348 5756 Joseph
1378 5701 1602 5756 pucruut
1634 5697 1685 5741 et
1733 5704 1845 5743 tua-

1953 1881 2129 1937 terra,
2164 1888 2325 1942 quem
2364 1875 2536 1946 magis
2572 1874 2732 1944 paulo
2758 1882 2884 1930 ante
2928 1875 3252 1931 monstravit
3285 1876 3438 1932 stella
3466 1878 3533 1933 de

1952 1965 2113 2020 caelo.

2023 2054 2093 2110 Ut
2117 2057 2491 2128 adimpleretur
2511 2058 2652 2129 quod
2678 2058 2873 2112 dictum
2903 2069 2978 2112 est
3008 2075 3099 2128 per
3122 2059 3425 2130 prophetam
3452 2060 3534 2114 di-

1951 2157 2186 2202 centem:
2213 2148 2298 2202 Ea:
2343 2147 2574 2218 [Egypto
2623 2148 2800 2202 vocavi
2856 2146 3054 2203 Filium
3096 2164 3288 2202 meum.
3324 2148 3449 2204 Ηωο
3480 2149 3535 2202 ἰιι

1952 2236 2303 2308 Septuaginta
2335 2238 2690 2307 interpretum
2725 2239 2962 2294 editione
3005 2239 3274 2294 sententia
3323 2239 3537 2295 deside-

1951 2336 2127 2396 ratur,
2152 2327 2244 2383 sed
2271 2329 2428 2399 juxta
2468 2327 2789 2384 Hebraicam
2835 2329 3116 2384 veritatem
3147 2329 3198 2382 in
3229 2326 3381 2384 Osca
3412 2343 3536 2398 pro-

1950 2420 2109 2488 pheta
2161 2419 2362 2490 scripta
2416 2419 2700 2488 reperitur.
2752 2420 2818 2474 Et
2872 2420 2926 2474 in
2978 2418 3338 2474 Numerorum
3393 2419 3535 2473 libro

1949 2510 2211 2580 scriptum
2251 2519 2367 2574 est,
2412 2510 2622 2565 dicente
2652 2509 2870 2564 Balaam
2903 2527 2916 2564 :
2950 2509 3033 2564 Ea:
3067 2508 3300 2580 JEgypto
3335 2509 3533 2564 vocavit

1948 2620 2087 2666 eum,
2116 2602 2284 2673 gloria
2310 2603 2420 2673 ejus
2446 2604 2579 2665 sicut
2603 2603 2890 2658 unicornis.
2938 2666 2940 2668 τ

2021 2692 2154 2765 [HL]
2190 2692 2334 2747 Tunc
2367 2693 2602 2748 Herodes
2659 2694 2835 2748 videns
2863 2693 3122 2764 quomodo
3169 2691 3356 2746 illusus
3403 2701 3533 2746 esset

1949 2802 1981 2839 a
2005 2785 2192 2854 magis,
2209 2785 2376 2839 iratus
2401 2794 2474 2838 est
2499 2783 2666 2849 valde,
2691 2795 2738 2838 et
2769 2785 2974 2838 mittens
3001 2783 3188 2838 occidit
3213 2800 3389 2837 omnes
3413 2800 3537 2853 pue-

1949 2890 2057 2941 ros,
2098 2876 2187 2946 qui
2220 2885 2368 2930 erant
2417 2877 2473 2930 in
2514 2874 2811 2929 Bethlehem
2856 2884 2905 2928 et
2951 2875 3006 2928 in
3052 2875 3291 2928 omnibus
3337 2875 3528 2943 ﬁnibus

1948 2952 2082 3036 ejus,
2115 2985 2152 3020 a
2186 2967 2384 3020 bimatu
2412 2976 2459 3020 et
2487 2966 2649 3033 infra.
2697 2965 2877 3037 (Aug)
2915 2965 3215 3021 Verisimile
3252 2973 3336 3019 est
3379 2981 3532 3036 ergo,

1949 3057 2094 3125 quod
2132 3064 2416 3126 postquam
2464 3055 2660 3110 Herodi
2709 3056 2851 3124 magi
2885 3056 3017 3110 nihil
3052 3057 3532 3122 renuntiaverunt,

1949 3160 2070 3200 eum
2101 3148 2322 3202 credere
2351 3147 2592 3217 potuisse
2624 3146 2740 3201 illos
2773 3145 2976 3199 fallacis
3003 3145 3170 3200 stellae
3206 3145 3415 3201 visione
3440 3147 3534 3200 de-

1946 3243 2148 3305 ceptos,
2197 3244 2548 3306 posteaquam
2597 3251 2704 3299 non
2761 3235 3082 3289 invenerunt
3134 3251 3293 3304 quem
3344 3245 3528 3290 natum

1945 3334 2282 3395 putaverant,
2325 3325 2604 3380 erubuisse
2629 3325 2696 3379 ad
2725 3339 2784 3379 se
2825 3325 3024 3390 redire,
3069 3333 3232 3393 atque
3262 3325 3336 3379 ita
3371 3341 3529 3392 eum,

1948 3415 2406 3485 timore'depulso,
2435 3416 2504 3469 ab
2528 3414 2848 3483 inquirendo
2874 3429 2938 3468 ac
2968 3415 3337 3483 persequendo
3364 3430 3532 3485 puero

1944 3505 2237 3574 quievisse.’
2265 3504 2399 3560 Cum
2442 3519 2572 3575 ergo
2601 3513 2724 3574 post
2751 3505 3124 3575 purgationem
3157 3506 3346 3560 matris
3392 3504 3529 3573 ejus,

1943 3595 1998 3650 in
2040 3596 2338 3652 Jerusalem
2365 3611 2488 3651 cum
2519 3595 2608 3651 illo
2637 3597 2945 3661 venissent,
2976 3605 3122 3651 etea
3159 3605 3313 3666 gesta
3350 3604 3534 3650 essent

1947 3687 2000 3742 in
2033 3688 2255 3758 templo,
2283 3703 2404 3756 qua:
2432 3702 2464 3741 a
2498 3687 2644 3740 Luca
2692 3694 3008 3750 narrantur,
3058 3685 3182 3753 quia
3230 3686 3396 3739 verba
3444 3684 3531 3738 Si-

1945 3761 2154 3831 meouis
2198 3785 2255 3832 et
2291 3775 2459 3830 Annae
2509 3775 2576 3829 de
2629 3775 2722 3828 illo
2766 3775 3226 3844 prephctantium,
3265 3789 3388 3840 cum
3419 3789 3533 3829 ca:-

1943 3869 2150 3938 pissent
2193 3871 2262 3925 ab
2305 3870 2384 3925 eis
2446 3869 2538 3939 qui
2577 3869 2860 3923 audierant
2897 3869 3197 3944 praedicari,
3227 3870 3322 3924 ad“
3347 3871 3531 3940 pristi-

1944 3976 2070 4014 nam
2118 3961 2471 4017 intentionem
2521 3970 2840 4015 revocatura
2879 3969 3035 4015 erant
3081 3961 3321 4016 animum
3361 3963 3526 4032 regis,

1943 4051 2250 4106 admonitus
2278 4066 2374 4118 per
2405 4065 2654 4105 somnum
2689 4047 2888 4119 Joseph
2931 4064 3055 4104 cum
3084 4049 3288 4103 infante
3325 4057 3380 4104 et
3409 4065 3527 4103 ma-

1946 4149 2028 4198 tre
2057 4141 2172 4216 ejus
2210 4141 2344 4212 fugit
2372 4142 2424 4196 in
2469 4139 2785 4212 Egyptum.
2830 4141 3034 4195 Deinde
3075 4139 3307 4211 vulgatis
3336 4141 3522 4207 rebus,

1943 4253 2064 4307 quae
2107 4235 2161 4290 in
2208 4234 2405 4304 templo
2449 4234 2607 4288 dictae
2649 4231 2910 4300 factaeque
2953 4230 3191 4296 fuerant,
3223 4232 3464 4288 Herodes
3495 4248 3526 4287 a

1943 4326 2119 4394 magis
2151 4324 2405 4380 se'sensit
2445 4323 2686 4387 illusum,
2725 4336 2790 4375 ac
2817 4321 3009 4376 deinde
3038 4321 3106 4376 ad
3147 4320 3348 4377 Christi
3383 4337 3528 4377 mor-

1947 4426 2054 4472 tem
2099 4414 2323 4485 cupiens
2359 4413 2642 4484 pervenire
2683 4411 2880 4466 multos
2924 4410 3180 4478 infantes,
3219 4412 3364 4468 sicut
3393 4411 3524 4468 Mat-

1949 4507 2122 4561 tbaeus
2164 4512 2369 4570 narrat,
2397 4501 2594 4558 occidit
2625 4502 2677 4556 in
2710 4500 3042 4564 Bctlilehem,
3086 4509 3142 4556 et
3185 4500 3240 4555 in
3275 4502 3528 4557 omnibus

1948 4596 2145 4651 finibus
2171 4594 2309 4665 ejus,
2336 4602 2394 4649 et
2431 4593 2535 4648 hoc
2562 4607 2591 4646 a
2614 4591 2828 4647 bimatu
2872 4598 2927 4645 et
2961 4590 3131 4646 infra."
3154 4591 3290 4658 Quia
3335 4592 3529 4647 crude-

1943 4686 2069 4742 litas
2106 4685 2270 4740 animi
2315 4700 2412 4754 per
2447 4683 2702 4738 invidiam
2741 4689 2794 4735 et
2842 4681 3080 4752 fugerem
3128 4683 3524 4748 exardesccns,
3565 4701 3568 4706 '

1946 4775 2163 4830 modum
2191 4775 2242 4828 in
2283 4774 2428 4828 nullo
2467 4773 2656 4837 tenuit,
2685 4772 2780 4826 sed
2817 4771 3022 4826 malitia
3047 4787 3237 4828 omnes
3270 4788 3528 4844 superare

1945 4867 2238 4922 contendit.
2287 4864 2419 4917 Nam
2481 4878 2583 4916 non
2624 4871 2874 4916 contenta
2925 4871 3008 4918 est
3061 4863 3174 4918 sola
3226 4864 3526 4918 vastatione

1953 4959 2296 5020 Betlulehcm,
2337 4957 2428 5010 sed
2465 4962 2519 5009 et
2555 4969 2743 5008 omnes
2773 4954 2931 5008 simul
2965 4953 3081 5022 ejus
3113 4955 3246 5008 ﬁnes
3281 4955 3526 5008 devasta-

1950 5051 2058 5114 vit,
2100 5064 2199 5104 nec
2225 5047 2385 5102 etiam
2427 5045 2662 5115 parvulae
2689 5045 2862 5099 aetatis
2892 5045 3052 5098 ullam
3098 5045 3522 5098 misericordiam

1953 5141 2173 5204 habuit,
2216 5138 2345 5206 quin
2386 5149 2574 5191 omnes
2615 5151 2646 5189 a
2698 5136 2806 5190 ﬁlio
2845 5137 3004 5190 unius
3045 5135 3220 5188 noctis
3255 5149 3425 5202 usque
3455 5131 3523 5188 ad

1952 5232 2120 5285 ﬁlium
2168 5229 2396 5283 duorum
2442 5242 2704 5280 annorum
2739 5226 2944 5296 pariter
2984 5225 3198 5279 occidit.
3241 5222 3392 5279 Unde
3437 5239 3524 5278 sca

1951 5319 2135 5389 quitur
2156 5356 2170 5372 .

2019 5407 2316 5464 Secundum
2353 5417 2550 5476 tempus
2587 5405 2726 5475 quod
2761 5402 3075 5473 exquisierat
3103 5419 3135 5455 a
3164 5402 3349 5471 magis.
3394 5402 3527 5457 Dili-

1948 5511 2136 5567 genter
2168 5513 2400 5568 quoque,
2428 5505 2486 5550 ut
2534 5509 2695 5564 supra
2737 5488 2941 5546 dictam
2972 5500 3087 5555 est,
3133 5501 3392 5562 tyrannus
3429 5493 3528 5546 im-

1948 5596 2268 5666 purissitnus
2294 5604 2347 5648 et
2376 5594 2520 5648 omni
2550 5590 2670 5645 tlolo
2714 5597 2874 5657 atque
2905 5588 3142 5657 nequitia
3183 5585 3525 5657 plenissimus

1949 5687 2134 5742 dilicit
2181 5703 2210 5738 a
2259 5684 2428 5754 magis
2477 5674 2685 5748 tempus
2749 5677 2913 5732 stcllx
2959 5694 3076 5748 (pne
3133 5676 3376 5748 apparuit
3423 5675 3524 5740 eis,
