3970 6198
453 335 558 392 ’163

1097 333 1159 388 Β.
1201 331 1451 388 RABANI
1493 329 1708 387 MAURI
1747 328 2064 386 ARClilEP.
2108 325 2416 382 MOGUNT.
2457 323 2744 381 OPERUM
2781 324 2962 380 PARS
2998 326 3039 380 ι.

3605 329 3710 385 764

449 443 576 513 quia
602 439 848 497 occulere
893 453 1116 510 puerum
1154 447 1338 493 natum
1376 437 1667 509 cogitabat.
1701 437 1807 495 Sed
1844 446 2027 491 tamen
2055 437 2106 498 Α
2132 435 2259 489 mini
2287 435 2342 487 in
2366 435 2560 489 somnis
2587 433 2804 505 Ioseph,
2832 437 2888 489 in
2911 435 3164 507 ngypto,
3193 440 3374 493 dicens
3396 456 3416 492 :
3451 439 3640 512 Surge,
3667 452 3718 496 et

451 547 560 587 non
608 536 827 600 apparet
868 536 1051 582 utrum
1090 534 1212 597 post
1256 544 1454 584 annum
1504 527 1806 583 nativitatis
1844 526 2029 581 Domi-

404 603 406 605 .
453 622 616 684 nica,
647 634 729 672 -an
777 627 897 688 post
943 619 1076 673 duos
1106 633 1275 672 annos
1322 619 1464 674 hanc
1511 633 1700 674 necem
1738 617 2030 672 maximam

451 725 743 781 puerorum
768 709 1080 764 confecerit.
1111 709 1224 762 Nisi
1261 707 1399 763 forte
1443 709 1685 763 dicamus
1731 707 1876 778 quod
1908 713 2030 776 post

453 821 650 860 almum
697 804 967 858 evolutum
1013 811 1067 858 et
1106 812 1337 873 quatuor
1383 803 1497 857 dies
1533 802 1807 872 sequentis
1840 801 1966 856 anni
1997 815 2028 854 a

453 896 735 949 nativitate
772 893 1004 958 Domini,
1033 910 1151 962 quae
1175 911 1270 949 Vill
1317 894 1434 947 Kal.
1463 892 1583 947 Jan.
1621 893 1944 956 celebratur,
1975 892 2031 945 in

454 1001 484 1038 v
515 985 700 1039 Kalen.
726 983 1036 1037 earumdem
1063 983 1295 1038 infantes
1323 983 1495 1037 occidi
1517 983 1766 1052 jusserit,
1795 982 1885 1036 ubi
1914 981 2031 1037 dies

456 1076 722 1147 passionis
758 1091 946 1131 eorum
973 1091 1003 1128 a
1037 1083 1220 1130 sancta
1249 1084 1301 1128 et
1332 1075 1620 1144 apostolica
1669 1074 1911 1128 Ecclesia
1940 1087 2031 1128 ve‘

457 1177 700 1222 Iteratur.
733 1166 800 1220 Et
836 1166 909 1219 ita
953 1180 1131 1235 regem
1177 1166 1604 1220 versutissimum
1641 1166 1928 1220 mandasse
1971 1174 2030 1220 ut

456 1272 626 1325 usque
650 1256 716 1308 ad
744 1255 967 1309 biennes
987 1269 1174 1309 omnes
1201 1253 1615 1319 interficiantur,
1641 1263 1910 1324 quatenus
1940 1255 2029 1310 ille

455 1361 612 1413 quem
639 1343 978 1397 solummodo
1005 1344 1250 1398 occidere
1267 1343 1590 1414 jampridem
1619 1345 1856 1400 decrevit
1884 1346 2031 1401 nullo

454 1435 613 1487 modo
663 1433 717 1486 in
769 1442 916 1487 tanta
961 1435 1303 1489 multitudine
1350 1435 1752 1490 interfectorum
1801 1439 2030 1492 evadere

451 1533 654 1595 posset.
685 1525 903 1579 Poterat
931 1525 1073 1578 enim
1105 1541 1198 1578 rex
1229 1525 1444 1594 iniquus
1472 1535 1526 1581 et
1555 1528 1767 1582 subtilis
1793 1528 2030 1596 cogitare

452 1613 594 1682 quod
621 1613 729 1684 regi
759 1613 870 1667 Deo
905 1615 1178 1680 nascenti,
1211 1616 1295 1668 cui
1329 1616 1447 1669 cusli
1481 1617 1657 1670 sidera
1693 1617 2031 1673 famul-aban-

452 1715 560 1770 tur,
597 1706 851 1776 possibile
879 1716 1021 1761 esset
1055 1708 1109 1761 in
1141 1708 1400 1764 validiore
1429 1718 1610 1775 aztate,
1644 1711 1694 1767 id
1724 1723 1836 1779 est,
1872 1715 2028 1784 quasi

452 1796 611 1850 unius
650 1796 776 1849 anni
815 1797 900 1850 vel
937 1796 1163 1850 duorum
1214 1813 1378 1867 puer,
1419 1800 1588 1854 oculis
1634 1803 1873 1855 omnium
1930 1819 2028 1872 ap-

383 1877 393 1890 “
451 1899 661 1954 parere,
703 1894 758 1940 et
796 1903 1002 1951 rursus,
1044 1888 1088 1941 si
1129 1887 1319 1951 vellet,
1358 1890 1410 1942 in
1450 1891 1712 1958 parvitate
1749 1895 2022 1961 corporis,

451 1984 666 2029 aetatem
703 1983 909 2029 natura:
943 1977 1153 2041 celare;
1185 1987 1240 2031 et
1270 1979 1388 2032 ideo
1428 1981 1526 2034 sub
1574 1981 1675 2035 hac
1720 1983 2027 2038 conditione

452 2066 731 2135 temporis,
757 2080 946 2120 omnes
978 2066 1209 2132 occidit,
1254 2083 1389 2136 quos
1431 2069 1578 2138 prior
1604 2078 1658 2124 et
1683 2071 1819 2125 alter
1854 2087 2026 2126 annus

453 2158 708 2214 habebat.

526 2250 668 2304 Tum:
690 2251 1024 2320 adimpletum
1053 2263 1127 2307 est
1151 2254 1290 2323 quod
1315 2254 1508 2308 dictum
1534 2265 1608 2310 est
1631 2274 1721 2326 per
1742 2257 2024 2312 Jeremiam

450 2343 773 2412 prophetam,
817 2344 1108 2397 dicentem:
1145 2345 1259 2399 Vox
1285 2347 1336 2399 in
1379 2363 1526 2401 r-ama
1565 2349 1747 2402 audita
1775 2359 1883 2415 est,
1915 2350 2027 2420 plo-

452 2441 618 2494 ratus,
649 2440 695 2484 et
729 2431 958 2486 ululatus
986 2434 1180 2487 multus
1205 2452 1222 2497 ,'
1253 2434 1448 2490 Rachel
1479 2437 1691 2506 plorans
1717 2439 1858 2507 ﬁlios
1905 2457 2026 2496 suos

453 2520 619 2574 noluit
654 2521 934 2587 consolari,
975 2525 1098 2593 quia
1130 2541 1230 2578 non
1259 2534 1398 2579 sunt.
1443 2526 1520 2581 De
1564 2528 1765 2583 Rachel
1809 2531 2025 2600 quidem

453 2622 610 2666 natus
637 2621 719 2667 cst
745 2613 1045 2684 Benjamin,
1087 2616 1139 2670 in
1170 2615 1322 2684 cujus
1365 2617 1504 2672 tribu
1553 2635 1659 2674 non
1704 2629 1788 2676 est
1817 2621 2028 2678 Bethle-

452 2703 595 2756 hcm.
627 2703 892 2775 (Hieron.)
923 2705 1192 2772 Qumritur
1214 2722 1341 2776 ergo
1367 2709 1632 2777 quomodo
1660 2709 1860 2764 Rachel
1890 2711 2028 2767 filios

452 2792 619 2855 ludas,
653 2793 706 2845 id
735 2801 818 2846 est
845 2794 1176 2860 Bethleliem,
1222 2797 1376 2866 quasi
1411 2813 1535 2852 suos
1561 2799 1753 2868 ploret.
1786 2800 2030 2870 Respono

455 2883 698 2936 debimus
720 2882 956 2938 breviter
982 2886 1104 2953 quia
1139 2885 1341 2941 Rachel
1370 2888 1576 2958 sepulta
1598 2890 1668 2944 sit
1687 2887 1841 2958 juxta
1866 2891 2028 2945 Beth-

454 2970 624 3024 lehem
669 2971 720 3024 in
765 2971 1056 3041 Ephratha,
1088 2974 1226 3028 sicut
1256 2976 1442 3031 titulus
1473 2980 1801 3033 monumenti
1840 2981 2025 3048 ipsius,

453 3077 679 3114 manens
723 3066 891 3130 ustjue
925 3064 1082 3118 hodie
1129 3073 1371 3128 testatur,
1406 3069 1471 3121 ad
1511 3071 1842 3124 occidentem
1890 3071 2025 3125 civi-

456 3154 580 3206 tatis
607 3153 745 3205 ultra
791 3156 929 3207 viam
975 3171 1094 3224 qua:
1137 3157 1285 3212 ducit
1329 3158 1561 3225 Hebron,
1607 3170 1662 3214 et
1703 3177 1770 3216 ex
1810 3171 2024 3217 terreno

453 3243 757 3310 corpusculi
805 3245 1054 3313 hospitio,
1105 3248 1292 3301 matris
1332 3265 1524 3305 nomen
1567 3254 1854 3321 acceperit.
1901 3253 2026 3309 Sive

452 3332 706 3399 quoniam
737 3330 870 3385 Juda
893 3341 948 3386 et
972 3332 1249 3401 Benjamin
1274 3335 1474 3403 juncta}
1503 3340 1620 3393 duas
1649 3340 1820 3395 tribus
1847 3351 2022 3397 erant.

457 3424 522 3476 Et
569 3423 805 3477 Herodes
849 3435 1196 3494 przeceperat,
1241 3444 1344 3481 non
1397 3429 1567 3484 solum
1615 3432 1667 3485 in
1713 3433 2026 3488 Bethlehem

457 3513 686 3568 interfici
737 3531 954 3584 pueros,
995 3517 1087 3570 sed
1136 3525 1190 3570 et
1243 3519 1293 3572 in
1340 3521 1589 3576 omnibus
1636 3523 1779 3577 circa
1832 3524 2026 3580 finibus

455 3604 591 3673 ejus.
624 3604 726 3658 Pcr
753 3607 1092 3661 occasionem
1119 3607 1428 3664 Bethlehem
1456 3611 1804 3682 intelligimus
1829 3614 2026 3669 multos

453 3698 616 3748 etiam
645 3697 708 3750 de
737 3696 1010 3764 Benjamin
1046 3696 1207 3752 fuisse
1237 3715 1426 3755 caesos.
1457 3700 1608 3767 Quod
1645 3711 1822 3758 autem
1853 3703 2027 3772 plorat

456 3785 591 3839 filios
642 3802 766 3840 suos
811 3787 1044 3854 Rachel,
1079 3797 1132 3843 et
1182 3805 1286 3845 non
1330 3793 1531 3861 recepit
1578 3795 2022 3862 consolationem,

454 3877 746 3930 secundum
775 3878 1038 3946 duplicem
1066 3880 1466 3950 intelligentiam
1490 3883 1656 3952 accipi
1682 3892 1878 3953 potest.
1902 3885 2028 3941 Sive

451 3968 595 4034 quod
631 3982 723 4021 eos
754 3969 807 4021 in
833 3977 1094 4022 aeternum
1138 3981 1377 4026 mortuos
1403 3974 1717 4039 aestimaret,
1743 3975 1855 4028 sive
1885 3978 2028 4044 quod

453 4057 718 4111 (_-.ousolari
761 4073 818 4113 se
859 4061 1022 4114 nollet
1046 4061 1110 4114 de
1141 4062 1224 4115 his
1251 4077 1385 4130 quos
1413 4064 1576 4118 sciret
1613 4079 1731 4118 esse
1769 4065 2021 4121 victuros.

453 4148 604 4213 Quod
648 4159 828 4206 autem
857 4153 1051 4206 dlCltUl'
1082 4153 1135 4205 in
1181 4170 1347 4218 ruma,
1379 4170 1484 4207 non
1519 4165 1766 4223 putemus
1796 4156 1898 4211 loci
1931 4172 2027 4209 no-

454 4257 574 4294 men
621 4256 759 4305 esse,
804 4244 894 4311 qui
925 4250 1006 4296 est
1035 4243 1187 4312 juxta
1218 4245 1419 4311 Gabaa,
1457 4247 1550 4301 sed
1583 4262 1731 4300 rama
1767 4247 2025 4302 excelsum

451 4333 856 4401 interpretatur.
890 4333 959 4387 Ut
993 4335 1062 4389 sit
1091 4351 1316 4390 sensus:
1346 4336 1458 4391 Vox
1507 4337 1562 4391 in
1597 4339 1808 4393 excelso
1845 4338 2026 4394 audita

453 4432 553 4487 est,
585 4425 636 4476 id
679 4433 790 4488 est,
823 4424 976 4495 longe
1002 4426 1213 4495 lateque
1255 4427 1518 4497 dispersa.
1551 4428 1774 4498 (Hilar.)
1819 4429 2020 4483 Rachel

2131 523 2306 593 accipe
2339 539 2558 594 puerum
2587 533 2634 578 et
2665 533 2884 578 matrem
2921 525 3059 595 ejus,
3081 535 3128 580 et
3157 528 3286 581 vade
3314 531 3370 582 in
3407 538 3609 584 terram
3642 533 3720 586 Is-

2131 613 2259 668 rael.
2306 615 2455 669 Multi
2497 625 2718 686 propter
2771 616 3129 686 ignorantiam
3179 619 3420 676 historia:
3464 621 3716 679 labuntur

2129 721 2333 772 errore,
2369 716 2626 776 putantes
2666 708 2915 763 eumdem
2958 725 3078 764 esse
3117 709 3385 766 Herodem
3427 728 3459 766 a
3504 730 3613 783 quo
3658 714 3716 769 in

2128 798 2379 868 passione
2417 813 2512 853 sua
2539 798 2797 854 Dominus
2834 798 3108 854 irridetur.
3137 801 3280 871 Ergo
3327 802 3571 858 Herodes
3597 805 3714 882 ille,

2129 889 2220 959 qui
2249 904 2371 943 eum
2396 889 2569 944 Pilato
2595 897 2779 960 postea
2809 889 3079 945 amicitias
3111 889 3261 954 facit,
3293 890 3455 961 hujus
3485 893 3717 951 Herodis

2131 981 2271 1036 illius
2309 982 2442 1047 fuit,
2483 983 2574 1052 qui
2622 997 2765 1037 nunc
2804 992 3049 1036 mortuus
3089 997 3209 1037 esse
3242 983 3492 1048 refertur,
3545 985 3716 1041 frater

2130 1081 2309 1126 autem
2355 1071 2633 1136 Archelai,
2663 1072 2755 1141 qui
2787 1073 3093 1128 testimonio
3124 1074 3293 1142 patris
3330 1075 3412 1128 sui
3459 1075 3712 1142 Herodis,

2130 1165 2469 1234 adjudicante
2494 1165 2656 1219 etiam
2694 1165 2906 1220 Caesare
2945 1165 3184 1236 Angusto
3209 1167 3360 1238 regni
3404 1165 3713 1223 Judmorum

2131 1271 2410 1310 successor
2454 1256 2762 1320 exstiterat,
2805 1256 3078 1325 trigesimo
3121 1255 3337 1325 quidem
3381 1265 3436 1311 et
3482 1259 3714 1327 septimo

2131 1346 2282 1414 regni
2335 1345 2418 1399 sui
2475 1359 2647 1409 anno,
2711 1345 2949 1399 Herodes
3013 1345 3129 1408 hic,
3182 1345 3250 1399 de
3303 1361 3412 1415 quo
3463 1347 3711 1417 Evange-

2128 1438 2259 1491 lium
2307 1446 2518 1503 narrat,
2560 1435 2846 1492 defunctus
2885 1445 2998 1501 est,
3035 1437 3126 1506 qui
3178 1436 3278 1490 fuit
3325 1437 3553 1506 Augusti
3595 1438 3711 1492 Ca:-

2130 1531 2268 1585 saris
2317 1529 2759 1600 quadragesimus
2813 1536 3064 1597 quartus,
3108 1526 3262 1595 juxta
3315 1526 3710 1582 Chronieorum

2131 1623 2313 1679 fidem.

2200 1714 2448 1784 Defuncti
2485 1722 2603 1768 sunt
2636 1709 2771 1766 enim
2800 1713 2890 1781 qui
2926 1712 3225 1782 qua'rebant
3263 1711 3495 1764 animam
3541 1711 3710 1779 pueri.

2133 1805 2400 1879 (Ηὶρνοη.)
2428 1806 2507 1860 Ex
2549 1807 2650 1860 hoc
2681 1804 2798 1858 loco
2841 1803 3188 1872 intelligimus
3232 1817 3336 1855 non
3389 1800 3568 1854 solum
3607 1800 3712 1854 lle-

2129 1899 2345 1959 rodem,
2379 1897 2471 1950 sed
2511 1905 2566 1950 et
2612 1894 2921 1949 sacerdotes
2961 1900 3016 1947 et
3059 1890 3298 1965 Scribas,
3337 1889 3450 1958 jam
3482 1905 3549 1944 eo
3578 1900 3712 1944 temo

2126 2001 2254 2058 pore
2296 2001 2482 2041 necem
2515 1985 2724 2041 Domini
2758 1983 2922 2038 fuisse
2953 1982 3255 2036 meditatos.
3288 1980 3508 2050 Legitur
3537 1981 3696 2034 etiam

2128 2081 2180 2134 in
2210 2078 2443 2148 Josepho
2488 2077 2750 2131 llerodem
2802 2075 3084 2129 nonnullos
3128 2074 3193 2127 de
3233 2071 3572 2141 principibus
3619 2070 3711 2125 Ju-

2129 2169 2363 2223 dmorum
2403 2175 2525 2221 ante
2564 2174 2790 2220 mortem
2830 2179 2981 2219 suam
3032 2177 3280 2227 necasse,
3321 2170 3376 2215 et
3415 2162 3609 2216 merito
3653 2170 3714 2214 ut

2127 2258 2239 2323 eis,
2293 2273 2413 2312 cum
2471 2255 2662 2326 quibus
2712 2264 2838 2309 ante
2893 2253 3164 2322 paululum
3214 2253 3281 2324 de
3336 2251 3702 2305 Innocentium

2127 2355 2300 2402 morte
2359 2345 2658 2409 tractabat,
2698 2344 2810 2412 ipse
2860 2342 3095 2396 moriens
3144 2355 3307 2394 causa
3364 2342 3558 2394 mortis
3593 2341 3710 2393 exi-

2129 2446 2319 2493 steret.

2201 2527 2303 2594 Qui
2331 2543 2547 2597 surgens
2587 2524 2781 2592 accepit
2814 2538 3032 2592 puerum
3057 2529 3107 2574 et
3143 2529 3387 2584 matrem,
3411 2529 3460 2573 et
3493 2519 3627 2572 venit
3658 2520 3711 2570 in

2129 2629 2318 2674 terram
2345 2616 2534 2671 Israel.
2558 2615 2675 2670 Non
2699 2613 2834 2668 dixit
2860 2612 3066 2681 accepit
3094 2610 3260 2664 filium
3287 2624 3467 2672 suum,
3496 2617 3552 2662 et
3582 2625 3712 2662 uxo-

2131 2724 2245 2762 rem
2277 2721 2452 2772 suam,
2483 2705 2576 2760 sed
2602 2719 2828 2775 puerum
2867 2711 2921 2756 et
2950 2708 3178 2755 matrem
3202 2698 3319 2769 ejus
3346 2698 3503 2769 quasi
3541 2698 3706 2752 nutri-

2131 2801 2257 2863 tius,
2286 2815 2391 2853 non
2418 2797 2664 2852 maritus.

2201 2889 2432 2943 Audiens
2473 2898 2643 2941 autem
2672 2885 2809 2956 quod
2841 2883 3124 2938 Archelaus
3155 2893 3392 2955 regnaret
3421 2883 3478 2935 in
3514 2880 3709 2935 Juda'a

2129 3001 2221 3054 pro
2251 2980 2457 3034 Herode
2479 2988 2625 3048 patre
2658 2994 2772 3040 suo,
2813 2976 2984 3028 timuit
3025 2975 3149 3028 illuc
3195 2977 3290 3038 ire,
3325 2983 3372 3027 et
3407 2973 3707 3026 admonitus

2130 3072 2184 3124 in
2216 3071 2431 3133 amnicis,
2454 3067 2658 3120 secessit
2690 3067 2743 3119 in
2769 3075 2942 3135 partes
2965 3064 3220 3118 Galila’m.
3248 3063 3474 3136 (ΜΑυιι.)
3504 3063 3703 3116 Arche-

2054 3147 2098 3210 C
2130 3162 2246 3215 laus
2291 3160 2392 3213 iste
2425 3158 2516 3226 qui
2545 3155 2738 3210 Herodi
2785 3154 2926 3224 patri
2965 3154 3018 3208 in
3068 3169 3289 3225 regnum
3333 3161 3698 3214 successerat,

2125 3268 2316 3308 novem
2344 3251 2498 3304 annis
2521 3247 2716 3302 Iudaea:
2749 3261 2973 3316 regnum
2999 3246 3188 3299 tenuit.
3215 3244 3372 3310 Quia
3402 3242 3604 3296 Judaris
3637 3243 3704 3295 ob

2127 3340 2516 3396 intolerabilem
2551 3337 2716 3391 animi
2740 3335 3074 3390 ferocitatem
3105 3334 3245 3402 apud
3267 3333 3572 3400 Augustum
3601 3331 3704 3384 eri-

2124 3432 2376 3491 minatus,
2404 3436 2604 3481 aeterno
2628 3425 2768 3494 apud
2794 3424 3054 3478 Viennam
3084 3420 3267 3476 Gallia:
3301 3420 3490 3486 urbem
3529 3419 3700 3486 dispe-

2125 3520 2216 3574 riit
2249 3516 2457 3572 exsilio.
2489 3514 2732 3584 Regnum
2761 3526 2893 3565 vero
2913 3509 3110 3564 Iudaea:
3134 3522 3239 3577 quo
3267 3507 3446 3559 minus
3473 3505 3705 3558 validum

2126 3611 2311 3671 fieret,
2359 3607 2500 3660 idem
2529 3605 2800 3674 Augustus
2840 3617 2937 3672 per
2966 3599 3284 3655 tetrarchias
3316 3597 3568 3651 scindere
3612 3611 3677 3648 cu

2126 3698 2292 3762 ravit,
2340 3710 2473 3765 quas
2516 3701 2746 3764 quatuor
2794 3689 2990 3744 fratres
3033 3685 3284 3741 Archelai
3323 3696 3512 3738 tenere
3552 3683 3702 3745 fecit,

2126 3789 2424 3854 Herodem,
2469 3785 2825 3855 Antipatrum,
2875 3780 3147 3835 Lisaniam
3199 3784 3256 3830 et
3291 3775 3622 3844 Philippum,
3652 3783 3710 3827 ut

2126 3883 2420 3952 scriptores
2443 3858 2740 3948 temporum
2772 3874 3024 3944 produnt.
3051 3869 3231 3944 (Aug.)
3259 3867 3316 3923 Si
3341 3884 3504 3939 quem
3528 3876 3712 3922 autem.

2127 3981 2307 4028 movet
2332 3969 2600 4040 quomodo
2620 3967 2766 4020 dicat
2784 3965 3066 4019 Matthmus
3086 3969 3370 4032 propterea
3395 3975 3520 4014 cum
3545 3973 3707 4028 puero

2124 4067 2248 4120 Jesu
2291 4071 2540 4133 parentes
2565 4061 2679 4131 ejus
2715 4059 2822 4113 isse
2867 4058 2922 4112 in
2949 4055 3242 4120 Galilaeam,
3271 4053 3396 4123 quia
3425 4061 3575 4106 metu
3603 4052 3706 4104 Ar-

2127 4156 2297 4212 chelai
2327 4156 2380 4208 in
2406 4153 2644 4207 Judmam
2671 4151 2750 4204 ire
2777 4148 3086 4212 noluerunt,
3115 4160 3237 4200 cum
3276 4152 3568 4214 propterea
3599 4159 3708 4198 ma-

2127 4249 2208 4317 gis
2239 4249 2343 4302 isse
2369 4247 2420 4300 in
2456 4243 2730 4298 Galilaeam
2776 4241 3076 4303 videantur,
3113 4239 3240 4309 quia
3277 4237 3474 4292 civitas
3521 4252 3706 4292 eorum

2124 4346 2242 4391 erat
2270 4333 2534 4389 Nazareth
2564 4330 2814 4394 Galilaize,
2845 4327 2986 4383 sicut
3017 4326 3194 4382 Lucas
3236 4341 3341 4380 non
3391 4326 3592 4390 tacuit,
3631 4325 3707 4379 in-

2128 4427 2470 4498 telligendum
2507 4433 2620 4489 est,
2646 4424 2738 4478 ubi
2782 4420 3002 4490 angelus
3044 4420 3098 4474 in
3141 4417 3347 4473 somnis
3375 4417 3432 4471 in
3474 4417 3710 4488 Egypto

453 4511 620 4566 Jacob
645 4529 780 4566 uxor
804 4491 1023 4568 fuit'diu
1065 4491 1284 4582 sterilis,
1314 4491 1406 4572 sed
1451 4491 1652 4572 nullum
1681 4491 1860 4573 ex'his
1887 4535 2022 4589 quos
2051 4491 2100 4549 D
2126 4491 2270 4574 dixit
2284 4517 2350 4571 ad
2378 4516 2570 4586 Ioseph
2597 4533 2610 4568 :
2643 4513 2832 4583 Surge,
2859 4521 2906 4565 et
2943 4510 3120 4578 accipe
3152 4523 3374 4578 puerum
3401 4515 3453 4559 et
3489 4517 3712 4560 matrem

455 4610 712 4669 genuerat
738 4604 934 4656 amisit.
963 4604 1158 4658 Verum
1197 4607 1311 4661 haec
1338 4608 1391 4660 in
1435 4621 1631 4677 genere
1668 4608 1918 4664 Ecclesia:
1949 4619 2028 4680 ty-

455 4707 580 4768 pum
616 4692 866 4760 praetulit.
901 4691 1016 4747 Non
1043 4695 1210 4764 igitur
1238 4696 1379 4752 illius
1407 4713 1508 4751 vox
1539 4707 1594 4751 et
1617 4698 1856 4768 ploratus
1878 4701 2028 4754 audi-

456 4766 562 4844 tur,
591 4797 710 4850 qua:
739 4782 942 4836 nullum
965 4784 1150 4838 habuit
1171 4787 1489 4840 amissorum
1515 4766 1742 4842 filiorum
1766 4790 2023 4853 dolorem,

454 4873 549 4927 sed
578 4873 734 4943 hujus
768 4873 1019 4929 Ecclesiae
1047 4876 1134 4930 diu
1175 4877 1390 4944 sterilis,
1425 4895 1564 4934 nunc
1599 4897 1725 4936 vero
1762 4881 2022 4937 fecundtc.

454 4964 619 5035 Cujus
648 4965 888 5034 ploratus
914 4981 980 5020 ex
1009 4965 1150 5033 filiis,
1182 4983 1286 5022 non
1325 4968 1546 5035 idcirco,
1571 4972 1695 5040 quia
1721 4981 2030 5042 peremptos

455 5055 688 5122 dolebat,
724 5057 958 5124 auditur,
989 5059 1081 5113 sed
1117 5059 1240 5128 quia
1269 5061 1338 5114 ab
1367 5061 1452 5115 his
1477 5063 1865 5131 perimebatur,
1894 5077 2028 5131 quos

453 5149 689 5218 primum
743 5148 952 5219 genitos
997 5149 1134 5205 filios
1189 5149 1422 5207 retinere
1462 5153 1735 5208 voluisset.
1788 5153 2028 5222 Denique

454 5241 718 5296 consolari
761 5257 820 5297 se
869 5244 1068 5310 noluit,
1118 5261 1236 5315 quae
1278 5245 1512 5300 dolebat.
1559 5247 1674 5301 Non
1723 5247 1868 5300 enim
1917 5262 2025 5300 non

454 5343 608 5399 erant
642 5335 694 5389 hi
722 5337 814 5405 qui
843 5337 1038 5392 mortui
1064 5339 1411 5406 putabantur,
1440 5339 1492 5392 in
1535 5338 1854 5392 mternitatis
1881 5337 2026 5393 enim

453 5425 752 5493 profectum
795 5441 892 5495 per
925 5427 1170 5499 martyrii
1213 5428 1437 5499 gloriam
1474 5427 1852 5484 efferebantur.
1891 5428 2028 5483 Con-

457 5519 648 5574 solatio
702 5527 881 5574 autem
939 5522 1018 5576 rei
1074 5522 1286 5577 amissae
1341 5531 1458 5576 erat
1521 5522 1866 5592 praestanda,
1919 5537 2027 5576 non

457 5627 556 5668 aue
563 5621 648 5668 ιω.

528 5703 784 5772 Defuncto
813 5717 984 5761 autem
1016 5705 1245 5775 Herode,
1271 5723 1384 5763 ecce
1412 5709 1652 5778 apparuit
1675 5708 1888 5780 angelus
1923 5707 2026 5763 Do-

2123 4610 2259 4680 ejus,
2284 4617 2334 4662 et
2364 4608 2489 4662 vade
2531 4606 2583 4658 in
2615 4613 2809 4658 terram
2855 4599 3058 4666 Israel,
3089 4599 3169 4654 sic
3217 4598 3558 4653 intellectum
3595 4611 3713 4650 esse

2122 4699 2296 4768 primo
2339 4711 2370 4749 a
2398 4693 2593 4763 Ioseph
2612 4733 2626 4758 ,
2660 4699 2722 4747 ut
2747 4697 2960 4761 putaret
2991 4688 3202 4756 jussum
3232 4699 3291 4740 se
3322 4699 3447 4740 esse
3489 4697 3714 4754 pergere

2124 4790 2177 4844 in
2213 4789 2470 4844 Judzeam.
2493 4785 2612 4855 Ipsa
2639 4786 2781 4839 enim
2812 4782 3060 4854 primitus
3091 4778 3317 4850 intelligi
3356 4778 3541 4848 potuit
3570 4787 3712 4832 terra

2125 4879 2305 4933 Israel.
2348 4877 2520 4930 Porro
2558 4883 2738 4929 autem
2776 4879 2964 4944 postea
2992 4885 3153 4941 quam
3185 4868 3458 4938 comperit
3489 4867 3602 4923 illic
3629 4881 3713 4920 re-

2131 4987 2296 5044 gnare
2322 4970 2489 5024 lilium
2519 4966 2745 5023 Herodis
2783 4964 3131 5027 Archelaum,
3163 4961 3338 5016 noluit
3380 4960 3620 5030 objicere
3655 4971 3713 5012 se

2131 5063 2204 5117 illi
2234 5059 2490 5131 periculo,
2518 5073 2642 5114 cum
2669 5065 2849 5126 posset
2877 5064 3023 5111 terra
3056 5053 3222 5109 Israel
3247 5053 3416 5108 etiam
3445 5053 3527 5108 sic
3556 5049 3714 5106 intel-

2129 5152 2258 5222 ligi,
2286 5162 2344 5205 ut
2377 5159 2432 5204 et
2473 5148 2694 5206 Galilzna
2721 5146 2830 5201 illic
2855 5146 3228 5216 deputaretur,
3269 5143 3397 5213 quia
3442 5150 3502 5197 et
3542 5142 3716 5212 ipsam

2129 5241 2354 5313 populus
2409 5238 2571 5294 Israel
2619 5236 2906 5291 incolebat.
2950 5234 3269 5304 Quanquam
3313 5239 3372 5286 et
3413 5231 3522 5286 alio
3556 5225 3716 5284 modo

2131 5333 2266 5389 solvi
2312 5332 2484 5402 possit
2542 5330 2658 5384 huic
2707 5327 2953 5398 quaestio.
2999 5325 3134 5392 Quia
3187 5325 3364 5394 potuit
3401 5322 3572 5378 videri
3607 5334 3707 5389 pa-

2132 5426 2374 5481 rentibus
2399 5421 2598 5478 Christi
2627 5434 2749 5475 cum
2786 5432 2954 5487 puero
2991 5415 3079 5488 (de
3105 5430 3214 5485 quo
3242 5413 3368 5468 talia
3413 5425 3514 5483 per
3549 5422 3711 5478 ange-

2130 5519 2232 5574 lica
2277 5530 2531 5586 responsa
2571 5509 2959 5582 cognoverunt)
3003 5523 3112 5562 non
3154 5521 3275 5561 esse
3321 5503 3708 5565 habitandum,

2133 5609 2233 5665 nisi
2261 5609 2314 5664 in
2344 5606 2664 5668 Jerusalem,
2690 5603 2781 5658 ubi
2809 5609 2928 5656 erat
2954 5597 3209 5668 templum
3233 5596 3475 5660 Domini,
3499 5601 3552 5649 et
3583 5605 3712 5660 pro-

2129 5710 2314 5774 pterea
2340 5700 2626 5757 redeuntes
2656 5710 2724 5752 ex
2763 5692 2999 5765 ,Ἐπιιιο
3025 5689 3154 5747 illuc
3179 5702 3274 5745 eos
3313 5688 3486 5744 ituros
3520 5682 3719 5741 inissa

2391 5961 2426 5973 ρ
