3970 6198
281 323 374 380 765

1221 318 1570 377 COMMEN'I’.
1608 317 1676 374 IN
1713 318 2148 376 MATTIIIEUM.
2192 352 2262 361 —
2299 323 2426 376 LIB.
2466 323 2508 379 I.

3411 325 3514 381 766

276 449 332 497 et
371 435 475 494 illic
507 434 861 500 habitaturus,
895 433 998 487 nisi
1045 431 1296 490 Archelai
1342 434 1626 504 praesentia
1661 442 1835 490 terre-
1862 442 1912 502 Α
1939 436 2114 490 denuo
2137 437 2484 504 reddendam,
2517 447 2573 494 et
2611 447 2830 496 sanctos
2870 439 2964 510 qui
2997 439 3268 496 latuerunt
3301 443 3368 497 ad
3413 460 3515 515 sua

278 535 466 584 rentur.
503 520 685 592 Neque
713 524 859 578 enim
905 523 1162 578 divinitus
1201 523 1529 592 jubebantur
1556 525 1631 580 ibi
1675 525 1830 580 habi-

278 629 402 684 tare,
446 623 502 669 ut
543 614 612 668 de
654 613 918 669 Archelao
948 614 1092 684 quod
1131 615 1391 670 timebant
1429 615 1662 671 debeant
1701 631 1831 672 con-

278 720 520 766 temnere.

340 794 462 869 [IIL]
503 793 571 848 Et
616 797 820 850 veniens
861 796 1109 865 habitavit
1137 798 1191 851 in
1219 794 1423 851 civitate
1465 813 1582 869 qua:
1617 807 1834 854 vocatur

278 885 553 948 Nazaretlt,
582 894 638 938 ut
679 885 1052 956 adimpleretnr
1076 886 1214 957 quod
1241 887 1439 941 dictum
1473 900 1550 942 est
1575 905 1668 957 per
1703 905 1830 958 pro-

268 978 437 1046 phetas
458 988 476 1024 :
503 971 767 1036 Quoniam
810 973 1100 1029 Nazaer
1129 975 1412 1029 vocabitur.
1449 973 1718 1046 (Hieron.)
1772 973 1829 1029 Si

271 1067 422 1138 ﬁxum
448 1067 513 1121 de
560 1065 854 1135 Scripturis
899 1067 1166 1135 posuisset
1199 1067 1523 1136 exemplum,
1557 1083 1830 1136 nunquam

270 1157 478 1219 diceret,
505 1155 648 1223 quod
675 1155 874 1209 dictum
903 1163 988 1210 est
1015 1170 1112 1224 per
1151 1157 1463 1226 prophetas,
1491 1157 1586 1211 sed
1621 1157 1831 1226 simpli-

266 1247 392 1300 citer
414 1245 556 1314 quod
585 1246 787 1300 dictum
826 1253 910 1300 est
949 1261 1044 1315 per
1081 1248 1422 1317 prophetam.
1452 1246 1606 1301 Nunc
1646 1259 1828 1302 autem

265 1334 531 1404 pluraliter
558 1335 846 1404 prophetas
881 1350 1099 1400 vocans,
1143 1337 1377 1391 ostendit
1407 1353 1466 1390 se
1503 1353 1607 1391 non
1643 1338 1824 1402 verba,

262 1425 349 1480 sed
373 1439 589 1478 sensum
613 1425 680 1479 de
705 1424 998 1495 Scripturis
1027 1427 1338 1496 sumpsisse.
1371 1426 1662 1481 Nazararus
1712 1445 1831 1481 san-

262 1526 364 1570 ctus
404 1516 810 1586 interpretatur.
843 1516 1099 1572 Sanctum
1144 1526 1322 1572 autem
1356 1519 1644 1573 Dominum
1686 1517 1830 1573 futu-

261 1621 372 1660 rum
416 1606 596 1660 omnis
641 1605 922 1676 Scriptura
978 1616 1390 1662 commemorat.
1436 1608 1730 1664 Possumus
1773 1619 1828 1664 et

260 1693 407 1748 aliter
429 1693 631 1758 dicere,
659 1696 801 1765 quod
823 1696 988 1751 etiam
1007 1697 1206 1752 eisdem
1231 1698 1410 1752 verbis
1429 1697 1583 1765 juxta
1605 1699 1829 1755 llebrai-

1934 527 2052 581 loca
2080 543 2201 583 esse
2235 543 2568 586 reversuros.
2599 531 2894 587 Possumus
2936 546 3151 600 quoque
3189 533 3369 587 odium
3410 533 3514 590 lle—

1935 619 2081 674 rudis
2131 633 2239 688 quo
2267 620 2491 690 perdere
2526 618 2711 675 Jesum
2751 621 2939 684 voluit,
2974 637 3136 690 super
3182 625 3516 692 persecutio-

1932 711 2113 773 nibus,
2140 725 2260 779 qua:
2295 711 2663 779 apostolorum
2716 712 3047 782 temporibus
3100 712 3257 767 facta:
3303 715 3513 769 suntin

1930 794 2134 859 Judtea,
2161 797 2470 866 specialiter
2524 799 2812 869 accipere,
2871 801 3085 868 quando
3152 801 3512 857 iuvalescente

1933 883 2156 948 invidia,
2205 885 2585 954 pnedicatores
2641 887 2793 942 verbi
2839 901 2976 958 pene
3017 903 3204 943 omnes
3249 897 3374 943 sunt
3420 906 3513 944 ex-

1927 973 2066 1041 pulsi
2099 975 2164 1028 de
2193 975 2492 1042 provincia,
2545 985 2600 1030 et
2646 977 2697 1030 in
2727 976 2976 1046 gentibus
3004 975 3348 1044 praedicaturi
3387 986 3512 1032 sunt

1931 1063 2086 1134 longe
2140 1063 2352 1133 lateque
2397 1065 2644 1134 dispersi.
2691 1066 2888 1134 Sicque
2924 1063 3125 1120 factum
3161 1075 3244 1120 est
3283 1075 3341 1120 ut
3377 1083 3510 1137 geu-

1931 1154 2122 1217 tilitas,
2163 1170 2282 1222 qua:
2314 1171 2410 1224 per
2457 1155 2752 1226 Egyptum
2811 1155 3093 1224 ﬁguratur,
3123 1157 3361 1224 peccatis
3386 1166 3513 1212 ante

1933 1243 2236 1307 tenebrosa,
2293 1241 2471 1298 lumen
2521 1245 2668 1298 verhi
2716 1246 3039 1314 perciperet.
3087 1244 3201 1300 IIoc
3237 1255 3319 1300 est
3367 1246 3508 1300 enim

1928 1349 2156 1402 puerum
2182 1329 2363 1388 Jesum
2389 1349 2484 1403 per
2525 1332 2722 1402 Joseph
2751 1343 2806 1387 et
2848 1343 3073 1388 matrem
3105 1334 3220 1403 ejus
3253 1334 3304 1388 iu
3337 1334 3509 1404 Egy-

1928 1430 2078 1490 ptum
2112 1419 2432 1488 transferri,
2462 1422 2622 1477 ﬁdem
2675 1422 2968 1477 Dominicm
3014 1424 3428 1488 incarnationis,
3457 1432 3512 1478 et

1929 1510 2182 1566 Ecelesim
2209 1512 2522 1568 societatem
2569 1530 2666 1584 per
2717 1514 2965 1569 doctores
3015 1523 3231 1569 sanctos
3261 1517 3512 1584 gentibus

1929 1600 2217 1654 committi.
2262 1597 2415 1667 Quod
2445 1611 2602 1657 erant
2629 1603 2680 1656 in
2725 1601 2957 1674 Egypto
2989 1618 3161 1672 usque
3187 1605 3253 1658 ad
3301 1605 3509 1658 obitum

1929 1687 2155 1744 Herodis
2197 1689 2397 1746 indicat
2453 1692 2680 1763 ﬁgurate
2730 1692 2889 1747 ﬁdem
2923 1693 3119 1748 Christi
3171 1694 3224 1746 in
3263 1695 3512 1762 gentibus

257 1798 371 1838 eam
397 1785 679 1839 veritatem
707 1786 760 1838 in
789 1785 926 1840 Isaia
969 1787 1229 1856 scriptum
1259 1795 1341 1841 est
1367 1805 1381 1841 :
1410 1787 1562 1842 Exiet
1587 1790 1730 1859 virga
1759 1791 1824 1844 de
1855 1799 1898 1859 Β
1929 1796 2262 1846 mansuram,
2291 1780 2463 1838 donec
2500 1783 2778 1852 plenitudo
2823 1799 3010 1838 earum
3052 1785 3303 1849 introeat,
3333 1792 3388 1838 et
3431 1784 3511 1840 sic

257 1875 424 1928 radice
459 1875 610 1930 Iesse
655 1885 702 1930 et
753 1875 1046 1932 Nazarazus
1089 1877 1154 1932 de
1201 1879 1376 1933 radice
1422 1880 1539 1950 ejus
1583 1881 1826 1935 ascendet

253 1965 401 2037 (Isai.
436 1967 535 2037 ιι).
578 1967 874 2038 Allegorice
919 1978 1098 2024 autem
1129 1971 1242 2024 hmo
1289 1987 1435 2026 mors
1475 1971 1825 2027 lnnocentum

251 2057 592 2125 parvulorum
630 2059 937 2128 praeﬁgurat
977 2059 1280 2128 passionem
1330 2061 1572 2114 omnium
1621 2070 1826 2132 marty-

251 2162 364 2200 rum
395 2146 620 2211 Christi,
651 2148 739 2216 qui
777 2149 984 2218 parvuli
1013 2158 1069 2204 et
1111 2150 1428 2206 innocentes
1455 2160 1611 2217 sunt,
1646 2153 1698 2206 id
1743 2166 1827 2208 est

249 2233 492 2300 humiles,
529 2244 586 2290 et
612 2239 679 2290 ab
707 2237 852 2292 omni
883 2237 1006 2293 dolo
1037 2239 1253 2294 malitiae
1283 2240 1466 2305 alieni,
1497 2249 1552 2296 et
1584 2243 1675 2311 qui
1717 2257 1821 2296 non

247 2325 414 2378 solum
453 2325 508 2380 in
539 2323 873 2390 Belblehem,
903 2328 954 2382 id
978 2335 1062 2382 est
1087 2328 1140 2381 in
1166 2327 1371 2393 Judzea,
1400 2330 1540 2384 unde
1573 2331 1824 2385 Ecclesiae

246 2416 407 2484 empit
444 2418 619 2487 origo,
664 2419 758 2473 sed
803 2427 858 2473 et
897 2420 951 2473 in
997 2421 1248 2474 omnibus
1280 2421 1534 2476 Ecclesiae
1579 2420 1820 2488 ejusdem

245 2504 436 2561 ﬁnibus
481 2523 580 2576 per
621 2516 789 2574 totum
829 2509 1013 2563 orbem
1061 2517 1328 2563 terrarum
1385 2511 1820 2579 persecutionem

240 2596 380 2662 passi
416 2605 568 2660 sunt,
593 2597 659 2650 ab
691 2598 872 2667 impiis
895 2605 948 2652 et
975 2598 1318 2666 aequissimis
1355 2602 1817 2669 persecutoribus,

240 2703 472 2754 quorum
519 2689 756 2745 Herodes
801 2689 1285 2746 trueulentissimus
1312 2698 1496 2762 typum
1529 2694 1720 2748 tenuit.
1753 2694 1818 2748 l-Ii

237 2793 361 2848 ergo
406 2780 546 2834 bimi
572 2781 736 2838 occisi
766 2790 912 2846 sunt,
945 2781 997 2834 id
1027 2791 1111 2836 est
1137 2782 1379 2835 doctrina
1405 2789 1462 2837 et
1503 2784 1817 2852 operatione

235 2868 482 2937 perfecti.
523 2869 676 2936 Quod
714 2871 787 2925 illi
828 2870 1044 2942 quidem
1073 2872 1236 2927 occisi
1265 2881 1412 2937 sunt,
1442 2873 1535 2928 sed
1575 2873 1820 2931 Christus

234 2960 321 3028 qui
365 2962 716 3028 quaerebatur
744 2963 930 3017 vivens
955 2963 1146 3028 evasit,
1191 2963 1429 3018 insinuat
1459 2965 1673 3032 quidem
1701 2982 1819 3022 cor-

237 3063 364 3115 pora
396 3049 469 3102 ab
499 3049 682 3118 impiis
706 3065 863 3120 posse
886 3051 1101 3120 perimi,
1125 3053 1217 3106 sed
1250 3051 1551 3119 Christum,
1583 3070 1680 3124 pro
1711 3070 1819 3123 quo

1928 1870 2104 1925 omnis
2141 1869 2303 1926 Israel
2334 1871 2513 1927 salvus
2542 1872 2654 1926 ﬁat.
2680 1872 2872 1928 Obitus
2899 1874 3092 1943 quippe
3135 1873 3364 1930 Herodis
3397 1885 3508 1929 ter-

1928 1963 2130 2018 minum
2169 1964 2482 2020 intentionis
2535 1966 2846 2030 malitiosze,
2896 1981 3000 2035 qua
3033 1981 3175 2021 nunc
3197 1977 3382 2021 contra
3409 1967 3511 2022 Ec-

1926 2051 2144 2107 clesiam
2167 2051 2350 2108 Iudaea
2378 2055 2551 2119 saevit,
2591 2055 2857 2120 insinuat;
2891 2055 3092 2109 occisio
3135 2053 3504 2123 parvulorum,

1926 2149 2151 2196 mortem
2180 2143 2460 2197 humilium
2484 2143 2703 2212 spiritu,
2732 2159 2888 2212 quos,
2919 2143 3104 2214 fugato
3122 2159 3150 2197 a
3182 2158 3240 2198 se
3268 2143 3505 2208 Christo,

1924 2229 2091 2284 Judaei
2127 2233 2392 2301 perimere
2444 2231 2772 2287 desiderant.
2816 2233 2968 2299 Quod
3017 2242 3198 2291 autem
3251 2235 3507 2288 del'tmcto

1925 2318 2133 2376 Herode
2177 2321 2316 2376 redit
2341 2321 2409 2375 ad
2445 2329 2643 2375 terram
2684 2321 2847 2376 Israel
2890 2321 3080 2388 Jesus,
3112 2322 3274 2376 ﬁnem
3322 2323 3507 2376 smculi

1923 2410 2241 2476 denuntiat,
2290 2413 2505 2481 quando
2561 2411 2744 2467 Euoch
2791 2421 2844 2467 et
2898 2413 3012 2466 Elia
3065 2412 3500 2482 praedicantibus,

1922 2497 2114 2566 Judaei,
2143 2502 2316 2570 sopita
2343 2502 2614 2558 modernae
2651 2501 2864 2558 invidia:
2893 2501 3103 2557 ﬂamma
3125 2543 3140 2569 ,
3178 2500 3338 2556 ﬁdem
3365 2501 3510 2555 veri-

1925 2589 2054 2643 tatis
2101 2591 2392 2660 accipient.
2427 2591 2494 2646 Et
2532 2590 2670 2646 bene
2709 2607 2830 2646 cum
2881 2590 3121 2646 Judaeam
3170 2590 3393 2654 deserit,
3427 2589 3508 2643 fu-

1923 2694 2068 2749 gere,
2100 2689 2154 2735 et
2181 2681 2285 2736 hoc
2334 2682 2388 2736 in
2435 2689 2592 2737 nocte
2622 2683 2839 2749 dicitur,
2868 2697 2990 2737 cum
3032 2695 3161 2737 vero
3190 2681 3501 2744 revertitur,

1922 2768 2067 2823 nulla
2101 2785 2207 2824 non
2236 2770 2407 2825 solum
2442 2770 2597 2841 fugae,
2631 2771 2724 2826 sed
2755 2787 2820 2825 ne
2851 2772 3023 2826 noctis
3045 2769 3104 2824 ﬁt
3126 2771 3348 2835 mentio,
3379 2769 3506 2839 quia

1921 2861 2177 2915 nimirum
2205 2878 2341 2931 quos
2379 2864 2449 2918 ob
2488 2872 2833 2933 peccatorum
2872 2864 3123 2918 tenebras
3152 2863 3278 2917 olim
3314 2876 3502 2931 perse-

1921 2957 2135 3006 cutores
2189 2953 2426 3024 reliquit,
2477 2955 2622 3024 ipsos
2673 2956 2742 3009 ob
2786 2954 2961 3010 lucem
3017 2955 3138 3008 ﬁdei
3172 2953 3386 3007 tandem
3441 2967 3500 3007 se

1923 3051 2227 3109 quazrentes
2261 3043 2466 3098 revisit.
2499 3044 2670 3112 Quod,
2698 3043 2952 3098 damnato
2994 3043 3132 3099 licet.
3149 3042 3380 3106 Herode,
3407 3039 3502 3096 Jo-

239 3145 343 3191 tota
382 3140 694 3207 persecutio
720 3141 890 3205 saevit,
933 3141 1240 3196 nullatenus
1280 3143 1361 3196 eis
1391 3144 1694 3198 viventibus
1738 3147 1817 3200 vel

1923 3130 2050 3198 seph
2081 3131 2273 3186 timore
2301 3132 2556 3188 Archelai
2595 3134 2686 3187 ﬁlii
2715 3135 2831 3204 ejus
2875 3133 3137 3198 Iudaeam,
3168 3133 3259 3187 ubi
3302 3141 3505 3187 metro-

237 3227 452 3292 occisis,
483 3242 645 3297 posse
682 3227 902 3282 auferri.
940 3229 1091 3295 Quod
1119 3229 1274 3295 juxta
1305 3232 1617 3286 vaticinium
1662 3232 1818 3289 Iere-

237 3316 353 3370 mia:
382 3332 491 3372 vox
525 3317 578 3372 in
612 3333 782 3382 rama,
813 3319 865 3372 id
893 3327 975 3373 est
1003 3320 1055 3372 in
1082 3321 1316 3385 excelso,
1348 3323 1528 3376 audita
1565 3330 1668 3386 est,
1702 3323 1817 3392 plo-

235 3413 400 3469 ratus,
441 3414 500 3462 et
544 3407 778 3462 ululatus
817 3408 1033 3472 multus,
1076 3409 1359 3464 manifeste
1407 3411 1687 3485 denuntiat
1730 3413 1812 3466 lu-

234 3501 376 3548 ctum
421 3503 632 3550 sancta:
660 3495 930 3561 Ecclesiae,
975 3512 1082 3566 quo
1109 3498 1176 3552 de
1223 3496 1420 3565 injusta
1451 3501 1813 3554 membrorum

233 3603 452 3642 suorum
497 3603 635 3644 nece
675 3590 860 3659 gemit,
894 3605 1022 3654 non,
1051 3599 1108 3644 ut
1134 3591 1319 3646 hostes
1343 3593 1606 3662 garriunt,
1641 3594 1693 3646 in
1723 3609 1814 3673 va-

237 3690 390 3729 cuant
421 3677 648 3742 cedere,
681 3679 774 3731 sed
805 3693 974 3747 usque
1011 3679 1078 3734 ad
1126 3680 1322 3734 solium
1365 3681 1582 3750 superni
1628 3697 1814 3736 ascen-

231 3763 354 3818 dere
377 3763 612 3832 judicis,
655 3766 794 3820 sicut
823 3767 892 3821 de
931 3769 1188 3838 sanguine
1227 3768 1360 3823 Abel
1399 3771 1814 3840 protomartyris

231 3856 490 3925 scriptum
521 3865 630 3912 est.
658 3857 808 3924 Quod
837 3867 1015 3912 autem
1048 3857 1248 3913 Rachel
1280 3860 1491 3927 plorare
1521 3860 1658 3914 ﬁlios
1687 3875 1812 3915 suos

230 3946 446 4012 dicitur,
475 3962 588 4004 nec
621 3948 852 4002 voluisse
887 3948 1151 4002 consolari
1183 3949 1309 4017 quia
1339 3965 1445 4002 non
1477 3958 1621 4014 sunt,
1649 3950 1814 4019 signi-

230 4036 350 4093 ﬁcat
393 4039 701 4094 Ecclesiam
744 4038 958 4107 quidem
1003 4038 1214 4107 plorare
1246 4046 1558 4094 sanctorum
1599 4039 1666 4094 de
1710 4040 1813 4093 hoc

228 4127 420 4184 sarculo
450 4129 814 4192 ablationem,
843 4128 936 4182 sed
980 4143 1085 4182 non
1123 4128 1196 4182 ita
1237 4129 1375 4182 velle
1417 4128 1717 4193 consolari,
1754 4137 1813 4182 ut

228 4215 314 4282 qui
343 4217 610 4271 saeculum
653 4225 827 4269 morte
873 4216 1116 4272 vicerunt
1145 4231 1335 4270 rursus
1361 4215 1428 4270 ad
1470 4217 1647 4272 saeculi
1694 4232 1812 4272 cer-

229 4307 426 4361 tamina
455 4321 648 4362 secum
677 4306 953 4361 toleranda
987 4306 1225 4360 redeant.
1255 4305 1391 4374 Quia
1422 4307 1676 4361 nimirum
1703 4323 1810 4361 non

225 4407 347 4456 Sunt
371 4399 518 4453 ultra
570 4399 852 4453 revocandi
883 4398 935 4457 in
977 4397 1254 4462 mundum,
1282 4399 1347 4454 de
1377 4397 1530 4466 cujus
1557 4398 1809 4452 aerumnis

1919 3219 2083 3289 polim
2112 3221 2364 3288 habebat,
2412 3223 2490 3278 ire
2539 3223 2866 3289 formidans,
2899 3232 3151 3279 monente
3194 3224 3412 3294 angelo,
3446 3225 3500 3279 in

1917 3312 2183 3369 Nazareth
2206 3315 2439 3372 Galilaete
2469 3317 2688 3379 secedit,
2720 3317 2908 3372 ultima
2935 3318 3218 3386 praesentis
3245 3317 3500 3372 Ecclesia:

1917 3410 2156 3471 tempora
2184 3403 2450 3474 designat,
2478 3404 2693 3475 quando
2723 3420 2822 3474 per
2849 3420 2934 3470 ea,
2964 3420 3082 3475 quae
3110 3419 3253 3459 nunc
3281 3405 3498 3460 univcr-

1915 3489 2011 3544 sali
2061 3490 2236 3561 gentis
2283 3491 2426 3546 illius
2496 3493 2738 3548 caecitate
2809 3493 3148 3548 Christianos
3218 3493 3273 3546 in
3324 3507 3498 3563 quan-

1915 3587 2026 3632 tum
2058 3580 2198 3634 valet
2219 3582 2470 3650 persequi
2497 3597 2603 3636 non
2629 3583 2864 3648 desistit,
2893 3583 3075 3637 acrior
3096 3583 3149 3637 in
3175 3583 3496 3653 quibusdam

1912 3667 2231 3724 Antichristi
2273 3673 2580 3738 persecutio
2615 3681 2924 3742 consurget.
2960 3673 3026 3725 Et
3077 3673 3292 3741 quidem
3331 3671 3498 3740 pluri-

1913 3759 2015 3811 mis
2037 3759 2103 3812 ad
2130 3761 2565 3828 praedicationem
2604 3762 2788 3814 Euoch
2821 3769 2874 3814 et
2905 3761 3033 3814 Elite
3059 3775 3087 3812 a
3116 3760 3340 3829 perﬁdia
3370 3776 3500 3815 con-

1914 3849 2106 3912 versis,
2157 3849 2251 3903 sed
2282 3850 2496 3904 caeteris
2538 3850 2605 3904 ad
2652 3851 2967 3904 instinctum
3011 3850 3328 3904 Antichristi
3384 3859 3496 3904 tota

1914 3939 2209 3994 intentione
2255 3949 2441 3995 contra
2496 3940 2654 3996 ﬁdem
2708 3941 3109 3997 dimicantibus.
3153 3941 3286 3996 Pars
3334 3943 3497 4012 igitur

1911 4026 2108 4082 Iudaea:
2131 4029 2183 4081 in
2207 4042 2310 4097 qua
2338 4031 2598 4099 regnabat
2623 4030 2922 4086 Archelaus
2947 4029 3180 4099 perﬁdos
3213 4030 3494 4085 Antichri—

1913 4118 1982 4171 sti
2008 4132 2266 4187 sequaces
2306 4121 2562 4174 ostendit.
2603 4120 2772 4176 Porro
2815 4119 3082 4175 Nazareth
3105 4120 3354 4186 Galilaxe,
3383 4137 3493 4191 quo

1911 4209 2169 4264 Dominus
2204 4208 2546 4276 transfertur,
2594 4227 2782 4282 pacem
2826 4212 3001 4282 gentis
3043 4210 3320 4278 ejusdem,
3376 4228 3495 4281 qua:

1912 4305 2040 4353 tunc
2064 4301 2320 4370 temporis
2349 4301 2505 4356 ﬁdem
2529 4302 2730 4357 Christi
2761 4310 2845 4356 est
2869 4310 3203 4371 susceptura,
3226 4302 3490 4373 designat.

1913 4391 2067 4446 Unde
2100 4392 2236 4447 bene
2278 4391 2496 4448 Galilzea
2526 4403 2818 4466 perpetrata
2857 4395 3248 4464 transmigratio
3271 4435 3284 4457 ,
3313 4394 3491 4449 Naza-
3536 4453 3539 4455 _

223 4489 388 4542 semel
436 4496 766 4553 evaserunt,
799 4488 1092 4544 oorouandi
1135 4488 1204 4543 ad
1243 4487 1536 4543 Christum.
1569 4489 1633 4542 Et
1673 4489 1810 4543 bene
1835 4469 1888 4528 D
1913 4481 2030 4535 rell!
2060 4482 2179 4550 ﬂos,
2216 4490 2307 4536 aut
2328 4481 2605 4552 virgultum
2644 4481 2778 4552 ejus,
2804 4483 3207 4552 interpretatur.
3242 4484 3376 4552 Quia
3406 4485 3488 4538 ni-

223 4577 447 4642 Rachel,
493 4593 622 4647 quae
652 4577 779 4642 ovis,
810 4587 903 4630 aut
932 4576 1106 4632 videns
1135 4575 1305 4630 Deum
1325 4618 1339 4641 ,
1377 4575 1598 4641 dicitur,
1629 4577 1812 4632 Eccle-

221 4667 354 4720 siam
388 4667 637 4738 ﬁgurare
675 4667 1092 4729 demonstratur,
1129 4664 1284 4732 cujus
1313 4673 1424 4724 tota
1470 4665 1715 4730 intentio,
1755 4674 1812 4720 ut

218 4756 405 4810 videre
451 4757 632 4813 Deum
673 4763 961 4818 mereatur,
1009 4753 1267 4825 invigilat.
1315 4755 1382 4808 Et
1426 4755 1539 4824 ipsa
1585 4764 1667 4808 est
1696 4755 1813 4810 ovis

219 4845 544 4910 centesima,
582 4858 742 4912 quam
784 4843 977 4898 Pastor
1003 4844 1195 4910 bonus,
1230 4843 1431 4899 relictis
1469 4845 1522 4898 in
1550 4845 1686 4900 etelo
1715 4861 1814 4900 no-

217 4935 441 5005 naginta
496 4948 694 4988 novem
723 4933 910 4992 ovibus
951 4933 1312 5004 angelicarum
1343 4933 1637 5000 virtutum,
1677 4936 1808 4990 abiit

216 5042 463 5096 quaerere
511 5028 570 5082 in
621 5035 794 5091 terra,
845 5027 1219 5095 iuventamque
1265 5027 1378 5080 suis
1423 5027 1662 5082 humeris
1706 5027 1809 5081 im-

214 5119 426 5191 posuit,
456 5127 516 5185 et
552 5117 633 5174 sic
671 5117 968 5192 reportavit
995 5116 1062 5170 ad
1104 5131 1340 5186 gregem.
1366 5115 1518 5182 Quod
1562 5131 1690 5171 vero
1720 5133 1809 5171 oe-

214 5206 343 5276 cisis
386 5222 494 5286 pro
549 5205 777 5259 Domino
823 5205 1022 5274 pueris,
1056 5202 1293 5258 Herodes
1339 5220 1442 5257 non
1484 5203 1638 5274 longe
1685 5213 1806 5273 post

213 5297 376 5366 obiit,
408 5309 468 5352 et
514 5294 749 5366 Joseph,
790 5302 1039 5350 mouente
1077 5293 1283 5362 angelo,
1346 5293 1632 5347 Dominum
1679 5311 1800 5348 cum

212 5397 387 5441 matre
435 5386 506 5441 ad
563 5396 760 5438 terram
805 5383 967 5439 Israel
1015 5381 1253 5448 reduxit,
1301 5382 1568 5454 signiﬁcat
1612 5398 1802 5438 omnes

209 5483 666 5546 persecutiones,
718 5489 836 5542 (piae
866 5481 1052 5526 contra
1085 5471 1377 5525 Ecclesium
1403 5479 1558 5524 erant
1589 5487 1803 5526 moven-

210 5564 333 5629 dae,
396 5566 650 5634 ipsorum
707 5574 1113 5634 persecuturum
1181 5571 1353 5616 morte
1411 5561 1798 5626 vindicandas,

209 5654 537 5736 eisdemque
571 5654 807 5710 multatis
850 5653 1299 5724 persecutoribus,
1333 5667 1519 5722 pacem
1545 5651 1798 5709 Ecclesiae

1908 4574 2104 4628 mirum
2148 4581 2335 4630 saneta
2363 4573 2600 4630 Ecclesia
2636 4590 2744 4645 quo
2781 4575 3089 4630 ardentiore
3115 4575 3380 4631 desiderio
3421 4575 3488 4628 ab

1907 4663 1992 4717 his
2048 4679 2167 4732 qua:
2219 4663 2273 4719 in
2320 4664 2481 4720 terris
2527 4666 2676 4722 videt
2725 4666 2791 4720 ad
2838 4665 3078 4721 coelestia
3129 4665 3488 4736 promerenda

1909 4754 2274 4824 transmigrat,
2324 4770 2390 4810 eo
2439 4757 2645 4826 majore
2687 4756 3010 4826 spiritalium
3060 4755 3298 4810 abundat
3357 4755 3488 4810 ﬁore

1908 4858 1970 4897 ac
2000 4844 2241 4914 germine
2270 4845 2550 4899 virtutum.

2531 4933 2756 4988 CAPUT
2791 4933 2876 4987 III.

1955 5021 2034 5076 De
2075 5022 2448 5092 prwdicatiune
2477 5023 2708 5146 .1an32:
2737 5022 3034 5144 tbaptistm,
3087 5031 3134 5076 et
3179 5022 3432 5091 baptismo

2709 5110 2734 5145 ε
2759 5109 2799 5144 ι.

1979 5206 2092 5280 [1.]
2118 5205 2184 5260 1η
2209 5207 2388 5260 diebus
2423 5206 2528 5261 illis
2571 5207 2708 5261 venit
2745 5205 2978 5259 Joannes
3002 5202 3265 5271 Baptista,
3293 5199 3482 5269 prwdi»

1907 5313 2031 5350 cans
2054 5298 2106 5349 in
2128 5295 2328 5350 deserto
2350 5295 2573 5358 Judww,
2599 5305 2647 5349 et
2670 5294 2846 5348 dicens
2879 5307 2896 5344 :
2927 5289 3291 5346 Paenitentiam
3320 5289 3476 5359 agite,

1906 5385 2280 5453 appropinquat
2314 5383 2450 5437 enim
2500 5399 2712 5452 regnum
2767 5379 3032 5434 caelorum.
3076 5376 3267 5447 (Ang.)
3325 5376 3478 5442 Quod

1905 5473 2038 5526 dicit
2067 5473 2121 5526 in
2146 5473 2325 5526 diebus
2349 5473 2474 5538 illis,
2526 5489 2630 5526 non
2671 5472 2854 5539 utique
2887 5467 3254 5522 tantummodo
3291 5467 3475 5536 pueri-

1905 5567 1992 5619 tia:
2022 5566 2161 5620 illius
2207 5567 2323 5621 dies
2358 5566 2609 5627 insinuat,
2642 5563 2733 5617 sed
2775 5575 2960 5616 omnes
2989 5559 3102 5614 dies
3135 5559 3204 5614 ab
3228 5559 3344 5629 ejus
3375 5574 3465 5612 na-

1907 5657 2112 5714 tivitatc
2140 5675 2307 5729 usque
2329 5659 2394 5712 ad
2421 5666 2630 5726 tempus
2660 5669 2766 5724 quo
2796 5652 3090 5723 przcdicare
3112 5667 3176 5707 ac
3200 5651 3479 5722 baptizare
