3970 6198
434 307 533 368 767

1069 309 1130 364 Β.
1170 307 1423 364 RABANI
1464 307 1684 365 MAURI
1722 306 2043 365 ARClllEP.
2086 307 2395 366 MOGUNT.
2436 307 2722 366 OPERUM
2761 308 2939 368 PARS
2977 308 3018 366 l.

3598 315 3706 373 768

427 429 595 498 coepit
618 424 873 493 Joannes,
919 422 1079 480 simul
1134 424 1562 496 comprehendit.
1611 423 1729 490 Quo
1772 430 2014 494 tempore
2041 425 2090 486 Α
2120 423 2313 493 inquit,
2337 423 2591 490 habebat,
2625 439 2732 479 non
2759 425 2827 481 de
2855 424 3003 492 lana,
3029 426 3156 497 quia
3184 426 3329 483 aliud
3357 434 3444 484 est
3473 438 3710 486 austerae

428 518 633 576 Christi
678 525 811 573 tetas
848 515 1100 588 juvenilis
1150 516 1442 572 invenitur.
1472 515 1609 584 Quia
1655 515 1819 572 eoaavi
1857 522 2015 570 erant

429 609 679 665 Christus
715 617 770 664 et
813 605 1067 673 Joannes,
1122 615 1177 662 et
1235 606 1459 678 triginta
1517 605 1689 662 ferme
1747 620 2014 662 annorum

431 708 688 754 narratur
720 698 886 754 fuisse
905 740 918 765 ,
945 713 1068 753 eum
1094 698 1162 753 ab
1186 697 1276 753 illo
1311 698 1616 768 baptizatus
1645 706 1807 752 esset.
1839 696 2016 752 Lucas

432 800 614 847 autem
632 807 726 862 per
742 799 1038 861 potestates
1061 799 1304 848 terrenas
1319 791 1618 862 signantius
1638 790 1751 859 ipsa
1773 797 2017 859 tempora

432 881 700 951 expressit
749 882 1148 952 praedicationis
1191 881 1276 938 vel
1326 882 1580 952 baptismi
1627 880 1883 946 Joannis,
1930 880 2018 936 di-

434 989 564 1028 ecus
601 973 791 1028 :Anno
837 982 1011 1028 autem
1052 972 1361 1028 duodecimo
1412 973 1615 1042 imperii
1657 972 1850 1026 Tiberii
1897 959 2016 1025 Cat-'-

433 1065 594 1128 saris,
641 1075 955 1133 procurante
991 1061 1185 1117 Pontio
1227 1061 1404 1116 Pilato
1451 1063 1721 1127 Judazam,
1755 1062 2020 1116 tetrarcha

434 1165 608 1211 autem
637 1155 872 1212 Galilwa:
903 1156 1146 1223 Herode,
1191 1155 1436 1226 Philippo
1488 1166 1664 1209 autem
1696 1155 1860 1225 fratre
1905 1155 2019 1225 ejus

437 1246 699 1300 tetrarcha
729 1246 942 1302 Iturwte
961 1289 974 1314 ,
1007 1257 1054 1302 et
1087 1247 1474 1301 Trachonitidis
1503 1247 1744 1316 regionis,
1776 1254 1823 1299 et
1870 1244 2022 1322 Lisa-

437 1337 529 1390 nia
555 1335 782 1391 Abilina:
812 1339 1095 1406 tetrarcha,
1128 1339 1326 1408 factum
1348 1348 1423 1393 est
1452 1339 1661 1393 verbum
1691 1337 1900 1392 Domini
1933 1355 2021 1393 su-

433 1441 527 1496 per
551 1425 811 1480 Joannem
839 1425 1115 1482 Zacharia:
1164 1427 1335 1497 ﬁlium
1364 1429 1419 1482 in
1464 1427 1689 1494 deserto,
1727 1436 1774 1483 et
1805 1428 1938 1482 venit
1967 1429 2020 1482 in

435 1532 641 1570 omnem
691 1517 949 1587 regionem
996 1517 1289 1585 Iordanis,
1351 1519 1648 1590 praedicans
1709 1519 2023 1589 baptismum

433 1607 773 1676 paenitentia',
796 1610 853 1662 in
883 1610 1236 1663 remissionem
1253 1620 1583 1680 peccatorum
1606 1609 1758 1682 (Luc.
1775 1609 1880 1683 ιιι).
1897 1609 2023 1666 Ρω-

2117 515 2284 570 vestis
2310 501 2750 580 indicium,aliud
2776 515 3004 571 luxuria:
3024 516 3308 573 mollioris.
3331 517 3482 574 Zona
3519 527 3707 576 autem

2117 607 2326 673 bellica,
2355 623 2462 678 qua
2492 616 2548 663 et
2581 609 2860 665 accinctus
2889 608 2989 665 fuit
3041 611 3184 668 Elias
3203 652 3218 677 ,
3267 612 3709 671 mortificationis

2118 699 2422 771 symbolum
2455 707 2557 756 est.
2606 700 2778 756 Porro
2807 704 2952 772 quod
2990 704 3238 774 sequitur
3284 722 3297 759 :
3330 704 3473 760 Esca
3532 715 3709 761 autem

2117 790 2232 860 ejus
2247 799 2360 846 erat
2385 791 2587 846 locusta
2611 801 2659 846 et
2682 791 2784 846 mel
2805 791 3060 857 silvestre,
3084 793 3376 850 habitatori
3399 795 3710 852 solitudinis

2118 895 2418 952 congruum
2447 890 2550 948 est,
2579 890 2642 937 ut
2668 897 2776 938 non
2807 883 3028 940 delicias
3047 885 3320 961 ciborum,
3371 886 3470 941 sed
3520 901 3711 942 neces-

2118 971 2332 1026 sitatem
2364 973 2614 1029 humanae
2639 974 2818 1029 carnis
2845 974 3106 1044 expleret,
3137 991 3243 1033 non
3265 973 3520 1047 quaerens
3541 964 3710 1048 dapes

2119 1073 2187 1114 ex
2229 1061 2561 1116 nutrimento
2588 1077 2866 1132 pecorum,
2915 1077 3016 1120 nec
3051 1081 3119 1121 ex
3174 1067 3408 1123 sollicita
3458 1068 3709 1123 custodia

2121 1149 2438 1218 alvearium,
2485 1152 2581 1208 sed
2621 1154 2766 1209 tenui
2818 1149 2963 1210 victu
3005 1165 3315 1222 contentus,
3367 1173 3432 1212 ex
3486 1159 3711 1215 minutis

2119 1239 2447 1307 volatilibus,
2474 1250 2530 1296 et
2551 1256 2618 1298 ex
2660 1242 2820 1298 melle
2849 1243 3069 1301 invento
3105 1247 3157 1300 in
3189 1231 3398 1302 truncis
3423 1233 3707 1302 arborum.

2121 1329 2306 1386 Potest
2355 1331 2572 1388 habitus
2626 1340 2681 1388 et
2713 1333 2889 1390 victus
2934 1334 3051 1404 ejus
3101 1350 3202 1406 per
3252 1320 3708 1408 significationem

2123 1422 2287 1478 etiam
2315 1424 2632 1494 qualitatem
2681 1425 2910 1481 internae
2940 1428 3372 1503 conversationis
3424 1428 3546 1498 ejus
3602 1445 3710 1484 non

2125 1513 2567 1571 ineonvenienter
2593 1505 2938 1584 exprimere:
2979 1533 3107 1574 nam
3145 1513 3275 1592 quia
3317 1521 3712 1594 austerioribus

2121 1607 2378 1661 utebatur
2404 1607 2755 1674 indumentis,
2783 1609 2865 1664 sic
2884 1609 3049 1665 etiam
3087 1610 3347 1667 Dominus
3375 1612 3428 1666 in
3459 1605 3712 1669 laudibus

437 1699 724 1754 nitentiam
782 1700 944 1771 igitur
1005 1701 1182 1757 facere
1231 1703 1286 1756 in
1340 1703 1554 1758 deserto
1600 1702 1797 1758 Iudam
1842 1717 2023 1772 praeco
2052 1763 2093 1772 _
2125 1695 2240 1766 ejus
2265 1704 2600 1768 protestatus
2623 1707 2729 1764 est,
2757 1697 2946 1754 dicens
2970 1699 3038 1754 ad
3068 1697 3284 1756 Judzeos
3318 1719 3331 1754 :
3366 1701 3510 1767 Quid
3530 1702 3709 1756 existis

437 1789 682 1844 veritatis
725 1763 900 1844 docet.
948 1790 1082 1856 Quia
1112 1805 1176 1844 ea
1205 1791 1441 1846 maxime
1482 1791 1793 1862 indigebant
1832 1763 1907 1846 illi
1927 1831 1942 1858 ,
1990 1806 2021 1845 a
2052 1763 2098 1823 Β
2125 1763 2609 1859 videre?hom_inem
2633 1763 2875 1844 mollibus
2900 1791 3326 1846 vestitunt?Ecce
3348 1763 3438 1862 qui
3467 1793 3712 1847 mollibus

437 1881 632 1950 quibus
657 1889 879 1952 propter
904 1889 1182 1950 peccatum
1208 1881 1466 1937 Dominus
1489 1881 1792 1937 habitatum
1813 1881 2025 1952 longius

439 1982 768 2037 recesserat,
800 1983 859 2027 ut
884 1970 1157 2028 desertum
1195 1973 1408 2029 ﬁerent.
1442 1973 1649 2042 Quibus
1676 1975 2022 2044 postmodum

439 2065 553 2134 ipse
581 2064 950 2134 peccantibus,
977 2072 1033 2119 et
1057 2064 1350 2120 homicidia
1399 2079 1538 2120 nova
1577 2065 1746 2121 veteri
1793 2066 2026 2136 prophe-

439 2161 614 2208 tarum
661 2154 792 2210 exedi
829 2153 1306 2209 .accumulantibus
1352 2155 1428 2210 ait
1467 2173 1478 2209 :
1518 2153 1652 2210 Ecce
1704 2154 2026 2226 relinquetur

439 2245 580 2301 vobis
622 2245 808 2298 damus
834 2253 1002 2298 vestra
1033 2244 1242 2298 deserta
1270 2243 1596 2316 (Luc.,xm).
1640 2243 2022 2300 Pwnitentiam

436 2350 568 2406 ergo
614 2333 940 2389 facientibus
998 2347 1220 2404 regnum
1273 2331 2025 2406 caalorum'appropinquare

438 2425 655 2479 dicitur.
693 2423 828 2492 Quia
864 2425 1008 2494 quod
1054 2433 1274 2496 propter
1301 2427 1610 2496 superbiam
1645 2435 1810 2496 atque
1848 2435 2025 2481 tran.;-

437 2515 772 2585 gressioncm
818 2515 979 2585 primi
1009 2516 1247 2586 parentis
1288 2517 1459 2571 nostri
1501 2516 1712 2588 longius
1738 2517 2021 2583 abscessit,

439 2623 564 2663 cum
593 2623 742 2663 mors
793 2616 847 2663 et
894 2593 1141 2664 infernus
1201 2607 1596 2678 appropriavit,
1649 2609 1753 2664 hoc
1804 2618 2026 2680 propter

438 2695 640 2752 Christi
675 2695 1028 2752 humilitatem
1054 2705 1109 2752 et
1132 2698 1516 2764 obedientiam,
1548 2697 1759 2754 inferno
1793 2707 2024 2766 semoto,

426 2802 470 2852 ,a
502 2787 742 2857 peccatis
769 2787 1141 2843 recedentibus
1166 2788 1401 2843 vicinum
1447 2789 1649 2844 factum
1678 2797 1779 2845 est.
1824 2789 1892 2843 Et
1921 2789 2025 2845 hoc

437 2877 508 2932 ad
538 2878 998 2947 comparationem
1029 2878 1229 2933 veteris
1257 2878 1391 2950 legis
1422 2880 1625 2934 dictum
1653 2888 1757 2944 est,
1783 2878 1876 2935 ubi
1904 2893 2024 2934 eam

437 2968 760 3024 facientibus
807 2969 949 3024 bona
979 2976 1137 3024 terra:
1165 2970 1643 3040 promittebantur.
1695 2969 1796 3026 llic
1843 2980 2024 3026 autem

439 3075 545 3114 non
577 3059 825 3115 fertilitas
849 3068 1026 3126 terrae,
1058 3061 1154 3116 sed
1178 3075 1403 3130 regnum
1429 3061 1690 3118 caelorum
1710 3062 1846 3116 bene
1868 3076 2027 3130 agen-

2124 1877 2412 1930 vestiuntur
2436 1877 2492 1931 in
2529 1877 2768 1932 domibus
2808 1863 2996 1950 regum
3045 1893 3166 1952 sunt
3213 1871 3365 1953 (Luc.
3401 1883 3535 1954 vn);
3589 1884 3713 1954 quia

2123 1967 2290 2023 vitam
2320 1967 2662 2038 peccantium
2689 1984 2797 2025 non
2819 1970 3198 2029 blandimentis
3225 1973 3377 2038 fovit,
3405 1977 3502 2031 sed
3532 1976 3716 2047 vigore

2124 2071 2330 2131 asperae
2364 2057 2682 2115 invectionis
2707 2059 3007 2130 increpavit
3038 2081 3050 2116 :
3085 2063 3302 2120 dicens:
3329 2063 3617 2120 Cenimina
3643 2068 3714 2122 vi-

2122 2163 2384 2217 perarum,
2435 2148 2552 2219 quis
2607 2149 2748 2205 vobis
2797 2151 3169 2207 demonstravit
3217 2153 3396 2225 fugere
3439 2172 3474 2209 a
3532 2156 3712 2225 futura

2124 2238 2245 2292 ira?
2268 2238 2470 2294 Zonam
2502 2239 2735 2296 habebat
2757 2241 2903 2298 circa
2929 2242 3142 2299 lumbos
3161 2258 3308 2311 suos,
3335 2246 3464 2314 quia
3489 2261 3712 2302 carnem

2124 2343 2280 2384 suam
2303 2330 2571 2386 cruciﬁxit
2586 2322 2713 2388 cum
2738 2333 2886 2388 vitiis
2905 2341 2959 2388 et
2981 2335 3435 2406 concupiscentiis
3459 2335 3608 2407 (Gal.
3638 2338 3712 2407 v).

2126 2409 2277 2486 Quod
2311 2434 2500 2475 eorum
2547 2435 2666 2477 esse
2709 2421 2800 2493 qui
2843 2429 2970 2478 sunt
2994 2421 3123 2479 Jesu
3173 2423 3406 2490 Christi,
3453 2425 3714 2494 Apostolo

2126 2517 2439 2577 attestante,
2489 2510 2796 2569 didicimus.
2858 2513 3124 2570 Locustas
3178 2524 3235 2571 et
3287 2515 3394 2571 mel
3450 2516 3716 2588 sylvestre

2125 2602 2341 2670 edebat,
2373 2603 2499 2672 quia
2556 2604 2716 2661 dulce
2752 2605 2973 2676 quidem
3012 2607 3260 2677 sapiebat
3304 2607 3480 2680 turbis
3523 2607 3718 2678 praedi-

2127 2693 2271 2750 catio
2321 2695 2460 2766 ejus,
2489 2695 2836 2751 existimante
2869 2696 3068 2768 populo
3090 2717 3092 2719 ·
3111 2706 3168 2753 et
3197 2697 3566 2768 cogitantibus
3595 2713 3716 2752 om-

2128 2785 2288 2839 nibus
2339 2785 2394 2839 in
2439 2785 2692 2841 cordibus
2738 2785 2851 2841 suis
2897 2787 2964 2841 de
3005 2802 3093 2852 eo,
3145 2801 3214 2842 ne
3243 2786 3381 2842 forte
3411 2787 3528 2857 ipse
3575 2797 3720 2843 esset

2128 2874 2396 2943 Christus,
2420 2875 2512 2931 sed
2535 2875 2688 2932 ocius
2712 2875 2875 2932 finem
2901 2876 3114 2941 sortita,
3139 2876 3571 2947 intelligentibus
3603 2877 3718 2948 ejus

2127 2965 2463 3022 auditoribus
2491 2967 2618 3037 quia
2648 2983 2754 3023 non
2797 2969 2912 3039 ipse
2949 2968 3220 3035 Christus,
3263 2969 3358 3024 sed
3409 2978 3722 3040 prmeursor’

2127 3067 2184 3112 ct-
2211 3058 2469 3128 propheta
2495 3067 2637 3114 esset
2659 3059 2880 3114 Christi.
2915 3059 3144 3132 (ΜΑυιι.)
3188 3060 3245 3115 In
3301 3060 3462 3116 melle
3514 3062 3716 3117 etenim

441 3149 582 3204 tibus
605 3150 794 3204 adesse
819 3150 1396 3206 describitur.Primus
1421 3153 1566 3206 enim
1595 3151 1834 3220 Baptista
1857 3149 2024 3206 Joan-
2052 3135 2096 3198 C
2129 3149 2374 3215 dulcedo,
2409 3149 2461 3202 in
2500 3149 2725 3205 locustis
2763 3159 2906 3207 esset
2958 3152 3140 3206 alacer
3165 3152 3397 3217 volatus,
3451 3154 3550 3208 sed
3613 3155 3719 3210 cito

440 3254 539 3294 nes
587 3247 811 3310 regnum
840 3239 1100 3295 coalorum
1136 3242 1472 3310 praedicavit,
1503 3250 1563 3297 ut
1589 3259 1892 3314 praecursor
1921 3244 2027 3299 Do-

443 3331 583 3385 mini
609 3331 712 3386 boe
738 3331 1099 3386 honoraretur
1127 3332 1429 3404 privilegio.

2129 3239 2406 3294 deeiduus.
2451 3239 2561 3295 Nec
2605 3241 2869 3295 silendum
2916 3251 3020 3308 est,
3044 3244 3187 3312 quod
3221 3244 3273 3298 in
3312 3231 3492 3300 dictis.
3519 3246 3715 3301 Arculfi

2129 3328 2420 3382 Galliarum
2449 3331 2705 3399 episcopi,
2732 3331 2822 3400 qui
2847 3329 2914 3386 de
2938 3331 3070 3387 locis
3097 3334 3300 3388 sanctis
3323 3333 3560 3404 plurima
3597 3353 3720 3389 uar-

509 3419 614 3473 Hic
637 3430 711 3474 est
731 3422 869 3475 enim
897 3421 960 3475 de
985 3439 1086 3492 quo
1114 3423 1310 3477 dictum
1345 3423 1419 3477 est
1463 3439 1557 3493 per
1584 3422 1786 3478 Isaiam
1809 3425 2030 3494 prophe-
2130 3417 2291 3483 ravit,
2323 3421 2623 3488 reperimus
2656 3421 2938 3482 minimum
2986 3438 3155 3494 genus
3183 3423 3516 3479 locustarum
3553 3427 3719 3482 fuisse

436 3519 545 3564 tam
572 3511 849 3578 dicentem,
883 3510 998 3566 Vox
1017 3511 1292 3568 clamantis
1323 3513 1377 3567 in
1405 3513 1604 3568 deserto
1630 3527 1649 3566 :
1676 3511 1872 3568 Parate
1891 3515 2027 3569 viam

439 3599 676 3667 Domini,
719 3611 884 3658 rectas
910 3601 1070 3670 facite
1093 3603 1304 3657 semitas
1347 3603 1481 3672 ejus.
1520 3603 1662 3658 Idem
1706 3619 1836 3658 vero
1865 3601 2027 3658 Joan-

437 3702 538 3744 nes
573 3687 869 3745 sccundum
919 3690 1085 3745 alium
1127 3691 1513 3762 evangelistam
1563 3690 1858 3762 requisitas
1903 3691 2027 3762 quis

437 3789 600 3845 esset,
619 3781 926 3850 respondit:
944 3781 1056 3852 Ego
1073 3798 1171 3836 vox
1186 3780 1461 3837 clamantis
1476 3783 1531 3836 in
1543 3783 1746 3836 deserto
1763 3780 2023 3854 (10am).

437 3870 539 3938 Qui
557 3871 677 3926 ideo
691 3887 791 3926 vox
808 3887 837 3925 a
859 3873 1122 3942 propheta
1145 3880 1370 3928 vocatus
1386 3880 1487 3938 est,
1505 3873 1630 3942 quia
1646 3865 1872 3928 verbum
1889 3888 2028 3942 pra:-

437 3962 694 4017 ibat.Vox
723 3977 852 4036 ergo
877 3964 1019 4018 inter
1046 3964 1152 4019 duo
1167 3965 1329 4020 verba
1355 3965 1492 4020 solet
1520 3964 1658 4032 ﬁeri,
1678 3965 1782 4020 hoc
1799 3975 1884 4021 est
1911 3965 2028 4020 ani-

438 4067 539 4106 ma:
564 4053 992 4122 incorporale,et
1023 4054 1134 4108 oris
1159 4055 1460 4123 corporale.
1488 4055 1580 4111 Sic
1609 4063 1662 4110 et
1682 4053 1918 4111 Joannes
1942 4071 2028 4112 ve-

437 4143 518 4196 nit
542 4143 683 4199 inter
709 4143 1047 4199 nativitatem
1071 4143 1272 4200 Christi
1303 4145 1539 4200 divinam
1560 4145 1649 4217 (de
1665 4161 1771 4217 qua
1795 4135 2023 4202 dicitur:

437 4233 506 4289 In
525 4235 780 4306 principio
800 4247 910 4291 erat
943 4236 1191 4310 Verbum)
1237 4246 1292 4294 et
1322 4238 1638 4307 humanam,
1682 4240 1750 4296 de
1794 4256 1900 4311 qua
1949 4241 2024 4296 ita

437 4323 695 4378 scribitur
725 4341 740 4379 :
767 4324 838 4378 Et
897 4323 1116 4380 Verbum
1156 4342 1280 4380 caro
1309 4326 1509 4396 factum
1556 4338 1664 4395 est,
1694 4336 1742 4383 et
1773 4327 2027 4383 habitavit

436 4411 494 4465 in
516 4412 681 4466 nobis.
707 4412 808 4480 Qui
837 4415 1001 4470 etiam
1029 4415 1082 4470 in
1112 4416 1329 4472 deserto
1355 4416 1575 4483 clamat,
1601 4418 1727 4488 quia
1755 4418 2027 4474 derelictae

437 4512 494 4558 et
539 4505 809 4562 destituta:
837 4507 1035 4562 Judarzn
1090 4509 1344 4564 solatium
1395 4510 1781 4580 redemptionis
1816 4525 2024 4566 annun-

439 4597 560 4649 tiat.
607 4595 745 4663 Quid
775 4605 958 4652 autem
1007 4598 1268 4654 clamaret
1297 4601 1513 4671 aperit,
1563 4615 1687 4655 eum
1733 4601 2018 4656 subditur:

439 4686 639 4742 Parate
686 4690 823 4742 viam
878 4688 1126 4755 Domini,
1188 4701 1354 4745 rectas
1413 4690 1572 4760 facite
1628 4691 1839 4745 semitas
1883 4691 2018 4761 ejus.

437 4779 626 4834 Omnis
654 4779 746 4848 qui
777 4779 935 4834 fidem
980 4789 1185 4834 rectam
1235 4789 1290 4835 et
1321 4781 1458 4836 bona
1505 4796 1668 4852 opera
1720 4781 2017 4850 praedicat,

436 4870 567 4939 quid
595 4870 737 4925 aliud
762 4885 926 4940 quam
955 4870 1192 4925 venienti
1246 4872 1473 4926 Domino
1500 4871 1568 4925 ad
1595 4870 1759 4926 corda
1797 4871 2018 4925 audien-

439 4962 573 5015 tium
597 4961 738 5016 viam
763 4968 939 5032 parat,
969 4969 1028 5015 ut
1058 4962 1198 5016 hanc
1222 4961 1310 5017 vis
1330 4962 1518 5033 gratia:
1561 4969 1831 5031 penetret,
1853 4969 1909 5016 et
1932 4960 2019 5015 lu-

437 5069 559 5108 men
594 5053 837 5109 veritatis
864 5053 1116 5120 illustrat,
1149 5062 1208 5108 ut
1235 5064 1412 5110 rectas
1443 5055 1553 5109 Deo
1582 5054 1804 5109 semitas
1832 5051 2016 5120 faciat,

437 5144 564 5200 dum
592 5145 822 5201 mundas
868 5144 923 5200 in
971 5147 1154 5202 animo
1181 5147 1535 5218 cogitationes
1572 5161 1672 5216 per
1713 5159 2018 5200 sermonem

435 5234 589 5289 bona:
611 5234 1009 5304 przedieationis
1035 5236 1250 5291 format.

510 5325 631 5378 Inse
666 5336 841 5379 autem
869 5325 1099 5380 Joannes
1148 5326 1368 5380 habebat
1413 5325 1768 5379 vestimentum
1794 5323 1858 5377 de
1897 5323 2017 5393 pilis

436 5415 771 5481 camelorum.
805 5426 854 5470 et
901 5434 1085 5472 zonam
1137 5418 1404 5486 pelliceam
1451 5419 1592 5471 circa
1634 5415 1834 5471 lumbos
1873 5433 2017 5481 suos,

435 5521 553 5559 esca
583 5518 757 5559 autent
797 5507 910 5575 ejus
939 5518 1051 5561 erat
1077 5507 1279 5562 locusta
1303 5549 1317 5572 ,
1359 5518 1405 5560 ct
1435 5506 1534 5560 mel
1563 5505 1813 5560 silvestre.
1865 5505 2022 5575 (Hie-

439 5592 576 5661 ran.)
608 5594 745 5647 Ecce
776 5595 827 5647 in
859 5592 1064 5649 Joanne
1105 5596 1283 5649 vilitas
1332 5594 1436 5649 cibi
1468 5604 1522 5647 et
1567 5593 1873 5647 vestimenti
1907 5593 2020 5646 lau-

439 5679 611 5743 datur,
629 5698 856 5748 quorum
881 5686 1193 5740 exercitatio
1217 5687 1265 5739 iu
1297 5686 1458 5739 divite
1485 5684 1741 5754 arguitur.
1779 5688 1850 5744 De
1873 5684 2017 5754 pilis,

2130 3507 2182 3561 in
2213 3507 2429 3561 deserto
2477 3505 2698 3575 Judaeze,
2729 3525 2835 3579 quo
2877 3520 3066 3580 pastus
3089 3523 3169 3567 eSI
3211 3512 3448 3569 Joannes
3474 3514 3717 3586 Baptista

2128 3603 2378 3664 etusque.
2433 3597 2594 3653 hodie
2645 3599 2718 3653 ibi
2767 3615 3057 3670 apparere,
3111 3617 3230 3671 qua:
3275 3605 3616 3674 corpusculis
3666 3606 3718 3660 in

2130 3685 2348 3739 modum
2389 3685 2542 3756 digiti
2587 3702 2780 3742 manus
2814 3689 3047 3744 exilibus
3072 3699 3127 3744 et
3157 3691 3415 3747 brevibus
3441 3693 3496 3748 in
3535 3696 3718 3750 Μαι-ιρις

2130 3774 2286 3831 facile
2307 3765 2611 3846 capiuntur,
2642 3786 2915 3848 coetzeque
2937 3779 2990 3833 in
3011 3780 3130 3836 oleo
3157 3797 3448 3852 pauperem
3476 3791 3720 3853 prmtcnt

2128 3866 2350 3921 vietum.
2385 3867 2648 3922 Similiter
2678 3879 2863 3924 narrat
2893 3855 3033 3924 idem
3061 3871 3226 3938 virin
3255 3872 3448 3928 eodem
3499 3875 3720 3931 deserto

2129 3961 2352 4015 arbores
2379 3974 2502 4014 esse
2553 3961 2809 4016 habentes
2864 3961 2990 4016 folia
3038 3963 3143 4017 lata
3177 3973 3233 4018 et
3283 3966 3518 4019 rotunda
3559 3966 3718 4022 lactei

2127 4049 2330 4105 coloris
2358 4057 2414 4104 et
2442 4048 2628 4104 melliti
2657 4051 2888 4120 saporis,
2931 4066 3052 4121 qum
3096 4060 3290 4107 natura
3338 4051 3556 4125 fragilia
3607 4071 3724 4110 ma-

2129 4141 2288 4199 nibus
2323 4141 2695 4198 confricantur
2740 4151 2796 4198 et
2846 4143 3101 4199 eduntur.
3135 4143 3203 4200 Et
3252 4145 3358 4201 hoc
3396 4161 3520 4203 esse
3572 4149 3719 4218 quod

2128 4233 2232 4288 mel
2261 4233 2510 4290 silvestre
2533 4235 2586 4289 in
2610 4235 2899 4306 Evangelio
2920 4236 3138 4292 dicitur.
3172 4237 3486 4308 Ibidemque
3505 4237 3720 4292 ostendi

2127 4321 2262 4378 dicit
2283 4323 2488 4379 fontem
2518 4323 2749 4380 lucidam
2766 4340 2961 4394 aquam
2990 4326 3300 4388 habentem,
3320 4340 3348 4378 a
3367 4340 3476 4394 quo
3494 4333 3720 4380 sanctus

2128 4413 2362 4472 Joannes
2384 4416 2599 4480 biberit,
2632 4417 2724 4486 qui
2753 4425 2810 4470 et
2827 4417 3036 4487 lapideo
3079 4426 3223 4472 tecto
3243 4417 3502 4486 ealceque
3524 4417 3722 4488 perlito

2126 4515 2403 4575 protectus
2437 4506 2526 4560 sit.
2565 4505 2786 4576 Mystice
2807 4514 3001 4581 autem
3028 4504 3262 4560 Joannes
3295 4507 3346 4560 in
3384 4508 3601 4561 deserto
3622 4505 3722 4561 Ju-

2124 4595 2252 4651 daeae
2281 4596 2582 4667 prmdicans
2611 4595 2878 4667 significat
2902 4595 3175 4651 Christum
3214 4597 3268 4650 in
3298 4597 3518 4652 deserto
3557 4597 3723 4652 istius

2126 4686 2308 4740 mundi
2339 4679 2636 4755 praadicare
2665 4686 2778 4741 sive
2803 4701 2901 4756 per
2932 4701 3011 4752 se,
3037 4686 3149 4740 sive
3168 4701 3263 4756 per
3284 4686 3541 4743 doctores
3565 4703 3715 4749 suos,

2123 4776 2216 4845 qui
2255 4787 2400 4831 recte
2421 4791 2524 4831 vox
2562 4775 2850 4831 clamantis
2872 4777 2941 4832 ob
2966 4776 3335 4831 fortitudinem
3365 4778 3716 4846 praedicatio-

2124 4868 2207 4923 nis
2233 4867 2453 4923 dieitur.
2507 4867 2643 4935 Quia
2673 4868 2728 4922 in
2761 4867 3050 4937 Evangelio
3091 4868 3160 4923 de
3203 4883 3269 4922 eo
3297 4869 3561 4939 scriptum
3588 4878 3672 4925 est
3701 4888 3716 4924 :

2121 4958 2276 5012 Jesus
2307 4959 2418 5012 ha'c
2454 4959 2652 5022 dicens,
2695 4957 2955 5012 clamabat
3004 4973 3022 5010 .'
3063 4958 3166 5024 Qui
3215 4959 3369 5012 habet
3417 4976 3574 5013 aures
3617 4977 3719 5013 au-

2119 5046 2298 5100 diendi
2327 5045 2508 5100 audiat
2533 5045 2684 5118 (Luc.
2716 5046 2854 5118 Vill).
2884 5046 2977 5101 Et:
2997 5046 3063 5100 In
3090 5048 3368 5101 novissimo
3391 5047 3478 5100 die
3508 5064 3719 5118 magna:

2119 5136 2413 5205 festivitatis
2453 5136 2622 5190 stabat
2663 5135 2838 5203 Jesus,
2876 5145 2922 5190 et
2953 5135 3214 5190 clamabat
3253 5136 3433 5190 dicens
3458 5153 3478 5190 :
3508 5136 3717 5206 Siquis

2116 5227 2243 5288 sitit,
2276 5226 2444 5281 veniat
2473 5227 2540 5278 ad
2567 5242 2649 5279 me
2679 5239 2726 5280 et
2770 5227 2908 5280 bibat
2943 5225 3125 5298 (Joan.
3154 5221 3274 5298 vn).
3321 5227 3389 5282 Et
3431 5227 3716 5297 discipulis

2123 5315 2236 5370 suis
2269 5315 2384 5385 ipse
2435 5316 2712 5385 praecepit,
2757 5317 2942 5372 dicens
2975 5335 2987 5369 :
3022 5316 3174 5383 Quod
3212 5318 3332 5371 dico
3361 5318 3505 5372 vobis
3553 5319 3610 5374 in
3639 5327 3719 5372 te.-

2111 5407 2314 5472 .nebris,
2342 5407 2494 5460 dicite
2515 5407 2572 5460 in
2599 5405 2811 5472 lumine,
2844 5418 2890 5461 et
2917 5408 3057 5478 quod
3081 5409 3135 5461 in
3159 5424 3287 5462 aure
3316 5407 3563 5472 audistis,
3580 5421 3722 5474 prce-

2122 5497 2292 5550 dicate
2344 5513 2500 5566 super
2528 5506 2660 5550 tecta
2711 5497 2923 5568 (Matth.
2984 5498 3060 5570 Χ).
3115 5499 3312 5554 Tribus
3360 5515 3490 5568 ergo
3537 5497 3719 5555 madis

2123 5586 2327 5641 clamor
2367 5587 2596 5652 accidit,
2647 5588 2748 5642 hoc
2784 5597 2885 5652 est,
2939 5589 2982 5642 si
3035 5589 3191 5661 longe
3220 5589 3412 5659 positis
3455 5589 3579 5658 quis
3629 5585 3735 5642 ιο·-

2123 5685 2344 5751 quatur,
2378 5677 2422 5732 si
2447 5678 2656 5747 surdis,
2683 5679 2725 5734 si
2751 5697 2848 5750 per
2893 5681 3334 5752 indignationem.
3369 5681 3435 5736 Et
3464 5680 3579 5736 lucc
3603 5678 3730 5737 tria
