3970 6198
237 313 340 372 769

1194 309 1549 367 COMMENT.
1577 311 1658 365 t-N
1699 299 2250 369 ΜΑττιιίΕυιιζξῖ
2282 312 2411 368 LIB.
2445 312 2486 368 ι.

3405 317 3508 375 770

233 427 419 504 generi
449 427 688 483 humano
720 423 1051 481 acciderunt.
1085 423 1265 496 Longe
1301 435 1478 491 erant,
1507 425 1636 496 quia
1677 427 1812 482 scri-
1845 434 1895 490 Α
1921 425 2070 496 xu),
2102 435 2370 496 quatenus
2417 426 2662 484 abdicata
2704 427 2813 483 vita
2864 437 3066 493 vetere,
3115 433 3361 486 renovati
3394 448 3508 486 mc-

231 529 383 592 ptum
405 525 489 574 est
518 534 532 572 :
562 515 738 585 Longe
773 531 805 567 a
842 513 1202 585 peccatoribus
1231 514 1378 568 salus
1413 513 1587 587 (Psal.
1609 515 1820 587 cxvnu).

234 612 301 665 Et
335 607 567 680 prepbta
597 605 792 661 talibus
817 603 1056 672 loquitur
1081 604 1266 659 dicens
1295 623 1308 657 :
1339 603 1532 658 Audite
1553 605 1643 675 qui
1673 603 1824 674 longe

233 700 379 763 estis,
405 696 530 750 dicit
559 693 814 748 Dominus
842 692 977 765 (lsa.
1007 691 1222 766 χχχιιι).
1243 692 1404 748 Surdi
1426 702 1602 759 erant,
1629 694 1826 764 quibus

233 802 332 858 per
357 784 550 842 lsaiam
597 781 796 838 dicitur
828 799 841 835 :
872 780 1056 847 Sardi,
1079 783 1296 848 audite;
1338 792 1396 838 et
1425 802 1438 837 :
1474 783 1606 850 Quis
1645 794 1718 839 est
1767 783 1823 839 in

233 877 376 933 vobis
419 875 508 948 qui
557 873 740 928 audiat
778 875 908 939 hoc,
949 873 1218 939 attendat,
1249 882 1300 927 et
1333 873 1590 928 auscultet
1640 874 1823 944 futura

234 967 371 1040 (Isa.
423 963 578 1036 xm).
616 963 757 1018 lram
809 970 1146 1029 meruerunt,
1193 963 1262 1019 de
1307 963 1504 1034 quibus
1559 965 1822 1036 propheta

233 1059 366 1115 dicit
406 1072 422 1112 :
452 1056 709 1112 Dominus
739 1053 892 1125 fortis
921 1055 1215 1126 egredietur
1240 1055 1378 1110 sicut
1417 1055 1494 1109 vir
1529 1055 1818 1126 proeliator,

231 1146 506 1204 suscitabit
552 1145 721 1199 zelum
746 1185 762 1212 ,
815 1145 1208 1214 vociferabitur,
1245 1153 1294 1198 et
1339 1144 1616 1212 clamabit,
1666 1162 1825 1216 super

231 1239 472 1295 inimicos
516 1252 640 1291 suos
687 1234 1076 1306 confortabitur
1119 1233 1335 1307 (Exod.
1383 1235 1512 1308 xv).
1543 1236 1610 1291 Et
1648 1233 1818 1292 item:

235 1327 662 1382 Prouocaverunt
705 1339 820 1390 me,
859 1323 1054 1392 inquit,
1098 1323 1154 1377 in
1206 1323 1310 1378 diis
1353 1323 1540 1379 alienis
1562 1334 1610 1380 et
1633 1340 1726 1396 ego
1765 1325 1823 1379 in

234 1419 418 1488 furore
469 1414 728 1487 expellam
771 1430 860 1468 eos
901 1413 1082 1487 (Deut.
1127 1413 1322 1486 nm).
1358 1416 1513 1472 Viam
1553 1431 1683 1488 ergo
1711 1417 1820 1471 Do-

232 1509 384 1564 mino
414 1515 540 1562 tunc
585 1504 929 1577 praeparavit,
976 1505 1194 1576 quando
1223 1506 1386 1576 erepit
1428 1507 1726 1578 praedicare
1767 1514 1826 1563 et

231 1602 460 1659 dicere:
504 1597 872 1654 Pcenitentiam
919 1597 1091 1669 agite,
1132 1591 1517 1671 appropinquat
1561 1601 1701 1656 enim
1739 1616 1824 1655 re-

229 1685 398 1766 gnum
426 1691 692 1748 calorum.
721 1691 792 1746 Et
819 1709 834 1746 :
883 1691 1187 1764 Designauit
1216 1695 1546 1765 septuaginta
1575 1695 1730 1761 duos,
1771 1703 1823 1750 et

1926 525 2174 570 rerentur
2201 517 2253 571 in
2275 517 2512 573 Christo.
2541 517 2693 573 Unde
2723 519 2888 573 etiam
2909 519 3070 574 beato
3097 518 3257 574 Petro
3277 524 3512 578 ostensis

1926 607 1980 660 in
2005 607 2172 662 linteo
2197 607 2405 663 cmlesti
2437 608 2636 664 diversi
2661 610 2877 679 generis
2901 609 3269 666 animantibus
3307 611 3510 668 dictum

1925 708 2004 752 est
2035 717 2048 752 :
2074 697 2268 768 Surge,
2300 697 2476 764 Petre,
2507 700 2684 754 occide
2704 711 2751 754 et
2783 701 3041 756 manduca
3071 700 3208 772 (Act.
3241 703 3320 775 x).
3361 703 3515 771 Quod

1925 796 2008 842 est
2031 794 2220 856 aperte
2245 785 2427 841 dicere
2445 804 2457 840 :
2478 787 2675 843 Occide
2691 787 2936 844 inﬁdeles
2959 789 3026 843 ab
3048 805 3114 847 eo
3128 792 3273 861 quod
3295 792 3515 847 fuerant

1922 875 2095 950 prius,
2120 875 2594 950 abi-enuntiatione
2638 875 2902 954 scelerum
2942 885 2997 932 et
3022 879 3381 947 promissione
3409 881 3512 950 piae

1925 966 2221 1037 religionis,
2254 981 2319 1021 ac
2363 967 2443 1022 sic
2476 966 2599 1024 ﬁdei
2639 968 2963 1023 Christiana:
2997 971 3357 1026 sacramentis
3406 971 3514 1028 im-

1923 1055 2086 1111 butos
2114 1055 2170 1111 in
2200 1064 2406 1112 sanctae
2425 1056 2685 1113 Ecclesiae
2712 1059 2957 1113 membra
2995 1049 3290 1115 commuta.
3345 1049 3354 1058 ’

2023 1147 2215 1204 Videns
2260 1157 2435 1205 autem
2494 1148 2688 1204 multos
2736 1147 3136 1206 Pharisa’orum
3185 1162 3235 1207 et
3297 1152 3512 1209 Saddu-

1923 1257 2154 1295 ovorum
2191 1242 2450 1314 uenientes
2495 1241 2566 1295 ad
2609 1241 2925 1313 baptismum
2975 1259 3130 1297 suum
3155 1284 3170 1309 ,
3223 1244 3358 1299 dixit
3400 1247 3513 1300 eis:

1925 1330 2213 1404 Progenies
2240 1333 2558 1404 viperarum,
2591 1334 2708 1404 quis
2736 1333 3110 1388 demonstravit
3157 1334 3297 1389 vobis
3341 1335 3521 1406 fugere

1923 1423 1990 1477 ab
2016 1425 2098 1477 ira
2126 1433 2342 1479 uentura
2362 1425 2387 1477 .’
2414 1422 2675 1479 Pharisaei
2704 1439 2834 1496 ergo
2866 1432 2921 1479 et
2942 1422 3257 1490 Saddueaei,
3291 1439 3359 1479 ex
3410 1426 3520 1480 hae-

1922 1511 2110 1566 reticis
2138 1511 2288 1568 fuere
2309 1511 2640 1579 Iudaeorum,
2662 1512 2758 1568 sed
2789 1521 2970 1568 tamen
2997 1513 3142 1568 inter
3162 1528 3221 1568 se
3249 1513 3523 1569 contrarie

1923 1603 2249 1669 sentiebant,
2282 1611 2342 1659 ut
2391 1603 2446 1659 in
2485 1603 2698 1659 actibus
2726 1603 3092 1674 apostolorum
3141 1604 3353 1660 dicitur.
3384 1605 3521 1660 Nam

1926 1690 2185 1746 Pharisaei
2214 1705 2282 1746 ex
2327 1691 2554 1748 Hebraeo
2582 1693 2636 1746 in
2680 1691 2930 1747 Latinum
2979 1692 3408 1762 interpretantur
3432 1695 3520 1748 di-

230 1783 378 1838 misit
408 1781 528 1837 illos
551 1780 698 1836 binos
721 1790 845 1836 ante
867 1781 1058 1852 faciem
1078 1799 1232 1838 suam
1260 1783 1314 1838 in
1335 1799 1540 1838 omnem
1576 1785 1748 1838 locum
1771 1794 1821 1840 et
1849 1778 1897 1838 B
1926 1780 2038 1843 uisi,
2071 1794 2137 1835 eo
2167 1780 2310 1850 quod
2334 1780 2685 1835 traditionum
2703 1789 2756 1833 et
2777 1781 3250 1847 Observationum,
3281 1795 3417 1850 quas
3444 1781 3520 1836 illi

227 1874 518 1939 ciuitatem,
545 1887 648 1943 quo
668 1881 783 1927 erat
809 1871 918 1943 ipse
939 1883 1182 1928 venturus
1205 1873 1356 1947 (Luc.
1384 1874 1462 1946 ι).
1485 1874 1587 1930 Pili
1609 1891 1824 1947 quoque

227 1962 569 2018 camelorum
595 1960 901 2033 signiﬁcant
939 1973 1128 2033 gentes
1168 1962 1222 2016 in
1271 1963 1556 2019 Dominum
1583 1964 1823 2020 creditu-

230 2070 352 2121 ras,
382 2069 502 2125 quae
523 2055 592 2109 ah
617 2052 951 2109 inﬁdelitatis
971 2068 1182 2119 errore,
1205 2063 1263 2108 et
1295 2068 1328 2108 a
1351 2053 1668 2111 fortitudine
1694 2069 1824 2126 pec-

228 2153 486 2200 catorum
530 2137 730 2213 ereptae
786 2143 843 2198 in
901 2142 1105 2199 Christi
1158 2143 1538 2206 vestimentum
1593 2147 1827 2201 redactae

228 2243 387 2291 sunt.
414 2235 567 2291 Unde
591 2249 690 2305 per
715 2235 1035 2306 prophetam
1058 2235 1259 2290 dicitur
1279 2251 1294 2290 :
1313 2234 1662 2291 Omnibusliis
1684 2236 1826 2291 velut

227 2336 549 2382 ornamento
573 2326 802 2382 vestieris
833 2325 1051 2398 (Ezech.
1077 2326 1215 2396 1m).
1243 2327 1388 2382 Zona
1417 2341 1548 2382 vero
1573 2327 1824 2398 pellicea,

227 2432 362 2488 qua:
404 2417 470 2473 de
495 2416 638 2488 pelle
683 2417 978 2473 animantis
1019 2417 1216 2472 mortui
1265 2431 1429 2473 carne
1481 2426 1535 2472 ct
1567 2417 1826 2488 sanguine

227 2507 435 2565 deraso
464 2506 716 2573 eﬁicitur,
761 2507 1013 2562 similiter
1061 2506 1333 2578 signiﬁcat
1370 2515 1560 2579 gentes
1607 2521 1727 2579 qua:
1761 2508 1828 2563 de

225 2605 602 2662 mortuorum,
633 2595 687 2650 id
715 2603 800 2650 est
835 2602 1182 2665 peccatorum
1223 2595 1526 2661 hominum,
1569 2594 1828 2651 societate

223 2685 550 2748 abstractae,
583 2683 725 2738 ultra
771 2682 924 2738 carni
951 2691 1008 2737 et
1034 2682 1282 2754 sanguini
1310 2697 1416 2736 non
1443 2683 1705 2738 serviunt.
1734 2681 1829 2738 Hze

222 2774 456 2851 lumbos
481 2772 687 2828 Christi
717 2772 988 2828 veraciter
1033 2773 1277 2841 cingunt,
1323 2773 1448 2842 quia
1497 2772 1827 2828 incarnatio-

222 2883 362 2924 nem
393 2866 516 2936 ejus
547 2865 778 2921 ﬁdeliter
804 2865 1055 2921 credunt.
1080 2863 1252 2920 Porro
1283 2863 1504 2920 locusta:
1524 2879 1644 2934 quxe
1667 2873 1829 2921 vento

222 2961 459 3031 agitata:
486 2973 585 3028 per
619 2966 831 3028 segetes
851 2957 1109 3023 volitant,
1155 2965 1210 3012 et
1235 2957 1414 3027 spicas
1446 2957 1732 3013 succidunt
1757 2957 1832 3014 si-

1925 1872 2238 1927 dentereses
2295 1877 2526 1937 vocant,
2579 1870 2844 1939 justitiam
2888 1869 3206 1940 praeferunt.
3268 1869 3420 1926 Unde
3465 1879 3524 1926 et

1925 1961 2083 2017 divisi
2111 1976 2142 2015 a
2171 1961 2366 2032 populo
2394 1968 2679 2028 vocantur,
2705 1959 2862 2031 quasi
2907 1974 3006 2030 per
3049 1961 3316 2030 privatam
3355 1959 3520 2030 justi-

1925 2054 2090 2119 tiam;
2116 2051 2397 2108 Sadducaei
2421 2066 2551 2109 vero
2580 2052 3008 2123 interpretantur
3036 2051 3189 2122 justi,
3231 2050 3523 2106 vendicaut

1926 2147 2070 2201 enim
2113 2146 2215 2201 sibi
2246 2145 2390 2215 quod
2430 2159 2538 2200 non
2584 2152 2734 2210 sunt,
2764 2144 3012 2215 corporis
3062 2144 3522 2200 resurrectionem

1927 2246 2150 2306 negant,
2171 2245 2226 2290 et
2256 2236 2493 2290 animam
2523 2235 2746 2289 interire
2779 2248 2901 2288 cum
2946 2248 3174 2304 corpore
3199 2234 3517 2304 praedicant.

1926 2327 1994 2382 Ili
2045 2327 2282 2396 quinque
2313 2334 2524 2380 tantum
2553 2325 2724 2382 libros
2767 2325 2903 2397 legis
2949 2326 3250 2396 recipiunt,
3283 2328 3519 2397 prophe-

1927 2425 2105 2472 tarum
2153 2417 2408 2472 vaticinia
2451 2424 2735 2488 respuunt.
2790 2417 2950 2473 Tales
2971 2431 3186 2487 quoque
3213 2418 3281 2472 ad
3304 2417 3512 2487 baptis-

1926 2522 2074 2562 mum
2119 2522 2278 2563 suum
2324 2507 2605 2562 venientes
2651 2507 2896 2578 increpat
2935 2505 3195 2573 Joannes,
3234 2507 3361 2578 quia
3406 2521 3520 2577 pm-

1928 2597 2157 2652 nitentia
2178 2604 2234 2651 et
2258 2597 2597 2652 correctione
2631 2597 2867 2652 maxime
2907 2597 3241 2668 indigebant.
3280 2598 3514 2654 Ventura

1928 2689 2072 2744 enim
2094 2690 2172 2744 ira
2195 2696 2281 2744 est
2307 2688 2474 2742 animi
2506 2688 2757 2745 adversio
2792 2688 3015 2744 ultionis
3039 2698 3315 2744 extremae.
3347 2687 3520 2756 Quam

1929 2785 2060 2833 tunc
2087 2785 2342 2848 peccator
2370 2776 2610 2849 eﬁ'ugere
2656 2793 2764 2833 non
2792 2778 2960 2844 valet,
3001 2779 3094 2848 qui
3141 2795 3287 2834 nunc
3324 2779 3392 2834 ad
3433 2779 3517 2834 la-

1929 2879 2112 2927 menta
2144 2870 2482 2941 pmnitentia:
2525 2886 2633 2926 non
2669 2871 2921 2926 recurrit.
2952 2871 3021 2926 Et
3040 2872 3337 2928 notandum
3378 2874 3526 2946 quod

1929 2960 2086 3016 mala:
2125 2960 2338 3017 soboles
2384 2960 2648 3017 malorum
2682 2971 2971 3033 parentum
3007 2963 3250 3018 actiones
3301 2965 3520 3020 imitano

223 3050 502 3121 gniﬁcant
541 3047 904 3118 Judzeos,qui
935 3049 1086 3120 prius
1121 3048 1294 3120 legem
1341 3055 1607 3113 tenentes,
1647 3063 1830 3103 sacra-
1879 3121 1888 3123 ξ
1932 3058 2038 3118 tes,
2067 3051 2354 3123 progenies
2401 3052 2710 3122 viperarum
2749 3059 3036 3118 vocantur,
3089 3053 3216 3122 quia
3267 3068 3367 3123 per
3417 3055 3520 3108 hoc

225 3147 425 3196 menta
452 3137 716 3209 spiritalia
761 3151 869 3193 non
915 3137 1306 3208 intelligebant,
1331 3151 1473 3191 nunc
1497 3145 1678 3192 autem
1705 3135 1830 3206 Spi-
1857 3121 1903 3184 C
1935 3121 2082 3214 quod
2104 3121 2262 3197 bonis
2293 3121 2536 3197 invident
2566 3154 2769 3210 eosque
2807 3121 3224 3212 persequuntur,
3249 3121 3391 3212 quod
3413 3145 3528 3214 qui-

224 3232 349 3287 ritu
377 3237 570 3286 sancto
605 3228 736 3294 acti,
761 3227 1063 3299 spiritalem
1109 3237 1410 3296 sequuntur
1452 3221 1706 3292 sensum,
1736 3240 1832 3280 va-

225 3336 369 3377 nam
396 3318 652 3389 stipulam
681 3317 877 3373 litterae
907 3317 1297 3387 relinquentes,
1353 3325 1412 3372 ut
1453 3331 1578 3372 esca
1617 3316 1830 3372 Domini

228 3411 362 3466 ﬁeri
388 3417 722 3466 mereantur.
755 3407 857 3464 Mel
891 3417 1072 3464 autem
1113 3408 1339 3464 dulcedo
1373 3416 1458 3464 est
1502 3421 1694 3464 sensus
1721 3409 1832 3480 spi-

228 3501 441 3567 ritalis,
466 3501 519 3556 in
545 3499 689 3556 foliis
713 3499 969 3555 arborum
1010 3499 1283 3565 inventus,
1309 3500 1402 3570 qui
1428 3514 1552 3555 cum
1597 3514 1697 3570 per
1729 3499 1829 3554 do-

228 3603 456 3650 ctorum
479 3589 838 3646 ministerium
870 3589 924 3644 in
947 3588 1182 3644 ﬁdelium
1205 3589 1460 3645 cordibus
1495 3589 1825 3656 reconditur,

227 3682 490 3742 suaviter
515 3695 710 3752 corpus
736 3679 941 3736 Christi
966 3679 1218 3734 satiatur.
1413 3684 1416 3687 '

307 3773 450 3848 [11.]
499 3773 643 3828 Tunc
693 3773 907 3829 exibant
954 3771 1022 3825 ad
1068 3787 1188 3827 eum
1231 3787 1297 3826 ex
1339 3770 1753 3842 Hierosolymis,
1783 3781 1830 3826 et

232 3865 413 3920 omnis
457 3861 673 3930 Judtra,
702 3870 750 3916 et
799 3860 969 3916 omnis
1020 3861 1162 3931 regio
1207 3861 1350 3914 circa
1408 3861 1728 3926 Iordanem,
1783 3869 1832 3914 et

232 3955 651 4028 baptizabantur
677 3954 744 4009 ab
793 3954 886 4008 illo
914 3955 970 4008 in
1009 3951 1248 4006 Iordane
1289 3952 1590 4020 conﬁtentes
1617 3961 1832 4022 peccata

231 4064 363 4101 sua.
422 4045 571 4100 Bene
619 4054 800 4100 autem
857 4043 950 4115 qui
996 4042 1306 4114 baptizandi
1359 4050 1516 4096 erant
1565 4041 1716 4096 exire
1763 4041 1832 4096 ad

229 4137 568 4210 prophetam
608 4135 880 4192 dicuntur.
913 4135 1049 4203 Quia
1095 4133 1198 4188 nisi
1240 4133 1362 4204 quis
1405 4133 1474 4187 ab
1519 4132 1834 4188 inﬁdelitate

238 4229 486 4295 recedat,
507 4237 564 4284 et.
583 4243 614 4282 a
644 4225 972 4298 perﬁdorum
1003 4224 1275 4282 consortio
1317 4224 1600 4295 egrediens
1622 4239 1833 4295 pompa:

233 4320 446 4377 diaboli
477 4334 542 4374 ac
571 4319 754 4373 mundi
781 4317 1050 4372 illecebris
1093 4316 1468 4381 abrenuntiet,
1503 4309 1832 4386 baptismum

233 4413 521 4468 salubrem
549 4408 807 4481 consequi
831 4423 938 4464 non
963 4407 1183 4480 poterit.
1218 4407 1372 4463 Unde
1403 4415 1525 4477 apte
1552 4407 1828 4478 sequitur:

234 4503 307 4558 Et
357 4501 763 4573 baptizabantur
799 4498 863 4553 ab
889 4497 982 4553 illo
1009 4499 1064 4552 in
1085 4497 1351 4562 Jordane,
1381 4496 1684 4566 conﬁtcntes
1711 4513 1834 4567 pec-

231 4603 362 4649 cata
387 4609 506 4646 sua.
531 4590 784 4648 Jordanis
814 4589 958 4644 enim
1001 4589 1227 4643 llebrzeo
1252 4587 1512 4643 vocabulo
1557 4589 1836 4643 descensio

233 4696 435 4737 eorum
469 4679 688 4734 dicitur.
721 4677 860 4732 Nam
881 4677 1018 4733 bene
1040 4675 1092 4731 in
1119 4675 1354 4732 Jordane
1393 4674 1832 4746 baptizabantur,

232 4775 334 4846 qui
365 4773 436 4828 de
461 4770 714 4842 superbia
761 4770 907 4836 vitte,
935 4775 992 4824 et
1019 4767 1231 4824 actibus
1272 4766 1472 4822 veteris
1503 4766 1740 4822 hominis
1767 4766 1836 4820 ad

234 4865 614 4924 humilitatem
676 4875 820 4918 vera:
865 4858 1226 4917 confessionis
1287 4866 1344 4913 et
1401 4857 1836 4914 emendationem

233 4973 465 5015 morum
490 4955 896 5012 descenderant.
928 4952 1064 5022 Quia
1091 4960 1221 5008 tunc
1255 4951 1360 5007 rite
1379 4950 1607 5021 quisque
1625 4947 1838 5019 baptis-

236 5063 398 5103 mum
455 5029 704 5117 percipit,
753 5045 800 5100 si
847 5059 946 5116 per
987 5041 1382 5100 confessionem
1428 5047 1776 5111 peccatorum
1807 5052 1839 5092 a

237 5139 504 5210 superbia
557 5139 868 5204 recesserit,
915 5146 972 5193 et
1017 5136 1260 5193 melioris
1301 5136 1428 5191 vitae
1471 5133 1838 5206 professione,

235 5233 444 5304 priscae
471 5231 868 5293 conversationi
895 5230 1114 5301 penitus
1143 5229 1500 5285 interdixerit.
1526 5227 1841 5299 Exemplum

237 5323 397 5379 enim
420 5322 536 5394 jam
557 5330 687 5379 tunc
706 5322 996 5378 conﬁtendi
1017 5329 1260 5392 peccata,
1289 5334 1352 5374 ac
1373 5319 1652 5374 meliorem
1675 5320 1840 5374 vitam

234 5413 604 5488 promittendi
634 5414 714 5471 eis
767 5415 859 5484 qui
903 5413 1169 5484 baptisma
1217 5411 1462 5481 accipere
1508 5410 1840 5476 desiderant,

237 5506 507 5561 dabatur.
535 5502 627 5560 Sic
662 5505 828 5561 etiam
854 5513 980 5574 post
1027 5502 1401 5558 ascensionem
1439 5500 1672 5568 Domini,
1704 5517 1842 5571 pra:-

239 5596 474 5652 dicante
513 5594 679 5652 Paulo
729 5597 784 5651 in
832 5595 1076 5667 Epheso,
1108 5594 1262 5649 multi
1310 5593 1626 5648 credentium
1669 5593 1840 5648 venie-

240 5687 412 5756 bant,
461 5689 764 5762 conﬁtentes
803 5699 852 5744 et
900 5689 1272 5745 annuntiantes
1321 5698 1468 5742 actus
1511 5703 1634 5741 suos
1686 5687 1835 5757 (Act.

1932 3232 2160 3288 busdam
2183 3230 2322 3286 male
2343 3230 2671 3297 retribuunt,
2706 3238 2843 3297 etc.,
2865 3221 3118 3302 quoniam
3145 3232 3202 3286 in
3223 3233 3319 3293 his
3345 3235 3528 3288 omni-

1931 3323 2036 3378 bus
2079 3321 2322 3393 priorum
2370 3313 2595 3376 suorum
2655 3315 2956 3376 carnalium
3023 3321 3143 3376 vias
3190 3330 3524 3393 sequuntur,

1932 3413 2086 3484 quasi
2137 3411 2390 3468 venenati
2434 3410 2534 3466 ﬁlii
2587 3411 2655 3466 de
2702 3410 2987 3467 venenatis
3034 3412 3352 3482 parentibus
3411 3413 3526 3468 nati

1930 3512 2078 3560 sunt.
2108 3503 2216 3560 Sed
2255 3503 2382 3576 quia
2412 3504 2651 3575 peccatis
2689 3512 2745 3558 et
2791 3519 2895 3560 usu
2929 3503 3086 3559 mala:
3122 3505 3530 3562 consuetudinis

1932 3595 2158 3651 involuti
2188 3611 2375 3650 sumus
2399 3635 2415 3660 ,
2467 3595 2612 3651 dicat
2643 3594 2772 3664 quid
2802 3595 2958 3652 nobis
2999 3587 3306 3652 faciendum
3344 3589 3436 3662 Sit,
3468 3605 3528 3650 ut

1931 3687 2122 3760 fugere
2143 3703 2174 3742 a
2206 3679 2432 3744 ventura
2466 3679 2548 3741 ira
2577 3687 2876 3741 valeamus.
3386 3723 3388 3725 μ

2003 3777 2190 3831 Facite
2234 3794 2356 3847 ergo
2399 3777 2633 3846 fructum
2681 3776 2899 3845 dignum
2947 3774 3282 3845 ptenitentite.
3322 3771 3527 3844 (Creg.)

1933 3867 2034 3924 llic
2078 3875 2238 3934 nota,
2283 3869 2428 3938 quod
2485 3883 2594 3922 non
2644 3867 2820 3922 solum
2876 3865 3114 3922 fructum
3168 3867 3526 3938 pmnitcutite,

1933 3960 2030 4015 sed
2073 3957 2297 4031 dignum
2347 3957 2685 4029 ptenitentiae
2737 3958 2992 4013 admonet
3028 3973 3150 4013 esse
3194 3956 3529 4012 faciendum.

1931 4051 2093 4116 Aliud
2135 4063 2369 4120 namque
2417 4047 2653 4104 fructum
2693 4047 2907 4115 facere,
2952 4047 3096 4102 aliud
3138 4048 3360 4118 dignum
3413 4061 3530 4116 νω-

1933 4131 2175 4198 nitentia:
2213 4139 2412 4196 facere.
2441 4138 2628 4210 Neque
2659 4140 2804 4218 enim
2848 4155 2949 4210 par
2978 4137 3186 4194 fructus
3228 4138 3356 4193 boni
3397 4153 3525 4208 ope-

1935 4234 2013 4290 ris
2060 4246 2180 4290 esse
2230 4231 2392 4288 debet
2433 4229 2552 4300 ejus
2593 4230 2687 4300 qui
2737 4231 2955 4297 minus,
3000 4239 3057 4285 et
3104 4230 3233 4301 ejus
3264 4231 3354 4300 qui
3413 4245 3529 4284 am-

1933 4325 2076 4398 plius
2121 4323 2365 4394 deliquit,
2397 4332 2492 4378 aut
2515 4321 2632 4390 ejus
2661 4321 2753 4393 qui
2796 4321 2849 4376 in
2883 4320 3071 4387 nullis,
3102 4329 3158 4377 et
3189 4320 3305 4392 eius
3353 4321 3443 4392 qui
3473 4321 3527 4376 in

1861 4467 1914 4528 Ι)
1938 4417 2261 4489 quibusdam
2308 4414 2640 4497 facinoribus
2673 4414 2888 4470 cecidit.
2931 4414 3038 4470 Per
3080 4415 3184 4470 hoc
3211 4429 3340 4486 ergo
3379 4416 3524 4485 qqu

1940 4509 2142 4566 dicitur
2184 4507 2344 4579 facite
2387 4506 2592 4577 fructus
2637 4505 2823 4576 dignos
2873 4506 3212 4576 paenitentia,
3263 4505 3524 4561 uniuscuo

1933 4601 2133 4673 jusque
2185 4597 2524 4656 conscientia
2577 4596 2936 4663 convenitur,
2997 4603 3059 4650 ut
3110 4603 3262 4652 tanto
3316 4595 3526 4667 majora

1940 4701 2149 4762 quaerat
2194 4691 2464 4747 bonorum
2515 4703 2740 4759 operum
2782 4687 2933 4744 lucra
2977 4704 3076 4760 per
3116 4689 3530 4760 paenitentiam,

1940 4791 2144 4852 quanto
2173 4779 2421 4852 graviora
2451 4778 2554 4834 sibi
2596 4776 2777 4833 intulit
2801 4777 2996 4832 damna
3021 4792 3122 4847 per
3147 4778 3382 4850 culpam.
3421 4775 3531 4832 Sed

1939 4855 2111 4928 Judini
2152 4886 2212 4927 se
2257 4885 2555 4943 agnoscere
2596 4877 2914 4940 peccatores
2960 4869 3255 4935 nolebant,
3300 4869 3427 4939 quia
3465 4867 3533 4924 de

1939 4962 2173 5018 Abrahae
2201 4961 2371 5032 stirpe
2415 4957 2830 5024 descenderant,
2875 4958 3073 5028 quibus
3111 4967 3262 5014 recte
3291 4958 3527 5014 dicitur;

2012 5052 2083 5107 Et
2127 5069 2190 5107 ne
2236 5049 2403 5106 uelitis
2431 5049 2571 5104 intra
2599 5065 2688 5103 vos
2735 5048 2909 5103 dicere
2955 5061 2973 5100 :
3016 5047 3232 5101 Patrem
3277 5046 3528 5099 habemus

1942 5145 2230 5212 Abraham,
2255 5141 2388 5196 Dico
2419 5142 2557 5196 enim
2584 5141 2752 5208 vobis,
2780 5139 3032 5212 quoniam
3056 5149 3238 5211 potens
3275 5146 3350 5191 est
3382 5135 3526 5192 Deus

1944 5234 2009 5289 de
2037 5232 2299 5307 lapidibus
2337 5232 2453 5286 istis
2498 5231 2756 5286 suscitare
2811 5231 2952 5300 ﬁlios
2997 5228 3243 5283 Abrahaz.
3295 5224 3530 5298 (Μλυκ.)

1945 5327 2082 5396 Quia
2120 5341 2250 5398 ergo
2296 5339 2478 5396 przeco
2521 5323 2770 5380 veritatis
2821 5322 2889 5376 ad
2929 5321 3148 5392 dignum
3196 5313 3540 5398 paenitentia;

1943 5417 2180 5473 fructum
2215 5415 2524 5472 faciendum
2570 5430 2666 5471 eos
2719 5411 2947 5468 incitare
2987 5410 3222 5477 volebat,
3250 5411 3317 5466 ad
3347 5408 3533 5464 humi-

1941 5507 2152 5564 lita‘tem
2183 5507 2530 5578 provocabat,
2562 5512 2616 5558 et
2637 5516 2854 5560 omnem
2889 5495 3212 5572 arrogantiae
3260 5512 3530 5556 tumorem

1944 5596 2263 5654 abscindere
2309 5596 2610 5668 satagebat,
2641 5591 2770 5662 quia
2823 5591 3001 5647 omnis
3047 5591 3354 5663 arrogantia
3404 5590 3535 5646 abo-

1942 5687 2170 5745 minatio
2201 5689 2341 5760 apud
2390 5686 2697 5748 Dominum,
2740 5696 2844 5752 qua
2889 5681 3056 5738 Judaei
3089 5681 3158 5739 ob
3197 5679 3531 5738 nobilitatem
