  <div class='ocr_page' id='page_1' title='image "/cluster/home/n/w/nwhite01/storage/ocr_20150623/107/hvd.32044054759725/391.png"; bbox 0 0 3970 6198; ppageno 0'>
   <div class='ocr_carea' id='block_1_1' title="bbox 418 337 520 396">
    <p class='ocr_par' dir='ltr' id='par_1_1' title="bbox 418 337 520 396">
     <span class='ocr_line' id='line_1_1' title="bbox 418 337 520 396; baseline 0.01 -1"><span class='ocrx_word' id='word_1_1' title='bbox 418 337 520 396; x_wconf 78' lang='grc' dir='ltr'><strong>ττι</strong></span> 
     </span>
    </p>
   </div>
   <div class='ocr_carea' id='block_1_2' title="bbox 1075 317 3020 385">
    <p class='ocr_par' dir='ltr' id='par_1_2' title="bbox 1075 317 3020 385">
     <span class='ocr_line' id='line_1_2' title="bbox 1075 317 3020 385; baseline -0.006 0"><span class='ocrx_word' id='word_1_2' title='bbox 1075 332 1135 385; x_wconf 84' lang='grc' dir='ltr'><strong>Β.</strong></span> <span class='ocrx_word' id='word_1_3' title='bbox 1178 329 1430 385; x_wconf 77' lang='lat' dir='ltr'><strong>RABANI</strong></span> <span class='ocrx_word' id='word_1_4' title='bbox 1471 326 1688 384; x_wconf 78' lang='lat' dir='ltr'><strong>MAURI</strong></span> <span class='ocrx_word' id='word_1_5' title='bbox 1731 325 2047 383; x_wconf 71' lang='lat' dir='ltr'><strong>ARCiLlEP.</strong></span> <span class='ocrx_word' id='word_1_6' title='bbox 2091 325 2401 384; x_wconf 74' lang='lat' dir='ltr'><strong>MOGUNT.</strong></span> <span class='ocrx_word' id='word_1_7' title='bbox 2439 320 2725 381; x_wconf 77' lang='lat' dir='ltr'><strong>OPERUM</strong></span> <span class='ocrx_word' id='word_1_8' title='bbox 2763 317 2940 379; x_wconf 79' lang='lat' dir='ltr'><strong>PARS</strong></span> <span class='ocrx_word' id='word_1_9' title='bbox 2979 319 3020 376; x_wconf 86' lang='grc'><strong>1.</strong></span> 
     </span>
    </p>
   </div>
   <div class='ocr_carea' id='block_1_3' title="bbox 3587 322 3692 376">
    <p class='ocr_par' dir='ltr' id='par_1_3' title="bbox 3587 322 3692 376">
     <span class='ocr_line' id='line_1_3' title="bbox 3587 322 3692 376; baseline 0.019 -2"><span class='ocrx_word' id='word_1_10' title='bbox 3587 322 3692 376; x_wconf 72' lang='grc' dir='ltr'><strong>ἸἾΞ</strong></span> 
     </span>
    </p>
   </div>
   <div class='ocr_carea' id='block_1_4' title="bbox 417 430 3699 521">
    <p class='ocr_par' dir='ltr' id='par_1_4' title="bbox 417 430 3699 521">
     <span class='ocr_line' id='line_1_4' title="bbox 417 430 3699 521; baseline -0.005 -17"><span class='ocrx_word' id='word_1_11' title='bbox 417 447 632 521; x_wconf 83' lang='lat' dir='ltr'><strong>generis</strong></span> <span class='ocrx_word' id='word_1_12' title='bbox 661 444 1001 516; x_wconf 87' lang='lat' dir='ltr'><strong>plaudebant,</strong></span> <span class='ocrx_word' id='word_1_13' title='bbox 1030 448 1085 496; x_wconf 90' lang='lat' dir='ltr'><strong>et</strong></span> <span class='ocrx_word' id='word_1_14' title='bbox 1111 440 1365 496; x_wconf 74' lang='lat' dir='ltr'><strong>dicebant</strong></span> <span class='ocrx_word' id='word_1_15' title='bbox 1396 459 1408 492; x_wconf 91' lang='lat'>:</span> <span class='ocrx_word' id='word_1_16' title='bbox 1441 439 1554 494; x_wconf 85' lang='lat' dir='ltr'><strong>Nos</strong></span> <span class='ocrx_word' id='word_1_17' title='bbox 1581 455 1756 493; x_wconf 84' lang='lat' dir='ltr'><strong>semen</strong></span> <span class='ocrx_word' id='word_1_18' title='bbox 1781 437 2006 492; x_wconf 77' lang='lat' dir='ltr'><strong>A-bmhw</strong></span> <span class='ocrx_word' id='word_1_19' title='bbox 2034 445 2082 504; x_wconf 78' lang='grc' dir='ltr'><strong>Α</strong></span> <span class='ocrx_word' id='word_1_20' title='bbox 2111 437 2338 508; x_wconf 89' lang='lat' dir='ltr'><strong>quisque</strong></span> <span class='ocrx_word' id='word_1_21' title='bbox 2383 449 2670 506; x_wconf 89' lang='lat' dir='ltr'><strong>perversus</strong></span> <span class='ocrx_word' id='word_1_22' title='bbox 2713 440 2960 502; x_wconf 78' lang='lat' dir='ltr'><strong>paratam</strong></span> <span class='ocrx_word' id='word_1_23' title='bbox 2997 430 3159 487; x_wconf 82' lang='lat' dir='ltr'><strong>cilius</strong></span> <span class='ocrx_word' id='word_1_24' title='bbox 3188 431 3451 501; x_wconf 69' lang='lat' dir='ltr'><strong>gehennae</strong></span> <span class='ocrx_word' id='word_1_25' title='bbox 3475 448 3699 490; x_wconf 82' lang='lat' dir='ltr'><strong>concre-</strong></span> 
     </span>
    </p>
   </div>
   <div class='ocr_carea' id='block_1_5' title="bbox 416 525 2009 603">
    <p class='ocr_par' dir='ltr' id='par_1_5' title="bbox 416 525 2009 603">
     <span class='ocr_line' id='line_1_5' title="bbox 416 525 2009 603; baseline -0.007 -13"><span class='ocrx_word' id='word_1_26' title='bbox 416 551 598 591; x_wconf 75' lang='lat' dir='ltr'><strong>sumus</strong></span> <span class='ocrx_word' id='word_1_27' title='bbox 642 542 689 587; x_wconf 87' lang='lat' dir='ltr'><strong>et</strong></span> <span class='ocrx_word' id='word_1_28' title='bbox 720 531 912 586; x_wconf 80' lang='lat' dir='ltr'><strong>nemini</strong></span> <span class='ocrx_word' id='word_1_29' title='bbox 941 530 1244 584; x_wconf 81' lang='lat' dir='ltr'><strong>seruiuimus</strong></span> <span class='ocrx_word' id='word_1_30' title='bbox 1271 545 1503 600; x_wconf 78' lang='lat' dir='ltr'><strong>unquam</strong></span> <span class='ocrx_word' id='word_1_31' title='bbox 1537 526 1722 603; x_wconf 83' lang='lat' dir='ltr'><strong>(Joan.</strong></span> <span class='ocrx_word' id='word_1_32' title='bbox 1745 527 1866 598; x_wconf 86' lang='lat' dir='ltr'><strong>vn).</strong></span> <span class='ocrx_word' id='word_1_33' title='bbox 1900 525 2009 580; x_wconf 89' lang='lat' dir='ltr'><strong>Sed</strong></span> 
     </span>
    </p>
   </div>
   <div class='ocr_carea' id='block_1_6' title="bbox 418 619 2008 698">
    <p class='ocr_par' dir='ltr' id='par_1_6' title="bbox 418 619 2008 698">
     <span class='ocr_line' id='line_1_6' title="bbox 418 619 2008 698; baseline -0.005 -18"><span class='ocrx_word' id='word_1_34' title='bbox 418 626 543 698; x_wconf 92' lang='lat' dir='ltr'><strong>quia</strong></span> <span class='ocrx_word' id='word_1_35' title='bbox 575 631 724 679; x_wconf 84' lang='lat' dir='ltr'><strong>tanto</strong></span> <span class='ocrx_word' id='word_1_36' title='bbox 762 622 903 692; x_wconf 88' lang='lat' dir='ltr'><strong>patri</strong></span> <span class='ocrx_word' id='word_1_37' title='bbox 931 621 1198 691; x_wconf 81' lang='lat' dir='ltr'><strong>condigna</strong></span> <span class='ocrx_word' id='word_1_38' title='bbox 1226 636 1389 691; x_wconf 83' lang='lat' dir='ltr'><strong>opera</strong></span> <span class='ocrx_word' id='word_1_39' title='bbox 1417 636 1524 675; x_wconf 91' lang='lat' dir='ltr'><strong>non</strong></span> <span class='ocrx_word' id='word_1_40' title='bbox 1555 620 1854 684; x_wconf 88' lang='lat' dir='ltr'><strong>habebant,</strong></span> <span class='ocrx_word' id='word_1_41' title='bbox 1887 619 2008 673; x_wconf 91' lang='lat' dir='ltr'><strong>ideo</strong></span> 
     </span>
    </p>
   </div>
   <div class='ocr_carea' id='block_1_7' title="bbox 416 706 2006 784">
    <p class='ocr_par' dir='ltr' id='par_1_7' title="bbox 416 706 2006 784">
     <span class='ocr_line' id='line_1_7' title="bbox 416 706 2006 784; baseline -0.006 -14"><span class='ocrx_word' id='word_1_42' title='bbox 416 715 683 784; x_wconf 89' lang='lat' dir='ltr'><strong>pr0pheta</strong></span> <span class='ocrx_word' id='word_1_43' title='bbox 714 712 819 766; x_wconf 89' lang='lat' dir='ltr'><strong>illis</strong></span> <span class='ocrx_word' id='word_1_44' title='bbox 853 710 1060 781; x_wconf 81' lang='lat' dir='ltr'><strong>lapides</strong></span> <span class='ocrx_word' id='word_1_45' title='bbox 1078 709 1419 781; x_wconf 75' lang='lat' dir='ltr'><strong>przeferebat.</strong></span> <span class='ocrx_word' id='word_1_46' title='bbox 1449 708 1588 775; x_wconf 84' lang='lat' dir='ltr'><strong>Quid</strong></span> <span class='ocrx_word' id='word_1_47' title='bbox 1604 709 1747 763; x_wconf 89' lang='lat' dir='ltr'><strong>enim</strong></span> <span class='ocrx_word' id='word_1_48' title='bbox 1780 706 2006 776; x_wconf 79' lang='lat' dir='ltr'><strong>lapides,</strong></span> 
     </span>
    </p>
   </div>
   <div class='ocr_carea' id='block_1_8' title="bbox 417 797 2006 874">
    <p class='ocr_par' dir='ltr' id='par_1_8' title="bbox 417 797 2006 874">
     <span class='ocr_line' id='line_1_8' title="bbox 417 797 2006 874; baseline -0.007 -11"><span class='ocrx_word' id='word_1_49' title='bbox 417 808 520 863; x_wconf 87' lang='lat' dir='ltr'><strong>nisi</strong></span> <span class='ocrx_word' id='word_1_50' title='bbox 580 807 741 862; x_wconf 87' lang='lat' dir='ltr'><strong>corda</strong></span> <span class='ocrx_word' id='word_1_51' title='bbox 781 805 1059 874; x_wconf 75' lang='lat' dir='ltr'><strong>gentilium</strong></span> <span class='ocrx_word' id='word_1_52' title='bbox 1116 801 1383 856; x_wconf 86' lang='lat' dir='ltr'><strong>fuerunt?</strong></span> <span class='ocrx_word' id='word_1_53' title='bbox 1431 802 1498 855; x_wconf 88' lang='lat' dir='ltr'><strong>ad</strong></span> <span class='ocrx_word' id='word_1_54' title='bbox 1525 800 1859 854; x_wconf 90' lang='lat' dir='ltr'><strong>intellectum</strong></span> <span class='ocrx_word' id='word_1_55' title='bbox 1913 797 2006 853; x_wconf 86' lang='lat' dir='ltr'><strong>Dei</strong></span> 
     </span>
    </p>
   </div>
   <div class='ocr_carea' id='block_1_9' title="bbox 418 887 2009 964">
    <p class='ocr_par' dir='ltr' id='par_1_9' title="bbox 418 887 2009 964">
     <span class='ocr_line' id='line_1_9' title="bbox 418 887 2009 964; baseline -0.005 -14"><span class='ocrx_word' id='word_1_56' title='bbox 418 895 803 964; x_wconf 73' lang='lat' dir='ltr'><strong>omnipotentis</strong></span> <span class='ocrx_word' id='word_1_57' title='bbox 849 891 1175 956; x_wconf 85' lang='lat' dir='ltr'><strong>invisibilia,</strong></span> <span class='ocrx_word' id='word_1_58' title='bbox 1243 891 1382 945; x_wconf 90' lang='lat' dir='ltr'><strong>sicut</strong></span> <span class='ocrx_word' id='word_1_59' title='bbox 1427 889 1750 960; x_wconf 81' lang='lat' dir='ltr'><strong>quibusdam</strong></span> <span class='ocrx_word' id='word_1_60' title='bbox 1808 887 2009 942; x_wconf 70' lang='lat' dir='ltr'><strong>Judmis</strong></span> 
     </span>
    </p>
   </div>
   <div class='ocr_carea' id='block_1_10' title="bbox 419 973 2008 1054">
    <p class='ocr_par' dir='ltr' id='par_1_10' title="bbox 419 973 2008 1054">
     <span class='ocr_line' id='line_1_10' title="bbox 419 973 2008 1054; baseline -0.004 -14"><span class='ocrx_word' id='word_1_61' title='bbox 419 987 616 1041; x_wconf 90' lang='lat' dir='ltr'><strong>dicitur</strong></span> <span class='ocrx_word' id='word_1_62' title='bbox 667 1002 681 1040; x_wconf 88' lang='lat'><strong>:</strong></span> <span class='ocrx_word' id='word_1_63' title='bbox 739 985 991 1054; x_wconf 82' lang='lat' dir='ltr'><strong>Auferam</strong></span> <span class='ocrx_word' id='word_1_64' title='bbox 1046 1000 1137 1037; x_wconf 81' lang='lat' dir='ltr'><strong>cor</strong></span> <span class='ocrx_word' id='word_1_65' title='bbox 1176 983 1440 1046; x_wconf 84' lang='lat' dir='ltr'><strong>lapideum</strong></span> <span class='ocrx_word' id='word_1_66' title='bbox 1493 981 1559 1034; x_wconf 86' lang='lat' dir='ltr'><strong>de</strong></span> <span class='ocrx_word' id='word_1_67' title='bbox 1619 998 1778 1035; x_wconf 82' lang='lat' dir='ltr'><strong>carne</strong></span> <span class='ocrx_word' id='word_1_68' title='bbox 1837 973 2008 1034; x_wconf 64' lang='lat' dir='ltr'><strong>&#39;vestra</strong></span> 
     </span>
    </p>
   </div>
   <div class='ocr_carea' id='block_1_11' title="bbox 419 1069 2008 1148">
    <p class='ocr_par' dir='ltr' id='par_1_11' title="bbox 419 1069 2008 1148">
     <span class='ocr_line' id='line_1_11' title="bbox 419 1069 2008 1148; baseline -0.006 -17"><span class='ocrx_word' id='word_1_69' title='bbox 419 1078 637 1146; x_wconf 78' lang='lat' dir='ltr'><strong>(Ezech.</strong></span> <span class='ocrx_word' id='word_1_70' title='bbox 690 1076 752 1148; x_wconf 90' lang='grc' dir='ltr'><strong>ι).</strong></span> <span class='ocrx_word' id='word_1_71' title='bbox 802 1075 912 1130; x_wconf 88' lang='lat' dir='ltr'><strong>Nec</strong></span> <span class='ocrx_word' id='word_1_72' title='bbox 965 1073 1236 1128; x_wconf 90' lang='lat' dir='ltr'><strong>immerito</strong></span> <span class='ocrx_word' id='word_1_73' title='bbox 1284 1071 1518 1141; x_wconf 82' lang='lat' dir='ltr'><strong>lapidum</strong></span> <span class='ocrx_word' id='word_1_74' title='bbox 1567 1069 1784 1124; x_wconf 89' lang='lat' dir='ltr'><strong>nomine</strong></span> <span class='ocrx_word' id='word_1_75' title='bbox 1821 1076 2008 1140; x_wconf 87' lang='lat' dir='ltr'><strong>gentes</strong></span> 
     </span>
    </p>
   </div>
   <div class='ocr_carea' id='block_1_12' title="bbox 419 1156 2010 1236">
    <p class='ocr_par' dir='ltr' id='par_1_12' title="bbox 419 1156 2010 1236">
     <span class='ocr_line' id='line_1_12' title="bbox 419 1156 2010 1236; baseline -0.007 -15"><span class='ocrx_word' id='word_1_76' title='bbox 419 1165 736 1236; x_wconf 66' lang='lat' dir='ltr'><strong>signiﬁcata:</strong></span> <span class='ocrx_word' id='word_1_77' title='bbox 771 1173 915 1229; x_wconf 89' lang='lat' dir='ltr'><strong>sunt,</strong></span> <span class='ocrx_word' id='word_1_78' title='bbox 945 1180 1064 1233; x_wconf 63' lang='lat' dir='ltr'><strong>quae</strong></span> <span class='ocrx_word' id='word_1_79' title='bbox 1100 1161 1304 1232; x_wconf 82' lang='lat' dir='ltr'><strong>lapides</strong></span> <span class='ocrx_word' id='word_1_80' title='bbox 1330 1159 1628 1215; x_wconf 85' lang='lat' dir='ltr'><strong>coluerunt.</strong></span> <span class='ocrx_word' id='word_1_81' title='bbox 1683 1158 1835 1213; x_wconf 87' lang='lat' dir='ltr'><strong>Unde</strong></span> <span class='ocrx_word' id='word_1_82' title='bbox 1874 1156 2010 1212; x_wconf 90' lang='lat' dir='ltr'><strong>scri-</strong></span> 
     </span>
    </p>
   </div>
   <div class='ocr_carea' id='block_1_13' title="bbox 416 1249 2009 1326">
    <p class='ocr_par' dir='ltr' id='par_1_13' title="bbox 416 1249 2009 1326">
     <span class='ocr_line' id='line_1_13' title="bbox 416 1249 2009 1326; baseline -0.005 -17"><span class='ocrx_word' id='word_1_83' title='bbox 416 1265 570 1326; x_wconf 83' lang='lat' dir='ltr'><strong>ptum</strong></span> <span class='ocrx_word' id='word_1_84' title='bbox 621 1264 704 1311; x_wconf 90' lang='lat' dir='ltr'><strong>est</strong></span> <span class='ocrx_word' id='word_1_85' title='bbox 739 1275 752 1309; x_wconf 93' lang='lat'>:</span> <span class='ocrx_word' id='word_1_86' title='bbox 785 1255 1002 1311; x_wconf 89' lang='lat' dir='ltr'><strong>Similes</strong></span> <span class='ocrx_word' id='word_1_87' title='bbox 1053 1254 1160 1308; x_wconf 91' lang='lat' dir='ltr'><strong>illis</strong></span> <span class='ocrx_word' id='word_1_88' title='bbox 1187 1254 1338 1318; x_wconf 86' lang='lat' dir='ltr'><strong>ﬁant,</strong></span> <span class='ocrx_word' id='word_1_89' title='bbox 1393 1251 1485 1320; x_wconf 86' lang='lat' dir='ltr'><strong>qui</strong></span> <span class='ocrx_word' id='word_1_90' title='bbox 1538 1249 1744 1305; x_wconf 85' lang='lat' dir='ltr'><strong>faciunt</strong></span> <span class='ocrx_word' id='word_1_91' title='bbox 1797 1265 1859 1304; x_wconf 91' lang='lat' dir='ltr'><strong>ea</strong></span> <span class='ocrx_word' id='word_1_92' title='bbox 1892 1289 1905 1314; x_wconf 94' lang='lat'><strong>,</strong></span> <span class='ocrx_word' id='word_1_93' title='bbox 1954 1254 2009 1302; x_wconf 89' lang='lat' dir='ltr'><strong>et</strong></span> 
     </span>
    </p>
   </div>
   <div class='ocr_carea' id='block_1_14' title="bbox 417 1339 2004 1415">
    <p class='ocr_par' dir='ltr' id='par_1_14' title="bbox 417 1339 2004 1415">
     <span class='ocr_line' id='line_1_14' title="bbox 417 1339 2004 1415; baseline -0.004 -15"><span class='ocrx_word' id='word_1_94' title='bbox 417 1361 606 1401; x_wconf 74' lang='lat' dir='ltr'><strong>ournes</strong></span> <span class='ocrx_word' id='word_1_95' title='bbox 644 1347 736 1415; x_wconf 92' lang='lat' dir='ltr'><strong>qui</strong></span> <span class='ocrx_word' id='word_1_96' title='bbox 783 1346 1061 1400; x_wconf 91' lang='lat' dir='ltr'><strong>conﬁdunt</strong></span> <span class='ocrx_word' id='word_1_97' title='bbox 1087 1344 1142 1398; x_wconf 91' lang='lat' dir='ltr'><strong>in</strong></span> <span class='ocrx_word' id='word_1_98' title='bbox 1171 1344 1271 1398; x_wconf 88' lang='lat' dir='ltr'><strong>eis.</strong></span> <span class='ocrx_word' id='word_1_99' title='bbox 1305 1343 1381 1397; x_wconf 92' lang='lat' dir='ltr'><strong>De</strong></span> <span class='ocrx_word' id='word_1_100' title='bbox 1406 1342 1600 1410; x_wconf 90' lang='lat' dir='ltr'><strong>quibus</strong></span> <span class='ocrx_word' id='word_1_101' title='bbox 1639 1341 1896 1395; x_wconf 84' lang='lat' dir='ltr'><strong>nimirum</strong></span> <span class='ocrx_word' id='word_1_102' title='bbox 1923 1339 2004 1393; x_wconf 48' lang='lat' dir='ltr'><strong>lar</strong></span> 
     </span>
    </p>
   </div>
   <div class='ocr_carea' id='block_1_15' title="bbox 415 1432 2006 1507">
    <p class='ocr_par' dir='ltr' id='par_1_15' title="bbox 415 1432 2006 1507">
     <span class='ocr_line' id='line_1_15' title="bbox 415 1432 2006 1507; baseline -0.003 -17"><span class='ocrx_word' id='word_1_103' title='bbox 415 1437 646 1507; x_wconf 87' lang='lat' dir='ltr'><strong>pidibus,</strong></span> <span class='ocrx_word' id='word_1_104' title='bbox 680 1436 775 1490; x_wconf 84' lang='lat' dir='ltr'><strong>filii</strong></span> <span class='ocrx_word' id='word_1_105' title='bbox 804 1436 1037 1491; x_wconf 63' lang='lat' dir='ltr'><strong>Abrahae</strong></span> <span class='ocrx_word' id='word_1_106' title='bbox 1078 1433 1322 1490; x_wconf 88' lang='lat' dir='ltr'><strong>suscitati</strong></span> <span class='ocrx_word' id='word_1_107' title='bbox 1360 1441 1504 1488; x_wconf 89' lang='lat' dir='ltr'><strong>sunt.</strong></span> <span class='ocrx_word' id='word_1_108' title='bbox 1537 1433 1673 1501; x_wconf 83' lang='lat' dir='ltr'><strong>Quia</strong></span> <span class='ocrx_word' id='word_1_109' title='bbox 1705 1434 1830 1488; x_wconf 92' lang='lat' dir='ltr'><strong>dum</strong></span> <span class='ocrx_word' id='word_1_110' title='bbox 1873 1432 2006 1486; x_wconf 87' lang='lat' dir='ltr'><strong>dura</strong></span> 
     </span>
    </p>
   </div>
   <div class='ocr_carea' id='block_1_16' title="bbox 416 1523 2008 1599">
    <p class='ocr_par' dir='ltr' id='par_1_16' title="bbox 416 1523 2008 1599">
     <span class='ocr_line' id='line_1_16' title="bbox 416 1523 2008 1599; baseline -0.004 -14"><span class='ocrx_word' id='word_1_111' title='bbox 416 1531 582 1585; x_wconf 88' lang='lat' dir='ltr'><strong>corda</strong></span> <span class='ocrx_word' id='word_1_112' title='bbox 609 1529 889 1599; x_wconf 80' lang='lat' dir='ltr'><strong>gentilium</strong></span> <span class='ocrx_word' id='word_1_113' title='bbox 918 1529 974 1583; x_wconf 90' lang='lat' dir='ltr'><strong>in</strong></span> <span class='ocrx_word' id='word_1_114' title='bbox 1001 1527 1230 1583; x_wconf 63' lang='lat' dir='ltr'><strong>Abrahm</strong></span> <span class='ocrx_word' id='word_1_115' title='bbox 1254 1525 1482 1591; x_wconf 89' lang='lat' dir='ltr'><strong>semine,</strong></span> <span class='ocrx_word' id='word_1_116' title='bbox 1499 1527 1559 1582; x_wconf 89' lang='lat' dir='ltr'><strong>id</strong></span> <span class='ocrx_word' id='word_1_117' title='bbox 1587 1532 1691 1591; x_wconf 92' lang='lat' dir='ltr'><strong>est,</strong></span> <span class='ocrx_word' id='word_1_118' title='bbox 1711 1526 1764 1579; x_wconf 92' lang='lat' dir='ltr'><strong>in</strong></span> <span class='ocrx_word' id='word_1_119' title='bbox 1791 1523 2008 1579; x_wconf 86' lang='lat' dir='ltr'><strong>Christo</strong></span> 
     </span>
    </p>
   </div>
   <div class='ocr_carea' id='block_1_17' title="bbox 417 1617 2009 1688">
    <p class='ocr_par' dir='ltr' id='par_1_17' title="bbox 417 1617 2009 1688">
     <span class='ocr_line' id='line_1_17' title="bbox 417 1617 2009 1688; baseline -0.003 -14"><span class='ocrx_word' id='word_1_120' title='bbox 417 1620 785 1683; x_wconf 84' lang='lat' dir='ltr'><strong>crediderunt,</strong></span> <span class='ocrx_word' id='word_1_121' title='bbox 817 1618 933 1688; x_wconf 88' lang='lat' dir='ltr'><strong>ejus</strong></span> <span class='ocrx_word' id='word_1_122' title='bbox 958 1617 1054 1672; x_wconf 90' lang='lat' dir='ltr'><strong>ﬁlii</strong></span> <span class='ocrx_word' id='word_1_123' title='bbox 1101 1617 1230 1672; x_wconf 90' lang='lat' dir='ltr'><strong>facti</strong></span> <span class='ocrx_word' id='word_1_124' title='bbox 1263 1625 1413 1682; x_wconf 90' lang='lat' dir='ltr'><strong>sunt,</strong></span> <span class='ocrx_word' id='word_1_125' title='bbox 1446 1617 1602 1688; x_wconf 87' lang='lat' dir='ltr'><strong>cujus</strong></span> <span class='ocrx_word' id='word_1_126' title='bbox 1653 1617 1844 1672; x_wconf 87' lang='lat' dir='ltr'><strong>semini</strong></span> <span class='ocrx_word' id='word_1_127' title='bbox 1882 1623 2009 1671; x_wconf 92' lang='lat' dir='ltr'><strong>sunt</strong></span> 
     </span>
    </p>
   </div>
   <div class='ocr_carea' id='block_1_18' title="bbox 419 1707 2008 1780">
    <p class='ocr_par' dir='ltr' id='par_1_18' title="bbox 419 1707 2008 1780">
     <span class='ocr_line' id='line_1_18' title="bbox 419 1707 2008 1780; baseline -0.003 -16"><span class='ocrx_word' id='word_1_128' title='bbox 419 1711 575 1766; x_wconf 90' lang='lat' dir='ltr'><strong>uniti.</strong></span> <span class='ocrx_word' id='word_1_129' title='bbox 601 1710 755 1764; x_wconf 90' lang='lat' dir='ltr'><strong>Unde</strong></span> <span class='ocrx_word' id='word_1_130' title='bbox 781 1719 836 1764; x_wconf 93' lang='lat' dir='ltr'><strong>et</strong></span> <span class='ocrx_word' id='word_1_131' title='bbox 860 1711 1062 1764; x_wconf 89' lang='lat' dir='ltr'><strong>eisdem</strong></span> <span class='ocrx_word' id='word_1_132' title='bbox 1093 1710 1342 1780; x_wconf 80' lang='lat' dir='ltr'><strong>gentibus</strong></span> <span class='ocrx_word' id='word_1_133' title='bbox 1371 1709 1598 1764; x_wconf 90' lang='lat' dir='ltr'><strong>dicitur:</strong></span> <span class='ocrx_word' id='word_1_134' title='bbox 1634 1707 1693 1762; x_wconf 89' lang='lat' dir='ltr'><strong>Si</strong></span> <span class='ocrx_word' id='word_1_135' title='bbox 1717 1718 1892 1762; x_wconf 89' lang='lat' dir='ltr'><strong>autem</strong></span> <span class='ocrx_word' id='word_1_136' title='bbox 1918 1723 2008 1761; x_wconf 87' lang='lat' dir='ltr'><strong>vos</strong></span> 
     </span>
    </p>
   </div>
   <div class='ocr_carea' id='block_1_19' title="bbox 2111 523 3704 596">
    <p class='ocr_par' dir='ltr' id='par_1_19' title="bbox 2111 523 3704 596">
     <span class='ocr_line' id='line_1_19' title="bbox 2111 523 3704 596; baseline 0.001 -15"><span class='ocrx_word' id='word_1_137' title='bbox 2111 527 2404 582; x_wconf 86' lang='lat' dir='ltr'><strong>mationem</strong></span> <span class='ocrx_word' id='word_1_138' title='bbox 2436 527 2658 591; x_wconf 81' lang='lat' dir='ltr'><strong>invenit,</strong></span> <span class='ocrx_word' id='word_1_139' title='bbox 2677 527 2768 596; x_wconf 88' lang='lat' dir='ltr'><strong>qui</strong></span> <span class='ocrx_word' id='word_1_140' title='bbox 2799 525 2889 580; x_wconf 88' lang='lat' dir='ltr'><strong>hic</strong></span> <span class='ocrx_word' id='word_1_141' title='bbox 2910 523 3143 579; x_wconf 89' lang='lat' dir='ltr'><strong>fructum</strong></span> <span class='ocrx_word' id='word_1_142' title='bbox 3165 524 3290 578; x_wconf 91' lang='lat' dir='ltr'><strong>boni</strong></span> <span class='ocrx_word' id='word_1_143' title='bbox 3317 526 3500 595; x_wconf 83' lang='lat' dir='ltr'><strong>operis</strong></span> <span class='ocrx_word' id='word_1_144' title='bbox 3522 525 3704 582; x_wconf 81' lang='lat' dir='ltr'><strong>facere</strong></span> 
     </span>
    </p>
   </div>
   <div class='ocr_carea' id='block_1_20' title="bbox 2110 613 3706 683">
    <p class='ocr_par' dir='ltr' id='par_1_20' title="bbox 2110 613 3706 683">
     <span class='ocr_line' id='line_1_20' title="bbox 2110 613 3706 683; baseline -0.001 -11"><span class='ocrx_word' id='word_1_145' title='bbox 2110 616 2425 672; x_wconf 90' lang='lat' dir='ltr'><strong>contemnit.</strong></span> <span class='ocrx_word' id='word_1_146' title='bbox 2453 615 2521 670; x_wconf 87' lang='lat' dir='ltr'><strong>Et</strong></span> <span class='ocrx_word' id='word_1_147' title='bbox 2539 615 2832 669; x_wconf 85' lang='lat' dir='ltr'><strong>notandum</strong></span> <span class='ocrx_word' id='word_1_148' title='bbox 2857 614 2999 683; x_wconf 92' lang='lat' dir='ltr'><strong>quod</strong></span> <span class='ocrx_word' id='word_1_149' title='bbox 3025 613 3258 669; x_wconf 85' lang='lat' dir='ltr'><strong>securim</strong></span> <span class='ocrx_word' id='word_1_150' title='bbox 3294 631 3401 668; x_wconf 92' lang='lat' dir='ltr'><strong>non</strong></span> <span class='ocrx_word' id='word_1_151' title='bbox 3421 615 3579 683; x_wconf 78' lang='lat' dir='ltr'><strong>juxta</strong></span> <span class='ocrx_word' id='word_1_152' title='bbox 3615 634 3706 671; x_wconf 85' lang='lat' dir='ltr'><strong>ra-</strong></span> 
     </span>
    </p>
   </div>
   <div class='ocr_carea' id='block_1_21' title="bbox 2108 705 3701 776">
    <p class='ocr_par' dir='ltr' id='par_1_21' title="bbox 2108 705 3701 776">
     <span class='ocr_line' id='line_1_21' title="bbox 2108 705 3701 776; baseline 0.002 -13"><span class='ocrx_word' id='word_1_153' title='bbox 2108 721 2227 763; x_wconf 87' lang='lat' dir='ltr'><strong>mos</strong></span> <span class='ocrx_word' id='word_1_154' title='bbox 2238 708 2486 776; x_wconf 85' lang='lat' dir='ltr'><strong>positam,</strong></span> <span class='ocrx_word' id='word_1_155' title='bbox 2510 706 2603 762; x_wconf 91' lang='lat' dir='ltr'><strong>sed</strong></span> <span class='ocrx_word' id='word_1_156' title='bbox 2624 705 2688 760; x_wconf 89' lang='lat' dir='ltr'><strong>ad</strong></span> <span class='ocrx_word' id='word_1_157' title='bbox 2711 705 2947 760; x_wconf 86' lang='lat' dir='ltr'><strong>radicem</strong></span> <span class='ocrx_word' id='word_1_158' title='bbox 2969 706 3120 772; x_wconf 88' lang='lat' dir='ltr'><strong>dicit,</strong></span> <span class='ocrx_word' id='word_1_159' title='bbox 3137 723 3259 761; x_wconf 83' lang='lat' dir='ltr'><strong>cum</strong></span> <span class='ocrx_word' id='word_1_160' title='bbox 3275 709 3418 762; x_wconf 88' lang='lat' dir='ltr'><strong>enim</strong></span> <span class='ocrx_word' id='word_1_161' title='bbox 3434 710 3701 766; x_wconf 72' lang='lat' dir='ltr'><strong>malorum</strong></span> 
     </span>
    </p>
   </div>
   <div class='ocr_carea' id='block_1_22' title="bbox 2111 795 3705 872">
    <p class='ocr_par' dir='ltr' id='par_1_22' title="bbox 2111 795 3705 872">
     <span class='ocr_line' id='line_1_22' title="bbox 2111 795 3705 872; baseline 0.003 -22"><span class='ocrx_word' id='word_1_162' title='bbox 2111 795 2203 872; x_wconf 81' lang='lat' dir='ltr'><strong>ﬁlii</strong></span> <span class='ocrx_word' id='word_1_163' title='bbox 2237 797 2516 862; x_wconf 87' lang='lat' dir='ltr'><strong>tolluntur,</strong></span> <span class='ocrx_word' id='word_1_164' title='bbox 2545 796 2673 865; x_wconf 89' lang='lat' dir='ltr'><strong>quid</strong></span> <span class='ocrx_word' id='word_1_165' title='bbox 2711 795 2857 850; x_wconf 86' lang='lat' dir='ltr'><strong>aliud</strong></span> <span class='ocrx_word' id='word_1_166' title='bbox 2883 810 3045 864; x_wconf 87' lang='lat' dir='ltr'><strong>quam</strong></span> <span class='ocrx_word' id='word_1_167' title='bbox 3071 798 3205 850; x_wconf 83' lang='lat' dir='ltr'><strong>rami</strong></span> <span class='ocrx_word' id='word_1_168' title='bbox 3238 795 3589 854; x_wconf 67' lang='lat' dir='ltr'><strong>infructuosa:</strong></span> <span class='ocrx_word' id='word_1_169' title='bbox 3619 816 3705 854; x_wconf 78' lang='lat' dir='ltr'><strong>ar~</strong></span> 
     </span>
    </p>
   </div>
   <div class='ocr_carea' id='block_1_23' title="bbox 2107 884 3702 958">
    <p class='ocr_par' dir='ltr' id='par_1_23' title="bbox 2107 884 3702 958">
     <span class='ocr_line' id='line_1_23' title="bbox 2107 884 3702 958; baseline 0.003 -18"><span class='ocrx_word' id='word_1_170' title='bbox 2107 886 2256 940; x_wconf 85' lang='lat' dir='ltr'><strong>boris</strong></span> <span class='ocrx_word' id='word_1_171' title='bbox 2286 885 2718 941; x_wconf 83' lang='lat' dir='ltr'><strong>abscinduntur?</strong></span> <span class='ocrx_word' id='word_1_172' title='bbox 2743 884 2878 940; x_wconf 88' lang='lat' dir='ltr'><strong>Cum</strong></span> <span class='ocrx_word' id='word_1_173' title='bbox 2911 900 3046 940; x_wconf 85' lang='lat' dir='ltr'><strong>vero</strong></span> <span class='ocrx_word' id='word_1_174' title='bbox 3070 894 3180 940; x_wconf 88' lang='lat' dir='ltr'><strong>tota</strong></span> <span class='ocrx_word' id='word_1_175' title='bbox 3222 888 3384 942; x_wconf 83' lang='lat' dir='ltr'><strong>simul</strong></span> <span class='ocrx_word' id='word_1_176' title='bbox 3411 891 3702 958; x_wconf 77' lang='lat' dir='ltr'><strong>progenies</strong></span> 
     </span>
    </p>
   </div>
   <div class='ocr_carea' id='block_1_24' title="bbox 2109 973 3703 1044">
    <p class='ocr_par' dir='ltr' id='par_1_24' title="bbox 2109 973 3703 1044">
     <span class='ocr_line' id='line_1_24' title="bbox 2109 973 3703 1044; baseline 0.003 -14"><span class='ocrx_word' id='word_1_177' title='bbox 2109 991 2232 1030; x_wconf 90' lang='lat' dir='ltr'><strong>cum</strong></span> <span class='ocrx_word' id='word_1_178' title='bbox 2259 985 2487 1044; x_wconf 78' lang='lat' dir='ltr'><strong>parente</strong></span> <span class='ocrx_word' id='word_1_179' title='bbox 2512 975 2741 1040; x_wconf 85' lang='lat' dir='ltr'><strong>tollitur,</strong></span> <span class='ocrx_word' id='word_1_180' title='bbox 2777 973 3112 1030; x_wconf 78' lang='lat' dir='ltr'><strong>infructuosa</strong></span> <span class='ocrx_word' id='word_1_181' title='bbox 3147 978 3310 1032; x_wconf 81' lang='lat' dir='ltr'><strong>arbor</strong></span> <span class='ocrx_word' id='word_1_182' title='bbox 3334 993 3365 1032; x_wconf 88' lang='lat' dir='ltr'><strong>a</strong></span> <span class='ocrx_word' id='word_1_183' title='bbox 3396 980 3584 1035; x_wconf 77' lang='lat' dir='ltr'><strong>radice</strong></span> <span class='ocrx_word' id='word_1_184' title='bbox 3607 981 3703 1034; x_wconf 82' lang='lat' dir='ltr'><strong>ab-</strong></span> 
     </span>
    </p>
   </div>
   <div class='ocr_carea' id='block_1_25' title="bbox 2108 1065 3704 1137">
    <p class='ocr_par' dir='ltr' id='par_1_25' title="bbox 2108 1065 3704 1137">
     <span class='ocr_line' id='line_1_25' title="bbox 2108 1065 3704 1137; baseline 0.002 -17"><span class='ocrx_word' id='word_1_185' title='bbox 2108 1066 2274 1120; x_wconf 87' lang='lat' dir='ltr'><strong>scissa</strong></span> <span class='ocrx_word' id='word_1_186' title='bbox 2301 1072 2405 1131; x_wconf 84' lang='lat' dir='ltr'><strong>est,</strong></span> <span class='ocrx_word' id='word_1_187' title='bbox 2436 1081 2506 1120; x_wconf 90' lang='lat' dir='ltr'><strong>ne</strong></span> <span class='ocrx_word' id='word_1_188' title='bbox 2527 1065 2638 1135; x_wconf 89' lang='lat' dir='ltr'><strong>jam</strong></span> <span class='ocrx_word' id='word_1_189' title='bbox 2668 1072 2953 1120; x_wconf 83' lang='lat' dir='ltr'><strong>remaneat</strong></span> <span class='ocrx_word' id='word_1_190' title='bbox 2989 1066 3132 1122; x_wconf 86' lang='lat' dir='ltr'><strong>unde</strong></span> <span class='ocrx_word' id='word_1_191' title='bbox 3177 1082 3345 1137; x_wconf 79' lang='lat' dir='ltr'><strong>prava</strong></span> <span class='ocrx_word' id='word_1_192' title='bbox 3377 1067 3576 1124; x_wconf 82' lang='lat' dir='ltr'><strong>itemm</strong></span> <span class='ocrx_word' id='word_1_193' title='bbox 3611 1084 3704 1123; x_wconf 84' lang='lat' dir='ltr'><strong>so-</strong></span> 
     </span>
    </p>
   </div>
   <div class='ocr_carea' id='block_1_26' title="bbox 2108 1155 2610 1210">
    <p class='ocr_par' dir='ltr' id='par_1_26' title="bbox 2108 1155 2610 1210">
     <span class='ocr_line' id='line_1_26' title="bbox 2108 1155 2610 1210; baseline -0.002 0"><span class='ocrx_word' id='word_1_194' title='bbox 2108 1155 2258 1210; x_wconf 86' lang='lat' dir='ltr'><strong>boles</strong></span> <span class='ocrx_word' id='word_1_195' title='bbox 2283 1163 2610 1210; x_wconf 84' lang='lat' dir='ltr'><strong>succrescat.</strong></span> 
     </span>
    </p>
   </div>
   <div class='ocr_carea' id='block_1_27' title="bbox 2180 1246 3698 1320">
    <p class='ocr_par' dir='ltr' id='par_1_27' title="bbox 2180 1246 3698 1320">
     <span class='ocr_line' id='line_1_27' title="bbox 2180 1246 3698 1320; baseline 0.004 -20"><span class='ocrx_word' id='word_1_196' title='bbox 2180 1247 2292 1317; x_wconf 82' lang='lat' dir='ltr'><strong>Ego</strong></span> <span class='ocrx_word' id='word_1_197' title='bbox 2320 1247 2527 1318; x_wconf 83' lang='lat' dir='ltr'><strong>quidem</strong></span> <span class='ocrx_word' id='word_1_198' title='bbox 2575 1263 2662 1301; x_wconf 81' lang='lat' dir='ltr'><strong>vos</strong></span> <span class='ocrx_word' id='word_1_199' title='bbox 2707 1246 2914 1317; x_wconf 73' lang='lat' dir='ltr'><strong>baptizo</strong></span> <span class='ocrx_word' id='word_1_200' title='bbox 2953 1249 3007 1302; x_wconf 84' lang='lat' dir='ltr'><strong>in</strong></span> <span class='ocrx_word' id='word_1_201' title='bbox 3049 1265 3186 1319; x_wconf 79' lang='lat' dir='ltr'><strong>aqua</strong></span> <span class='ocrx_word' id='word_1_202' title='bbox 3228 1249 3282 1301; x_wconf 87' lang='lat' dir='ltr'><strong>in</strong></span> <span class='ocrx_word' id='word_1_203' title='bbox 3323 1251 3698 1320; x_wconf 69' lang='lat' dir='ltr'><strong>paenitentiam.</strong></span> 
     </span>
    </p>
   </div>
   <div class='ocr_carea' id='block_1_28' title="bbox 2110 1335 3704 1410">
    <p class='ocr_par' dir='ltr' id='par_1_28' title="bbox 2110 1335 3704 1410">
     <span class='ocr_line' id='line_1_28' title="bbox 2110 1335 3704 1410; baseline 0.006 -21"><span class='ocrx_word' id='word_1_204' title='bbox 2110 1335 2214 1402; x_wconf 83' lang='lat' dir='ltr'><strong>Qui</strong></span> <span class='ocrx_word' id='word_1_205' title='bbox 2249 1347 2424 1392; x_wconf 79' lang='lat' dir='ltr'><strong>autem</strong></span> <span class='ocrx_word' id='word_1_206' title='bbox 2452 1345 2570 1408; x_wconf 83' lang='lat' dir='ltr'><strong>post</strong></span> <span class='ocrx_word' id='word_1_207' title='bbox 2614 1355 2696 1393; x_wconf 85' lang='lat' dir='ltr'><strong>me</strong></span> <span class='ocrx_word' id='word_1_208' title='bbox 2727 1347 2974 1394; x_wconf 81' lang='lat' dir='ltr'><strong>uenturus</strong></span> <span class='ocrx_word' id='word_1_209' title='bbox 3014 1351 3114 1406; x_wconf 84' lang='lat' dir='ltr'><strong>est,</strong></span> <span class='ocrx_word' id='word_1_210' title='bbox 3159 1341 3349 1409; x_wconf 80' lang='lat' dir='ltr'><strong>fortior</strong></span> <span class='ocrx_word' id='word_1_211' title='bbox 3370 1361 3453 1397; x_wconf 91' lang='lat' dir='ltr'><strong>me</strong></span> <span class='ocrx_word' id='word_1_212' title='bbox 3473 1355 3570 1410; x_wconf 84' lang='lat' dir='ltr'><strong>est,</strong></span> <span class='ocrx_word' id='word_1_213' title='bbox 3609 1362 3704 1397; x_wconf 80' lang='lat' dir='ltr'><strong>cu-</strong></span> 
     </span>
    </p>
   </div>
   <div class='ocr_carea' id='block_1_29' title="bbox 2069 1427 3700 1501">
    <p class='ocr_par' dir='ltr' id='par_1_29' title="bbox 2069 1427 3700 1501">
     <span class='ocr_line' id='line_1_29' title="bbox 2069 1427 3700 1501; baseline 0.006 -21"><span class='ocrx_word' id='word_1_214' title='bbox 2069 1435 2078 1452; x_wconf 89' lang='lat'><em>&#39;</em></span> <span class='ocrx_word' id='word_1_215' title='bbox 2099 1427 2192 1498; x_wconf 83' lang='lat' dir='ltr'><strong>jus</strong></span> <span class='ocrx_word' id='word_1_216' title='bbox 2220 1444 2324 1481; x_wconf 83' lang='lat' dir='ltr'><strong>non</strong></span> <span class='ocrx_word' id='word_1_217' title='bbox 2353 1443 2471 1481; x_wconf 89' lang='lat' dir='ltr'><strong>sum</strong></span> <span class='ocrx_word' id='word_1_218' title='bbox 2497 1427 2686 1498; x_wconf 81' lang='lat' dir='ltr'><strong>dignus</strong></span> <span class='ocrx_word' id='word_1_219' title='bbox 2701 1428 3052 1485; x_wconf 77' lang='lat' dir='ltr'><strong>calceamenta</strong></span> <span class='ocrx_word' id='word_1_220' title='bbox 3077 1442 3303 1501; x_wconf 82' lang='lat' dir='ltr'><strong>portare.</strong></span> <span class='ocrx_word' id='word_1_221' title='bbox 3327 1431 3566 1489; x_wconf 81' lang='lat' dir='ltr'><strong>Joannes</strong></span> <span class='ocrx_word' id='word_1_222' title='bbox 3594 1451 3700 1490; x_wconf 90' lang='lat' dir='ltr'><strong>non</strong></span> 
     </span>
    </p>
   </div>
   <div class='ocr_carea' id='block_1_30' title="bbox 2108 1519 3702 1592">
    <p class='ocr_par' dir='ltr' id='par_1_30' title="bbox 2108 1519 3702 1592">
     <span class='ocr_line' id='line_1_30' title="bbox 2108 1519 3702 1592; baseline 0.005 -20"><span class='ocrx_word' id='word_1_223' title='bbox 2108 1519 2301 1588; x_wconf 88' lang='lat' dir='ltr'><strong>spiritu</strong></span> <span class='ocrx_word' id='word_1_224' title='bbox 2349 1519 2443 1574; x_wconf 87' lang='lat' dir='ltr'><strong>sed</strong></span> <span class='ocrx_word' id='word_1_225' title='bbox 2473 1533 2610 1589; x_wconf 86' lang='lat' dir='ltr'><strong>aqua</strong></span> <span class='ocrx_word' id='word_1_226' title='bbox 2639 1519 2898 1590; x_wconf 85' lang='lat' dir='ltr'><strong>baptizat,</strong></span> <span class='ocrx_word' id='word_1_227' title='bbox 2945 1523 3070 1590; x_wconf 89' lang='lat' dir='ltr'><strong>quia</strong></span> <span class='ocrx_word' id='word_1_228' title='bbox 3097 1530 3316 1592; x_wconf 84' lang='lat' dir='ltr'><strong>peccata</strong></span> <span class='ocrx_word' id='word_1_229' title='bbox 3347 1523 3560 1579; x_wconf 86' lang='lat' dir='ltr'><strong>solvere</strong></span> <span class='ocrx_word' id='word_1_230' title='bbox 3593 1541 3702 1579; x_wconf 81' lang='lat' dir='ltr'><strong>non</strong></span> 
     </span>
    </p>
   </div>
   <div class='ocr_carea' id='block_1_31' title="bbox 2107 1611 3700 1682">
    <p class='ocr_par' dir='ltr' id='par_1_31' title="bbox 2107 1611 3700 1682">
     <span class='ocr_line' id='line_1_31' title="bbox 2107 1611 3700 1682; baseline 0.003 -18"><span class='ocrx_word' id='word_1_231' title='bbox 2107 1611 2312 1676; x_wconf 86' lang='lat' dir='ltr'><strong>valens,</strong></span> <span class='ocrx_word' id='word_1_232' title='bbox 2361 1611 2758 1680; x_wconf 73' lang='lat' dir='ltr'><strong>baptizatorum</strong></span> <span class='ocrx_word' id='word_1_233' title='bbox 2797 1627 3022 1680; x_wconf 86' lang='lat' dir='ltr'><strong>corpora</strong></span> <span class='ocrx_word' id='word_1_234' title='bbox 3056 1627 3152 1682; x_wconf 89' lang='lat' dir='ltr'><strong>per</strong></span> <span class='ocrx_word' id='word_1_235' title='bbox 3181 1629 3376 1682; x_wconf 83' lang='lat' dir='ltr'><strong>aquam</strong></span> <span class='ocrx_word' id='word_1_236' title='bbox 3405 1613 3574 1678; x_wconf 81' lang='lat' dir='ltr'><strong>lavat,</strong></span> <span class='ocrx_word' id='word_1_237' title='bbox 3609 1615 3700 1668; x_wconf 83' lang='lat' dir='ltr'><strong>sed</strong></span> 
     </span>
    </p>
   </div>
   <div class='ocr_carea' id='block_1_32' title="bbox 2108 1701 3701 1776">
    <p class='ocr_par' dir='ltr' id='par_1_32' title="bbox 2108 1701 3701 1776">
     <span class='ocr_line' id='line_1_32' title="bbox 2108 1701 3701 1776; baseline 0.001 -20"><span class='ocrx_word' id='word_1_238' title='bbox 2108 1707 2344 1756; x_wconf 86' lang='lat' dir='ltr'><strong>mentem</strong></span> <span class='ocrx_word' id='word_1_239' title='bbox 2390 1715 2488 1770; x_wconf 84' lang='lat' dir='ltr'><strong>per</strong></span> <span class='ocrx_word' id='word_1_240' title='bbox 2513 1701 2726 1756; x_wconf 83' lang='lat' dir='ltr'><strong>veniam</strong></span> <span class='ocrx_word' id='word_1_241' title='bbox 2757 1717 2864 1756; x_wconf 90' lang='lat' dir='ltr'><strong>non</strong></span> <span class='ocrx_word' id='word_1_242' title='bbox 2911 1702 3073 1757; x_wconf 81' lang='lat' dir='ltr'><strong>lavat.</strong></span> <span class='ocrx_word' id='word_1_243' title='bbox 3119 1702 3230 1758; x_wconf 79' lang='lat' dir='ltr'><strong>Cur</strong></span> <span class='ocrx_word' id='word_1_244' title='bbox 3267 1719 3397 1775; x_wconf 84' lang='lat' dir='ltr'><strong>ergo</strong></span> <span class='ocrx_word' id='word_1_245' title='bbox 3436 1706 3701 1776; x_wconf 69' lang='lat' dir='ltr'><strong>baptizat,</strong></span> 
     </span>
    </p>
   </div>
   <div class='ocr_carea' id='block_1_33' title="bbox 420 1792 3704 1869">
    <p class='ocr_par' dir='ltr' id='par_1_33' title="bbox 420 1792 3704 1869">
     <span class='ocr_line' id='line_1_33' title="bbox 420 1792 3704 1869; baseline -0.001 -15"><span class='ocrx_word' id='word_1_246' title='bbox 420 1800 637 1864; x_wconf 75' lang='lat' dir='ltr'><strong>Christi,</strong></span> <span class='ocrx_word' id='word_1_247' title='bbox 668 1815 790 1869; x_wconf 90' lang='lat' dir='ltr'><strong>ergo</strong></span> <span class='ocrx_word' id='word_1_248' title='bbox 831 1799 1056 1852; x_wconf 81' lang='lat' dir='ltr'><strong>Abralue</strong></span> <span class='ocrx_word' id='word_1_249' title='bbox 1100 1814 1274 1851; x_wconf 83' lang='lat' dir='ltr'><strong>semen</strong></span> <span class='ocrx_word' id='word_1_250' title='bbox 1304 1799 1424 1851; x_wconf 87' lang='lat' dir='ltr'><strong>estis</strong></span> <span class='ocrx_word' id='word_1_251' title='bbox 1453 1796 1604 1868; x_wconf 82' lang='lat' dir='ltr'><strong>(Gal.</strong></span> <span class='ocrx_word' id='word_1_252' title='bbox 1629 1795 1736 1868; x_wconf 85' lang='grc' dir='ltr'><strong>ιιι).</strong></span> <span class='ocrx_word' id='word_1_253' title='bbox 1773 1797 1832 1851; x_wconf 90' lang='lat' dir='ltr'><strong>Si</strong></span> <span class='ocrx_word' id='word_1_254' title='bbox 1855 1798 2017 1866; x_wconf 77' lang='lat' dir='ltr'><strong>igitur</strong></span> <span class='ocrx_word' id='word_1_255' title='bbox 2043 1792 2090 1851; x_wconf 89' lang='lat' dir='ltr'><strong>B</strong></span> <span class='ocrx_word' id='word_1_256' title='bbox 2117 1795 2208 1864; x_wconf 86' lang='lat' dir='ltr'><strong>qui</strong></span> <span class='ocrx_word' id='word_1_257' title='bbox 2237 1802 2457 1864; x_wconf 88' lang='lat' dir='ltr'><strong>peccata</strong></span> <span class='ocrx_word' id='word_1_258' title='bbox 2475 1809 2572 1863; x_wconf 85' lang='lat' dir='ltr'><strong>per</strong></span> <span class='ocrx_word' id='word_1_259' title='bbox 2594 1795 2918 1865; x_wconf 82' lang='lat' dir='ltr'><strong>baptismum</strong></span> <span class='ocrx_word' id='word_1_260' title='bbox 2950 1811 3057 1849; x_wconf 91' lang='lat' dir='ltr'><strong>non</strong></span> <span class='ocrx_word' id='word_1_261' title='bbox 3086 1796 3313 1861; x_wconf 80' lang='lat' dir='ltr'><strong>relaxat,</strong></span> <span class='ocrx_word' id='word_1_262' title='bbox 3342 1797 3446 1852; x_wconf 89' lang='lat' dir='ltr'><strong>nisi</strong></span> <span class='ocrx_word' id='word_1_263' title='bbox 3484 1809 3544 1851; x_wconf 90' lang='lat' dir='ltr'><strong>ut</strong></span> <span class='ocrx_word' id='word_1_264' title='bbox 3568 1814 3704 1867; x_wconf 76' lang='lat' dir='ltr'><strong>pra:-</strong></span> 
     </span>
    </p>
   </div>
   <div class='ocr_carea' id='block_1_34' title="bbox 417 1885 2006 1960">
    <p class='ocr_par' dir='ltr' id='par_1_34' title="bbox 417 1885 2006 1960">
     <span class='ocr_line' id='line_1_34' title="bbox 417 1885 2006 1960; baseline -0.003 -16"><span class='ocrx_word' id='word_1_265' title='bbox 417 1905 517 1944; x_wconf 86' lang='lat' dir='ltr'><strong>nos</strong></span> <span class='ocrx_word' id='word_1_266' title='bbox 549 1905 646 1960; x_wconf 88' lang='lat' dir='ltr'><strong>per</strong></span> <span class='ocrx_word' id='word_1_267' title='bbox 671 1889 830 1944; x_wconf 89' lang='lat' dir='ltr'><strong>ﬁdem</strong></span> <span class='ocrx_word' id='word_1_268' title='bbox 861 1887 1063 1943; x_wconf 86' lang='lat' dir='ltr'><strong>Christi</strong></span> <span class='ocrx_word' id='word_1_269' title='bbox 1091 1886 1324 1941; x_wconf 68' lang='lat' dir='ltr'><strong>Abrahae</strong></span> <span class='ocrx_word' id='word_1_270' title='bbox 1349 1901 1531 1942; x_wconf 90' lang='lat' dir='ltr'><strong>semen</strong></span> <span class='ocrx_word' id='word_1_271' title='bbox 1566 1885 1676 1949; x_wconf 86' lang='lat' dir='ltr'><strong>iam</strong></span> <span class='ocrx_word' id='word_1_272' title='bbox 1703 1885 2006 1953; x_wconf 76' lang='lat' dir='ltr'><strong>existimas,</strong></span> 
     </span>
    </p>
   </div>
   <div class='ocr_carea' id='block_1_35' title="bbox 413 1975 2005 2050">
    <p class='ocr_par' dir='ltr' id='par_1_35' title="bbox 413 1975 2005 2050">
     <span class='ocr_line' id='line_1_35' title="bbox 413 1975 2005 2050; baseline -0.003 -16"><span class='ocrx_word' id='word_1_273' title='bbox 413 1979 585 2036; x_wconf 66' lang='lat' dir='ltr'><strong>Judaei</strong></span> <span class='ocrx_word' id='word_1_274' title='bbox 613 1987 835 2050; x_wconf 88' lang='lat' dir='ltr'><strong>propter</strong></span> <span class='ocrx_word' id='word_1_275' title='bbox 862 1978 1143 2048; x_wconf 88' lang='lat' dir='ltr'><strong>perﬁdiam</strong></span> <span class='ocrx_word' id='word_1_276' title='bbox 1175 1977 1408 2032; x_wconf 63' lang='lat' dir='ltr'><strong>Abrahae</strong></span> <span class='ocrx_word' id='word_1_277' title='bbox 1435 1977 1531 2031; x_wconf 88' lang='lat' dir='ltr'><strong>ﬁlii</strong></span> <span class='ocrx_word' id='word_1_278' title='bbox 1559 1991 1678 2032; x_wconf 90' lang='lat' dir='ltr'><strong>esse</strong></span> <span class='ocrx_word' id='word_1_279' title='bbox 1707 1975 2005 2032; x_wconf 90' lang='lat' dir='ltr'><strong>desierunt.</strong></span> 
     </span>
    </p>
   </div>
   <div class='ocr_carea' id='block_1_36' title="bbox 483 2068 2004 2139">
    <p class='ocr_par' dir='ltr' id='par_1_36' title="bbox 483 2068 2004 2139">
     <span class='ocr_line' id='line_1_36' title="bbox 483 2068 2004 2139; baseline -0.002 -14"><span class='ocrx_word' id='word_1_280' title='bbox 483 2070 610 2125; x_wconf 83' lang='lat' dir='ltr'><strong>Jam</strong></span> <span class='ocrx_word' id='word_1_281' title='bbox 638 2072 777 2125; x_wconf 90' lang='lat' dir='ltr'><strong>enim</strong></span> <span class='ocrx_word' id='word_1_282' title='bbox 817 2070 1015 2124; x_wconf 86' lang='lat' dir='ltr'><strong>securis</strong></span> <span class='ocrx_word' id='word_1_283' title='bbox 1060 2069 1129 2123; x_wconf 81' lang='lat' dir='ltr'><strong>ad</strong></span> <span class='ocrx_word' id='word_1_284' title='bbox 1166 2068 1367 2122; x_wconf 82' lang='lat' dir='ltr'><strong>radices</strong></span> <span class='ocrx_word' id='word_1_285' title='bbox 1418 2069 1667 2122; x_wconf 85' lang='lat' dir='ltr'><strong>arborum</strong></span> <span class='ocrx_word' id='word_1_286' title='bbox 1707 2069 1879 2139; x_wconf 86' lang='lat' dir='ltr'><strong>posita</strong></span> <span class='ocrx_word' id='word_1_287' title='bbox 1908 2078 2004 2122; x_wconf 89' lang='lat' dir='ltr'><strong>est.</strong></span> 
     </span>
    </p>
   </div>
   <div class='ocr_carea' id='block_1_37' title="bbox 413 2158 2006 2230">
    <p class='ocr_par' dir='ltr' id='par_1_37' title="bbox 413 2158 2006 2230">
     <span class='ocr_line' id='line_1_37' title="bbox 413 2158 2006 2230; baseline -0.003 -14"><span class='ocrx_word' id='word_1_288' title='bbox 413 2161 591 2216; x_wconf 85' lang='lat' dir='ltr'><strong>Arbor</strong></span> <span class='ocrx_word' id='word_1_289' title='bbox 631 2159 790 2230; x_wconf 87' lang='lat' dir='ltr'><strong>hujus</strong></span> <span class='ocrx_word' id='word_1_290' title='bbox 818 2158 1006 2214; x_wconf 90' lang='lat' dir='ltr'><strong>mundi</strong></span> <span class='ocrx_word' id='word_1_291' title='bbox 1036 2168 1121 2214; x_wconf 89' lang='lat' dir='ltr'><strong>est</strong></span> <span class='ocrx_word' id='word_1_292' title='bbox 1149 2160 1461 2213; x_wconf 89' lang='lat' dir='ltr'><strong>universum</strong></span> <span class='ocrx_word' id='word_1_293' title='bbox 1491 2173 1661 2230; x_wconf 88' lang='lat' dir='ltr'><strong>genus</strong></span> <span class='ocrx_word' id='word_1_294' title='bbox 1688 2158 2006 2213; x_wconf 90' lang='lat' dir='ltr'><strong>humanum.</strong></span> 
     </span>
    </p>
   </div>
   <div class='ocr_carea' id='block_1_38' title="bbox 416 2249 2007 2320">
    <p class='ocr_par' dir='ltr' id='par_1_38' title="bbox 416 2249 2007 2320">
     <span class='ocr_line' id='line_1_38' title="bbox 416 2249 2007 2320; baseline -0.002 -14"><span class='ocrx_word' id='word_1_295' title='bbox 416 2249 636 2306; x_wconf 89' lang='lat' dir='ltr'><strong>Securis</strong></span> <span class='ocrx_word' id='word_1_296' title='bbox 666 2266 796 2306; x_wconf 85' lang='lat' dir='ltr'><strong>vero</strong></span> <span class='ocrx_word' id='word_1_297' title='bbox 830 2258 914 2306; x_wconf 87' lang='lat' dir='ltr'><strong>est</strong></span> <span class='ocrx_word' id='word_1_298' title='bbox 967 2249 1301 2319; x_wconf 83' lang='lat' dir='ltr'><strong>Redemptor</strong></span> <span class='ocrx_word' id='word_1_299' title='bbox 1347 2259 1566 2315; x_wconf 82' lang='lat' dir='ltr'><strong>noster,</strong></span> <span class='ocrx_word' id='word_1_300' title='bbox 1604 2249 1695 2320; x_wconf 90' lang='lat' dir='ltr'><strong>qui</strong></span> <span class='ocrx_word' id='word_1_301' title='bbox 1746 2249 1895 2304; x_wconf 89' lang='lat' dir='ltr'><strong>velut</strong></span> <span class='ocrx_word' id='word_1_302' title='bbox 1941 2263 2007 2304; x_wconf 79' lang='lat' dir='ltr'><strong>ex</strong></span> 
     </span>
    </p>
   </div>
   <div class='ocr_carea' id='block_1_39' title="bbox 413 2339 2009 2410">
    <p class='ocr_par' dir='ltr' id='par_1_39' title="bbox 413 2339 2009 2410">
     <span class='ocr_line' id='line_1_39' title="bbox 413 2339 2009 2410; baseline -0.003 -13"><span class='ocrx_word' id='word_1_303' title='bbox 413 2342 701 2397; x_wconf 86' lang='lat' dir='ltr'><strong>manubrio</strong></span> <span class='ocrx_word' id='word_1_304' title='bbox 745 2349 801 2396; x_wconf 91' lang='lat' dir='ltr'><strong>et</strong></span> <span class='ocrx_word' id='word_1_305' title='bbox 844 2339 989 2397; x_wconf 90' lang='lat' dir='ltr'><strong>ferro</strong></span> <span class='ocrx_word' id='word_1_306' title='bbox 1016 2348 1248 2406; x_wconf 85' lang='lat' dir='ltr'><strong>constat,</strong></span> <span class='ocrx_word' id='word_1_307' title='bbox 1298 2347 1618 2410; x_wconf 86' lang='lat' dir='ltr'><strong>teneturque</strong></span> <span class='ocrx_word' id='word_1_308' title='bbox 1655 2354 1723 2395; x_wconf 84' lang='lat' dir='ltr'><strong>ex</strong></span> <span class='ocrx_word' id='word_1_309' title='bbox 1762 2339 2009 2394; x_wconf 87' lang='lat' dir='ltr'><strong>humani-</strong></span> 
     </span>
    </p>
   </div>
   <div class='ocr_carea' id='block_1_40' title="bbox 415 2431 2010 2500">
    <p class='ocr_par' dir='ltr' id='par_1_40' title="bbox 415 2431 2010 2500">
     <span class='ocr_line' id='line_1_40' title="bbox 415 2431 2010 2500; baseline -0.002 -11"><span class='ocrx_word' id='word_1_310' title='bbox 415 2442 548 2499; x_wconf 84' lang='lat' dir='ltr'><strong>tate,</strong></span> <span class='ocrx_word' id='word_1_311' title='bbox 577 2433 672 2489; x_wconf 91' lang='lat' dir='ltr'><strong>sed</strong></span> <span class='ocrx_word' id='word_1_312' title='bbox 703 2432 892 2488; x_wconf 88' lang='lat' dir='ltr'><strong>incidit</strong></span> <span class='ocrx_word' id='word_1_313' title='bbox 927 2447 994 2488; x_wconf 81' lang='lat' dir='ltr'><strong>ex</strong></span> <span class='ocrx_word' id='word_1_314' title='bbox 1026 2432 1329 2487; x_wconf 88' lang='lat' dir='ltr'><strong>divinitate.</strong></span> <span class='ocrx_word' id='word_1_315' title='bbox 1364 2431 1495 2500; x_wconf 77' lang='lat' dir='ltr'><strong>Qua:</strong></span> <span class='ocrx_word' id='word_1_316' title='bbox 1532 2431 1780 2487; x_wconf 82' lang='lat' dir='ltr'><strong>videlicet</strong></span> <span class='ocrx_word' id='word_1_317' title='bbox 1804 2431 2010 2486; x_wconf 87' lang='lat' dir='ltr'><strong>securis</strong></span> 
     </span>
    </p>
   </div>
   <div class='ocr_carea' id='block_1_41' title="bbox 406 2521 2007 2593">
    <p class='ocr_par' dir='ltr' id='par_1_41' title="bbox 406 2521 2007 2593">
     <span class='ocr_line' id='line_1_41' title="bbox 406 2521 2007 2593; baseline 0.001 -15"><span class='ocrx_word' id='word_1_318' title='bbox 406 2521 521 2591; x_wconf 86' lang='lat' dir='ltr'><strong>jam</strong></span> <span class='ocrx_word' id='word_1_319' title='bbox 567 2524 637 2579; x_wconf 88' lang='lat' dir='ltr'><strong>ad</strong></span> <span class='ocrx_word' id='word_1_320' title='bbox 665 2523 902 2579; x_wconf 86' lang='lat' dir='ltr'><strong>radicem</strong></span> <span class='ocrx_word' id='word_1_321' title='bbox 929 2523 1141 2579; x_wconf 89' lang='lat' dir='ltr'><strong>arboris</strong></span> <span class='ocrx_word' id='word_1_322' title='bbox 1186 2523 1344 2578; x_wconf 91' lang='lat' dir='ltr'><strong>istius</strong></span> <span class='ocrx_word' id='word_1_323' title='bbox 1384 2523 1561 2593; x_wconf 89' lang='lat' dir='ltr'><strong>posita</strong></span> <span class='ocrx_word' id='word_1_324' title='bbox 1589 2531 1690 2578; x_wconf 90' lang='lat' dir='ltr'><strong>est.</strong></span> <span class='ocrx_word' id='word_1_325' title='bbox 1720 2523 1858 2591; x_wconf 85' lang='lat' dir='ltr'><strong>Quia</strong></span> <span class='ocrx_word' id='word_1_326' title='bbox 1904 2524 2007 2579; x_wconf 90' lang='lat' dir='ltr'><strong>etsi</strong></span> 
     </span>
    </p>
   </div>
   <div class='ocr_carea' id='block_1_42' title="bbox 412 2614 2005 2686">
    <p class='ocr_par' dir='ltr' id='par_1_42' title="bbox 412 2614 2005 2686">
     <span class='ocr_line' id='line_1_42' title="bbox 412 2614 2005 2686; baseline 0.001 -16"><span class='ocrx_word' id='word_1_327' title='bbox 412 2630 513 2686; x_wconf 86' lang='lat' dir='ltr'><strong>per</strong></span> <span class='ocrx_word' id='word_1_328' title='bbox 565 2615 885 2686; x_wconf 87' lang='lat' dir='ltr'><strong>patientiam</strong></span> <span class='ocrx_word' id='word_1_329' title='bbox 938 2622 1234 2684; x_wconf 85' lang='lat' dir='ltr'><strong>exspectat,</strong></span> <span class='ocrx_word' id='word_1_330' title='bbox 1263 2614 1482 2670; x_wconf 89' lang='lat' dir='ltr'><strong>videtur</strong></span> <span class='ocrx_word' id='word_1_331' title='bbox 1527 2624 1708 2671; x_wconf 86' lang='lat' dir='ltr'><strong>tamen</strong></span> <span class='ocrx_word' id='word_1_332' title='bbox 1748 2616 1878 2686; x_wconf 91' lang='lat' dir='ltr'><strong>quid</strong></span> <span class='ocrx_word' id='word_1_333' title='bbox 1923 2617 2005 2672; x_wconf 89' lang='lat' dir='ltr'><strong>fa-</strong></span> 
     </span>
    </p>
   </div>
   <div class='ocr_carea' id='block_1_43' title="bbox 414 2703 2010 2775">
    <p class='ocr_par' dir='ltr' id='par_1_43' title="bbox 414 2703 2010 2775">
     <span class='ocr_line' id='line_1_43' title="bbox 414 2703 2010 2775; baseline 0.002 -17"><span class='ocrx_word' id='word_1_334' title='bbox 414 2712 572 2758; x_wconf 92' lang='lat' dir='ltr'><strong>ctura</strong></span> <span class='ocrx_word' id='word_1_335' title='bbox 600 2711 704 2758; x_wconf 89' lang='lat' dir='ltr'><strong>est.</strong></span> <span class='ocrx_word' id='word_1_336' title='bbox 737 2703 923 2758; x_wconf 88' lang='lat' dir='ltr'><strong>Potest</strong></span> <span class='ocrx_word' id='word_1_337' title='bbox 955 2713 1011 2759; x_wconf 94' lang='lat' dir='ltr'><strong>ct</strong></span> <span class='ocrx_word' id='word_1_338' title='bbox 1057 2704 1265 2758; x_wconf 89' lang='lat' dir='ltr'><strong>securis</strong></span> <span class='ocrx_word' id='word_1_339' title='bbox 1291 2705 1511 2760; x_wconf 90' lang='lat' dir='ltr'><strong>nomine</strong></span> <span class='ocrx_word' id='word_1_340' title='bbox 1550 2706 1864 2775; x_wconf 67' lang='lat' dir='ltr'><strong>praedicatio</strong></span> <span class='ocrx_word' id='word_1_341' title='bbox 1895 2721 2010 2762; x_wconf 90' lang='lat' dir='ltr'><strong>ser-</strong></span> 
     </span>
    </p>
   </div>
   <div class='ocr_carea' id='block_1_44' title="bbox 413 2795 2009 2868">
    <p class='ocr_par' dir='ltr' id='par_1_44' title="bbox 413 2795 2009 2868">
     <span class='ocr_line' id='line_1_44' title="bbox 413 2795 2009 2868; baseline 0.002 -18"><span class='ocrx_word' id='word_1_342' title='bbox 413 2795 592 2850; x_wconf 89' lang='lat' dir='ltr'><strong>monis</strong></span> <span class='ocrx_word' id='word_1_343' title='bbox 629 2795 926 2867; x_wconf 81' lang='lat' dir='ltr'><strong>evangelici</strong></span> <span class='ocrx_word' id='word_1_344' title='bbox 972 2796 1220 2867; x_wconf 86' lang='lat' dir='ltr'><strong>iutelligi.</strong></span> <span class='ocrx_word' id='word_1_345' title='bbox 1257 2796 1393 2864; x_wconf 84' lang='lat' dir='ltr'><strong>Quia</strong></span> <span class='ocrx_word' id='word_1_346' title='bbox 1435 2799 1733 2854; x_wconf 87' lang='lat' dir='ltr'><strong>secundum</strong></span> <span class='ocrx_word' id='word_1_347' title='bbox 1779 2797 2009 2868; x_wconf 83' lang='lat' dir='ltr'><strong>Aposto-</strong></span> 
     </span>
    </p>
   </div>
   <div class='ocr_carea' id='block_1_45' title="bbox 412 2885 2009 2962">
    <p class='ocr_par' dir='ltr' id='par_1_45' title="bbox 412 2885 2009 2962">
     <span class='ocr_line' id='line_1_45' title="bbox 412 2885 2009 2962; baseline 0.002 -22"><span class='ocrx_word' id='word_1_348' title='bbox 412 2885 524 2941; x_wconf 86' lang='lat' dir='ltr'><strong>lum</strong></span> <span class='ocrx_word' id='word_1_349' title='bbox 554 2905 567 2942; x_wconf 89' lang='lat'><strong>:</strong></span> <span class='ocrx_word' id='word_1_350' title='bbox 617 2885 776 2944; x_wconf 81' lang='lat' dir='ltr'><strong>Vivus</strong></span> <span class='ocrx_word' id='word_1_351' title='bbox 800 2898 876 2943; x_wconf 88' lang='lat' dir='ltr'><strong>est</strong></span> <span class='ocrx_word' id='word_1_352' title='bbox 911 2905 1081 2943; x_wconf 81' lang='lat' dir='ltr'><strong>sermo</strong></span> <span class='ocrx_word' id='word_1_353' title='bbox 1114 2889 1210 2944; x_wconf 87' lang='lat' dir='ltr'><strong>Dei</strong></span> <span class='ocrx_word' id='word_1_354' title='bbox 1230 2900 1278 2943; x_wconf 84' lang='lat' dir='ltr'><strong>et</strong></span> <span class='ocrx_word' id='word_1_355' title='bbox 1308 2891 1510 2961; x_wconf 74' lang='lat' dir='ltr'><strong>efﬁcax,</strong></span> <span class='ocrx_word' id='word_1_356' title='bbox 1551 2901 1601 2945; x_wconf 87' lang='lat' dir='ltr'><strong>et</strong></span> <span class='ocrx_word' id='word_1_357' title='bbox 1637 2891 2009 2962; x_wconf 81' lang='lat' dir='ltr'><strong>penetrabilior</strong></span> 
     </span>
    </p>
   </div>
   <div class='ocr_carea' id='block_1_46' title="bbox 413 2976 2008 3052">
    <p class='ocr_par' dir='ltr' id='par_1_46' title="bbox 413 2976 2008 3052">
     <span class='ocr_line' id='line_1_46' title="bbox 413 2976 2008 3052; baseline 0.003 -20"><span class='ocrx_word' id='word_1_358' title='bbox 413 2978 556 3032; x_wconf 85' lang='lat' dir='ltr'><strong>omni</strong></span> <span class='ocrx_word' id='word_1_359' title='bbox 582 2976 760 3048; x_wconf 82' lang='lat' dir='ltr'><strong>gladio</strong></span> <span class='ocrx_word' id='word_1_360' title='bbox 789 2980 1008 3051; x_wconf 86' lang='lat' dir='ltr'><strong>ancipiti</strong></span> <span class='ocrx_word' id='word_1_361' title='bbox 1027 2989 1075 3034; x_wconf 89' lang='lat' dir='ltr'><strong>et</strong></span> <span class='ocrx_word' id='word_1_362' title='bbox 1101 2981 1398 3051; x_wconf 82' lang='lat' dir='ltr'><strong>pertingens</strong></span> <span class='ocrx_word' id='word_1_363' title='bbox 1415 2997 1574 3052; x_wconf 84' lang='lat' dir='ltr'><strong>usque</strong></span> <span class='ocrx_word' id='word_1_364' title='bbox 1603 2983 1673 3036; x_wconf 88' lang='lat' dir='ltr'><strong>ad</strong></span> <span class='ocrx_word' id='word_1_365' title='bbox 1698 2982 2008 3036; x_wconf 83' lang='lat' dir='ltr'><strong>divisionem</strong></span> 
     </span>
    </p>
   </div>
   <div class='ocr_carea' id='block_1_47' title="bbox 413 3069 2004 3145">
    <p class='ocr_par' dir='ltr' id='par_1_47' title="bbox 413 3069 2004 3145">
     <span class='ocr_line' id='line_1_47' title="bbox 413 3069 2004 3145; baseline 0.003 -23"><span class='ocrx_word' id='word_1_366' title='bbox 413 3069 606 3123; x_wconf 77' lang='lat' dir='ltr'><strong>anima:</strong></span> <span class='ocrx_word' id='word_1_367' title='bbox 634 3079 682 3122; x_wconf 85' lang='lat' dir='ltr'><strong>et</strong></span> <span class='ocrx_word' id='word_1_368' title='bbox 726 3071 962 3139; x_wconf 82' lang='lat' dir='ltr'><strong>spiritus,</strong></span> <span class='ocrx_word' id='word_1_369' title='bbox 994 3087 1303 3144; x_wconf 84' lang='lat' dir='ltr'><strong>compagum</strong></span> <span class='ocrx_word' id='word_1_370' title='bbox 1323 3089 1526 3145; x_wconf 86' lang='lat' dir='ltr'><strong>quoque</strong></span> <span class='ocrx_word' id='word_1_371' title='bbox 1553 3083 1601 3128; x_wconf 87' lang='lat' dir='ltr'><strong>et</strong></span> <span class='ocrx_word' id='word_1_372' title='bbox 1631 3072 2004 3139; x_wconf 82' lang='lat' dir='ltr'><strong>medullarum,</strong></span> 
     </span>
    </p>
   </div>
   <div class='ocr_carea' id='block_1_48' title="bbox 2110 1887 3702 1959">
    <p class='ocr_par' dir='ltr' id='par_1_48' title="bbox 2110 1887 3702 1959">
     <span class='ocr_line' id='line_1_48' title="bbox 2110 1887 3702 1959; baseline 0.001 -17"><span class='ocrx_word' id='word_1_373' title='bbox 2110 1887 2381 1942; x_wconf 87' lang='lat' dir='ltr'><strong>cursionis</strong></span> <span class='ocrx_word' id='word_1_374' title='bbox 2441 1903 2552 1942; x_wconf 71' lang='lat' dir='ltr'><strong>suae</strong></span> <span class='ocrx_word' id='word_1_375' title='bbox 2593 1887 2839 1943; x_wconf 89' lang='lat' dir='ltr'><strong>ordinem</strong></span> <span class='ocrx_word' id='word_1_376' title='bbox 2888 1900 3155 1954; x_wconf 86' lang='lat' dir='ltr'><strong>servans,</strong></span> <span class='ocrx_word' id='word_1_377' title='bbox 3215 1888 3307 1959; x_wconf 91' lang='lat' dir='ltr'><strong>qui</strong></span> <span class='ocrx_word' id='word_1_378' title='bbox 3362 1891 3702 1944; x_wconf 82' lang='lat' dir='ltr'><strong>nasciturum</strong></span> 
     </span>
    </p>
   </div>
   <div class='ocr_carea' id='block_1_49' title="bbox 2109 1977 3703 2048">
    <p class='ocr_par' dir='ltr' id='par_1_49' title="bbox 2109 1977 3703 2048">
     <span class='ocr_line' id='line_1_49' title="bbox 2109 1977 3703 2048; baseline 0.001 -18"><span class='ocrx_word' id='word_1_379' title='bbox 2109 1977 2377 2033; x_wconf 86' lang='lat' dir='ltr'><strong>nascendo</strong></span> <span class='ocrx_word' id='word_1_380' title='bbox 2410 1985 2765 2046; x_wconf 68' lang='lat' dir='ltr'><strong>prarvenerat,</strong></span> <span class='ocrx_word' id='word_1_381' title='bbox 2819 1977 3216 2048; x_wconf 79' lang='lat' dir='ltr'><strong>baptizaturum</strong></span> <span class='ocrx_word' id='word_1_382' title='bbox 3269 1994 3488 2048; x_wconf 84' lang='lat' dir='ltr'><strong>quoque</strong></span> <span class='ocrx_word' id='word_1_383' title='bbox 3519 1980 3703 2034; x_wconf 42' lang='lat' dir='ltr'><strong>Domi‘</strong></span> 
     </span>
    </p>
   </div>
   <div class='ocr_carea' id='block_1_50' title="bbox 2109 2067 3702 2139">
    <p class='ocr_par' dir='ltr' id='par_1_50' title="bbox 2109 2067 3702 2139">
     <span class='ocr_line' id='line_1_50' title="bbox 2109 2067 3702 2139; baseline 0.001 -18"><span class='ocrx_word' id='word_1_384' title='bbox 2109 2083 2238 2122; x_wconf 91' lang='lat' dir='ltr'><strong>num</strong></span> <span class='ocrx_word' id='word_1_385' title='bbox 2267 2067 2589 2138; x_wconf 84' lang='lat' dir='ltr'><strong>baptizando</strong></span> <span class='ocrx_word' id='word_1_386' title='bbox 2616 2068 2975 2137; x_wconf 61' lang='lat' dir='ltr'><strong>praeveniret;</strong></span> <span class='ocrx_word' id='word_1_387' title='bbox 3027 2078 3082 2122; x_wconf 90' lang='lat' dir='ltr'><strong>et</strong></span> <span class='ocrx_word' id='word_1_388' title='bbox 3107 2070 3197 2138; x_wconf 88' lang='lat' dir='ltr'><strong>qui</strong></span> <span class='ocrx_word' id='word_1_389' title='bbox 3242 2070 3595 2139; x_wconf 76' lang='lat' dir='ltr'><strong>prmdicando</strong></span> <span class='ocrx_word' id='word_1_390' title='bbox 3624 2070 3702 2123; x_wconf 78' lang='lat' dir='ltr'><strong>fa-</strong></span> 
     </span>
    </p>
   </div>
   <div class='ocr_carea' id='block_1_51' title="bbox 2109 2157 3699 2231">
    <p class='ocr_par' dir='ltr' id='par_1_51' title="bbox 2109 2157 3699 2231">
     <span class='ocr_line' id='line_1_51' title="bbox 2109 2157 3699 2231; baseline -0.001 -17"><span class='ocrx_word' id='word_1_391' title='bbox 2109 2167 2229 2215; x_wconf 91' lang='lat' dir='ltr'><strong>ctus</strong></span> <span class='ocrx_word' id='word_1_392' title='bbox 2260 2168 2344 2215; x_wconf 87' lang='lat' dir='ltr'><strong>est</strong></span> <span class='ocrx_word' id='word_1_393' title='bbox 2391 2175 2694 2230; x_wconf 69' lang='lat' dir='ltr'><strong>prmcursor</strong></span> <span class='ocrx_word' id='word_1_394' title='bbox 2737 2157 2958 2223; x_wconf 88' lang='lat' dir='ltr'><strong>Christi,</strong></span> <span class='ocrx_word' id='word_1_395' title='bbox 3012 2160 3335 2230; x_wconf 85' lang='lat' dir='ltr'><strong>baptizando</strong></span> <span class='ocrx_word' id='word_1_396' title='bbox 3363 2161 3530 2215; x_wconf 88' lang='lat' dir='ltr'><strong>etiam</strong></span> <span class='ocrx_word' id='word_1_397' title='bbox 3561 2178 3699 2231; x_wconf 73' lang='lat' dir='ltr'><strong>pnu-</strong></span> 
     </span>
    </p>
   </div>
   <div class='ocr_carea' id='block_1_52' title="bbox 2109 2249 3703 2321">
    <p class='ocr_par' dir='ltr' id='par_1_52' title="bbox 2109 2249 3703 2321">
     <span class='ocr_line' id='line_1_52' title="bbox 2109 2249 3703 2321; baseline -0.001 -16"><span class='ocrx_word' id='word_1_398' title='bbox 2109 2265 2301 2306; x_wconf 88' lang='lat' dir='ltr'><strong>cursor</strong></span> <span class='ocrx_word' id='word_1_399' title='bbox 2343 2249 2460 2319; x_wconf 89' lang='lat' dir='ltr'><strong>ejus</strong></span> <span class='ocrx_word' id='word_1_400' title='bbox 2508 2250 2683 2316; x_wconf 88' lang='lat' dir='ltr'><strong>ﬁeret,</strong></span> <span class='ocrx_word' id='word_1_401' title='bbox 2718 2250 3022 2305; x_wconf 89' lang='lat' dir='ltr'><strong>imitatione</strong></span> <span class='ocrx_word' id='word_1_402' title='bbox 3075 2251 3443 2306; x_wconf 75' lang='lat' dir='ltr'><strong>sacramenti?</strong></span> <span class='ocrx_word' id='word_1_403' title='bbox 3487 2249 3703 2321; x_wconf 67' lang='grc' dir='ltr'><strong>(Βαία.)</strong></span> 
     </span>
    </p>
   </div>
   <div class='ocr_carea' id='block_1_53' title="bbox 2107 2340 3704 2413">
    <p class='ocr_par' dir='ltr' id='par_1_53' title="bbox 2107 2340 3704 2413">
     <span class='ocr_line' id='line_1_53' title="bbox 2107 2340 3704 2413; baseline -0.001 -15"><span class='ocrx_word' id='word_1_404' title='bbox 2107 2340 2188 2398; x_wconf 84' lang='lat' dir='ltr'><strong>0b</strong></span> <span class='ocrx_word' id='word_1_405' title='bbox 2217 2341 2321 2397; x_wconf 89' lang='lat' dir='ltr'><strong>hoc</strong></span> <span class='ocrx_word' id='word_1_406' title='bbox 2361 2356 2493 2413; x_wconf 91' lang='lat' dir='ltr'><strong>ergo</strong></span> <span class='ocrx_word' id='word_1_407' title='bbox 2540 2341 2850 2411; x_wconf 83' lang='lat' dir='ltr'><strong>baptizabat</strong></span> <span class='ocrx_word' id='word_1_408' title='bbox 2897 2357 3036 2412; x_wconf 87' lang='lat' dir='ltr'><strong>aqua</strong></span> <span class='ocrx_word' id='word_1_409' title='bbox 3086 2341 3351 2407; x_wconf 78' lang='lat' dir='ltr'><strong>Joannes,</strong></span> <span class='ocrx_word' id='word_1_410' title='bbox 3400 2351 3462 2397; x_wconf 89' lang='lat' dir='ltr'><strong>ut</strong></span> <span class='ocrx_word' id='word_1_411' title='bbox 3512 2358 3704 2398; x_wconf 86' lang='lat' dir='ltr'><strong>omnes</strong></span> 
     </span>
    </p>
   </div>
   <div class='ocr_carea' id='block_1_54' title="bbox 2108 2435 3703 2508">
    <p class='ocr_par' dir='ltr' id='par_1_54' title="bbox 2108 2435 3703 2508">
     <span class='ocr_line' id='line_1_54' title="bbox 2108 2435 3703 2508; baseline -0.001 -17"><span class='ocrx_word' id='word_1_412' title='bbox 2108 2451 2244 2508; x_wconf 91' lang='lat' dir='ltr'><strong>quos</strong></span> <span class='ocrx_word' id='word_1_413' title='bbox 2269 2435 2335 2491; x_wconf 90' lang='lat' dir='ltr'><strong>ad</strong></span> <span class='ocrx_word' id='word_1_414' title='bbox 2363 2436 2730 2506; x_wconf 83' lang='lat' dir='ltr'><strong>paenitendum</strong></span> <span class='ocrx_word' id='word_1_415' title='bbox 2760 2435 3080 2505; x_wconf 89' lang='lat' dir='ltr'><strong>Christoque</strong></span> <span class='ocrx_word' id='word_1_416' title='bbox 3107 2436 3437 2490; x_wconf 86' lang='lat' dir='ltr'><strong>credendum</strong></span> <span class='ocrx_word' id='word_1_417' title='bbox 3473 2453 3703 2507; x_wconf 70' lang='lat' dir='ltr'><strong>persua-</strong></span> 
     </span>
    </p>
   </div>
   <div class='ocr_carea' id='block_1_55' title="bbox 2107 2526 3705 2598">
    <p class='ocr_par' dir='ltr' id='par_1_55' title="bbox 2107 2526 3705 2598">
     <span class='ocr_line' id='line_1_55' title="bbox 2107 2526 3705 2598; baseline -0.001 -18"><span class='ocrx_word' id='word_1_418' title='bbox 2107 2526 2238 2582; x_wconf 89' lang='lat' dir='ltr'><strong>dere</strong></span> <span class='ocrx_word' id='word_1_419' title='bbox 2265 2527 2559 2598; x_wconf 89' lang='lat' dir='ltr'><strong>potuisset,</strong></span> <span class='ocrx_word' id='word_1_420' title='bbox 2613 2527 2696 2581; x_wconf 92' lang='lat' dir='ltr'><strong>sui</strong></span> <span class='ocrx_word' id='word_1_421' title='bbox 2737 2527 3014 2598; x_wconf 87' lang='lat' dir='ltr'><strong>signaculo</strong></span> <span class='ocrx_word' id='word_1_422' title='bbox 3039 2527 3382 2595; x_wconf 84' lang='lat' dir='ltr'><strong>baptismatis</strong></span> <span class='ocrx_word' id='word_1_423' title='bbox 3418 2529 3489 2582; x_wconf 88' lang='lat' dir='ltr'><strong>ab</strong></span> <span class='ocrx_word' id='word_1_424' title='bbox 3516 2529 3705 2581; x_wconf 46' lang='lat' dir='ltr'><strong>inﬁde-</strong></span> 
     </span>
    </p>
   </div>
   <div class='ocr_carea' id='block_1_56' title="bbox 2109 2616 3702 2690">
    <p class='ocr_par' dir='ltr' id='par_1_56' title="bbox 2109 2616 3702 2690">
     <span class='ocr_line' id='line_1_56' title="bbox 2109 2616 3702 2690; baseline 0.002 -19"><span class='ocrx_word' id='word_1_425' title='bbox 2109 2616 2239 2672; x_wconf 89' lang='lat' dir='ltr'><strong>lium</strong></span> <span class='ocrx_word' id='word_1_426' title='bbox 2270 2627 2324 2672; x_wconf 91' lang='lat' dir='ltr'><strong>et</strong></span> <span class='ocrx_word' id='word_1_427' title='bbox 2356 2618 2807 2689; x_wconf 75' lang='lat' dir='ltr'><strong>impaenitentium</strong></span> <span class='ocrx_word' id='word_1_428' title='bbox 2859 2619 3017 2673; x_wconf 88' lang='lat' dir='ltr'><strong>turba</strong></span> <span class='ocrx_word' id='word_1_429' title='bbox 3053 2629 3382 2684; x_wconf 84' lang='lat' dir='ltr'><strong>secerneret,</strong></span> <span class='ocrx_word' id='word_1_430' title='bbox 3426 2629 3593 2690; x_wconf 87' lang='lat' dir='ltr'><strong>atque</strong></span> <span class='ocrx_word' id='word_1_431' title='bbox 3634 2622 3702 2674; x_wconf 87' lang='lat' dir='ltr'><strong>ad</strong></span> 
     </span>
    </p>
   </div>
   <div class='ocr_carea' id='block_1_57' title="bbox 2105 2705 3705 2781">
    <p class='ocr_par' dir='ltr' id='par_1_57' title="bbox 2105 2705 3705 2781">
     <span class='ocr_line' id='line_1_57' title="bbox 2105 2705 3705 2781; baseline -0.001 -17"><span class='ocrx_word' id='word_1_432' title='bbox 2105 2705 2431 2779; x_wconf 85' lang='lat' dir='ltr'><strong>baptismum</strong></span> <span class='ocrx_word' id='word_1_433' title='bbox 2475 2709 2677 2764; x_wconf 87' lang='lat' dir='ltr'><strong>Cnrlsti</strong></span> <span class='ocrx_word' id='word_1_434' title='bbox 2722 2709 3080 2780; x_wconf 88' lang='lat' dir='ltr'><strong>appetendum</strong></span> <span class='ocrx_word' id='word_1_435' title='bbox 3130 2709 3408 2780; x_wconf 85' lang='lat' dir='ltr'><strong>dirigeret.</strong></span> <span class='ocrx_word' id='word_1_436' title='bbox 3461 2712 3566 2776; x_wconf 84' lang='lat' dir='ltr'><strong>Qui</strong></span> <span class='ocrx_word' id='word_1_437' title='bbox 3589 2723 3705 2781; x_wconf 72' lang='lat' dir='ltr'><strong>post</strong></span> 
     </span>
    </p>
   </div>
   <div class='ocr_carea' id='block_1_58' title="bbox 2105 2799 3702 2868">
    <p class='ocr_par' dir='ltr' id='par_1_58' title="bbox 2105 2799 3702 2868">
     <span class='ocr_line' id='line_1_58' title="bbox 2105 2799 3702 2868; baseline 0.001 -16"><span class='ocrx_word' id='word_1_438' title='bbox 2105 2815 2209 2864; x_wconf 89' lang='lat' dir='ltr'><strong>me,</strong></span> <span class='ocrx_word' id='word_1_439' title='bbox 2247 2799 2440 2868; x_wconf 90' lang='lat' dir='ltr'><strong>inquit,</strong></span> <span class='ocrx_word' id='word_1_440' title='bbox 2470 2809 2715 2853; x_wconf 83' lang='lat' dir='ltr'><strong>venturus</strong></span> <span class='ocrx_word' id='word_1_441' title='bbox 2735 2809 2833 2865; x_wconf 85' lang='lat' dir='ltr'><strong>est,</strong></span> <span class='ocrx_word' id='word_1_442' title='bbox 2855 2799 2956 2853; x_wconf 91' lang='lat' dir='ltr'><strong>hoc</strong></span> <span class='ocrx_word' id='word_1_443' title='bbox 2977 2808 3059 2852; x_wconf 87' lang='lat' dir='ltr'><strong>est</strong></span> <span class='ocrx_word' id='word_1_444' title='bbox 3088 2800 3153 2854; x_wconf 88' lang='lat' dir='ltr'><strong>ad</strong></span> <span class='ocrx_word' id='word_1_445' title='bbox 3193 2801 3616 2868; x_wconf 70' lang='lat' dir='ltr'><strong>prmdicandum,</strong></span> <span class='ocrx_word' id='word_1_446' title='bbox 3653 2811 3702 2854; x_wconf 71' lang='lat' dir='ltr'><strong>rt</strong></span> 
     </span>
    </p>
   </div>
   <div class='ocr_carea' id='block_1_59' title="bbox 2106 2889 3705 2962">
    <p class='ocr_par' dir='ltr' id='par_1_59' title="bbox 2106 2889 3705 2962">
     <span class='ocr_line' id='line_1_59' title="bbox 2106 2889 3705 2962; baseline -0.001 -18"><span class='ocrx_word' id='word_1_447' title='bbox 2106 2889 2488 2959; x_wconf 84' lang='lat' dir='ltr'><strong>baptizandum</strong></span> <span class='ocrx_word' id='word_1_448' title='bbox 2522 2889 2711 2959; x_wconf 81' lang='lat' dir='ltr'><strong>fortior</strong></span> <span class='ocrx_word' id='word_1_449' title='bbox 2739 2906 2820 2943; x_wconf 88' lang='lat' dir='ltr'><strong>me</strong></span> <span class='ocrx_word' id='word_1_450' title='bbox 2845 2899 2942 2952; x_wconf 90' lang='lat' dir='ltr'><strong>est,</strong></span> <span class='ocrx_word' id='word_1_451' title='bbox 2979 2890 3105 2960; x_wconf 90' lang='lat' dir='ltr'><strong>quia</strong></span> <span class='ocrx_word' id='word_1_452' title='bbox 3133 2906 3218 2944; x_wconf 89' lang='lat' dir='ltr'><strong>me</strong></span> <span class='ocrx_word' id='word_1_453' title='bbox 3256 2891 3523 2962; x_wconf 80' lang='lat' dir='ltr'><strong>dignitate</strong></span> <span class='ocrx_word' id='word_1_454' title='bbox 3568 2909 3705 2962; x_wconf 59' lang='lat' dir='ltr'><strong>pras-</strong></span> 
     </span>
    </p>
   </div>
   <div class='ocr_carea' id='block_1_60' title="bbox 2107 2982 3704 3052">
    <p class='ocr_par' dir='ltr' id='par_1_60' title="bbox 2107 2982 3704 3052">
     <span class='ocr_line' id='line_1_60' title="bbox 2107 2982 3704 3052; baseline 0 -14"><span class='ocrx_word' id='word_1_455' title='bbox 2107 2983 2290 3048; x_wconf 90' lang='lat' dir='ltr'><strong>cellit;</strong></span> <span class='ocrx_word' id='word_1_456' title='bbox 2335 2982 2493 3044; x_wconf 81' lang='lat' dir='ltr'><strong>fortis</strong></span> <span class='ocrx_word' id='word_1_457' title='bbox 2522 2983 2742 3052; x_wconf 87' lang='lat' dir='ltr'><strong>quidem</strong></span> <span class='ocrx_word' id='word_1_458' title='bbox 2795 2983 2885 3037; x_wconf 86' lang='lat' dir='ltr'><strong>ille</strong></span> <span class='ocrx_word' id='word_1_459' title='bbox 2912 2992 3016 3048; x_wconf 89' lang='lat' dir='ltr'><strong>est,</strong></span> <span class='ocrx_word' id='word_1_460' title='bbox 3066 2984 3156 3052; x_wconf 90' lang='lat' dir='ltr'><strong>qui</strong></span> <span class='ocrx_word' id='word_1_461' title='bbox 3207 2985 3258 3037; x_wconf 91' lang='lat' dir='ltr'><strong>in</strong></span> <span class='ocrx_word' id='word_1_462' title='bbox 3301 2983 3704 3040; x_wconf 84' lang='lat' dir='ltr'><strong>confcssium-m</strong></span> 
     </span>
    </p>
   </div>
   <div class='ocr_carea' id='block_1_61' title="bbox 2110 3073 3705 3145">
    <p class='ocr_par' dir='ltr' id='par_1_61' title="bbox 2110 3073 3705 3145">
     <span class='ocr_line' id='line_1_61' title="bbox 2110 3073 3705 3145; baseline -0.001 -17"><span class='ocrx_word' id='word_1_463' title='bbox 2110 3082 2477 3145; x_wconf 82' lang='lat' dir='ltr'><strong>peccatorum,</strong></span> <span class='ocrx_word' id='word_1_464' title='bbox 2513 3074 2608 3128; x_wconf 87' lang='lat' dir='ltr'><strong>sed</strong></span> <span class='ocrx_word' id='word_1_465' title='bbox 2639 3073 2848 3139; x_wconf 82' lang='lat' dir='ltr'><strong>fortior,</strong></span> <span class='ocrx_word' id='word_1_466' title='bbox 2890 3075 2981 3142; x_wconf 92' lang='lat' dir='ltr'><strong>qui</strong></span> <span class='ocrx_word' id='word_1_467' title='bbox 3010 3074 3064 3127; x_wconf 93' lang='lat' dir='ltr'><strong>in</strong></span> <span class='ocrx_word' id='word_1_468' title='bbox 3114 3074 3493 3129; x_wconf 80' lang='lat' dir='ltr'><strong>remissionem</strong></span> <span class='ocrx_word' id='word_1_469' title='bbox 3525 3076 3705 3144; x_wconf 58' lang='lat' dir='ltr'><strong>baph—</strong></span> 
     </span>
    </p>
   </div>
   <div class='ocr_carea' id='block_1_62' title="bbox 413 3139 3702 3235">
    <p class='ocr_par' dir='ltr' id='par_1_62' title="bbox 413 3139 3702 3235">
     <span class='ocr_line' id='line_1_62' title="bbox 413 3139 3702 3235; baseline 0.002 -25"><span class='ocrx_word' id='word_1_470' title='bbox 413 3165 463 3211; x_wconf 76' lang='grc' dir='ltr'>ει</span> <span class='ocrx_word' id='word_1_471' title='bbox 504 3157 759 3212; x_wconf 78' lang='lat' dir='ltr'><strong>discretor</strong></span> <span class='ocrx_word' id='word_1_472' title='bbox 806 3139 1197 3228; x_wconf 30' lang='lat' dir='ltr'><strong>sagitationam&#39;</strong></span> <span class='ocrx_word' id='word_1_473' title='bbox 1227 3139 1416 3230; x_wconf 68' lang='lat' dir='ltr'><strong>(Hebr.</strong></span> <span class='ocrx_word' id='word_1_474' title='bbox 1439 3139 1449 3145; x_wconf 52' lang='grc'><em>’</em></span> <span class='ocrx_word' id='word_1_475' title='bbox 1476 3163 1574 3231; x_wconf 81' lang='lat' dir='ltr'><strong>iv).</strong></span> <span class='ocrx_word' id='word_1_476' title='bbox 1625 3162 1692 3216; x_wconf 87' lang='lat' dir='ltr'><strong>Et</strong></span> <span class='ocrx_word' id='word_1_477' title='bbox 1740 3160 2008 3218; x_wconf 86' lang='lat' dir='ltr'><strong>Jeremias</strong></span> <span class='ocrx_word' id='word_1_478' title='bbox 2034 3139 2077 3201; x_wconf 62' lang='grc' dir='ltr'><strong>(ἶ</strong></span> <span class='ocrx_word' id='word_1_479' title='bbox 2110 3139 2239 3231; x_wconf 62' lang='lat' dir='ltr'><strong>sat;</strong></span> <span class='ocrx_word' id='word_1_480' title='bbox 2283 3163 2440 3220; x_wconf 91' lang='lat' dir='ltr'><strong>fortis</strong></span> <span class='ocrx_word' id='word_1_481' title='bbox 2465 3163 2559 3234; x_wconf 90' lang='lat' dir='ltr'><strong>qui</strong></span> <span class='ocrx_word' id='word_1_482' title='bbox 2585 3162 2844 3232; x_wconf 85' lang='lat' dir='ltr'><strong>Spiritum</strong></span> <span class='ocrx_word' id='word_1_483' title='bbox 2875 3139 3123 3218; x_wconf 78' lang='lat' dir='ltr'><strong>sanctum</strong></span> <span class='ocrx_word' id='word_1_484' title='bbox 3156 3164 3352 3219; x_wconf 80' lang='lat' dir='ltr'><strong>habere</strong></span> <span class='ocrx_word' id='word_1_485' title='bbox 3380 3165 3578 3235; x_wconf 84' lang='lat' dir='ltr'><strong>dignus</strong></span> <span class='ocrx_word' id='word_1_486' title='bbox 3600 3139 3702 3228; x_wconf 68' lang='lat' dir='ltr'><strong>est.</strong></span> 
     </span>
    </p>
   </div>
   <div class='ocr_carea' id='block_1_63' title="bbox 413 3247 2005 3325">
    <p class='ocr_par' dir='ltr' id='par_1_63' title="bbox 413 3247 2005 3325">
     <span class='ocr_line' id='line_1_63' title="bbox 413 3247 2005 3325; baseline 0.004 -23"><span class='ocrx_word' id='word_1_487' title='bbox 413 3247 675 3319; x_wconf 86' lang='lat' dir='ltr'><strong>propheta</strong></span> <span class='ocrx_word' id='word_1_488' title='bbox 702 3250 932 3305; x_wconf 90' lang='lat' dir='ltr'><strong>verbum</strong></span> <span class='ocrx_word' id='word_1_489' title='bbox 971 3251 1184 3306; x_wconf 90' lang='lat' dir='ltr'><strong>Domini</strong></span> <span class='ocrx_word' id='word_1_490' title='bbox 1225 3255 1400 3309; x_wconf 90' lang='lat' dir='ltr'><strong>securi</strong></span> <span class='ocrx_word' id='word_1_491' title='bbox 1447 3265 1730 3325; x_wconf 87' lang='lat' dir='ltr'><strong>comparat</strong></span> <span class='ocrx_word' id='word_1_492' title='bbox 1779 3255 2005 3312; x_wconf 57' lang='lat' dir='ltr'><strong>cadenti</strong></span> 
     </span>
    </p>
   </div>
   <div class='ocr_carea' id='block_1_64' title="bbox 413 3338 2004 3414">
    <p class='ocr_par' dir='ltr' id='par_1_64' title="bbox 413 3338 2004 3414">
     <span class='ocr_line' id='line_1_64' title="bbox 413 3338 2004 3414; baseline 0.002 -18"><span class='ocrx_word' id='word_1_493' title='bbox 413 3349 626 3414; x_wconf 90' lang='lat' dir='ltr'><strong>petram</strong></span> <span class='ocrx_word' id='word_1_494' title='bbox 665 3338 884 3412; x_wconf 83' lang='lat' dir='ltr'><strong>(Jerem.</strong></span> <span class='ocrx_word' id='word_1_495' title='bbox 928 3340 1098 3414; x_wconf 73' lang='lat' dir='ltr'><strong>xm).</strong></span> <span class='ocrx_word' id='word_1_496' title='bbox 1148 3340 1274 3398; x_wconf 89' lang='lat' dir='ltr'><strong>Sive</strong></span> <span class='ocrx_word' id='word_1_497' title='bbox 1302 3344 1511 3399; x_wconf 88' lang='lat' dir='ltr'><strong>securis</strong></span> <span class='ocrx_word' id='word_1_498' title='bbox 1553 3346 1879 3400; x_wconf 85' lang='lat' dir='ltr'><strong>sententiam</strong></span> <span class='ocrx_word' id='word_1_499' title='bbox 1907 3343 2004 3399; x_wconf 86' lang='lat' dir='ltr'><strong>Ju-</strong></span> 
     </span>
    </p>
   </div>
   <div class='ocr_carea' id='block_1_65' title="bbox 413 3430 2004 3506">
    <p class='ocr_par' dir='ltr' id='par_1_65' title="bbox 413 3430 2004 3506">
     <span class='ocr_line' id='line_1_65' title="bbox 413 3430 2004 3506; baseline 0.003 -19"><span class='ocrx_word' id='word_1_500' title='bbox 413 3431 552 3488; x_wconf 89' lang='lat' dir='ltr'><strong>dicis</strong></span> <span class='ocrx_word' id='word_1_501' title='bbox 581 3430 830 3486; x_wconf 91' lang='lat' dir='ltr'><strong>altissimi</strong></span> <span class='ocrx_word' id='word_1_502' title='bbox 871 3431 1164 3501; x_wconf 89' lang='lat' dir='ltr'><strong>signiﬁcat,</strong></span> <span class='ocrx_word' id='word_1_503' title='bbox 1204 3449 1323 3506; x_wconf 84' lang='lat' dir='ltr'><strong>quae</strong></span> <span class='ocrx_word' id='word_1_504' title='bbox 1354 3435 1422 3490; x_wconf 94' lang='lat' dir='ltr'><strong>ad</strong></span> <span class='ocrx_word' id='word_1_505' title='bbox 1467 3436 1676 3492; x_wconf 82' lang='lat' dir='ltr'><strong>radices</strong></span> <span class='ocrx_word' id='word_1_506' title='bbox 1723 3438 2004 3502; x_wconf 84' lang='lat' dir='ltr'><strong>arborum,</strong></span> 
     </span>
    </p>
   </div>
   <div class='ocr_carea' id='block_1_66' title="bbox 414 3522 2006 3598">
    <p class='ocr_par' dir='ltr' id='par_1_66' title="bbox 414 3522 2006 3598">
     <span class='ocr_line' id='line_1_66' title="bbox 414 3522 2006 3598; baseline 0.004 -21"><span class='ocrx_word' id='word_1_507' title='bbox 414 3522 593 3588; x_wconf 91' lang='lat' dir='ltr'><strong>idest,</strong></span> <span class='ocrx_word' id='word_1_508' title='bbox 621 3524 690 3578; x_wconf 84' lang='lat' dir='ltr'><strong>ad</strong></span> <span class='ocrx_word' id='word_1_509' title='bbox 724 3522 884 3579; x_wconf 90' lang='lat' dir='ltr'><strong>ﬁnem</strong></span> <span class='ocrx_word' id='word_1_510' title='bbox 933 3527 1084 3596; x_wconf 88' lang='lat' dir='ltr'><strong>regni</strong></span> <span class='ocrx_word' id='word_1_511' title='bbox 1117 3527 1300 3596; x_wconf 91' lang='lat' dir='ltr'><strong>populi</strong></span> <span class='ocrx_word' id='word_1_512' title='bbox 1339 3525 1548 3584; x_wconf 84' lang='lat' dir='ltr'><strong>Judaiei</strong></span> <span class='ocrx_word' id='word_1_513' title='bbox 1577 3528 1754 3598; x_wconf 89' lang='lat' dir='ltr'><strong>posita</strong></span> <span class='ocrx_word' id='word_1_514' title='bbox 1785 3537 1900 3594; x_wconf 91' lang='lat' dir='ltr'><strong>est,</strong></span> <span class='ocrx_word' id='word_1_515' title='bbox 1948 3537 2006 3583; x_wconf 91' lang='lat' dir='ltr'><strong>ut</strong></span> 
     </span>
    </p>
   </div>
   <div class='ocr_carea' id='block_1_67' title="bbox 414 3608 2003 3685">
    <p class='ocr_par' dir='ltr' id='par_1_67' title="bbox 414 3608 2003 3685">
     <span class='ocr_line' id='line_1_67' title="bbox 414 3608 2003 3685; baseline 0.001 -14"><span class='ocrx_word' id='word_1_516' title='bbox 414 3629 510 3671; x_wconf 88' lang='lat' dir='ltr'><strong>eos</strong></span> <span class='ocrx_word' id='word_1_517' title='bbox 535 3616 625 3685; x_wconf 92' lang='lat' dir='ltr'><strong>qui</strong></span> <span class='ocrx_word' id='word_1_518' title='bbox 670 3608 1047 3671; x_wconf 45' lang='lat' dir='ltr'><strong>in&#39;Christum</strong></span> <span class='ocrx_word' id='word_1_519' title='bbox 1103 3619 1325 3673; x_wconf 86' lang='lat' dir='ltr'><strong>credere</strong></span> <span class='ocrx_word' id='word_1_520' title='bbox 1379 3618 1706 3685; x_wconf 88' lang='lat' dir='ltr'><strong>noluerunt,</strong></span> <span class='ocrx_word' id='word_1_521' title='bbox 1757 3619 1823 3674; x_wconf 91' lang='lat' dir='ltr'><strong>de</strong></span> <span class='ocrx_word' id='word_1_522' title='bbox 1858 3626 2003 3674; x_wconf 89' lang='lat' dir='ltr'><strong>terra</strong></span> 
     </span>
    </p>
   </div>
   <div class='ocr_carea' id='block_1_68' title="bbox 412 3707 2003 3782">
    <p class='ocr_par' dir='ltr' id='par_1_68' title="bbox 412 3707 2003 3782">
     <span class='ocr_line' id='line_1_68' title="bbox 412 3707 2003 3782; baseline 0.003 -22"><span class='ocrx_word' id='word_1_523' title='bbox 412 3707 711 3762; x_wconf 86' lang='lat' dir='ltr'><strong>viventium</strong></span> <span class='ocrx_word' id='word_1_524' title='bbox 733 3708 1030 3764; x_wconf 89' lang='lat' dir='ltr'><strong>abscindat.</strong></span> <span class='ocrx_word' id='word_1_525' title='bbox 1064 3707 1248 3764; x_wconf 85' lang='lat' dir='ltr'><strong>Omnis</strong></span> <span class='ocrx_word' id='word_1_526' title='bbox 1270 3727 1392 3781; x_wconf 87' lang='lat' dir='ltr'><strong>ergo</strong></span> <span class='ocrx_word' id='word_1_527' title='bbox 1415 3711 1574 3764; x_wconf 86' lang='lat' dir='ltr'><strong>arbor</strong></span> <span class='ocrx_word' id='word_1_528' title='bbox 1599 3726 1716 3782; x_wconf 70' lang='lat' dir='ltr'><strong>quae</strong></span> <span class='ocrx_word' id='word_1_529' title='bbox 1745 3729 1849 3765; x_wconf 88' lang='lat' dir='ltr'><strong>non</strong></span> <span class='ocrx_word' id='word_1_530' title='bbox 1874 3711 2003 3780; x_wconf 78' lang='lat' dir='ltr'><strong>facit</strong></span> 
     </span>
    </p>
   </div>
   <div class='ocr_carea' id='block_1_69' title="bbox 413 3797 2002 3871">
    <p class='ocr_par' dir='ltr' id='par_1_69' title="bbox 413 3797 2002 3871">
     <span class='ocr_line' id='line_1_69' title="bbox 413 3797 2002 3871; baseline 0.001 -19"><span class='ocrx_word' id='word_1_531' title='bbox 413 3797 643 3866; x_wconf 74' lang='lat' dir='ltr'><strong>fructum</strong></span> <span class='ocrx_word' id='word_1_532' title='bbox 665 3799 857 3855; x_wconf 82' lang='lat' dir='ltr'><strong>bonum</strong></span> <span class='ocrx_word' id='word_1_533' title='bbox 879 3801 1232 3867; x_wconf 77' lang='lat' dir='ltr'><strong>exscindetur,</strong></span> <span class='ocrx_word' id='word_1_534' title='bbox 1251 3799 1306 3855; x_wconf 70' lang='lat' dir='ltr'><strong>et</strong></span> <span class='ocrx_word' id='word_1_535' title='bbox 1321 3802 1376 3854; x_wconf 86' lang='lat' dir='ltr'><strong>in</strong></span> <span class='ocrx_word' id='word_1_536' title='bbox 1389 3801 1561 3871; x_wconf 79' lang='lat' dir='ltr'><strong>ignem</strong></span> <span class='ocrx_word' id='word_1_537' title='bbox 1577 3802 1830 3855; x_wconf 88' lang='lat' dir='ltr'><strong>mittetur.</strong></span> <span class='ocrx_word' id='word_1_538' title='bbox 1854 3799 2002 3866; x_wconf 87' lang='lat' dir='ltr'><strong>Qua-</strong></span> 
     </span>
    </p>
   </div>
   <div class='ocr_carea' id='block_1_70' title="bbox 414 3891 2006 3964">
    <p class='ocr_par' dir='ltr' id='par_1_70' title="bbox 414 3891 2006 3964">
     <span class='ocr_line' id='line_1_70' title="bbox 414 3891 2006 3964; baseline 0.001 -20"><span class='ocrx_word' id='word_1_539' title='bbox 414 3897 538 3944; x_wconf 90' lang='lat' dir='ltr'><strong>tuor</strong></span> <span class='ocrx_word' id='word_1_540' title='bbox 559 3891 776 3960; x_wconf 87' lang='lat' dir='ltr'><strong>quidem</strong></span> <span class='ocrx_word' id='word_1_541' title='bbox 801 3893 1010 3961; x_wconf 88' lang='lat' dir='ltr'><strong>species</strong></span> <span class='ocrx_word' id='word_1_542' title='bbox 1038 3893 1091 3946; x_wconf 92' lang='lat' dir='ltr'><strong>in</strong></span> <span class='ocrx_word' id='word_1_543' title='bbox 1121 3893 1389 3961; x_wconf 85' lang='lat' dir='ltr'><strong>lignorum</strong></span> <span class='ocrx_word' id='word_1_544' title='bbox 1413 3894 1703 3964; x_wconf 86' lang='lat' dir='ltr'><strong>generibus</strong></span> <span class='ocrx_word' id='word_1_545' title='bbox 1729 3893 2006 3948; x_wconf 89' lang='lat' dir='ltr'><strong>inveniun-</strong></span> 
     </span>
    </p>
   </div>
   <div class='ocr_carea' id='block_1_71' title="bbox 414 3982 2005 4054">
    <p class='ocr_par' dir='ltr' id='par_1_71' title="bbox 414 3982 2005 4054">
     <span class='ocr_line' id='line_1_71' title="bbox 414 3982 2005 4054; baseline 0.001 -17"><span class='ocrx_word' id='word_1_546' title='bbox 414 3993 523 4049; x_wconf 85' lang='lat' dir='ltr'><strong>tur,</strong></span> <span class='ocrx_word' id='word_1_547' title='bbox 551 3998 784 4054; x_wconf 89' lang='lat' dir='ltr'><strong>quorum</strong></span> <span class='ocrx_word' id='word_1_548' title='bbox 823 3982 1069 4054; x_wconf 89' lang='lat' dir='ltr'><strong>profecto</strong></span> <span class='ocrx_word' id='word_1_549' title='bbox 1098 3999 1204 4037; x_wconf 91' lang='lat' dir='ltr'><strong>una</strong></span> <span class='ocrx_word' id='word_1_550' title='bbox 1237 3993 1347 4042; x_wconf 89' lang='lat' dir='ltr'><strong>tota</strong></span> <span class='ocrx_word' id='word_1_551' title='bbox 1381 3985 1532 4038; x_wconf 89' lang='lat' dir='ltr'><strong>arida</strong></span> <span class='ocrx_word' id='word_1_552' title='bbox 1581 3992 1689 4048; x_wconf 88' lang='lat' dir='ltr'><strong>est,</strong></span> <span class='ocrx_word' id='word_1_553' title='bbox 1723 3985 1892 4039; x_wconf 91' lang='lat' dir='ltr'><strong>altera</strong></span> <span class='ocrx_word' id='word_1_554' title='bbox 1930 3985 2005 4038; x_wconf 90' lang='lat' dir='ltr'><strong>vi-</strong></span> 
     </span>
    </p>
   </div>
   <div class='ocr_carea' id='block_1_72' title="bbox 415 4071 2004 4141">
    <p class='ocr_par' dir='ltr' id='par_1_72' title="bbox 415 4071 2004 4141">
     <span class='ocr_line' id='line_1_72' title="bbox 415 4071 2004 4141; baseline -0.001 -12"><span class='ocrx_word' id='word_1_555' title='bbox 415 4074 569 4141; x_wconf 90' lang='lat' dir='ltr'><strong>ridis,</strong></span> <span class='ocrx_word' id='word_1_556' title='bbox 597 4072 693 4130; x_wconf 92' lang='lat' dir='ltr'><strong>sed</strong></span> <span class='ocrx_word' id='word_1_557' title='bbox 723 4075 842 4130; x_wconf 88' lang='lat' dir='ltr'><strong>sine</strong></span> <span class='ocrx_word' id='word_1_558' title='bbox 885 4072 1086 4139; x_wconf 87' lang='lat' dir='ltr'><strong>fructu,</strong></span> <span class='ocrx_word' id='word_1_559' title='bbox 1119 4074 1278 4128; x_wconf 89' lang='lat' dir='ltr'><strong>tertia</strong></span> <span class='ocrx_word' id='word_1_560' title='bbox 1304 4073 1514 4140; x_wconf 90' lang='lat' dir='ltr'><strong>viridis,</strong></span> <span class='ocrx_word' id='word_1_561' title='bbox 1561 4071 1860 4140; x_wconf 89' lang='lat' dir='ltr'><strong>fructuosa,</strong></span> <span class='ocrx_word' id='word_1_562' title='bbox 1908 4075 2004 4130; x_wconf 89' lang='lat' dir='ltr'><strong>sed</strong></span> 
     </span>
    </p>
   </div>
   <div class='ocr_carea' id='block_1_73' title="bbox 413 4163 2000 4238">
    <p class='ocr_par' dir='ltr' id='par_1_73' title="bbox 413 4163 2000 4238">
     <span class='ocr_line' id='line_1_73' title="bbox 413 4163 2000 4238; baseline 0 -19"><span class='ocrx_word' id='word_1_563' title='bbox 413 4181 706 4232; x_wconf 88' lang='lat' dir='ltr'><strong>venenosa,</strong></span> <span class='ocrx_word' id='word_1_564' title='bbox 735 4174 931 4238; x_wconf 90' lang='lat' dir='ltr'><strong>quarta</strong></span> <span class='ocrx_word' id='word_1_565' title='bbox 954 4180 1084 4221; x_wconf 91' lang='lat' dir='ltr'><strong>vero</strong></span> <span class='ocrx_word' id='word_1_566' title='bbox 1110 4163 1298 4222; x_wconf 87' lang='lat' dir='ltr'><strong>viridis</strong></span> <span class='ocrx_word' id='word_1_567' title='bbox 1345 4171 1429 4219; x_wconf 92' lang='lat' dir='ltr'><strong>est</strong></span> <span class='ocrx_word' id='word_1_568' title='bbox 1460 4171 1515 4219; x_wconf 90' lang='lat' dir='ltr'><strong>et</strong></span> <span class='ocrx_word' id='word_1_569' title='bbox 1538 4163 1771 4220; x_wconf 90' lang='lat' dir='ltr'><strong>fructum</strong></span> <span class='ocrx_word' id='word_1_570' title='bbox 1800 4165 2000 4219; x_wconf 91' lang='lat' dir='ltr'><strong>bonum</strong></span> 
     </span>
    </p>
   </div>
   <div class='ocr_carea' id='block_1_74' title="bbox 415 4253 1998 4330">
    <p class='ocr_par' dir='ltr' id='par_1_74' title="bbox 415 4253 1998 4330">
     <span class='ocr_line' id='line_1_74' title="bbox 415 4253 1998 4330; baseline 0 -21"><span class='ocrx_word' id='word_1_571' title='bbox 415 4255 604 4327; x_wconf 87' lang='lat' dir='ltr'><strong>gignit.</strong></span> <span class='ocrx_word' id='word_1_572' title='bbox 645 4255 706 4316; x_wconf 89' lang='lat' dir='ltr'><strong>In</strong></span> <span class='ocrx_word' id='word_1_573' title='bbox 754 4255 840 4312; x_wconf 91' lang='lat' dir='ltr'><strong>his</strong></span> <span class='ocrx_word' id='word_1_574' title='bbox 887 4264 1018 4330; x_wconf 81' lang='lat' dir='ltr'><strong>ergo</strong></span> <span class='ocrx_word' id='word_1_575' title='bbox 1059 4264 1292 4326; x_wconf 89' lang='lat' dir='ltr'><strong>quatuor</strong></span> <span class='ocrx_word' id='word_1_576' title='bbox 1337 4253 1655 4311; x_wconf 76' lang='lat' dir='ltr'><strong>differentiis</strong></span> <span class='ocrx_word' id='word_1_577' title='bbox 1703 4255 1956 4310; x_wconf 89' lang='lat' dir='ltr'><strong>arborum</strong></span> <span class='ocrx_word' id='word_1_578' title='bbox 1982 4294 1998 4321; x_wconf 94' lang='lat'><strong>,</strong></span> 
     </span>
    </p>
   </div>
   <div class='ocr_carea' id='block_1_75' title="bbox 415 4347 1997 4418">
    <p class='ocr_par' dir='ltr' id='par_1_75' title="bbox 415 4347 1997 4418">
     <span class='ocr_line' id='line_1_75' title="bbox 415 4347 1997 4418; baseline 0.001 -17"><span class='ocrx_word' id='word_1_579' title='bbox 415 4357 651 4418; x_wconf 87' lang='lat' dir='ltr'><strong>quatuor</strong></span> <span class='ocrx_word' id='word_1_580' title='bbox 686 4348 966 4404; x_wconf 89' lang='lat' dir='ltr'><strong>hominum</strong></span> <span class='ocrx_word' id='word_1_581' title='bbox 1008 4349 1219 4418; x_wconf 90' lang='lat' dir='ltr'><strong>species</strong></span> <span class='ocrx_word' id='word_1_582' title='bbox 1263 4347 1744 4415; x_wconf 90' lang='lat' dir='ltr'><strong>demonstrantur,</strong></span> <span class='ocrx_word' id='word_1_583' title='bbox 1793 4348 1847 4404; x_wconf 91' lang='lat' dir='ltr'><strong>id</strong></span> <span class='ocrx_word' id='word_1_584' title='bbox 1894 4356 1997 4415; x_wconf 90' lang='lat' dir='ltr'><strong>est,</strong></span> 
     </span>
    </p>
   </div>
   <div class='ocr_carea' id='block_1_76' title="bbox 417 4437 1998 4509">
    <p class='ocr_par' dir='ltr' id='par_1_76' title="bbox 417 4437 1998 4509">
     <span class='ocr_line' id='line_1_76' title="bbox 417 4437 1998 4509; baseline 0.003 -19"><span class='ocrx_word' id='word_1_585' title='bbox 417 4451 777 4508; x_wconf 85' lang='lat' dir='ltr'><strong>paganorum,</strong></span> <span class='ocrx_word' id='word_1_586' title='bbox 811 4437 1241 4509; x_wconf 81' lang='lat' dir='ltr'><strong>hypocritarum,</strong></span> <span class='ocrx_word' id='word_1_587' title='bbox 1273 4437 1652 4494; x_wconf 75' lang='lat' dir='ltr'><strong>haereticorum</strong></span> <span class='ocrx_word' id='word_1_588' title='bbox 1686 4447 1741 4492; x_wconf 89' lang='lat' dir='ltr'><strong>et</strong></span> <span class='ocrx_word' id='word_1_589' title='bbox 1765 4438 1998 4494; x_wconf 89' lang='lat' dir='ltr'><strong>ﬁdelium</strong></span> 
     </span>
    </p>
   </div>
   <div class='ocr_carea' id='block_1_77' title="bbox 418 4528 2005 4599">
    <p class='ocr_par' dir='ltr' id='par_1_77' title="bbox 418 4528 2005 4599">
     <span class='ocr_line' id='line_1_77' title="bbox 418 4528 2005 4599; baseline 0.001 -15"><span class='ocrx_word' id='word_1_590' title='bbox 418 4528 868 4584; x_wconf 88' lang='lat' dir='ltr'><strong>Christianorum.</strong></span> <span class='ocrx_word' id='word_1_591' title='bbox 903 4530 1105 4599; x_wconf 88' lang='lat' dir='ltr'><strong>Pagani</strong></span> <span class='ocrx_word' id='word_1_592' title='bbox 1141 4531 1323 4599; x_wconf 90' lang='lat' dir='ltr'><strong>itaque</strong></span> <span class='ocrx_word' id='word_1_593' title='bbox 1369 4528 1540 4584; x_wconf 81' lang='lat' dir='ltr'><strong>aridis</strong></span> <span class='ocrx_word' id='word_1_594' title='bbox 1581 4530 1867 4584; x_wconf 87' lang='lat' dir='ltr'><strong>arboribus</strong></span> <span class='ocrx_word' id='word_1_595' title='bbox 1917 4543 2005 4587; x_wconf 88' lang='lat' dir='ltr'><strong>as-</strong></span> 
     </span>
    </p>
   </div>
   <div class='ocr_carea' id='block_1_78' title="bbox 417 4620 2006 4694">
    <p class='ocr_par' dir='ltr' id='par_1_78' title="bbox 417 4620 2006 4694">
     <span class='ocr_line' id='line_1_78' title="bbox 417 4620 2006 4694; baseline 0.001 -19"><span class='ocrx_word' id='word_1_596' title='bbox 417 4620 749 4687; x_wconf 87' lang='lat' dir='ltr'><strong>similantur,</strong></span> <span class='ocrx_word' id='word_1_597' title='bbox 803 4621 896 4690; x_wconf 87' lang='lat' dir='ltr'><strong>qui</strong></span> <span class='ocrx_word' id='word_1_598' title='bbox 939 4629 1144 4676; x_wconf 79' lang='lat' dir='ltr'><strong>aeterno</strong></span> <span class='ocrx_word' id='word_1_599' title='bbox 1174 4622 1426 4676; x_wconf 91' lang='lat' dir='ltr'><strong>incendio</strong></span> <span class='ocrx_word' id='word_1_600' title='bbox 1469 4629 1596 4676; x_wconf 90' lang='lat' dir='ltr'><strong>sunt</strong></span> <span class='ocrx_word' id='word_1_601' title='bbox 1644 4621 1774 4692; x_wconf 88' lang='lat' dir='ltr'><strong>apti.</strong></span> <span class='ocrx_word' id='word_1_602' title='bbox 1827 4622 2006 4694; x_wconf 82' lang='lat' dir='ltr'><strong>Hypo-</strong></span> 
     </span>
    </p>
   </div>
   <div class='ocr_carea' id='block_1_79' title="bbox 415 4707 1999 4779">
    <p class='ocr_par' dir='ltr' id='par_1_79' title="bbox 415 4707 1999 4779">
     <span class='ocr_line' id='line_1_79' title="bbox 415 4707 1999 4779; baseline 0.001 -15"><span class='ocrx_word' id='word_1_603' title='bbox 415 4707 567 4764; x_wconf 74' lang='lat' dir='ltr'><strong>crita:</strong></span> <span class='ocrx_word' id='word_1_604' title='bbox 599 4707 862 4763; x_wconf 88' lang='lat' dir='ltr'><strong>viridibus</strong></span> <span class='ocrx_word' id='word_1_605' title='bbox 903 4709 1084 4779; x_wconf 86' lang='lat' dir='ltr'><strong>lignis,</strong></span> <span class='ocrx_word' id='word_1_606' title='bbox 1115 4709 1211 4764; x_wconf 90' lang='lat' dir='ltr'><strong>sed</strong></span> <span class='ocrx_word' id='word_1_607' title='bbox 1239 4709 1356 4764; x_wconf 89' lang='lat' dir='ltr'><strong>sine</strong></span> <span class='ocrx_word' id='word_1_608' title='bbox 1406 4708 1584 4763; x_wconf 89' lang='lat' dir='ltr'><strong>fructu</strong></span> <span class='ocrx_word' id='word_1_609' title='bbox 1637 4711 1999 4776; x_wconf 86' lang='lat' dir='ltr'><strong>manentibus,</strong></span> 
     </span>
    </p>
   </div>
   <div class='ocr_carea' id='block_1_80' title="bbox 416 4796 2005 4870">
    <p class='ocr_par' dir='ltr' id='par_1_80' title="bbox 416 4796 2005 4870">
     <span class='ocr_line' id='line_1_80' title="bbox 416 4796 2005 4870; baseline 0.003 -18"><span class='ocrx_word' id='word_1_610' title='bbox 416 4801 544 4870; x_wconf 90' lang='lat' dir='ltr'><strong>quia</strong></span> <span class='ocrx_word' id='word_1_611' title='bbox 575 4797 882 4853; x_wconf 87' lang='lat' dir='ltr'><strong>simulatam</strong></span> <span class='ocrx_word' id='word_1_612' title='bbox 916 4798 1174 4868; x_wconf 89' lang='lat' dir='ltr'><strong>pietatem</strong></span> <span class='ocrx_word' id='word_1_613' title='bbox 1229 4796 1362 4854; x_wconf 92' lang='lat' dir='ltr'><strong>foris</strong></span> <span class='ocrx_word' id='word_1_614' title='bbox 1396 4799 1726 4866; x_wconf 89' lang='lat' dir='ltr'><strong>ostendunt,</strong></span> <span class='ocrx_word' id='word_1_615' title='bbox 1766 4801 1858 4856; x_wconf 91' lang='lat' dir='ltr'><strong>sed</strong></span> <span class='ocrx_word' id='word_1_616' title='bbox 1893 4799 2005 4856; x_wconf 81' lang='lat' dir='ltr'><strong>fru-</strong></span> 
     </span>
    </p>
   </div>
   <div class='ocr_carea' id='block_1_81' title="bbox 415 4889 2003 4962">
    <p class='ocr_par' dir='ltr' id='par_1_81' title="bbox 415 4889 2003 4962">
     <span class='ocr_line' id='line_1_81' title="bbox 415 4889 2003 4962; baseline 0 -14"><span class='ocrx_word' id='word_1_617' title='bbox 415 4901 508 4948; x_wconf 89' lang='lat' dir='ltr'><strong>ctu</strong></span> <span class='ocrx_word' id='word_1_618' title='bbox 537 4899 744 4947; x_wconf 86' lang='lat' dir='ltr'><strong>carent.</strong></span> <span class='ocrx_word' id='word_1_619' title='bbox 788 4889 1036 4947; x_wconf 65' lang='lat' dir='ltr'><strong>Haaretici</strong></span> <span class='ocrx_word' id='word_1_620' title='bbox 1065 4905 1281 4962; x_wconf 90' lang='lat' dir='ltr'><strong>quoque</strong></span> <span class='ocrx_word' id='word_1_621' title='bbox 1306 4891 1569 4948; x_wconf 83' lang='lat' dir='ltr'><strong>viridibus</strong></span> <span class='ocrx_word' id='word_1_622' title='bbox 1607 4901 1662 4948; x_wconf 88' lang='lat' dir='ltr'><strong>et</strong></span> <span class='ocrx_word' id='word_1_623' title='bbox 1709 4892 2003 4948; x_wconf 90' lang='lat' dir='ltr'><strong>fructuosis</strong></span> 
     </span>
    </p>
   </div>
   <div class='ocr_carea' id='block_1_82' title="bbox 414 4982 2000 5055">
    <p class='ocr_par' dir='ltr' id='par_1_82' title="bbox 414 4982 2000 5055">
     <span class='ocr_line' id='line_1_82' title="bbox 414 4982 2000 5055; baseline 0 -17"><span class='ocrx_word' id='word_1_624' title='bbox 414 4983 722 5050; x_wconf 89' lang='lat' dir='ltr'><strong>arboribus,</strong></span> <span class='ocrx_word' id='word_1_625' title='bbox 752 4983 848 5038; x_wconf 91' lang='lat' dir='ltr'><strong>sed</strong></span> <span class='ocrx_word' id='word_1_626' title='bbox 901 4992 1081 5038; x_wconf 86' lang='lat' dir='ltr'><strong>tamen</strong></span> <span class='ocrx_word' id='word_1_627' title='bbox 1106 4982 1396 5040; x_wconf 90' lang='lat' dir='ltr'><strong>venenosis</strong></span> <span class='ocrx_word' id='word_1_628' title='bbox 1439 4992 1842 5054; x_wconf 87' lang='lat' dir='ltr'><strong>comparantur,</strong></span> <span class='ocrx_word' id='word_1_629' title='bbox 1873 4984 2000 5055; x_wconf 88' lang='lat' dir='ltr'><strong>quia</strong></span> 
     </span>
    </p>
   </div>
   <div class='ocr_carea' id='block_1_83' title="bbox 414 5073 2001 5148">
    <p class='ocr_par' dir='ltr' id='par_1_83' title="bbox 414 5073 2001 5148">
     <span class='ocr_line' id='line_1_83' title="bbox 414 5073 2001 5148; baseline 0.001 -18"><span class='ocrx_word' id='word_1_630' title='bbox 414 5075 545 5132; x_wconf 89' lang='lat' dir='ltr'><strong>licet</strong></span> <span class='ocrx_word' id='word_1_631' title='bbox 569 5073 914 5148; x_wconf 63' lang='lat' dir='ltr'><strong>praedicando</strong></span> <span class='ocrx_word' id='word_1_632' title='bbox 945 5075 1029 5136; x_wconf 89' lang='lat' dir='ltr'><strong>vel</strong></span> <span class='ocrx_word' id='word_1_633' title='bbox 1062 5075 1348 5132; x_wconf 88' lang='lat' dir='ltr'><strong>scribendo</strong></span> <span class='ocrx_word' id='word_1_634' title='bbox 1401 5073 1638 5132; x_wconf 90' lang='lat' dir='ltr'><strong>fructum</strong></span> <span class='ocrx_word' id='word_1_635' title='bbox 1679 5091 1874 5147; x_wconf 89' lang='lat' dir='ltr'><strong>parere</strong></span> <span class='ocrx_word' id='word_1_636' title='bbox 1924 5078 2001 5132; x_wconf 89' lang='lat' dir='ltr'><strong>vi-</strong></span> 
     </span>
    </p>
   </div>
   <div class='ocr_carea' id='block_1_84' title="bbox 413 5165 2001 5238">
    <p class='ocr_par' dir='ltr' id='par_1_84' title="bbox 413 5165 2001 5238">
     <span class='ocr_line' id='line_1_84' title="bbox 413 5165 2001 5238; baseline -0.001 -14"><span class='ocrx_word' id='word_1_637' title='bbox 413 5167 662 5233; x_wconf 86' lang='lat' dir='ltr'><strong>deantur,</strong></span> <span class='ocrx_word' id='word_1_638' title='bbox 694 5181 802 5222; x_wconf 91' lang='lat' dir='ltr'><strong>non</strong></span> <span class='ocrx_word' id='word_1_639' title='bbox 826 5165 1040 5221; x_wconf 87' lang='lat' dir='ltr'><strong>vitalem</strong></span> <span class='ocrx_word' id='word_1_640' title='bbox 1077 5174 1278 5233; x_wconf 88' lang='lat' dir='ltr'><strong>tamen,</strong></span> <span class='ocrx_word' id='word_1_641' title='bbox 1300 5168 1393 5223; x_wconf 92' lang='lat' dir='ltr'><strong>sed</strong></span> <span class='ocrx_word' id='word_1_642' title='bbox 1415 5167 1750 5223; x_wconf 81' lang='lat' dir='ltr'><strong>mortiferum</strong></span> <span class='ocrx_word' id='word_1_643' title='bbox 1779 5176 2001 5238; x_wconf 88' lang='lat' dir='ltr'><strong>gustan-</strong></span> 
     </span>
    </p>
   </div>
   <div class='ocr_carea' id='block_1_85' title="bbox 413 5255 1998 5316">
    <p class='ocr_par' dir='ltr' id='par_1_85' title="bbox 413 5255 1998 5316">
     <span class='ocr_line' id='line_1_85' title="bbox 413 5255 1998 5316; baseline 0.002 -4"><span class='ocrx_word' id='word_1_644' title='bbox 413 5257 560 5314; x_wconf 89' lang='lat' dir='ltr'><strong>tibus</strong></span> <span class='ocrx_word' id='word_1_645' title='bbox 583 5257 766 5313; x_wconf 89' lang='lat' dir='ltr'><strong>cibum</strong></span> <span class='ocrx_word' id='word_1_646' title='bbox 796 5255 996 5313; x_wconf 88' lang='lat' dir='ltr'><strong>ferunt.</strong></span> <span class='ocrx_word' id='word_1_647' title='bbox 1046 5257 1215 5314; x_wconf 88' lang='lat' dir='ltr'><strong>Porro</strong></span> <span class='ocrx_word' id='word_1_648' title='bbox 1245 5259 1373 5315; x_wconf 90' lang='lat' dir='ltr'><strong>boui</strong></span> <span class='ocrx_word' id='word_1_649' title='bbox 1423 5259 1686 5315; x_wconf 89' lang='lat' dir='ltr'><strong>Catholici</strong></span> <span class='ocrx_word' id='word_1_650' title='bbox 1732 5260 1998 5316; x_wconf 83' lang='lat' dir='ltr'><strong>viridibus</strong></span> 
     </span>
    </p>
   </div>
   <div class='ocr_carea' id='block_1_86' title="bbox 411 5348 1998 5424">
    <p class='ocr_par' dir='ltr' id='par_1_86' title="bbox 411 5348 1998 5424">
     <span class='ocr_line' id='line_1_86' title="bbox 411 5348 1998 5424; baseline 0 -18"><span class='ocrx_word' id='word_1_651' title='bbox 411 5348 576 5420; x_wconf 81' lang='lat' dir='ltr'><strong>lignis</strong></span> <span class='ocrx_word' id='word_1_652' title='bbox 609 5357 664 5405; x_wconf 94' lang='lat' dir='ltr'><strong>et</strong></span> <span class='ocrx_word' id='word_1_653' title='bbox 690 5349 892 5406; x_wconf 88' lang='lat' dir='ltr'><strong>bonum</strong></span> <span class='ocrx_word' id='word_1_654' title='bbox 919 5349 1153 5406; x_wconf 88' lang='lat' dir='ltr'><strong>fructum</strong></span> <span class='ocrx_word' id='word_1_655' title='bbox 1191 5349 1534 5422; x_wconf 86' lang='lat' dir='ltr'><strong>gignentibus</strong></span> <span class='ocrx_word' id='word_1_656' title='bbox 1568 5352 1671 5407; x_wconf 90' lang='lat' dir='ltr'><strong>rite</strong></span> <span class='ocrx_word' id='word_1_657' title='bbox 1709 5353 1998 5424; x_wconf 67' lang='lat' dir='ltr'><strong>adaequan-</strong></span> 
     </span>
    </p>
   </div>
   <div class='ocr_carea' id='block_1_87' title="bbox 417 5439 1999 5514">
    <p class='ocr_par' dir='ltr' id='par_1_87' title="bbox 417 5439 1999 5514">
     <span class='ocr_line' id='line_1_87' title="bbox 417 5439 1999 5514; baseline 0.003 -20"><span class='ocrx_word' id='word_1_658' title='bbox 417 5446 526 5508; x_wconf 92' lang='lat' dir='ltr'><strong>tur,</strong></span> <span class='ocrx_word' id='word_1_659' title='bbox 557 5439 683 5512; x_wconf 86' lang='lat' dir='ltr'><strong>quia</strong></span> <span class='ocrx_word' id='word_1_660' title='bbox 725 5441 780 5498; x_wconf 85' lang='lat' dir='ltr'><strong>in</strong></span> <span class='ocrx_word' id='word_1_661' title='bbox 818 5442 1093 5497; x_wconf 88' lang='lat' dir='ltr'><strong>viriditate</strong></span> <span class='ocrx_word' id='word_1_662' title='bbox 1115 5449 1318 5498; x_wconf 63' lang='lat' dir='ltr'><strong>sanctae</strong></span> <span class='ocrx_word' id='word_1_663' title='bbox 1353 5441 1626 5512; x_wconf 89' lang='lat' dir='ltr'><strong>religionis</strong></span> <span class='ocrx_word' id='word_1_664' title='bbox 1659 5443 1843 5498; x_wconf 90' lang='lat' dir='ltr'><strong>sedulo</strong></span> <span class='ocrx_word' id='word_1_665' title='bbox 1875 5458 1999 5514; x_wconf 86' lang='lat' dir='ltr'><strong>per-</strong></span> 
     </span>
    </p>
   </div>
   <div class='ocr_carea' id='block_1_88' title="bbox 415 5531 1996 5602">
    <p class='ocr_par' dir='ltr' id='par_1_88' title="bbox 415 5531 1996 5602">
     <span class='ocr_line' id='line_1_88' title="bbox 415 5531 1996 5602; baseline 0.004 -17"><span class='ocrx_word' id='word_1_666' title='bbox 415 5537 716 5596; x_wconf 87' lang='lat' dir='ltr'><strong>manentes,</strong></span> <span class='ocrx_word' id='word_1_667' title='bbox 762 5531 1026 5588; x_wconf 88' lang='lat' dir='ltr'><strong>bonorum</strong></span> <span class='ocrx_word' id='word_1_668' title='bbox 1056 5548 1281 5602; x_wconf 89' lang='lat' dir='ltr'><strong>operum</strong></span> <span class='ocrx_word' id='word_1_669' title='bbox 1321 5531 1534 5588; x_wconf 91' lang='lat' dir='ltr'><strong>fructus</strong></span> <span class='ocrx_word' id='word_1_670' title='bbox 1569 5532 1712 5590; x_wconf 90' lang='lat' dir='ltr'><strong>ferre</strong></span> <span class='ocrx_word' id='word_1_671' title='bbox 1753 5551 1858 5592; x_wconf 91' lang='lat' dir='ltr'><strong>non</strong></span> <span class='ocrx_word' id='word_1_672' title='bbox 1900 5536 1996 5591; x_wconf 89' lang='lat' dir='ltr'><strong>de-</strong></span> 
     </span>
    </p>
   </div>
   <div class='ocr_carea' id='block_1_89' title="bbox 412 5622 1997 5696">
    <p class='ocr_par' dir='ltr' id='par_1_89' title="bbox 412 5622 1997 5696">
     <span class='ocr_line' id='line_1_89' title="bbox 412 5622 1997 5696; baseline 0.003 -17"><span class='ocrx_word' id='word_1_673' title='bbox 412 5626 617 5680; x_wconf 82' lang='lat' dir='ltr'><strong>sinunt.</strong></span> <span class='ocrx_word' id='word_1_674' title='bbox 638 5622 1020 5696; x_wconf 78' lang='lat' dir='ltr'><strong>(Greg.)lgitur</strong></span> <span class='ocrx_word' id='word_1_675' title='bbox 1032 5626 1207 5680; x_wconf 89' lang='lat' dir='ltr'><strong>omnis</strong></span> <span class='ocrx_word' id='word_1_676' title='bbox 1228 5626 1391 5680; x_wconf 90' lang='lat' dir='ltr'><strong>arbor</strong></span> <span class='ocrx_word' id='word_1_677' title='bbox 1408 5640 1513 5680; x_wconf 91' lang='lat' dir='ltr'><strong>non</strong></span> <span class='ocrx_word' id='word_1_678' title='bbox 1530 5625 1734 5683; x_wconf 89' lang='lat' dir='ltr'><strong>faciens</strong></span> <span class='ocrx_word' id='word_1_679' title='bbox 1764 5627 1997 5684; x_wconf 89' lang='lat' dir='ltr'><strong>fructum</strong></span> 
     </span>
    </p>
   </div>
   <div class='ocr_carea' id='block_1_90' title="bbox 417 5713 1998 5793">
    <p class='ocr_par' dir='ltr' id='par_1_90' title="bbox 417 5713 1998 5793">
     <span class='ocr_line' id='line_1_90' title="bbox 417 5713 1998 5793; baseline 0.006 -23"><span class='ocrx_word' id='word_1_680' title='bbox 417 5713 617 5770; x_wconf 87' lang='lat' dir='ltr'><strong>bonum</strong></span> <span class='ocrx_word' id='word_1_681' title='bbox 653 5717 963 5784; x_wconf 83' lang='lat' dir='ltr'><strong>cxcidetur,</strong></span> <span class='ocrx_word' id='word_1_682' title='bbox 1004 5727 1058 5772; x_wconf 92' lang='lat' dir='ltr'><strong>ct</strong></span> <span class='ocrx_word' id='word_1_683' title='bbox 1091 5720 1145 5774; x_wconf 92' lang='lat' dir='ltr'><strong>in</strong></span> <span class='ocrx_word' id='word_1_684' title='bbox 1174 5720 1348 5791; x_wconf 88' lang='lat' dir='ltr'><strong>ignem</strong></span> <span class='ocrx_word' id='word_1_685' title='bbox 1389 5720 1654 5788; x_wconf 85' lang='lat' dir='ltr'><strong>mittetur,</strong></span> <span class='ocrx_word' id='word_1_686' title='bbox 1682 5722 1807 5793; x_wconf 91' lang='lat' dir='ltr'><strong>quia</strong></span> <span class='ocrx_word' id='word_1_687' title='bbox 1834 5739 1998 5779; x_wconf 88' lang='lat' dir='ltr'><strong>unus-</strong></span> 
     </span>
    </p>
   </div>
   <div class='ocr_carea' id='block_1_91' title="bbox 2027 4498 2081 4558">
    <p class='ocr_par' dir='ltr' id='par_1_91' title="bbox 2027 4498 2081 4558">
     <span class='ocr_line' id='line_1_91' title="bbox 2027 4498 2081 4558; baseline 0 0"><span class='ocrx_word' id='word_1_688' title='bbox 2027 4498 2081 4558; x_wconf 91' lang='lat' dir='ltr'><strong>D</strong></span> 
     </span>
    </p>
   </div>
   <div class='ocr_carea' id='block_1_92' title="bbox 2109 3252 3704 3324">
    <p class='ocr_par' dir='ltr' id='par_1_92' title="bbox 2109 3252 3704 3324">
     <span class='ocr_line' id='line_1_92' title="bbox 2109 3252 3704 3324; baseline 0.001 -16"><span class='ocrx_word' id='word_1_689' title='bbox 2109 3252 2300 3310; x_wconf 88' lang='lat' dir='ltr'><strong>fortior</strong></span> <span class='ocrx_word' id='word_1_690' title='bbox 2347 3255 2439 3324; x_wconf 91' lang='lat' dir='ltr'><strong>qui</strong></span> <span class='ocrx_word' id='word_1_691' title='bbox 2483 3254 2753 3317; x_wconf 86' lang='lat' dir='ltr'><strong>tribuere;</strong></span> <span class='ocrx_word' id='word_1_692' title='bbox 2797 3253 2951 3307; x_wconf 90' lang='lat' dir='ltr'><strong>fortis</strong></span> <span class='ocrx_word' id='word_1_693' title='bbox 2997 3268 3102 3322; x_wconf 89' lang='lat' dir='ltr'><strong>quo</strong></span> <span class='ocrx_word' id='word_1_694' title='bbox 3129 3254 3183 3307; x_wconf 83' lang='lat' dir='ltr'><strong>in</strong></span> <span class='ocrx_word' id='word_1_695' title='bbox 3232 3255 3373 3308; x_wconf 83' lang='lat' dir='ltr'><strong>natis</strong></span> <span class='ocrx_word' id='word_1_696' title='bbox 3412 3256 3704 3310; x_wconf 77' lang='lat' dir='ltr'><strong>mulierum</strong></span> 
     </span>
    </p>
   </div>
   <div class='ocr_carea' id='block_1_93' title="bbox 2107 3330 3704 3416">
    <p class='ocr_par' dir='ltr' id='par_1_93' title="bbox 2107 3330 3704 3416">
     <span class='ocr_line' id='line_1_93' title="bbox 2107 3330 3704 3416; baseline -0.001 -18"><span class='ocrx_word' id='word_1_697' title='bbox 2107 3345 2280 3416; x_wconf 87' lang='lat' dir='ltr'><strong>major</strong></span> <span class='ocrx_word' id='word_1_698' title='bbox 2303 3360 2462 3400; x_wconf 89' lang='lat' dir='ltr'><strong>nemo</strong></span> <span class='ocrx_word' id='word_1_699' title='bbox 2485 3351 2591 3410; x_wconf 89' lang='lat' dir='ltr'><strong>est,</strong></span> <span class='ocrx_word' id='word_1_700' title='bbox 2620 3330 2812 3397; x_wconf 68' lang='lat' dir='ltr'><strong>fo&#39;rtior</strong></span> <span class='ocrx_word' id='word_1_701' title='bbox 2837 3344 2919 3396; x_wconf 86' lang='lat' dir='ltr'><strong>cui</strong></span> <span class='ocrx_word' id='word_1_702' title='bbox 2942 3345 3202 3397; x_wconf 87' lang='lat' dir='ltr'><strong>minorato</strong></span> <span class='ocrx_word' id='word_1_703' title='bbox 3237 3343 3394 3414; x_wconf 76' lang='lat' dir='ltr'><strong>prmio</strong></span> <span class='ocrx_word' id='word_1_704' title='bbox 3435 3346 3614 3399; x_wconf 82' lang='lat' dir='ltr'><strong>minus</strong></span> <span class='ocrx_word' id='word_1_705' title='bbox 3640 3347 3704 3397; x_wconf 75' lang='lat' dir='ltr'><strong>ab</strong></span> 
     </span>
    </p>
   </div>
   <div class='ocr_carea' id='block_1_94' title="bbox 2107 3433 3703 3506">
    <p class='ocr_par' dir='ltr' id='par_1_94' title="bbox 2107 3433 3703 3506">
     <span class='ocr_line' id='line_1_94' title="bbox 2107 3433 3703 3506; baseline -0.001 -18"><span class='ocrx_word' id='word_1_706' title='bbox 2107 3433 2306 3504; x_wconf 85' lang='lat' dir='ltr'><strong>angelis</strong></span> <span class='ocrx_word' id='word_1_707' title='bbox 2337 3435 2512 3488; x_wconf 86' lang='lat' dir='ltr'><strong>omnia</strong></span> <span class='ocrx_word' id='word_1_708' title='bbox 2541 3434 2774 3504; x_wconf 85' lang='lat' dir='ltr'><strong>subjecta</strong></span> <span class='ocrx_word' id='word_1_709' title='bbox 2797 3445 2939 3497; x_wconf 85' lang='lat' dir='ltr'><strong>sunt,</strong></span> <span class='ocrx_word' id='word_1_710' title='bbox 2990 3433 3086 3487; x_wconf 82' lang='lat' dir='ltr'><strong>sub</strong></span> <span class='ocrx_word' id='word_1_711' title='bbox 3115 3435 3330 3504; x_wconf 77' lang='lat' dir='ltr'><strong>pedibus</strong></span> <span class='ocrx_word' id='word_1_712' title='bbox 3354 3434 3474 3504; x_wconf 78' lang='lat' dir='ltr'><strong>ejus</strong></span> <span class='ocrx_word' id='word_1_713' title='bbox 3512 3435 3703 3506; x_wconf 75' lang='lat' dir='ltr'><strong>(Hebr.</strong></span> 
     </span>
    </p>
   </div>
   <div class='ocr_carea' id='block_1_95' title="bbox 2106 3522 3704 3597">
    <p class='ocr_par' dir='ltr' id='par_1_95' title="bbox 2106 3522 3704 3597">
     <span class='ocr_line' id='line_1_95' title="bbox 2106 3522 3704 3597; baseline 0.002 -19"><span class='ocrx_word' id='word_1_714' title='bbox 2106 3524 2167 3596; x_wconf 85' lang='grc' dir='ltr'><strong>ιι)</strong></span> <span class='ocrx_word' id='word_1_715' title='bbox 2193 3540 2206 3590; x_wconf 90' lang='grc'><strong>;</strong></span> <span class='ocrx_word' id='word_1_716' title='bbox 2239 3522 2394 3579; x_wconf 83' lang='lat' dir='ltr'><strong>fortis</strong></span> <span class='ocrx_word' id='word_1_717' title='bbox 2438 3525 2529 3594; x_wconf 91' lang='lat' dir='ltr'><strong>qui</strong></span> <span class='ocrx_word' id='word_1_718' title='bbox 2556 3539 2782 3595; x_wconf 87' lang='lat' dir='ltr'><strong>regnum</strong></span> <span class='ocrx_word' id='word_1_719' title='bbox 2812 3525 3070 3579; x_wconf 73' lang='lat' dir='ltr'><strong>cmlorum</strong></span> <span class='ocrx_word' id='word_1_720' title='bbox 3100 3525 3305 3593; x_wconf 87' lang='lat' dir='ltr'><strong>primus</strong></span> <span class='ocrx_word' id='word_1_721' title='bbox 3332 3528 3478 3580; x_wconf 83' lang='lat' dir='ltr'><strong>venit</strong></span> <span class='ocrx_word' id='word_1_722' title='bbox 3506 3529 3704 3597; x_wconf 66' lang='grc' dir='ltr'><strong>ιιι-ξιιδὶ-</strong></span> 
     </span>
    </p>
   </div>
   <div class='ocr_carea' id='block_1_96' title="bbox 2105 3611 3703 3687">
    <p class='ocr_par' dir='ltr' id='par_1_96' title="bbox 2105 3611 3703 3687">
     <span class='ocr_line' id='line_1_96' title="bbox 2105 3611 3703 3687; baseline 0.003 -21"><span class='ocrx_word' id='word_1_723' title='bbox 2105 3627 2252 3679; x_wconf 89' lang='lat' dir='ltr'><strong>care,</strong></span> <span class='ocrx_word' id='word_1_724' title='bbox 2284 3611 2474 3668; x_wconf 81' lang='lat' dir='ltr'><strong>fortior</strong></span> <span class='ocrx_word' id='word_1_725' title='bbox 2491 3614 2584 3683; x_wconf 90' lang='lat' dir='ltr'><strong>qui</strong></span> <span class='ocrx_word' id='word_1_726' title='bbox 2611 3614 2712 3668; x_wconf 89' lang='lat' dir='ltr'><strong>hoc</strong></span> <span class='ocrx_word' id='word_1_727' title='bbox 2742 3613 2890 3668; x_wconf 90' lang='lat' dir='ltr'><strong>solus</strong></span> <span class='ocrx_word' id='word_1_728' title='bbox 2913 3615 3251 3683; x_wconf 88' lang='lat' dir='ltr'><strong>potuitdare.</strong></span> <span class='ocrx_word' id='word_1_729' title='bbox 3283 3614 3472 3683; x_wconf 88' lang='lat' dir='ltr'><strong>Cujus,</strong></span> <span class='ocrx_word' id='word_1_730' title='bbox 3503 3618 3703 3687; x_wconf 89' lang='lat' dir='ltr'><strong>inquit,</strong></span> 
     </span>
    </p>
   </div>
   <div class='ocr_carea' id='block_1_97' title="bbox 2104 3705 3705 3780">
    <p class='ocr_par' dir='ltr' id='par_1_97' title="bbox 2104 3705 3705 3780">
     <span class='ocr_line' id='line_1_97' title="bbox 2104 3705 3705 3780; baseline 0.004 -22"><span class='ocrx_word' id='word_1_731' title='bbox 2104 3719 2212 3758; x_wconf 91' lang='lat' dir='ltr'><strong>non</strong></span> <span class='ocrx_word' id='word_1_732' title='bbox 2241 3720 2358 3760; x_wconf 93' lang='lat' dir='ltr'><strong>sum</strong></span> <span class='ocrx_word' id='word_1_733' title='bbox 2387 3705 2583 3776; x_wconf 89' lang='lat' dir='ltr'><strong>dignus</strong></span> <span class='ocrx_word' id='word_1_734' title='bbox 2633 3705 2999 3760; x_wconf 87' lang='lat' dir='ltr'><strong>calceamenta</strong></span> <span class='ocrx_word' id='word_1_735' title='bbox 3043 3716 3282 3776; x_wconf 83' lang='lat' dir='ltr'><strong>portare.</strong></span> <span class='ocrx_word' id='word_1_736' title='bbox 3332 3709 3437 3762; x_wconf 82' lang='lat' dir='ltr'><strong>Alii</strong></span> <span class='ocrx_word' id='word_1_737' title='bbox 3468 3725 3705 3780; x_wconf 78' lang='lat' dir='ltr'><strong>evange-</strong></span> 
     </span>
    </p>
   </div>
   <div class='ocr_carea' id='block_1_98' title="bbox 2104 3793 3705 3871">
    <p class='ocr_par' dir='ltr' id='par_1_98' title="bbox 2104 3793 3705 3871">
     <span class='ocr_line' id='line_1_98' title="bbox 2104 3793 3705 3871; baseline 0.006 -23"><span class='ocrx_word' id='word_1_738' title='bbox 2104 3793 2242 3850; x_wconf 67' lang='lat' dir='ltr'><strong>lista:</strong></span> <span class='ocrx_word' id='word_1_739' title='bbox 2282 3796 2617 3866; x_wconf 87' lang='lat' dir='ltr'><strong>scripserunt</strong></span> <span class='ocrx_word' id='word_1_740' title='bbox 2640 3837 2654 3862; x_wconf 97' lang='lat'><strong>,</strong></span> <span class='ocrx_word' id='word_1_741' title='bbox 2692 3794 2860 3866; x_wconf 86' lang='lat' dir='ltr'><strong>Cujus</strong></span> <span class='ocrx_word' id='word_1_742' title='bbox 2909 3814 3012 3850; x_wconf 86' lang='lat' dir='ltr'><strong>non</strong></span> <span class='ocrx_word' id='word_1_743' title='bbox 3055 3814 3168 3852; x_wconf 88' lang='lat' dir='ltr'><strong>sum</strong></span> <span class='ocrx_word' id='word_1_744' title='bbox 3198 3799 3387 3868; x_wconf 82' lang='lat' dir='ltr'><strong>dignus</strong></span> <span class='ocrx_word' id='word_1_745' title='bbox 3414 3802 3705 3871; x_wconf 64' lang='lat' dir='ltr'><strong>corrigiam</strong></span> 
     </span>
    </p>
   </div>
   <div class='ocr_carea' id='block_1_99' title="bbox 2103 3887 3707 3964">
    <p class='ocr_par' dir='ltr' id='par_1_99' title="bbox 2103 3887 3707 3964">
     <span class='ocr_line' id='line_1_99' title="bbox 2103 3887 3707 3964; baseline 0.002 -22"><span class='ocrx_word' id='word_1_746' title='bbox 2103 3889 2436 3943; x_wconf 84' lang='lat' dir='ltr'><strong>calceamenti</strong></span> <span class='ocrx_word' id='word_1_747' title='bbox 2458 3889 2671 3944; x_wconf 85' lang='lat' dir='ltr'><strong>solvere.</strong></span> <span class='ocrx_word' id='word_1_748' title='bbox 2704 3887 2887 3960; x_wconf 83' lang='lat' dir='ltr'><strong>(Aug.)</strong></span> <span class='ocrx_word' id='word_1_749' title='bbox 2907 3889 3088 3944; x_wconf 85' lang='lat' dir='ltr'><strong>Potuit</strong></span> <span class='ocrx_word' id='word_1_750' title='bbox 3111 3891 3254 3945; x_wconf 90' lang='lat' dir='ltr'><strong>enim</strong></span> <span class='ocrx_word' id='word_1_751' title='bbox 3269 3889 3508 3946; x_wconf 88' lang='lat' dir='ltr'><strong>Joannes</strong></span> <span class='ocrx_word' id='word_1_752' title='bbox 3523 3891 3707 3964; x_wconf 87' lang='lat' dir='ltr'><strong>Bapti-</strong></span> 
     </span>
    </p>
   </div>
   <div class='ocr_carea' id='block_1_100' title="bbox 2103 3983 3706 4056">
    <p class='ocr_par' dir='ltr' id='par_1_100' title="bbox 2103 3983 3706 4056">
     <span class='ocr_line' id='line_1_100' title="bbox 2103 3983 3706 4056; baseline 0.003 -19"><span class='ocrx_word' id='word_1_753' title='bbox 2103 3992 2185 4038; x_wconf 89' lang='lat' dir='ltr'><strong>sta</strong></span> <span class='ocrx_word' id='word_1_754' title='bbox 2215 3993 2505 4056; x_wconf 89' lang='lat' dir='ltr'><strong>utrumque</strong></span> <span class='ocrx_word' id='word_1_755' title='bbox 2534 3983 2752 4049; x_wconf 79' lang='lat' dir='ltr'><strong>dixisse,</strong></span> <span class='ocrx_word' id='word_1_756' title='bbox 2789 3984 2902 4038; x_wconf 84' lang='lat' dir='ltr'><strong>sive</strong></span> <span class='ocrx_word' id='word_1_757' title='bbox 2955 3983 3097 4039; x_wconf 89' lang='lat' dir='ltr'><strong>aliud</strong></span> <span class='ocrx_word' id='word_1_758' title='bbox 3132 3985 3240 4038; x_wconf 86' lang='lat' dir='ltr'><strong>alio</strong></span> <span class='ocrx_word' id='word_1_759' title='bbox 3289 3993 3556 4056; x_wconf 90' lang='lat' dir='ltr'><strong>tempore,</strong></span> <span class='ocrx_word' id='word_1_760' title='bbox 3590 3989 3706 4042; x_wconf 81' lang='lat' dir='ltr'><strong>sive</strong></span> 
     </span>
    </p>
   </div>
   <div class='ocr_carea' id='block_1_101' title="bbox 2105 4075 3706 4150">
    <p class='ocr_par' dir='ltr' id='par_1_101' title="bbox 2105 4075 3706 4150">
     <span class='ocr_line' id='line_1_101' title="bbox 2105 4075 3706 4150; baseline 0.001 -18"><span class='ocrx_word' id='word_1_761' title='bbox 2105 4077 2449 4142; x_wconf 77' lang='lat' dir='ltr'><strong>contextim;</strong></span> <span class='ocrx_word' id='word_1_762' title='bbox 2497 4091 2561 4130; x_wconf 88' lang='lat' dir='ltr'><strong>ac</strong></span> <span class='ocrx_word' id='word_1_763' title='bbox 2607 4075 2652 4130; x_wconf 91' lang='lat' dir='ltr'><strong>si</strong></span> <span class='ocrx_word' id='word_1_764' title='bbox 2697 4075 2902 4131; x_wconf 90' lang='lat' dir='ltr'><strong>diceret</strong></span> <span class='ocrx_word' id='word_1_765' title='bbox 2947 4093 2959 4129; x_wconf 91' lang='lat'><strong>:</strong></span> <span class='ocrx_word' id='word_1_766' title='bbox 2997 4075 3160 4145; x_wconf 89' lang='lat' dir='ltr'><strong>Cujus</strong></span> <span class='ocrx_word' id='word_1_767' title='bbox 3189 4092 3297 4131; x_wconf 92' lang='lat' dir='ltr'><strong>non</strong></span> <span class='ocrx_word' id='word_1_768' title='bbox 3341 4093 3464 4132; x_wconf 92' lang='lat' dir='ltr'><strong>sum</strong></span> <span class='ocrx_word' id='word_1_769' title='bbox 3507 4079 3706 4150; x_wconf 86' lang='lat' dir='ltr'><strong>dignus</strong></span> 
     </span>
    </p>
   </div>
   <div class='ocr_carea' id='block_1_102' title="bbox 2102 4166 3707 4240">
    <p class='ocr_par' dir='ltr' id='par_1_102' title="bbox 2102 4166 3707 4240">
     <span class='ocr_line' id='line_1_102' title="bbox 2102 4166 3707 4240; baseline 0.001 -18"><span class='ocrx_word' id='word_1_770' title='bbox 2102 4168 2390 4240; x_wconf 81' lang='lat' dir='ltr'><strong>corrigiam</strong></span> <span class='ocrx_word' id='word_1_771' title='bbox 2411 4166 2762 4222; x_wconf 89' lang='lat' dir='ltr'><strong>calceamenti</strong></span> <span class='ocrx_word' id='word_1_772' title='bbox 2795 4166 3025 4232; x_wconf 88' lang='lat' dir='ltr'><strong>solvere,</strong></span> <span class='ocrx_word' id='word_1_773' title='bbox 3057 4181 3157 4222; x_wconf 93' lang='lat' dir='ltr'><strong>nec</strong></span> <span class='ocrx_word' id='word_1_774' title='bbox 3178 4167 3545 4223; x_wconf 88' lang='lat' dir='ltr'><strong>calceamenta</strong></span> <span class='ocrx_word' id='word_1_775' title='bbox 3575 4188 3707 4240; x_wconf 74' lang='lat' dir='ltr'><strong>por--</strong></span> 
     </span>
    </p>
   </div>
   <div class='ocr_carea' id='block_1_103' title="bbox 2101 4256 3709 4326">
    <p class='ocr_par' dir='ltr' id='par_1_103' title="bbox 2101 4256 3709 4326">
     <span class='ocr_line' id='line_1_103' title="bbox 2101 4256 3709 4326; baseline 0.001 -12"><span class='ocrx_word' id='word_1_776' title='bbox 2101 4269 2247 4323; x_wconf 89' lang='lat' dir='ltr'><strong>tare;</strong></span> <span class='ocrx_word' id='word_1_777' title='bbox 2280 4266 2339 4312; x_wconf 91' lang='lat' dir='ltr'><strong>ut</strong></span> <span class='ocrx_word' id='word_1_778' title='bbox 2365 4273 2507 4312; x_wconf 91' lang='lat' dir='ltr'><strong>unus</strong></span> <span class='ocrx_word' id='word_1_779' title='bbox 2526 4256 2854 4326; x_wconf 79' lang='lat' dir='ltr'><strong>evangelista</strong></span> <span class='ocrx_word' id='word_1_780' title='bbox 2884 4256 3008 4322; x_wconf 91' lang='lat' dir='ltr'><strong>hoc,</strong></span> <span class='ocrx_word' id='word_1_781' title='bbox 3039 4256 3128 4310; x_wconf 89' lang='lat' dir='ltr'><strong>alii</strong></span> <span class='ocrx_word' id='word_1_782' title='bbox 3153 4272 3283 4312; x_wconf 87' lang='lat' dir='ltr'><strong>vero</strong></span> <span class='ocrx_word' id='word_1_783' title='bbox 3313 4257 3479 4324; x_wconf 90' lang='lat' dir='ltr'><strong>aliud,</strong></span> <span class='ocrx_word' id='word_1_784' title='bbox 3509 4275 3709 4314; x_wconf 80' lang='lat' dir='ltr'><strong>omnes</strong></span> 
     </span>
    </p>
   </div>
   <div class='ocr_carea' id='block_1_104' title="bbox 2100 4348 3710 4406">
    <p class='ocr_par' dir='ltr' id='par_1_104' title="bbox 2100 4348 3710 4406">
     <span class='ocr_line' id='line_1_104' title="bbox 2100 4348 3710 4406; baseline 0 0"><span class='ocrx_word' id='word_1_785' title='bbox 2100 4360 2283 4406; x_wconf 89' lang='lat' dir='ltr'><strong>tamen</strong></span> <span class='ocrx_word' id='word_1_786' title='bbox 2333 4365 2522 4405; x_wconf 89' lang='lat' dir='ltr'><strong>verum</strong></span> <span class='ocrx_word' id='word_1_787' title='bbox 2576 4349 2939 4405; x_wconf 85' lang='lat' dir='ltr'><strong>narraverint.</strong></span> <span class='ocrx_word' id='word_1_788' title='bbox 3015 4348 3160 4403; x_wconf 84' lang='lat' dir='ltr'><strong>Nihil</strong></span> <span class='ocrx_word' id='word_1_789' title='bbox 3226 4358 3407 4404; x_wconf 89' lang='lat' dir='ltr'><strong>autem</strong></span> <span class='ocrx_word' id='word_1_790' title='bbox 3467 4352 3710 4406; x_wconf 87' lang='lat' dir='ltr'><strong>intendit</strong></span> 
     </span>
    </p>
   </div>
   <div class='ocr_carea' id='block_1_105' title="bbox 2104 4437 3709 4510">
    <p class='ocr_par' dir='ltr' id='par_1_105' title="bbox 2104 4437 3709 4510">
     <span class='ocr_line' id='line_1_105' title="bbox 2104 4437 3709 4510; baseline 0.002 -17"><span class='ocrx_word' id='word_1_791' title='bbox 2104 4437 2341 4494; x_wconf 87' lang='lat' dir='ltr'><strong>Joannes</strong></span> <span class='ocrx_word' id='word_1_792' title='bbox 2368 4440 2434 4496; x_wconf 89' lang='lat' dir='ltr'><strong>de</strong></span> <span class='ocrx_word' id='word_1_793' title='bbox 2461 4439 2840 4495; x_wconf 83' lang='lat' dir='ltr'><strong>calceamentis</strong></span> <span class='ocrx_word' id='word_1_794' title='bbox 2865 4439 3075 4494; x_wconf 87' lang='lat' dir='ltr'><strong>Domini</strong></span> <span class='ocrx_word' id='word_1_795' title='bbox 3102 4441 3359 4510; x_wconf 85' lang='lat' dir='ltr'><strong>loquens,</strong></span> <span class='ocrx_word' id='word_1_796' title='bbox 3389 4441 3492 4496; x_wconf 89' lang='lat' dir='ltr'><strong>nisi</strong></span> <span class='ocrx_word' id='word_1_797' title='bbox 3517 4445 3709 4498; x_wconf 77' lang='lat' dir='ltr'><strong>excel-</strong></span> 
     </span>
    </p>
   </div>
   <div class='ocr_carea' id='block_1_106' title="bbox 2107 4528 3710 4602">
    <p class='ocr_par' dir='ltr' id='par_1_106' title="bbox 2107 4528 3710 4602">
     <span class='ocr_line' id='line_1_106' title="bbox 2107 4528 3710 4602; baseline 0.001 -18"><span class='ocrx_word' id='word_1_798' title='bbox 2107 4530 2327 4586; x_wconf 88' lang='lat' dir='ltr'><strong>lentiam</strong></span> <span class='ocrx_word' id='word_1_799' title='bbox 2352 4528 2469 4599; x_wconf 91' lang='lat' dir='ltr'><strong>ejus</strong></span> <span class='ocrx_word' id='word_1_800' title='bbox 2489 4539 2543 4584; x_wconf 90' lang='lat' dir='ltr'><strong>et</strong></span> <span class='ocrx_word' id='word_1_801' title='bbox 2563 4529 2920 4584; x_wconf 89' lang='lat' dir='ltr'><strong>humilitatem</strong></span> <span class='ocrx_word' id='word_1_802' title='bbox 2948 4543 3124 4583; x_wconf 89' lang='lat' dir='ltr'><strong>suam.</strong></span> <span class='ocrx_word' id='word_1_803' title='bbox 3155 4528 3210 4584; x_wconf 90' lang='lat' dir='ltr'><strong>Si</strong></span> <span class='ocrx_word' id='word_1_804' title='bbox 3233 4539 3417 4584; x_wconf 89' lang='lat' dir='ltr'><strong>autem</strong></span> <span class='ocrx_word' id='word_1_805' title='bbox 3442 4531 3710 4602; x_wconf 87' lang='lat' dir='ltr'><strong>allegoria</strong></span> 
     </span>
    </p>
   </div>
   <div class='ocr_carea' id='block_1_107' title="bbox 2106 4621 3713 4692">
    <p class='ocr_par' dir='ltr' id='par_1_107' title="bbox 2106 4621 3713 4692">
     <span class='ocr_line' id='line_1_107' title="bbox 2106 4621 3713 4692; baseline 0.002 -16"><span class='ocrx_word' id='word_1_806' title='bbox 2106 4622 2160 4676; x_wconf 92' lang='lat' dir='ltr'><strong>in</strong></span> <span class='ocrx_word' id='word_1_807' title='bbox 2190 4623 2293 4676; x_wconf 91' lang='lat' dir='ltr'><strong>hoc</strong></span> <span class='ocrx_word' id='word_1_808' title='bbox 2321 4621 2580 4692; x_wconf 65' lang='lat' dir='ltr'><strong>quaeritur</strong></span> <span class='ocrx_word' id='word_1_809' title='bbox 2605 4660 2620 4685; x_wconf 91' lang='lat'><strong>,</strong></span> <span class='ocrx_word' id='word_1_810' title='bbox 2674 4628 2852 4690; x_wconf 91' lang='lat' dir='ltr'><strong>potest</strong></span> <span class='ocrx_word' id='word_1_811' title='bbox 2903 4621 3329 4677; x_wconf 89' lang='lat' dir='ltr'><strong>calceamentum</strong></span> <span class='ocrx_word' id='word_1_812' title='bbox 3363 4623 3582 4679; x_wconf 91' lang='lat' dir='ltr'><strong>Domini</strong></span> <span class='ocrx_word' id='word_1_813' title='bbox 3622 4625 3713 4679; x_wconf 83' lang='lat' dir='ltr'><strong>in-</strong></span> 
     </span>
    </p>
   </div>
   <div class='ocr_carea' id='block_1_108' title="bbox 2105 4709 3705 4785">
    <p class='ocr_par' dir='ltr' id='par_1_108' title="bbox 2105 4709 3705 4785">
     <span class='ocr_line' id='line_1_108' title="bbox 2105 4709 3705 4785; baseline 0.001 -18"><span class='ocrx_word' id='word_1_814' title='bbox 2105 4712 2476 4768; x_wconf 88' lang='lat' dir='ltr'><strong>carnationem</strong></span> <span class='ocrx_word' id='word_1_815' title='bbox 2506 4712 2623 4784; x_wconf 90' lang='lat' dir='ltr'><strong>ejus</strong></span> <span class='ocrx_word' id='word_1_816' title='bbox 2644 4711 2972 4785; x_wconf 84' lang='lat' dir='ltr'><strong>signiﬁcare.</strong></span> <span class='ocrx_word' id='word_1_817' title='bbox 3004 4709 3230 4783; x_wconf 73' lang='grc' dir='ltr'><strong>(ΜΑυιι.)</strong></span> <span class='ocrx_word' id='word_1_818' title='bbox 3264 4712 3397 4782; x_wconf 85' lang='lat' dir='ltr'><strong>Quis</strong></span> <span class='ocrx_word' id='word_1_819' title='bbox 3424 4715 3571 4768; x_wconf 89' lang='lat' dir='ltr'><strong>enim</strong></span> <span class='ocrx_word' id='word_1_820' title='bbox 3602 4732 3705 4769; x_wconf 80' lang='lat' dir='ltr'><strong>ne-</strong></span> 
     </span>
    </p>
   </div>
   <div class='ocr_carea' id='block_1_109' title="bbox 2107 4803 3710 4873">
    <p class='ocr_par' dir='ltr' id='par_1_109' title="bbox 2107 4803 3710 4873">
     <span class='ocr_line' id='line_1_109' title="bbox 2107 4803 3710 4873; baseline 0.001 -15"><span class='ocrx_word' id='word_1_821' title='bbox 2107 4803 2243 4858; x_wconf 91' lang='lat' dir='ltr'><strong>sciat</strong></span> <span class='ocrx_word' id='word_1_822' title='bbox 2269 4803 2412 4873; x_wconf 92' lang='lat' dir='ltr'><strong>quod</strong></span> <span class='ocrx_word' id='word_1_823' title='bbox 2434 4803 2801 4858; x_wconf 84' lang='lat' dir='ltr'><strong>calceamenta</strong></span> <span class='ocrx_word' id='word_1_824' title='bbox 2825 4819 2889 4859; x_wconf 80' lang='lat' dir='ltr'><strong>ex</strong></span> <span class='ocrx_word' id='word_1_825' title='bbox 2921 4803 3150 4858; x_wconf 91' lang='lat' dir='ltr'><strong>mortuis</strong></span> <span class='ocrx_word' id='word_1_826' title='bbox 3173 4803 3505 4859; x_wconf 86' lang='lat' dir='ltr'><strong>animalibus</strong></span> <span class='ocrx_word' id='word_1_827' title='bbox 3531 4804 3710 4859; x_wconf 85' lang='lat' dir='ltr'><strong>ﬁant?</strong></span> 
     </span>
    </p>
   </div>
   <div class='ocr_carea' id='block_1_110' title="bbox 2104 4892 3710 4963">
    <p class='ocr_par' dir='ltr' id='par_1_110' title="bbox 2104 4892 3710 4963">
     <span class='ocr_line' id='line_1_110' title="bbox 2104 4892 3710 4963; baseline -0.001 -11"><span class='ocrx_word' id='word_1_828' title='bbox 2104 4895 2418 4952; x_wconf 86' lang='lat' dir='ltr'><strong>lncarnatus</strong></span> <span class='ocrx_word' id='word_1_829' title='bbox 2445 4909 2573 4949; x_wconf 86' lang='lat' dir='ltr'><strong>vero</strong></span> <span class='ocrx_word' id='word_1_830' title='bbox 2617 4892 2876 4952; x_wconf 87' lang='lat' dir='ltr'><strong>Dominus</strong></span> <span class='ocrx_word' id='word_1_831' title='bbox 2925 4893 3147 4947; x_wconf 88' lang='lat' dir='ltr'><strong>veniens</strong></span> <span class='ocrx_word' id='word_1_832' title='bbox 3171 4933 3185 4959; x_wconf 90' lang='lat'><strong>,</strong></span> <span class='ocrx_word' id='word_1_833' title='bbox 3217 4894 3370 4963; x_wconf 89' lang='lat' dir='ltr'><strong>quasi</strong></span> <span class='ocrx_word' id='word_1_834' title='bbox 3422 4893 3710 4951; x_wconf 85' lang='lat' dir='ltr'><strong>calceatus</strong></span> 
     </span>
    </p>
   </div>
   <div class='ocr_carea' id='block_1_111' title="bbox 2103 4984 3698 5060">
    <p class='ocr_par' dir='ltr' id='par_1_111' title="bbox 2103 4984 3698 5060">
     <span class='ocr_line' id='line_1_111' title="bbox 2103 4984 3698 5060; baseline 0 -21"><span class='ocrx_word' id='word_1_835' title='bbox 2103 4985 2369 5060; x_wconf 86' lang='lat' dir='ltr'><strong>apparuit,</strong></span> <span class='ocrx_word' id='word_1_836' title='bbox 2396 4985 2488 5055; x_wconf 90' lang='lat' dir='ltr'><strong>qui</strong></span> <span class='ocrx_word' id='word_1_837' title='bbox 2520 4984 2575 5038; x_wconf 93' lang='lat' dir='ltr'><strong>in</strong></span> <span class='ocrx_word' id='word_1_838' title='bbox 2611 4984 2889 5039; x_wconf 86' lang='lat' dir='ltr'><strong>divinitate</strong></span> <span class='ocrx_word' id='word_1_839' title='bbox 2917 4998 3010 5038; x_wconf 89' lang='lat' dir='ltr'><strong>sua</strong></span> <span class='ocrx_word' id='word_1_840' title='bbox 3037 4997 3233 5053; x_wconf 91' lang='lat' dir='ltr'><strong>corpus</strong></span> <span class='ocrx_word' id='word_1_841' title='bbox 3257 4992 3457 5038; x_wconf 74' lang='lat' dir='ltr'><strong>nostra:</strong></span> <span class='ocrx_word' id='word_1_842' title='bbox 3489 4996 3698 5040; x_wconf 84' lang='lat' dir='ltr'><strong>morta-</strong></span> 
     </span>
    </p>
   </div>
   <div class='ocr_carea' id='block_1_112' title="bbox 2103 5071 3708 5145">
    <p class='ocr_par' dir='ltr' id='par_1_112' title="bbox 2103 5071 3708 5145">
     <span class='ocr_line' id='line_1_112' title="bbox 2103 5071 3708 5145; baseline -0.001 -15"><span class='ocrx_word' id='word_1_843' title='bbox 2103 5077 2270 5132; x_wconf 87' lang='lat' dir='ltr'><strong>litatis</strong></span> <span class='ocrx_word' id='word_1_844' title='bbox 2295 5075 2609 5145; x_wconf 89' lang='lat' dir='ltr'><strong>assumpsit.</strong></span> <span class='ocrx_word' id='word_1_845' title='bbox 2659 5072 2766 5129; x_wconf 90' lang='lat' dir='ltr'><strong>Sed</strong></span> <span class='ocrx_word' id='word_1_846' title='bbox 2803 5073 2928 5143; x_wconf 88' lang='lat' dir='ltr'><strong>quia</strong></span> <span class='ocrx_word' id='word_1_847' title='bbox 2953 5071 3215 5128; x_wconf 82' lang='lat' dir='ltr'><strong>Joannem</strong></span> <span class='ocrx_word' id='word_1_848' title='bbox 3248 5073 3498 5128; x_wconf 89' lang='lat' dir='ltr'><strong>homines</strong></span> <span class='ocrx_word' id='word_1_849' title='bbox 3537 5075 3708 5128; x_wconf 86' lang='lat' dir='ltr'><strong>Chri-</strong></span> 
     </span>
    </p>
   </div>
   <div class='ocr_carea' id='block_1_113' title="bbox 2103 5163 3701 5240">
    <p class='ocr_par' dir='ltr' id='par_1_113' title="bbox 2103 5163 3701 5240">
     <span class='ocr_line' id='line_1_113' title="bbox 2103 5163 3701 5240; baseline -0.004 -15"><span class='ocrx_word' id='word_1_850' title='bbox 2103 5180 2246 5225; x_wconf 91' lang='lat' dir='ltr'><strong>stum</strong></span> <span class='ocrx_word' id='word_1_851' title='bbox 2275 5173 2601 5240; x_wconf 87' lang='lat' dir='ltr'><strong>putaverunt</strong></span> <span class='ocrx_word' id='word_1_852' title='bbox 2645 5181 2786 5233; x_wconf 89' lang='lat' dir='ltr'><strong>esse,</strong></span> <span class='ocrx_word' id='word_1_853' title='bbox 2839 5165 2981 5236; x_wconf 89' lang='lat' dir='ltr'><strong>quod</strong></span> <span class='ocrx_word' id='word_1_854' title='bbox 3028 5166 3169 5219; x_wconf 89' lang='lat' dir='ltr'><strong>idem</strong></span> <span class='ocrx_word' id='word_1_855' title='bbox 3197 5163 3462 5219; x_wconf 86' lang='lat' dir='ltr'><strong>Joannem</strong></span> <span class='ocrx_word' id='word_1_856' title='bbox 3508 5177 3701 5238; x_wconf 83' lang='lat' dir='ltr'><strong>negat,</strong></span> 
     </span>
    </p>
   </div>
   <div class='ocr_carea' id='block_1_114' title="bbox 2103 5260 3708 5332">
    <p class='ocr_par' dir='ltr' id='par_1_114' title="bbox 2103 5260 3708 5332">
     <span class='ocr_line' id='line_1_114' title="bbox 2103 5260 3708 5332; baseline -0.001 -16"><span class='ocrx_word' id='word_1_857' title='bbox 2103 5270 2267 5318; x_wconf 70' lang='lat' dir='ltr'><strong>tanta:</strong></span> <span class='ocrx_word' id='word_1_858' title='bbox 2302 5262 2556 5332; x_wconf 69' lang='lat' dir='ltr'><strong>potentia:</strong></span> <span class='ocrx_word' id='word_1_859' title='bbox 2582 5262 2929 5331; x_wconf 86' lang='lat' dir='ltr'><strong>semetipsum</strong></span> <span class='ocrx_word' id='word_1_860' title='bbox 2956 5260 3278 5330; x_wconf 87' lang='lat' dir='ltr'><strong>subjiciens,</strong></span> <span class='ocrx_word' id='word_1_861' title='bbox 3326 5261 3610 5329; x_wconf 84' lang='lat' dir='ltr'><strong>indignum</strong></span> <span class='ocrx_word' id='word_1_862' title='bbox 3644 5276 3708 5314; x_wconf 80' lang='lat' dir='ltr'><strong>se</strong></span> 
     </span>
    </p>
   </div>
   <div class='ocr_carea' id='block_1_115' title="bbox 2103 5352 3708 5424">
    <p class='ocr_par' dir='ltr' id='par_1_115' title="bbox 2103 5352 3708 5424">
     <span class='ocr_line' id='line_1_115' title="bbox 2103 5352 3708 5424; baseline -0.002 -15"><span class='ocrx_word' id='word_1_863' title='bbox 2103 5370 2222 5409; x_wconf 90' lang='lat' dir='ltr'><strong>esse</strong></span> <span class='ocrx_word' id='word_1_864' title='bbox 2261 5353 2544 5424; x_wconf 87' lang='lat' dir='ltr'><strong>proﬁtetur</strong></span> <span class='ocrx_word' id='word_1_865' title='bbox 2571 5367 2790 5407; x_wconf 89' lang='lat' dir='ltr'><strong>carnem</strong></span> <span class='ocrx_word' id='word_1_866' title='bbox 2829 5352 2944 5406; x_wconf 89' lang='lat' dir='ltr'><strong>sine</strong></span> <span class='ocrx_word' id='word_1_867' title='bbox 2972 5352 3112 5406; x_wconf 90' lang='lat' dir='ltr'><strong>virili</strong></span> <span class='ocrx_word' id='word_1_868' title='bbox 3145 5352 3353 5406; x_wconf 90' lang='lat' dir='ltr'><strong>semine</strong></span> <span class='ocrx_word' id='word_1_869' title='bbox 3382 5367 3448 5405; x_wconf 82' lang='lat' dir='ltr'><strong>ex</strong></span> <span class='ocrx_word' id='word_1_870' title='bbox 3489 5352 3708 5419; x_wconf 81' lang='lat' dir='ltr'><strong>virgine</strong></span> 
     </span>
    </p>
   </div>
   <div class='ocr_carea' id='block_1_116' title="bbox 2105 5441 3708 5515">
    <p class='ocr_par' dir='ltr' id='par_1_116' title="bbox 2105 5441 3708 5515">
     <span class='ocr_line' id='line_1_116' title="bbox 2105 5441 3708 5515; baseline -0.004 -15"><span class='ocrx_word' id='word_1_871' title='bbox 2105 5443 2416 5515; x_wconf 88' lang='lat' dir='ltr'><strong>sumpsisse.</strong></span> <span class='ocrx_word' id='word_1_872' title='bbox 2464 5441 2596 5498; x_wconf 88' lang='lat' dir='ltr'><strong>Cum</strong></span> <span class='ocrx_word' id='word_1_873' title='bbox 2644 5443 2758 5497; x_wconf 80' lang='lat' dir='ltr'><strong>haec</strong></span> <span class='ocrx_word' id='word_1_874' title='bbox 2790 5441 3029 5512; x_wconf 87' lang='lat' dir='ltr'><strong>dignitas</strong></span> <span class='ocrx_word' id='word_1_875' title='bbox 3059 5451 3114 5496; x_wconf 87' lang='lat' dir='ltr'><strong>ct</strong></span> <span class='ocrx_word' id='word_1_876' title='bbox 3140 5442 3378 5512; x_wconf 88' lang='lat' dir='ltr'><strong>potentia</strong></span> <span class='ocrx_word' id='word_1_877' title='bbox 3412 5455 3517 5494; x_wconf 89' lang='lat' dir='ltr'><strong>non</strong></span> <span class='ocrx_word' id='word_1_878' title='bbox 3551 5443 3708 5494; x_wconf 74' lang='lat' dir='ltr'><strong>servi</strong></span> 
     </span>
    </p>
   </div>
   <div class='ocr_carea' id='block_1_117' title="bbox 2103 5531 3711 5600">
    <p class='ocr_par' dir='ltr' id='par_1_117' title="bbox 2103 5531 3711 5600">
     <span class='ocr_line' id='line_1_117' title="bbox 2103 5531 3711 5600; baseline -0.003 -8"><span class='ocrx_word' id='word_1_879' title='bbox 2103 5536 2196 5592; x_wconf 85' lang='lat' dir='ltr'><strong>sed</strong></span> <span class='ocrx_word' id='word_1_880' title='bbox 2225 5535 2455 5600; x_wconf 90' lang='lat' dir='ltr'><strong>Domini,</strong></span> <span class='ocrx_word' id='word_1_881' title='bbox 2511 5550 2618 5588; x_wconf 91' lang='lat' dir='ltr'><strong>non</strong></span> <span class='ocrx_word' id='word_1_882' title='bbox 2665 5542 2927 5588; x_wconf 75' lang='lat' dir='ltr'><strong>creaturae</strong></span> <span class='ocrx_word' id='word_1_883' title='bbox 2952 5533 3044 5589; x_wconf 91' lang='lat' dir='ltr'><strong>sed</strong></span> <span class='ocrx_word' id='word_1_884' title='bbox 3087 5533 3363 5589; x_wconf 88' lang='lat' dir='ltr'><strong>Creatoris</strong></span> <span class='ocrx_word' id='word_1_885' title='bbox 3401 5532 3491 5586; x_wconf 87' lang='lat' dir='ltr'><strong>sit.</strong></span> <span class='ocrx_word' id='word_1_886' title='bbox 3535 5531 3603 5585; x_wconf 85' lang='lat' dir='ltr'><strong>Et</strong></span> <span class='ocrx_word' id='word_1_887' title='bbox 3632 5535 3711 5587; x_wconf 76' lang='lat' dir='ltr'><strong>ob</strong></span> 
     </span>
    </p>
   </div>
   <div class='ocr_carea' id='block_1_118' title="bbox 2104 5625 3714 5696">
    <p class='ocr_par' dir='ltr' id='par_1_118' title="bbox 2104 5625 3714 5696">
     <span class='ocr_line' id='line_1_118' title="bbox 2104 5625 3714 5696; baseline -0.004 -13"><span class='ocrx_word' id='word_1_888' title='bbox 2104 5629 2205 5683; x_wconf 91' lang='lat' dir='ltr'><strong>hoc</strong></span> <span class='ocrx_word' id='word_1_889' title='bbox 2235 5644 2339 5681; x_wconf 90' lang='lat' dir='ltr'><strong>non</strong></span> <span class='ocrx_word' id='word_1_890' title='bbox 2370 5627 2504 5681; x_wconf 84' lang='lat' dir='ltr'><strong>velle</strong></span> <span class='ocrx_word' id='word_1_891' title='bbox 2531 5643 2588 5681; x_wconf 90' lang='lat' dir='ltr'><strong>se</strong></span> <span class='ocrx_word' id='word_1_892' title='bbox 2620 5642 2649 5680; x_wconf 88' lang='lat' dir='ltr'><strong>a</strong></span> <span class='ocrx_word' id='word_1_893' title='bbox 2681 5642 2951 5696; x_wconf 90' lang='lat' dir='ltr'><strong>quoquam</strong></span> <span class='ocrx_word' id='word_1_894' title='bbox 2981 5625 3280 5689; x_wconf 87' lang='lat' dir='ltr'><strong>Christum,</strong></span> <span class='ocrx_word' id='word_1_895' title='bbox 3331 5625 3423 5680; x_wconf 86' lang='lat' dir='ltr'><strong>sed</strong></span> <span class='ocrx_word' id='word_1_896' title='bbox 3456 5641 3714 5695; x_wconf 59' lang='lat' dir='ltr'><strong>percur-</strong></span> 
     </span>
    </p>
   </div>
   <div class='ocr_carea' id='block_1_119' title="bbox 2104 5717 3712 5791">
    <p class='ocr_par' dir='ltr' id='par_1_119' title="bbox 2104 5717 3712 5791">
     <span class='ocr_line' id='line_1_119' title="bbox 2104 5717 3712 5791; baseline -0.006 -11"><span class='ocrx_word' id='word_1_897' title='bbox 2104 5739 2278 5780; x_wconf 87' lang='lat' dir='ltr'><strong>sorem</strong></span> <span class='ocrx_word' id='word_1_898' title='bbox 2306 5721 2420 5791; x_wconf 81' lang='lat' dir='ltr'><strong>ejus</strong></span> <span class='ocrx_word' id='word_1_899' title='bbox 2445 5720 2720 5776; x_wconf 75' lang='lat' dir='ltr'><strong>:cslimari.</strong></span> <span class='ocrx_word' id='word_1_900' title='bbox 2764 5717 2830 5791; x_wconf 77' lang='grc' dir='ltr'><strong>(ϐ</strong></span> <span class='ocrx_word' id='word_1_901' title='bbox 2837 5718 2966 5791; x_wconf 87' lang='lat' dir='ltr'><strong>reg.)</strong></span> <span class='ocrx_word' id='word_1_902' title='bbox 2995 5718 3129 5774; x_wconf 85' lang='lat' dir='ltr'><strong>Nam</strong></span> <span class='ocrx_word' id='word_1_903' title='bbox 3157 5719 3284 5789; x_wconf 86' lang='lat' dir='ltr'><strong>quia</strong></span> <span class='ocrx_word' id='word_1_904' title='bbox 3311 5717 3471 5787; x_wconf 88' lang='lat' dir='ltr'><strong>hujus</strong></span> <span class='ocrx_word' id='word_1_905' title='bbox 3514 5719 3712 5772; x_wconf 79' lang='lat' dir='ltr'><strong>incar-</strong></span> 
     </span>
    </p>
   </div>
   <div class='ocr_carea' id='block_1_120' title="bbox 3581 5953 3608 5974">
    <p class='ocr_par' dir='ltr' id='par_1_120' title="bbox 3581 5953 3608 5974">
     <span class='ocr_line' id='line_1_120' title="bbox 3581 5953 3608 5974; baseline 0 0"><span class='ocrx_word' id='word_1_906' title='bbox 3581 5953 3608 5974; x_wconf 66' lang='grc' dir='ltr'><em>Ι</em></span> 
     </span>
    </p>
   </div>
  </div>
