3970 6198
240 318 338 375 773

1228 315 1578 372 COMMENT.
1621 315 1688 370 IN
1727 313 2166 374 MATTH/EUM.
2209 349 2274 359 --
2315 319 2440 376 LIB.
2481 321 2520 374 l.
3401 331 3506 389 77A

234 429 467 488 nationis
507 425 825 500 mysterium
874 425 1142 488 humanus
1181 426 1370 482 oculus
1402 435 1686 498 penetrare
1713 444 1820 483 non
1851 434 1896 492 Α
1927 443 2105 482 aream
2133 444 2305 482 suam.
2332 427 2436 483 Per
2453 430 2845 498 ventilabrum,
2904 432 3066 488 idest
3096 436 3273 506 palam
3313 440 3510 497 discre.

230 521 444 586 suilicit,
476 518 788 589 investigari
819 518 961 572 enim
993 517 1294 574 nullatenus
1321 526 1521 588 potest,
1549 521 1818 590 quomodo

230 616 552 680 corporatur
601 606 855 672 Verbum,
915 608 1185 677 quomodo
1232 623 1476 663 summus
1516 608 1818 664 viviﬁeator

232 703 468 773 Spiritus
494 700 637 754 intra
664 707 879 754 uterum
931 699 1120 754 matris
1149 693 1444 764 animatur;
1473 699 1742 768 quomodo
1771 701 1818 756 is

229 793 320 863 qui
346 791 562 847 initium
586 804 692 844 non
722 789 887 845 habet
906 790 1092 845 existit
1134 800 1189 845 et
1215 791 1541 860 concipitur.
1585 789 1815 859 Ideoque

225 881 462 938 Joannes
509 880 806 935 secundum
853 880 990 935 alios
1033 881 1394 950 evangelistas
1441 896 1501 935 se
1535 895 1640 934 non
1693 895 1814 934 esse

227 973 446 1043 dignum
487 970 624 1027 dixit
672 969 790 1040 ejus
835 969 1045 1026 solvere
1091 971 1382 1041 corrigiam
1437 971 1810 1026 calceamenti.

226 1062 466 1133 Corrigia
480 1075 610 1132 ergo
631 1061 984 1118 caloeamenti
1005 1071 1089 1117 est
1107 1063 1336 1134 ligatura
1355 1065 1614 1135 mysterii.
1644 1063 1809 1118 Joan-

226 1167 324 1206 nes
367 1153 551 1220 itaque
593 1151 799 1206 solvere
828 1152 1117 1222 corrigiam
1159 1153 1509 1208 calceameuti
1552 1153 1669 1221 ejus
1704 1170 1809 1209 non

225 1243 388 1306 valet,
432 1243 560 1312 quia
597 1242 984 1298 incarnationis
1017 1245 1336 1316 mysterium
1385 1261 1486 1302 nec
1521 1247 1636 1317 ipse
1662 1247 1810 1302 inve~

223 1335 426 1404 stigare
477 1332 708 1398 sullicit,
754 1334 845 1402 qui
894 1333 1035 1389 hanc
1075 1351 1173 1405 per
1224 1337 1520 1407 prophetia:
1559 1337 1807 1406 spirituum

221 1423 458 1493 agnovit.
512 1421 664 1489 Quod
693 1430 873 1479 tamen
903 1433 958 1480 et
1004 1425 1164 1482 aliter
1190 1427 1413 1498 intelligi
1446 1436 1642 1497 potest.
1671 1428 1809 1483 .Mos

220 1513 363 1582 apud
383 1521 596 1568 veteres
621 1511 726 1568 fuit
753 1523 812 1568 ut
836 1515 880 1570 si
904 1515 1026 1584 quis
1052 1531 1173 1571 eam
1201 1533 1320 1586 qua;
1349 1519 1451 1572 sibi
1480 1527 1809 1588 competeret

218 1602 469 1672 accipere
489 1607 722 1656 uxorem‘
742 1602 931 1670 nollet,
962 1604 1052 1660 ille
1090 1605 1140 1660 ei
1179 1606 1606 1662 calceamentum
1635 1609 1806 1664 solve-

216 1700 323 1757 ret,
356 1693 447 1761 qui
471 1692 539 1748 ad
562 1693 704 1748 hanc
731 1708 958 1763 sponsus
976 1693 1099 1763 jure
1119 1698 1536 1768 propinquitatis
1570 1700 1801 1754 veniret.

1923 517 1998 571 tio
2018 516 2153 585 justi
2182 521 2467 584 examinis,
2518 535 2616 592 per
2639 538 2821 577 aream
2844 538 2972 579 vero
3001 540 3240 594 praesens
3265 528 3505 589 Ecclesna

1918 609 2254 680 designatur.
2296 611 2354 666 ln
2381 627 2487 681 qua
2529 614 2901 682 proculdubio,
2954 617 3098 685 quod
3126 617 3350 689 lugubre
3373 624 3510 677 satis

1917 708 2020 766 est,
2039 701 2192 755 multi
2223 711 2350 756 sunt
2377 704 2570 769 vocati,
2602 705 2756 774 pauci
2786 723 2914 761 vero
2935 707 3115 774 electi,
3141 725 3312 780 pauca
3335 727 3504 782 grana

1917 791 2166 859 supernis
2220 793 2527 863 recipienda
2579 797 2973 863 mansionibus,
3006 799 3059 853 in
3104 802 3508 873 comparatione

1915 881 2186 947 loliorum,
2214 898 2334 952 quat
2357 882 2591 940 ﬂammis
2620 894 2747 944 sunt
2795 890 3152 958 mancipanda
3201 894 3501 964 perpetuis.

1914 969 2080 1040 Cujus
2111 986 2252 1028 areae
2292 975 2540 1046 purgatio
2578 983 2633 1030 et
2679 993 2824 1032 nunc
2860 979 3063 1035 viritim
3093 982 3330 1052 geritur,
3379 999 3504 1038 cum

1914 1063 2140 1133 quisque
2173 1079 2463 1137 perversus
2490 1067 2573 1121 vel
2607 1068 2676 1124 ob
2705 1069 2991 1124 manifesta
3021 1081 3244 1142 peccata
3287 1074 3354 1128 de
3397 1074 3503 1129 Ec-

1913 1151 2076 1206 clesia
2111 1154 2433 1212 sacerdotali
2468 1158 2827 1228 castigatione
2862 1160 3130 1229 rejicitur,
3181 1163 3264 1218 vel
3310 1164 3380 1220 ob
3404 1179 3503 1220 oc-

1912 1240 2054 1296 culta
2089 1251 2211 1310 post
2229 1253 2458 1300 mortem
2488 1246 2667 1301 divina
2694 1247 3033 1304 districtione
3068 1252 3380 1308 damnatur.
3435 1256 3504 1310 Et

1910 1332 2288 1390 universaliter
2312 1335 2368 1389 in
2399 1335 2504 1392 ﬁne
2525 1338 2854 1407 perﬁcietur,
2893 1343 3107 1410 quando
3133 1347 3296 1400 mittet
3326 1345 3503 1402 Filius

1909 1421 2137 1476 hominis
2165 1423 2375 1492 angelos
2403 1443 2550 1492 suos,
2577 1439 2624 1482 et
2655 1429 2895 1501 colligent
2923 1433 2986 1486 de
3010 1451 3165 1505 regno
3189 1436 3303 1505 ejus
3325 1439 3502 1492 omnia

1907 1512 2161 1566 scandala
2205 1513 2418 1584 (Matth.
2446 1516 2590 1588 xm).
2641 1519 3012 1576 Ventilabrum
3040 1524 3220 1592 itaque
3243 1526 3506 1581 Dominus

1907 1601 1961 1656 in
1993 1618 2179 1669 manu,
2213 1603 2263 1658 id
2291 1614 2376 1660 est
2393 1605 2583 1674 judicii
2608 1610 2898 1668 discrimen
2943 1613 3104 1669 habet
3128 1616 3180 1670 in
3208 1626 3496 1684 potestate.

1908 1690 2043 1758 Quia
2095 1691 2257 1748 Pater
2300 1710 2405 1750 non
2443 1696 2654 1768 judicat
2697 1715 3045 1774 quemquam,
3089 1705 3184 1758 sed
3235 1705 3498 1774 judicium

216 1782 358 1848 Quid
382 1783 546 1854 igitur
573 1783 715 1838 inter
744 1784 992 1840 homines
1017 1784 1286 1852 Christus,
1339 1788 1441 1843 nisi
1474 1797 1676 1843 sanctae
1700 1791 1805 1845 Ec-
1833 1782 1879 1839 Β
1905 1798 2066 1838 omne
2095 1784 2241 1839 dedit
2265 1785 2420 1840 Filio.

211 1872 398 1928 clesia:
442 1889 672 1943 sponsus
716 1875 1008 1944 apparuit?
1063 1877 1140 1930 De
1177 1892 1284 1946 quo
1310 1886 1365 1932 et
1396 1878 1538 1932 idem
1567 1878 1804 1936 Joannes

212 1966 385 2020 dicit:
420 1965 524 2031 Qui
544 1965 693 2020 habet
719 1983 963 2036 sponsam
992 1983 1214 2037 sponsus
1240 1977 1316 2021 est
1344 1968 1524 2040 (Joan.
1559 1971 1663 2040 ιιι).
1699 1969 1805 2026 Sed

210 2057 342 2125 quia
381 2056 618 2112 Joannes
669 2072 777 2112 non
830 2072 1112 2128 sponsum,
1166 2059 1295 2128 quin
1342 2060 1523 2128 potius
1569 2061 1804 2116 amicum

209 2146 398 2216 sponsi
422 2162 480 2202 se
502 2146 650 2202 credi
678 2147 866 2214 voluit,
897 2155 1045 2204 recte
1073 2162 1133 2204 se
1155 2149 1431 2220 indignum
1455 2165 1576 2205 esse
1601 2149 1667 2205 ad
1693 2151 1802 2206 sol-

208 2240 450 2292 vendum
500 2238 786 2310 corrigiam
834 2237 950 2306 ejus
991 2239 1343 2296 calceamenti
1377 2241 1696 2308 denuntiat,
1741 2258 1806 2298 ac

207 2333 251 2387 si
276 2341 474 2401 aperte
499 2332 684 2388 dicat:
712 2333 826 2404 Ego
869 2332 1248 2404 Redemptoris
1279 2335 1506 2406 vestigia
1531 2335 1805 2390 denudare

205 2437 314 2478 non
347 2421 535 2490 valeo,
567 2422 694 2494 quia
729 2423 912 2494 sponsi
940 2439 1137 2480 nomen
1168 2423 1301 2479 mihi
1350 2425 1654 2482 immeritus
1696 2442 1802 2481 non

203 2529 435 2585 usurpo.

270 2603 406 2674 Ipse
423 2621 508 2660 vos
535 2605 820 2677 baptizabit
841 2607 896 2660 in
918 2605 1119 2678 Spiritu
1140 2617 1320 2664 sancto
1346 2619 1394 2664 et
1416 2611 1553 2679 igne.
1587 2609 1802 2682 (Βατία.)

199 2693 312 2750 Hoc
344 2701 433 2749 est
463 2703 517 2750 et
567 2697 887 2766 purgatione
929 2698 1376 2756 sanctiﬁcationis
1403 2710 1457 2755 et
1485 2701 1803 2770 probatione

200 2783 596 2841 tribulationis.
659 2785 846 2842 Potest
886 2797 1068 2842 autem
1123 2789 1262 2843 idem
1307 2789 1538 2859 Spiritus
1585 2800 1804 2848 sanctus

196 2878 374 2932 etiam
401 2877 623 2932 nomine
650 2879 789 2948 ignis
825 2879 1161 2950 signiﬁcatus
1185 2881 1425 2952 intelligi.
1476 2882 1611 2949 Quia
1641 2893 1695 2938 et
1722 2884 1803 2938 in-

196 2969 390 3023 cendit
428 2982 528 3038 per
572 2982 836 3035 amorem,
885 2978 942 3024 et
971 2985 1070 3039 per
1097 2971 1417 3040 sapientiam
1444 3013 1458 3037 ,
1493 2988 1597 3041 qua
1630 2973 1802 3042 replet

194 3059 395 3123 corda,
430 3056 720 3114 illuminat.
771 3058 923 3114 Unde
975 3069 1028 3114 et
1077 3059 1151 3114 illi
1201 3060 1399 3130 quibus
1430 3062 1632 3118 dictum
1663 3071 1748 3119 est
1783 3081 1796 3116 :

197 3149 346 3216 Quia
385 3147 620 3202 Joannes
661 3149 873 3220 quidem
897 3149 1180 3219 baptizavit
1214 3123 1375 3222 aqua,
1399 3169 1486 3206 vos
1515 3161 1688 3206 autem
1714 3154 1803 3207 ba-
1830 3123 1873 3184 Ο

189 3237 533 3308 ptisabimini
556 3236 756 3308 Spiritu
781 3249 962 3292 sancto
985 3239 1122 3309 (Act.
1144 3239 1206 3309 ι),
1240 3241 1380 3296 idem
1407 3241 1670 3310 baptisma
1689 3241 1806 3311 Spi-

196 3329 345 3384 ritus
382 3327 436 3383 in
466 3328 603 3399 ignis
629 3329 835 3384 visione
856 3329 1179 3399 percipiunt.
1233 3330 1371 3384 Sunt
1405 3333 1496 3400 qui
1530 3334 1602 3386 ita
1633 3348 1801 3402 expo-

195 3426 366 3482 nunt,
398 3417 545 3486 quod
581 3417 634 3471 in
662 3419 916 3486 prementi
941 3419 994 3472 in
1023 3419 1240 3489 spiritu,
1265 3429 1320 3476 et
1345 3422 1398 3475 in
1422 3420 1604 3476 futuro
1626 3423 1800 3492 bapti-

195 3521 400 3560 zemur
421 3505 476 3558 in
502 3505 643 3575 igne,
673 3515 733 3560 ut
755 3507 1005 3563 videlicet
1033 3509 1173 3564 sicut
1201 3526 1342 3566 nunc
1383 3511 1436 3565 in
1467 3513 1798 3581 redemptio-

194 3613 324 3650 nem
355 3596 598 3650 omnium
623 3606 964 3666 peccatorum
999 3613 1066 3654 ex
1092 3616 1231 3672 aqua
1261 3610 1318 3657 et
1344 3603 1534 3672 spiritu
1562 3605 1799 3659 renasci-

192 3703 344 3750 mur,
391 3687 466 3742 ita
495 3697 550 3742 et
572 3695 701 3744 tunc
725 3689 792 3744 de
813 3690 1021 3746 levibus
1045 3693 1363 3762 quibusdam
1392 3696 1650 3764 peccatis,
1679 3711 1798 3766 qua:

194 3779 326 3847 hinc
361 3780 519 3834 nobis
536 3781 787 3837 euntibus
807 3783 1166 3849 adhaeserunt,
1193 3787 1489 3856 purgatorii
1513 3788 1652 3858 ignis
1671 3796 1798 3844 ante

196 3870 454 3924 ultimum
470 3869 731 3940 judicium
771 3870 1087 3941 baptismate
1116 3875 1560 3942 permundemur,
1587 3875 1797 3933 dicente

196 3960 451 4032 apostolo
481 3977 494 4012 :
553 3957 612 4016 Si
631 3960 746 4030 quis
777 3961 1271 4031 superwdiﬁcaverit
1299 3979 1457 4033 super
1480 3963 1578 4017 hoc
1602 3963 1798 4032 fundu-

195 4061 464 4116 mentum,
512 4066 723 4116 aurum,
755 4061 1045 4121 argentum,
1085 4051 1286 4123 lapides
1323 4054 1596 4123 pretiosos,
1630 4053 1793 4124 ligna,

195 4141 406 4211 (crium,
437 4141 704 4212 stipulam,
745 4142 1154 4214 uniuscujusque
1180 4160 1310 4214 opus
1339 4145 1494 4215 quale
1522 4146 1625 4208 sit,
1660 4145 1795 4215 ignis

193 4230 465 4300 probabit.
496 4229 556 4285 Si
583 4230 738 4302 cujus
765 4245 895 4302 Opus
924 4234 1205 4298 manserit,
1233 4234 1373 4304 quod
1399 4235 1794 4304 supermdiﬁca-

193 4325 292 4387 vit,
322 4321 616 4376 mercedem
651 4322 887 4392 accipiet.
939 4321 1002 4378 Si
1049 4323 1202 4392 cujus
1230 4341 1357 4394 opus
1383 4325 1570 4379 arserit
1588 4365 1603 4390 ,
1633 4325 1795 4380 detri-

195 4423 438 4468 mentum
472 4415 733 4485 patietur;
781 4416 888 4486 ipse
913 4427 1086 4470 autem
1125 4417 1300 4472 salvus
1329 4419 1448 4485 erit,
1495 4419 1572 4474 sic
1617 4428 1790 4476 tamen

194 4504 356 4573 quasi
381 4520 475 4574 per
495 4505 664 4574 ignem
691 4503 741 4576 (1
765 4502 887 4559 Cor.
918 4506 1024 4578 ιιι).
1049 4506 1203 4574 Quod
1230 4508 1480 4578 quamvis
1502 4509 1644 4564 etde
1666 4510 1791 4581 igne

198 4592 574 4647 tribulationis
618 4593 672 4648 in
702 4593 805 4648 hac
831 4595 986 4650 nobis
1013 4596 1121 4650 vita
1162 4596 1402 4653 adhibito
1431 4598 1602 4667 possit
1627 4598 1788 4654 intel-

195 4681 316 4752 ligi,
346 4690 528 4739 tamen
553 4684 596 4738 si
619 4685 740 4754 quis
765 4685 866 4740 hoc
893 4687 1098 4757 deigne
1121 4687 1313 4744 futura:
1335 4691 1674 4762 purgationis
1703 4707 1793 4748 ac-

195 4775 392 4845 cipiat,
416 4777 753 4846 pensandum
784 4777 1013 4834 sollicite
1036 4781 1266 4852 estquia
1295 4782 1443 4838 illum
1473 4783 1609 4838 dixit
1632 4799 1795 4854 posse

195 4884 299 4939 per
333 4868 516 4938 ignem
543 4869 760 4936 salvari,
791 4887 896 4927 non
923 4873 1014 4942 qui
1041 4889 1202 4944 super
1221 4873 1626 4932 fundamentum
1644 4876 1796 4934 Chri-

193 4959 267 5014 sti
301 4958 643 5027 l'errum,a2s,
667 4962 946 5032 plumbum
971 4964 1222 5032 aediﬁcat,
1253 4966 1308 5020 id
1329 4975 1413 5022 est
1430 4977 1654 5038 peccata
1683 4985 1798 5026 ma-

187 5049 320 5119 jora
354 5061 412 5104 et
442 5049 692 5119 duriora,
739 5061 900 5122 atque
929 5063 1056 5109 tunc
1085 5052 1200 5122 jam
1249 5055 1579 5126 insolubilis,
1608 5058 1705 5116 sed
1736 5059 1797 5115 li—

194 5157 362 5206 num,
392 5140 600 5208 fenum,
627 5143 900 5214 stipulam,
930 5145 983 5200 id
1007 5155 1090 5201 est
1127 5157 1346 5216 peccata
1379 5148 1600 5204 minima
1632 5159 1796 5221 atque

194 5233 518 5298 levissima,
570 5249 690 5302 qua:
727 5235 866 5305 ignis
908 5235 1064 5292 facile
1114 5248 1413 5293 consumat.
1469 5239 1583 5296 Hoc
1613 5249 1794 5296 tamen

195 5325 494 5380 sciendum
521 5329 786 5397 est,quod
812 5328 918 5384 illic
944 5328 1136 5385 saltem
1181 5330 1246 5385 de
1274 5331 1510 5390 minimis
1539 5332 1618 5386 nil
1643 5333 1793 5401 quis-

194 5431 312 5485 que
333 5416 676 5488 purgationis
703 5417 984 5487 obtinebit,
1027 5421 1130 5476 nisi
1158 5421 1312 5477 bonis
1366 5421 1468 5479 hoc
1503 5422 1715 5478 actibus
1743 5423 1795 5478 in

195 5506 312 5562 hae
344 5505 526 5564 adhuc
555 5507 665 5564 vita
701 5509 932 5583 positus,
977 5521 1038 5568 ut
1060 5512 1168 5568 illic
1194 5511 1455 5579 obtineat,
1477 5527 1796 5584 promerea-

198 5609 316 5654 ων.

276 5679 461 5764 Cujus
489 5695 830 5753 ventilabrum
879 5698 935 5752 in
967 5715 1124 5753 manu
1171 5715 1304 5766 sua,
1341 5708 1388 5754 et
1431 5699 1799 5768 permundabit

1973 1872 2044 1926 Et
2078 1877 2408 1946 congregabit
2445 1883 2680 1941 nimum
2721 1898 2874 1935 suum
2922 1883 2981 1936 in
3013 1885 3276 1952 horreum,
3319 1887 3499 1958 paleas

1903 1973 2078 2016 autem
2105 1964 2368 2020 comburet
2391 1967 2498 2037 igni
2529 1972 2960 2040 inexstinguibili.
3004 1973 3072 2027 Et
3098 1975 3212 2046 ipse
3237 1975 3498 2033 Dominus

1903 2055 2215 2122 parabolam
2244 2057 2370 2112 boni
2413 2059 2656 2125 seminis,
2705 2063 2791 2116 cui
2829 2068 3280 2134 superseminavit
3312 2068 3497 2124 inimi-

1905 2159 2000 2198 cus
2027 2145 2188 2198 homo
2219 2146 2464 2213 zizania,
2510 2149 2583 2202 ita
2625 2153 2958 2218 terminavit,
2985 2163 3042 2208 ut
3072 2157 3315 2212 diceret:
3350 2159 3419 2212 Et
3442 2160 3498 2214 in

1905 2243 2130 2302 tempore
2164 2237 2344 2290 messis
2375 2237 2548 2292 dicam
2595 2242 2908 2296 messoribus
2938 2257 2956 2294 :
3007 2242 3245 2315 Colligite
3268 2249 3497 2316 primum

1904 2323 2133 2390 zizania,
2159 2336 2207 2382 et
2233 2327 2446 2397 alligate
2480 2346 2543 2383 ea
2575 2331 2630 2384 in
2663 2331 2946 2400 fasciculos
2967 2336 3036 2389 ad
3062 2339 3494 2403 comburendum,

1903 2415 2138 2468 triticum
2160 2425 2333 2470 autem
2361 2432 2666 2490 congregata
2707 2423 2762 2476 in
2808 2424 3052 2479 horreum
3094 2445 3266 2483 meum
3306 2428 3493 2501 (lbid.)

1903 2503 2170 2558 Nimirum
2198 2506 2402 2562 docens
2426 2509 2619 2578 impios
2643 2521 2698 2565 et
2739 2523 3054 2581 peccatores
3078 2518 3338 2586 gehean
3383 2519 3494 2588 igni

1903 2597 2215 2664 tradendos,
2255 2609 2476 2654 sanctos
2507 2617 2634 2656 vero
2679 2605 2885 2659 cmlesti
2935 2607 3105 2676 gloria
3133 2611 3493 2666 coronandos.

1905 2687 2105 2743 Verum
2136 2691 2236 2745 hoc
2268 2692 2408 2746 inter
2441 2693 2623 2762 paleas
2667 2703 2720 2748 et
2751 2695 2954 2748 zizania
3001 2698 3186 2752 distat.
3229 2697 3363 2766 Quia
3399 2715 3496 2768 pa-

1905 2779 2002 2834 lea:
2054 2796 2159 2835 non
2219 2781 2325 2836 alio
2373 2798 2535 2852 quam
2588 2785 2891 2839 triticorum
2947 2788 3150 2841 semine
3204 2790 3494 2858 prodeunt,

1905 2872 2152 2942 quamvis
2179 2888 2210 2926 a
2243 2875 2441 2929 radicis
2472 2877 2622 2930 bona:
2653 2877 2934 2931 nobilitate
2969 2879 3318 2948 degenerent,
3348 2880 3494 2962 κιρ-

1906 2963 1993 3016 nia
2019 2973 2198 3016 autem
2240 2980 2346 3018 non
2373 2964 2580 3020 fructus
2609 2967 2782 3020 solum
2812 2968 3006 3022 merito
3033 2969 3365 3038 discerpunt,
3397 2969 3494 3024 sed

1905 3063 1960 3109 et
1986 3055 2197 3110 diversa
2225 3073 2448 3125 prorsus
2479 3060 2688 3128 origine
2731 3071 3108 3130 procreantur.
3160 3064 3294 3130 Quia
3325 3064 3497 3133 paleze

1906 3157 2030 3203 sunt
2059 3149 2132 3204 illi
2156 3151 2248 3218 qui
2278 3151 2516 3220 ejusdem
2548 3167 2671 3206 eum
2699 3154 2886 3208 electis
2917 3154 3040 3208 ﬁdei
3091 3157 3363 3224 mysteriis
3390 3157 3495 3210 im‘

1905 3237 2163 3301 buuntur,
2198 3239 2292 3293 sed
2320 3240 2388 3293 ab
2416 3255 2602 3295 eorum
2630 3242 2798 3297 solida
2842 3243 3174 3312 perfectione
3196 3285 3211 3308 ,
3247 3245 3328 3300 vel
3368 3260 3495 3314 ope-

1904 3343 2024 3380 rum
2064 3328 2318 3394 levitate,
2371 3331 2456 3386 vel
2513 3333 2748 3401 perﬁdiae
2798 3337 3102 3401 vacuitate,
3145 3337 3492 3392 dissentiunt.

1902 3418 2120 3472 Zizania
2165 3433 2320 3483 vero,
2368 3421 2460 3489 qui
2513 3438 2612 3477 nec
2661 3423 2848 3478 audire
2889 3426 3103 3492 quidem
3152 3427 3277 3484 ﬁdei
3329 3431 3494 3484 verba

1901 3509 2212 3578 dignantur.
2261 3510 2493 3580 Ideoque
2543 3527 2572 3564 a
2603 3513 2866 3568 bonorum
2899 3525 3042 3569 sorte
3063 3525 3121 3570 et
3143 3531 3307 3585 opere
3334 3517 3495 3571 simul

1900 3599 2303 3668 etprol‘essione
2324 3611 2702 3656 secernuntur.
2727 3603 2793 3656 Et
2808 3603 2880 3656 ita
2897 3605 2951 3656 in
2974 3620 3106 3674 agro
3122 3606 3309 3662 mundi
3336 3607 3496 3662 istius

1899 3705 2040 3744 unus
2084 3691 2403 3755 electorum,
2453 3700 2509 3745 et
2541 3691 2648 3746 duo
2693 3701 2818 3746 sunt
2855 3692 3068 3748 fructus
3111 3695 3491 3762 reproboruin.

1899 3779 2034 3846 Quia
2082 3787 2138 3834 et
2181 3780 2362 3835 omnia
2409 3795 2530 3847 qua:
2571 3780 2821 3836 inimicus
2864 3783 3099 3836 seminat
3125 3781 3357 3838 ﬂammis
3391 3785 3491 3837 ob-

1898 3872 2060 3927 noxia
2094 3880 2240 3936 sunt,
2268 3881 2321 3926 et
2350 3871 2494 3940 quod
2519 3879 2602 3927 est
2627 3872 2866 3942 gravius,
2906 3872 3139 3942 plurima
3166 3888 3231 3928 ex
3262 3875 3347 3928 his
3371 3890 3494 3943 quas

1896 3961 2056 4017 bonis
2083 3968 2232 4018 sator
2259 3959 2416 4030 jacit,
2464 3969 2612 4015 auta
2663 3961 2967 4020 volatilibus
3017 3971 3192 4032 rapta,
3238 3973 3331 4018 aut
3377 3963 3495 4019 sole

1897 4038 2156 4117 areiacta,
2213 4061 2309 4107 aut
2358 4053 2529 4122 spinis
2575 4052 2856 4120 suﬂ‘ocata,
2899 4063 2994 4109 aut
3041 4065 3189 4110 certe
3224 4057 3281 4109 in
3318 4056 3495 4125 paleis

1896 4158 2053 4198 versa
2081 4143 2398 4212 depereunt.
2449 4141 2636 4197 Solum
2670 4153 2850 4198 autem
2879 4144 2946 4198 de
2985 4151 3132 4197 terra
3172 4145 3315 4198 bona
3340 4159 3494 4198 crea-

1898 4242 2033 4299 tum,
2081 4243 2138 4288 et
2165 4233 2426 4302 patientia
2479 4233 2639 4303 digna
2669 4234 2955 4304 probatum
2999 4235 3238 4292 triticum
3283 4235 3488 4292 electo-

1896 4340 2038 4389 rum,
2062 4323 2300 4379 cmlestis
2331 4323 2454 4377 vita:
2477 4324 2801 4378 recondetur
2826 4324 2880 4377 in
2904 4324 3180 4379 horreum.
3209 4325 3493 4392 Quomodo

1889 4411 2047 4484 juxta
2075 4412 2236 4466 aliam
2264 4411 2574 4482 parabolam
2596 4428 2703 4467 non
2731 4411 2902 4466 solum
2932 4413 3127 4482 pisces,
3159 4414 3250 4482 qui
3274 4423 3492 4484 aposto-

1897 4505 2017 4559 lica:
2061 4502 2188 4557 ﬁdei
2217 4502 2354 4558 retia
2381 4501 2692 4568 declinant,
2735 4503 2860 4557 imis
2882 4512 3229 4573 peccatorum
3271 4505 3490 4561 obscuri

1900 4593 2139 4648 resident
2167 4592 2223 4646 in
2252 4593 2431 4658 undis,
2481 4608 2668 4647 verum
2709 4593 2866 4646 multi
2903 4595 2970 4649 ad
3001 4595 3151 4650 littus
3181 4611 3352 4665 usque
3380 4598 3491 4652 dis—

1901 4683 2158 4739 cretionis
2183 4691 2458 4749 extremae,
2502 4685 2646 4739 inter
2667 4683 2842 4740 bonos
2863 4687 3102 4753 attracti,
3125 4691 3258 4744 tunc
3281 4691 3350 4745 ob
3377 4705 3491 4746 suae

1901 4774 2155 4844 nequitia:
2191 4789 2390 4830 noxam
2421 4775 2721 4832 exteriores
2761 4777 2904 4833 mitti
2945 4788 3222 4836 merentur
3250 4781 3305 4835 in
3333 4790 3488 4838 tene-

1900 4865 2049 4920 bras.

1969 4959 2152 5030 lgnem
2173 4968 2352 5015 autem
2378 4960 2640 5029 gehennae
2663 4959 2856 5019 bifaria
2889 4964 3100 5021 ratione
3135 4965 3489 5037 inexstingui—

1899 5049 2060 5105 bilem
2086 5059 2265 5118 vocat,
2293 5049 2348 5105 id
2383 5057 2486 5120 est,
2531 5051 2659 5120 quia
2698 5066 2871 5121 neque
2895 5053 2982 5108 ille
3028 5062 3287 5124 perpetuo
3314 5055 3486 5121 possit

1898 5142 2165 5213 exstingui
2192 5182 2207 5209 ,
2258 5156 2433 5211 neque
2461 5157 2554 5197 eos
2583 5157 2719 5211 quos
2766 5145 2973 5198 cruciat
3010 5159 3244 5212 unquam
3275 5144 3484 5198 exstin-

1897 5243 2105 5299 cturus,
2137 5233 2230 5288 sed
2260 5233 2570 5299 immortali,
2611 5241 2672 5290 ut
2693 5234 2766 5290 ita
2790 5235 3037 5300 dixerim,
3072 5233 3143 5288 sit
3171 5243 3343 5290 morte
3371 5234 3485 5304 ple-
3521 5271 3528 5284 .

1903 5340 2091 5380 xurus.
2135 5323 2218 5379 Ad
2248 5324 2650 5384 distinctionem
2687 5327 2933 5384 videlicet
2961 5325 3105 5382 illius
3133 5325 3484 5381 sacratissimi

1905 5418 2064 5488 ignis,
2090 5431 2198 5487 quo
2221 5416 2421 5473 electos
2448 5419 2647 5478 Christi
2675 5417 3029 5488 baptizandos
3061 5433 3183 5473 esse
3208 5419 3485 5488 praemise—

1906 5518 2010 5564 rat.
2041 5509 2114 5564 De
2140 5526 2246 5580 quo
2271 5509 2556 5567 Psalmista
2588 5528 2601 5564 :
2641 5510 2773 5580 Igne
2795 5527 2888 5564 nos
2909 5511 3245 5576 examinasti,
3275 5511 3374 5578 ait,
3410 5511 3488 5568 si-

1906 5609 1993 5654 cut
2021 5599 2354 5654 eraminatur
2381 5611 2648 5672 argentum
2677 5598 2848 5672 (Psal.
2880 5599 3026 5672 xcv).
3057 5601 3126 5656 Et
3144 5599 3302 5672 paulo
3322 5610 3475 5671 post:

1909 5691 2025 5749 Non
2041 5692 2146 5748 usti
2175 5708 2361 5752 sumus
2379 5693 2436 5751 in
2463 5703 2742 5759 aeternum,
2765 5691 2860 5747 sed
2886 5690 3267 5760 Transiaimus,
3287 5690 3483 5758 inquit.
