3970 6198
389 336 499 394 ’1⁸15

1079 323 1138 378 Β.
1177 319 1429 378 uanam
1467 317 1686 376 MAURl
1721 298 2054 370 accurari
2083 307 2392 366 MOGUNT.
2435 301 2715 361 eranum
2758 301 2932 355 rans
2971 299 3010 353 ι.

3537 289 3647 345 ’176

389 464 484 521 per
507 448 678 517 ignem
703 450 750 496 et
772 453 981 510 aquam,
1001 444 1047 490 et
1072 434 1269 488 duxisti
1288 449 1381 486 nos
1408 433 1465 487 in
1486 427 1814 500 refrigerium
1842 443 1859 489 ;
1887 425 1967 478 in-
1996 427 2044 484 Λ
2071 423 2138 477 ad
2165 423 2267 477 hoc
2293 420 2440 474 venit
2479 419 2532 472 in
2570 415 2826 470 mundum
2855 421 2913 465 nt
2954 416 3172 481 peccata
3203 406 3418 460 tolleret
3444 402 3653 456 mundi.

1524 519 1534 521 _
1559 517 1571 521 -
1759 514 1771 521 .
1846 514 1858 521 .
1920 513 1932 521 .
2086 514 2131 521 -.
2181 512 2232 521 η.
2316 511 2330 521 .
2369 512 2381 521 .
2444 511 2475 521 ._
2514 509 2526 521 ο
2657 506 2676 521 ι
2839 519 2880 521 ,_
2913 499 3176 521 |,A_u.:_-__:
3237 497 3288 521 ΞΔ
3321 507 3396 521 ΑΛ.
3465 510 3492 521 ι.
3529 508 3625 521 ηδ..

393 513 561 589 troibo
581 533 639 585 in
662 529 872 583 domum
903 535 1046 579 tuam
1071 523 1125 576 in
1151 520 1489 584 holocaustis,
1523 517 1576 572 id
1603 523 1708 580 est,
1741 513 1965 568 devictis

391 634 768 694 pressurarum
799 614 1109 687 angoribus,
1156 613 1208 667 in
1244 614 1538 682 gratiarum
1584 605 1796 662 actione
1819 602 1969 672 regni

399 711 475 764 tui
497 708 632 763 atria
655 705 968 777 penetrabo.

469 816 603 891 [lll.]
635 816 779 870 Tunc
803 816 939 869 venit
961 813 1117 866 Jesus
1152 828 1183 864 a
1224 807 1444 862 Galilcea
1467 807 1521 860 in
1557 804 1864 865 Iordanem,
1905 800 1973 854 ad

399 890 679 969 Joannem,
709 914 765 958 ut
791 903 1146 973 baptizaretur
1180 897 1245 952 ab
1275 913 1354 952 eo.
1389 893 1616 968 (MAUR.)
1663 892 1818 960 Quod
1848 890 1980 946 dicit

406 996 549 1050 Tunc
577 995 710 1048 venit
739 992 916 1058 Jesus,
967 991 1022 1045 id
1059 997 1180 1054 est,
1217 1001 1282 1043 eo
1322 995 1561 1056 tempore
1601 999 1707 1054 quo
1746 981 1981 1037 Joannes

404 1087 750 1158 praedicabat,
803 1092 859 1138 et
890 1081 1218 1153 baptizabat,
1255 1077 1572 1133 duodecimo
1602 1089 1744 1130 anno
1780 1073 1984 1129 scilicet

408 1178 609 1233 Tiberii
643 1176 894 1241 Caesaris,
940 1188 1064 1228 cum
1087 1173 1200 1241 ipse
1228 1168 1384 1224 Jesus
1412 1167 1749 1236 trigesimum
1786 1179 1985 1218 annum

408 1267 585 1323 aetatis
611 1267 835 1321 haberet
859 1281 873 1329 ;
904 1261 1203 1331 legitimum
1230 1257 1483 1312 videlicet
1519 1255 1574 1309 in
1605 1255 1710 1309 hoc
1738 1260 1794 1308 et
1815 1259 1988 1305 matu-

411 1374 531 1414 rum
563 1366 771 1427 tempus
800 1354 1088 1410 ostendens
1107 1349 1281 1406 aetatis
1306 1348 1392 1402 his
1417 1347 1511 1415 qui
1539 1357 1756 1401 omnem
1776 1350 1990 1397 aztatcm

412 1451 494 1504 vel
521 1448 589 1503 ad
627 1444 1008 1519 sacerdotium,
1050 1439 1229 1497 velad
1255 1437 1555 1493 docendum
1583 1440 1773 1505 putant
1799 1445 1993 1501 oppor-

417 1550 622 1604 tunam,
673 1537 813 1606 quod
854 1536 969 1605 ipse
997 1531 1219 1601 triginta
1264 1541 1529 1584 annorum
1575 1521 1901 1593 baptizatur,
1941 1527 1996 1575 et

418 1641 548 1685 tunc
575 1629 790 1682 demum
819 1623 1007 1693 incipit
1041 1621 1192 1692 signa
1245 1619 1453 1684 facere,
1506 1622 1563 1669 et
1597 1613 1810 1669 docere.
1859 1609 1994 1665 Nam

421 1719 682 1775 duodenis
705 1716 1070 1785 interrogabat
1104 1711 1348 1767 homines
1381 1709 1437 1763 in
1465 1715 1630 1770 terra,
1666 1703 1758 1774 qui
1800 1717 1899 1773 per
1925 1699 2000 1756 di-

422 1812 701 1865 vinitatem
748 1822 901 1863 suam
950 1806 1105 1860 docet
1152 1800 1372 1870 angelos
1409 1799 1464 1852 in
1501 1796 1658 1852 caelo.
1710 1793 1804 1849 Sic
1831 1801 1888 1848 et
1907 1791 1995 1846 Jo-

427 1901 580 1970 seph,
608 1899 698 1968 qui
738 1898 790 1951 in
822 1895 1046 1966 ﬁguram
1091 1887 1508 1946 resurrectionis
1537 1884 1780 1954 Novique
1814 1881 1999 1936 Testa-

427 1991 592 2049 menti
639 1987 911 2058 octOginta
939 1984 1094 2038 annis
1141 1979 1426 2052 Egyptios
1479 1992 1509 2032 a
1554 1976 1698 2031 fame
1740 1971 1997 2036 defendit,

428 2079 770 2144 tricenarius,
797 2075 995 2132 ablutis
1017 2070 1271 2143 ergastuli
1301 2067 1576 2133 sordibus,
1621 2063 1770 2135 regni
1806 2062 2000 2134 guber-

432 2171 624 2229 uacula
651 2167 906 2238 suscepit.
936 2165 1004 2219 Et
1027 2161 1193 2217 David
1222 2161 1409 2216 eadem
1436 2165 1595 2214 astate
1613 2169 1839 2225 regnum
1859 2151 2002 2222 quod

432 2257 894 2332 septuagenarius,
923 2255 976 2310 id
999 2261 1103 2319 est,
1141 2258 1398 2323 perpetua
1429 2247 1611 2319 quiete
1639 2246 1832 2316 dignus
1859 2257 2004 2298 com-

431 2353 624 2424 pleret,
687 2346 980 2403 inchoavit.
1024 2343 1092 2398 Et
1140 2339 1391 2396 Ezechiel
1448 2336 1668 2408 triginta
1719 2347 2001 2396 annorum,

435 2443 637 2514 apertis
685 2439 785 2496 sibi
837 2437 1025 2501 caalis,
1059 2433 1354 2506 prophetia:
1392 2431 1531 2486 dona
1576 2425 1903 2499 promeruit;
1953 2433 2009 2478 et

436 2513 559 2601 quia
590 2545 686 2600 per
730 2528 888 2582 ﬁdem
925 2533 980 2580 et
1007 2525 1230 2578 adversa
1261 2518 1638 2591 longanimiter
1669 2513 1799 2570 ferri
1838 2521 1894 2568 et
1920 2527 2010 2567 su-

435 2621 673 2678 blimiter
701 2619 895 2674 debent
917 2616 1134 2686 praemia
1162 2612 1404 2683 sperari,
1452 2617 1509 2666 et
1545 2624 1688 2664 arcm
1716 2606 1798 2662 vel
1824 2604 2008 2674 templi

437 2710 684 2776 altitudo,
743 2717 798 2763 et
843 2704 1174 2761 tabernaculi
1219 2701 1496 2774 longitudo
1548 2699 1766 2770 triginta
1815 2695 2012 2752 cubitis

438 2805 798 2858 tnensuratur.
832 2795 976 2849 Tunc
1001 2793 1157 2858 venit,
1209 2790 1404 2862 inquit,
1431 2789 1590 2844 Iesus
1616 2787 1670 2841 in
1700 2785 2012 2852 Iordanem,

437 2889 508 2946 ad
544 2887 826 2950 Joannem,
859 2892 914 2937 ut
939 2882 1290 2952 baptizaretur
1316 2879 1380 2933 ab
1405 2895 1486 2932 eo.
1523 2873 1793 2949 (Πίου-οη.)
1821 2872 2014 2942 Tripli-

439 2993 559 3035 cem
590 2978 659 3032 ob
699 2989 916 3030 causam
947 2972 1194 3028 Salvator
1233 2985 1264 3024 a
1306 2968 1514 3024 Joanne
1559 2965 1769 3035 accepit
1814 2964 2016 3033 baptis-

440 3083 609 3122 mum.
640 3066 903 3129 Primum,
930 3071 992 3117 ut
1039 3062 1166 3132 quia
1196 3062 1358 3117 homo
1405 3066 1567 3112 natus
1615 3063 1754 3119 erat,
1800 3069 2014 3110 omnem

2072 514 2154 568 Ab
2181 512 2271 567 illo
2299 511 2485 566 debuit
2514 509 2626 579 ipse
2651 506 2887 560 Joannes
2913 499 3200 572 baptizari,
3237 497 3290 551 id
3317 507 3426 558 est,
3465 510 3495 548 a
3528 508 3658 564 pec-

2075 602 2180 658 cati
2225 598 2503 679 originalis
2550 595 2870 665 contagione
2925 589 3199 646 mundari.
3257 585 3358 653 Qui
3408 582 3665 653 quamvis

2076 695 2224 752 nullo
2270 695 2413 748 inter
2431 677 2587 746 natos
2613 687 2896 744 mulierum
2934 685 3134 747 minor,
3176 689 3356 734 tamen
3382 677 3539 746 quasi
3571 690 3664 728 na-

2081 795 2167 842 tus
2202 799 2271 839 ex
2310 781 2536 838 muliere
2581 780 2750 849 culpa:
2798 790 2948 831 naevo
2988 789 3094 829 non
3139 770 3384 827 carebat.
3434 768 3671 834 Ideoque

2079 892 2202 933 cum
2229 873 2440 930 caeteris
2468 871 2753 926 mulierum
2782 867 2922 922 natis
2951 866 3022 920 ab
3047 879 3112 920 eo
3137 862 3230 932 qui
3261 869 3422 915 natus
3457 872 3524 913 ex
3549 858 3673 911 Vir-

2082 967 2207 1039 gine
2231 965 2371 1020 Deus
2397 964 2450 1016 in
2465 975 2628 1016 carne
2653 958 2898 1028 apparuit
2914 971 3049 1025 opus
3071 952 3306 1008 habebat
3325 949 3494 1004 ablui.
3527 948 3678 1015 Quo-

2084 1061 2228 1114 niam
2255 1072 2384 1126 ergo
2405 1055 2666 1123 scriptum
2699 1058 2817 1105 est:
2853 1048 2991 1116 Quid
3021 1056 3104 1101 est
3132 1047 3298 1100 homo
3322 1051 3381 1096 ut
3409 1041 3678 1094 immacu-

2087 1149 2300 1204 culatus
2334 1146 2422 1209 sit,
2459 1151 2514 1199 et
2539 1151 2600 1196 ut
2647 1138 2879 1194 mundus
2929 1143 3208 1207 appareat,
3261 1141 3422 1186 natus
3447 1146 3514 1185 ex
3553 1145 3681 1183 mu-

2088 1242 2220 1296 liere
2248 1237 2430 1308 (Joan.
2459 1233 2635 1307 xxv)?
2680 1231 2809 1287 Jure
2837 1229 3036 1294 timuit,
3077 1228 3240 1282 homo
3271 1221 3519 1295 quamvis
3543 1236 3674 1274 san-

2091 1341 2229 1394 ctus,
2262 1337 2420 1383 natus
2449 1334 2625 1380 tamen
2655 1339 2724 1378 ex
2762 1320 3011 1383 muliere,
3042 1325 3093 1372 et
3113 1317 3183 1371 ob
3213 1315 3264 1369 id
3291 1329 3324 1368 a
3353 1311 3521 1381 culpae
3553 1325 3677 1362 ma-

2093 1421 2210 1477 cula
2233 1433 2340 1474 non
2356 1415 2632 1479 immunis,
2659 1411 2935 1481 baptizare
2950 1407 3256 1469 Dominum,
3283 1417 3443 1473 quem
3473 1415 3540 1454 ex
3567 1399 3683 1451 vir-

2095 1513 2218 1584 gine
2248 1519 2432 1566 natum
2454 1513 2676 1563 noverat
2701 1503 2900 1558 nullam
2930 1515 3152 1571 prorsus
3175 1499 3378 1553 habere
3407 1491 3680 1548 maculam

2097 1581 2287 1672 culpa}.
2348 1598 2456 1654 Sed
2480 1597 2603 1666 quia
2627 1609 2757 1650 vera
2783 1600 2869 1648 est
2893 1589 3171 1646 humilitas
3197 1588 3335 1656 ipsa,
3366 1597 3527 1653 quam
3549 1581 3684 1635 obe-

2099 1691 2298 1749 dientia
2340 1703 2522 1744 comes
2551 1701 2658 1742 non
2702 1682 2923 1747 deserit,
2972 1679 3117 1751 quod
3142 1679 3292 1748 prius
3324 1673 3558 1730 ofﬁcium
3585 1686 3647 1725 re

2026 1782 2344 1852 Bcusavit,
2399 1776 2741 1852 postmodum
2791 1771 3069 1828 humiliter
3094 1767 3373 1839 implevit;
3424 1779 3552 1819 nam
3593 1778 3686 1818 se-

2100 1873 2284 1944 quitur
2303 1889 2316 1924 :

2173 1960 2504 2030 Respondeas
2527 1966 2700 2012 autem
2727 1955 2906 2020 Iesus,
2952 1952 3086 2008 dixit
3128 1948 3176 2006 ei
3203 1966 3220 2003 :
3252 1946 3376 2003 Sine
3400 1945 3577 2008 modo,
3605 1944 3689 1996 sic

2102 2055 2239 2110 enim
2264 2053 2405 2108 decet
2437 2067 2530 2107 nos
2555 2049 2767 2121 implere
2804 2064 3006 2102 omnem
3028 2045 3316 2116 justitiam.
3353 2040 3496 2095 Tum:
3521 2039 3687 2092 dimi—

2104 2148 2170 2202 sit
2195 2163 2332 2201 eum.
2360 2145 2418 2200 ld
2438 2151 2542 2210 est,
2573 2151 2702 2198 tunc
2723 2141 2938 2197 demum
2975 2137 3200 2201 dimisit,
3230 2143 3361 2189 tunc
3386 2131 3687 2193 consensit,

2107 2247 2237 2292 tunc
2258 2251 2448 2308 passus
2467 2243 2550 2290 est
2576 2248 2699 2289 eum
2739 2247 2771 2286 a
2799 2245 2858 2287 se
2882 2227 3171 2300 baptizari,
3219 2239 3342 2280 cum
3379 2222 3469 2277 tali
3493 2221 3692 2276 ordine

2108 2327 2447 2399 cognovisset
2484 2339 2698 2382 omnem
2717 2321 2984 2394 justitiam
3005 2319 3203 2375 debere
3228 2313 3504 2384 compleri.
3553 2309 3691 2366 Sine

2111 2421 2290 2486 modo,
2315 2417 2511 2487 inquit,
2550 2416 2667 2472 sine
2697 2430 2784 2471 me
2822 2412 3002 2478 modo,
3029 2420 3088 2466 ut
3108 2409 3269 2479 iussi,
3298 2404 3560 2476 baptizari
3589 2404 3695 2456 abs

2113 2523 2165 2570 te
2191 2514 2244 2568 in
2271 2528 2432 2583 aqua,
2472 2520 2532 2566 ut
2561 2518 2618 2565 tu
2662 2518 2786 2580 post
2829 2508 3047 2563 modum
3078 2521 3108 2560 a
3132 2519 3219 2560 me
3241 2543 3257 2569 ,
3284 2501 3426 2574 quod
3467 2499 3693 2570 macris,

2114 2606 2404 2677 baptizaris
2430 2605 2483 2658 in
2510 2602 2722 2674 spiritu.
2770 2599 2864 2655 Sic
2885 2599 3026 2654 enim
3070 2598 3226 2653 decet
3263 2610 3359 2650 nos
3384 2605 3698 2662 praerogare

2115 2693 2415 2762 exemplum
2448 2691 2730 2760 implendas
2758 2689 2935 2745 omnis
2956 2686 3200 2757 justitire,
3238 2693 3297 2739 ut
3338 2681 3588 2737 videlicet
3613 2679 3698 2732 di-

2118 2792 2274 2841 scant
2305 2782 2488 2839 ﬁdeles
2532 2782 2800 2837 neminem
2835 2793 2995 2849 posse
3024 2774 3295 2832 hominem
3323 2773 3524 2841 absque
3552 2771 3697 2824 unda

2118 2872 2456 2944 baptismatis
2506 2871 2746 2942 perleete
2787 2866 2992 2935 justum
3022 2864 3276 2926 existere,
3316 2859 3698 2926 omnibusque,

2121 2961 2368 3033 quamvis
2393 2961 2708 3014 innocenter
2735 2966 2790 3012 et
2809 2955 2956 3026 juste
2982 2953 3310 3033 viventibus,
3334 2947 3702 3003 necessarium

2121 3051 2347 3106 viviﬁca:
2373 3047 2795 3121 regenerationis
2821 3045 3055 3102 oﬁicium
3074 3085 3088 3109 ,
3115 3058 3238 3098 cum
3260 3026 3371 3105 'me,
3406 3039 3500 3110 qui
3529 3038 3708 3108 Spiri-

434 3156 703 3227 justitiam
729 3162 786 3209 et
811 3151 1168 3207 humilitatem
1198 3149 1332 3219 legis
1363 3147 1610 3216 impleret
1637 3161 1651 3212 ;
1701 3144 1934 3200 secundo
1957 3151 2018 3197 ut
2044 3141 2089 3201 C
2121 3150 2208 3197 tus
2249 3142 2421 3196 sancti
2447 3154 2611 3210 opere
2643 3144 2938 3206 conceptus
2961 3143 3018 3190 et
3057 3141 3217 3188 natus
3259 3146 3398 3195 sum,
3427 3143 3706 3199 cognove-

440 3247 766 3317 baptismate
790 3257 888 3298 suo
910 3241 1132 3298 Joannis
1156 3239 1423 3308 baptisma
1451 3237 1864 3307 comprobaret;
1909 3242 2018 3289 ter-

445 3340 521 3394 tio
547 3346 607 3392 ut
633 3333 882 3392 Iordanis
911 3346 1078 3401 aquas
1107 3328 1450 3385 sanctiﬁcans
1480 3343 1579 3399 per
1617 3326 2015 3383 descensionem

443 3425 736 3490 columbae,
789 3421 1024 3493 Spiritus
1079 3419 1252 3474 sancti
1311 3417 1365 3472 in
1413 3417 1633 3470 lavacro
1680 3412 2017 3470 credentium

443 3521 772 3572 monstraret
801 3513 1110 3566 adventum.
1145 3507 1358 3580 (Beda.)
1405 3506 1566 3561 Venit
1609 3519 1822 3574 quoque
1848 3503 2018 3557 Filius

444 3608 541 3664 Dei
572 3602 838 3674 baptizari
868 3601 936 3656 ab
966 3598 1214 3663 homine,
1245 3611 1350 3653 non
1375 3595 1534 3651 anxia
1573 3593 1896 3649 necessitate
1925 3592 2018 3646 ab-

445 3694 627 3751 luendi
673 3690 898 3760 alictijus
939 3689 1018 3744 sui
1071 3687 1298 3758 peccati,
1326 3685 1416 3758 qui
1458 3693 1724 3755 peccatum
1773 3698 1876 3736 non
1899 3681 2019 3751 fecit

445 3789 632 3852 ullum,
665 3801 756 3840 nec
777 3784 1011 3838 inventus
1037 3789 1110 3835 est
1134 3778 1286 3834 dolus
1315 3778 1370 3832 in
1397 3793 1483 3832 ore
1507 3776 1646 3846 ejus,
1677 3765 1771 3830 Sed
1797 3774 1884 3843 pia
1913 3773 2022 3827 dis-

448 3876 759 3948 pensatione
789 3869 1034 3927 abluendi
1064 3885 1252 3925 omnes
1289 3875 1597 3924 nostrorum
1625 3860 1817 3920 sordes
1836 3879 2021 3934 pecca-

448 3975 646 4022 torum.
677 3963 811 4031 Quia
837 3964 891 4016 in
915 3959 1093 4014 multis
1115 3959 1425 4028 offendimus
1451 3972 1648 4021 omnes,
1681 3964 1728 4008 et
1758 3955 1803 4008 si
1828 3954 2024 4008 dixeri-

448 4071 564 4109 mus
589 4053 726 4126 quod
755 4059 1022 4123 peccatum
1061 4038 1162 4102 non
1199 4046 1467 4110 habemus,
1508 4060 1600 4098 nos
1629 4044 1766 4113 ipsos
1814 4041 2021 4097 seduci-

451 4162 586 4210 mus,
629 4153 676 4199 et
720 4143 911 4197 veritas
960 4139 1016 4192 in
1042 4137 1187 4194 nobis
1220 4152 1324 4190 non
1348 4144 1443 4190 est.
1477 4135 1636 4190 Venit
1677 4133 1939 4202 baptizari
1970 4133 2022 4187 in

452 4233 607 4303 aquis
650 4232 888 4302 ipsarum
915 4227 1161 4282 conditor
1208 4239 1494 4294 aquarum,
1547 4231 1608 4278 ut
1658 4222 1814 4277 nobis
1842 4222 1930 4292 qui
1970 4221 2022 4275 in

448 4323 821 4394 iniquitatibus
843 4333 1028 4374 sumus
1055 4315 1321 4386 concepti,
1349 4322 1404 4370 et
1424 4315 1478 4369 in
1515 4312 1729 4369 delictis
1763 4311 2024 4383 generati,

450 4415 698 4471 secundae
722 4409 1041 4474 nativitatis,
1077 4421 1196 4476 qum
1222 4422 1317 4476 per
1343 4419 1539 4475 aquam
1568 4412 1625 4459 et
1656 4403 1904 4473 spiritum
1933 4417 2024 4457 ce-

2119 3233 2230 3288 rint
2254 3232 2502 3288 secundae
2524 3229 2821 3286 nativitatis
2847 3227 3075 3292 subisse,
3118 3225 3202 3281 vel
3231 3225 3410 3295 potius
3452 3221 3556 3278 sibi
3579 3237 3706 3276 eon—

2119 3335 2358 3378 secrasse
2378 3321 2670 3376 lavacrum.
2721 3319 2876 3373 Nulla
2901 3330 3256 3388 personarum
3285 3312 3544 3383 majorum
3573 3328 3710 3367 eon-

2120 3418 2326 3468 temnat
2361 3411 2429 3466 ab
2454 3409 2746 3464 humilibus
2787 3408 2923 3462 meis
2949 3408 3004 3462 in
3041 3406 3413 3461 remissionem
3450 3412 3712 3472 peccato-

2122 3519 2241 3558 rum
2279 3503 2580 3573 baptizari,
2610 3517 2732 3556 cum
2781 3499 3130 3554 meminerint
3172 3497 3477 3560 Dominum,
3524 3495 3622 3564 qui
3648 3494 3708 3548 in

2121 3594 2323 3664 Spiritu
2347 3602 2534 3648 sancto
2571 3591 2868 3662 baptizans,
2919 3596 3141 3660 peccata
3188 3587 3460 3643 dimittere
3497 3593 3708 3655 potest,

2121 3699 2276 3740 suum
2299 3681 2679 3752 baptizandum
2708 3681 2762 3735 in
2787 3694 2927 3750 aqua
2948 3677 3265 3734 submisisse
3291 3675 3430 3731 servi
3453 3675 3712 3730 manibus

2119 3784 2300 3848 caput.
2405 3827 2407 3830 .

2192 3863 2330 3938 [IV.]
2360 3862 2669 3934 Baptizatus
2693 3873 2863 3918 autem
2889 3861 3157 3931 confestim
3182 3859 3412 3915 ascendit
3444 3859 3510 3914 de
3542 3877 3707 3927 aqua,

2121 3965 2168 4011 et
2189 3972 2304 4010 ecce
2327 3955 2492 4025 aperti
2511 3964 2631 4009 sunt
2671 3955 2718 4008 ei
2745 3953 2891 4016 eteli,
2919 3962 2966 4006 et
3007 3951 3134 4005 uidit
3173 3950 3431 4020 Spiritum
3473 3950 3572 4004 Dei
3617 3950 3710 4003 de-

2122 4047 2446 4102 scendentem
2475 4046 2611 4099 sicut
2633 4043 2920 4098 columbam
2948 4051 2993 4096 et
3021 4042 3302 4096 venientem
3331 4057 3491 4111 super
3521 4059 3598 4096 se.
3641 4041 3710 4095 Et

2125 4137 2229 4191 hoc
2267 4136 2334 4190 ad
2381 4133 2744 4204 impletionem
2794 4133 2972 4186 omnis
3009 4131 3233 4201 jnstitia:
3267 4131 3521 4202 pertinet,
3563 4132 3710 4201 quod

2123 4226 2394 4295 baptizata
2419 4225 2644 4280 Domino
2665 4224 2833 4294 aperti
2855 4235 2981 4277 sunt
3003 4224 3054 4277 ei
3085 4222 3228 4289 caeli,
3256 4231 3314 4278 et
3355 4221 3592 4292 Spiritus
3617 4224 3713 4278 de-

2125 4319 2334 4375 scendit
2380 4334 2543 4389 super
2584 4333 2742 4383 eum,
2794 4326 2853 4372 ut
2897 4319 3024 4372 hinc
3050 4317 3304 4372 nimirum
3349 4317 3480 4373 ﬁdes
3519 4325 3712 4371 nostra

2126 4408 2476 4464 conﬁrmetur
2503 4423 2598 4478 per
2625 4409 2936 4480 mysterium
2961 4408 3101 4483 sacri
3135 4408 3481 4478 baptismatis
3507 4407 3714 4476 aperiri

450 4506 708 4566 lcbratur,
740 4497 1424 4571 appetenduminsinuaret
1453 4493 1788 4564 mysterium.
1821 4491 2010 4562 Digna-

2129 4501 2283 4556 nobis
2329 4475 2607 4554 introitum
2646 4475 2797 4571 regni
2836 4479 3109 4564 cmlestis,
3156 4475 3225 4556 et
3261 4499 3434 4554 sancti
3473 4475 3718 4567 Spiritus

452 4603 538 4648 tus
561 4600 645 4645 est
668 4590 836 4643 lavari
886 4588 1041 4658 aquis
1083 4584 1406 4649 Jordanicis,
1457 4583 1549 4652 qui
1575 4591 1693 4636 erat
1732 4582 1963 4637 mundus
1995 4596 2027 4635 a

453 4681 703 4737 sordibus
726 4676 955 4749 cunctis,
981 4683 1042 4728 ut
1081 4673 1148 4726 ad
1187 4672 1466 4728 diluendas
1491 4678 1797 4726 nostrorum
1840 4670 2028 4727 sordes

453 4772 718 4828 scelerum
744 4767 982 4824 omnium
1008 4763 1206 4819 ﬂuenta
1244 4760 1608 4817 sanctiﬁcaret
1627 4775 1909 4830 aquarum.

525 4883 758 4938 Joannes
806 4885 979 4932 autem
1015 4870 1313 4944 prohibebat
1339 4887 1456 4926 eum
1493 4870 1668 4926 dicens
1702 4889 1715 4925 :
1756 4870 1870 4942 Ego
1917 4888 1949 4925 a
1982 4879 2030 4926 te

452 4975 609 5031 debeo
641 4967 896 5042 baptizari
935 4975 983 5019 et
1009 4976 1065 5018 tu
1093 4963 1233 5018 uenis
1269 4961 1338 5016 ad
1364 4963 1491 5017 me?
1519 4961 1744 5032 Expavit
1781 4962 1929 5016 illum
1960 4961 2028 5017 ad

454 5081 514 5122 se
542 5063 747 5126 venire,
801 5065 861 5113 ut
911 5055 1274 5125 baptizaretur
1302 5069 1481 5125 aqua,
1529 5055 1615 5110 cui
1669 5053 1812 5109 nulla
1855 5054 2029 5109 inerat

456 5171 574 5228 qua:
594 5150 861 5223 baptismo
895 5151 1194 5216 tergeretur
1215 5143 1388 5214 culpa,
1421 5144 1530 5198 imo
1565 5144 1656 5213 qui
1683 5159 1780 5212 per
1806 5143 1888 5198 sui
1912 5159 2031 5212 ενα-

460 5250 589 5303 tiam
635 5242 856 5313 spiritus
903 5244 1152 5293 cunctam
1196 5236 1537 5292 credentibus
1584 5235 1770 5289 mundi
1821 5233 2033 5289 tolleret

459 5339 668 5407 culpam
695 5351 708 5388 :
749 5331 890 5387 unde
911 5337 1060 5384 recte
1093 5327 1411 5398 intelligitur
1433 5326 1576 5397 quod
1604 5326 1693 5381 hic
1713 5325 1843 5381 dicit
1871 5323 2033 5380 Joan—

455 5445 586 5492 nes,
620 5425 730 5495 Ego
756 5442 788 5478 a
830 5433 879 5476 re
895 5421 1054 5475 debeo
1082 5418 1368 5490 baptizari,
1407 5418 1510 5472 hoc
1537 5431 1676 5483 esse,
1723 5416 1867 5486 quod
1895 5417 2032 5486 apud

457 5515 840 5586 evangelistam
880 5509 1162 5574 Joannem,
1209 5508 1298 5564 illo
1326 5509 1392 5562 ad
1422 5522 1481 5562 se
1521 5509 1803 5573 veniente,
1835 5507 2034 5562 dixisse

461 5616 729 5668 narratur,
786 5603 921 5657 Ecce
963 5617 1128 5670 agnus
1187 5599 1313 5664 Dei,
1356 5614 1470 5652 ecce
1515 5598 1605 5667 qui
1642 5597 1774 5652 tollit
1822 5607 2032 5669 peccata

463 5695 664 5747 mundi.
691 5693 771 5746 Ab
805 5691 896 5745 illo
925 5691 1068 5744 enim
1111 5690 1364 5745 debemus
1405 5702 1593 5744 omnes
1628 5689 1908 5758 baptizari,
1940 5690 2028 5759 qui

2129 4593 2359 4663 gratiam
2408 4593 2726 4649 ministrari.
2787 4590 3037 4660 Nunquid
3065 4591 3208 4645 enim
3240 4590 3390 4646 credi
3419 4589 3577 4644 decet
3603 4587 3714 4641 Do-

2131 4684 2276 4740 mino
2306 4693 2430 4739 tunc
2453 4684 2688 4754 primum
2723 4681 2966 4738 coelestia
3001 4682 3242 4752 patuisse
3278 4679 3531 4736 secreta?
3577 4677 3716 4732 ﬁdes

2130 4776 2294 4854 habet
2326 4775 2588 4830 catholica
2619 4789 2727 4830 non
2763 4775 2940 4829 minus
2967 4781 3208 4843 tempore
3233 4787 3341 4841 quo
3366 4787 3490 4827 cum
3531 4772 3712 4827 homi-

2131 4863 2291 4920 nibus
2319 4872 2667 4920 conversatus
2688 4872 2789 4930 est,
2819 4878 2980 4932 quam
3017 4872 3168 4932 post,
3211 4871 3266 4917 et
3289 4870 3477 4927 antea,
3506 4862 3560 4917 in
3591 4863 3714 4917 sinu

2132 4955 2308 5012 Patris
2332 4956 2429 5012 Dei
2457 4956 2650 5012 Filium
2673 4955 2956 5021 mansisse,
3000 4963 3054 5010 et
3077 4956 3260 5010 sedem
3284 4954 3527 5010 tenuisse
3549 4954 3714 5010 cmic-

2134 5058 2292 5104 stem.
2330 5049 2436 5104 Aut
2476 5048 2800 5104 credendum
2831 5054 2916 5103 est
2955 5062 2987 5102 a
3034 5047 3308 5103 tricesimo
3333 5047 3516 5102 astatis
3546 5062 3712 5107 anno,

2135 5141 2348 5208 quando
2376 5138 2678 5209 baptizatus
2701 5146 2804 5203 est,
2837 5136 3070 5207 Spiritus
3083 5137 3253 5192 sancti
3277 5137 3416 5191 dona
3443 5151 3569 5191 eum
3595 5150 3717 5205 per-

2136 5230 2363 5301 cepisse,
2393 5229 2484 5299 qui
2515 5245 2546 5284 a
2567 5229 2741 5300 prima
2771 5228 3125 5298 conceptione
3150 5228 3355 5296 Spiritu
3384 5237 3576 5302 sancto
3605 5226 3714 5297 ple-

2137 5336 2241 5374 nus
2266 5334 2477 5390 semper
2507 5319 2732 5374 exstitit.
2782 5317 2947 5374 Nobis
2992 5333 3228 5388 quoque,
3279 5318 3372 5388 qui
3397 5318 3520 5388 ejus
3547 5332 3715 5372 mem-

2138 5409 2234 5465 bra
2255 5425 2460 5475 sumus,
2490 5417 2616 5464 sunt
2641 5410 2756 5464 hmo
2783 5408 3055 5464 celebrata
3093 5409 3386 5480 mysteria;
3418 5409 3546 5479 quia
3569 5407 3714 5466 enim

2139 5501 2293 5556 nobis
2325 5500 2580 5556 Dominus
2617 5501 2944 5556 sacrosancti
2972 5502 3054 5555 sui
3079 5501 3322 5571 corporis
3351 5502 3585 5555 intinctu
3623 5501 3719 5554 ba-

2138 5591 2317 5660 ptismi
2347 5591 2618 5645 lavacrum
2649 5591 2944 5656 dedicavit,
2981 5592 3135 5646 nobis
3161 5607 3374 5660 quoque
3406 5599 3528 5660 post
3561 5605 3722 5644 acco-

2138 5691 2287 5752 ptnm
2317 5684 2581 5752 baptisma
2609 5683 2728 5737 cmli
2753 5684 2957 5738 aditum
2987 5691 3170 5754 patere
3213 5691 3266 5741 et
3307 5681 3566 5751 Spiritum
3593 5694 3725 5734 saut-
