3970 6198
289 331 378 388 ΊῙἾ

1244 328 1598 386 COMMENT.
1640 327 1704 383 ΙΝ
1747 322 2180 383 ΜΑΤΤΗίΕυΜ.
2221 358 2293 370 -
2329 329 2456 384 LIB.
2497 327 2538 384 ι.

3454 329 3557 388 778

291 461 428 506 ctum
453 445 567 502 dari
595 444 915 500 monstravit
940 463 951 498 :
984 454 1038 500 et
1066 460 1305 516 congrua
1330 446 1558 501 multum
1579 445 1858 507 distantia,
1891 449 1937 506 Λ
1967 442 2086 512 ipso
2117 443 2478 514 Redemptore
2505 454 2712 512 nostro,
2740 448 3037 501 mediatore
3052 444 3144 503 Dei
3175 460 3227 502 et
3252 449 3554 516 hominum,

291 541 407 609 quia
435 536 638 607 primus
665 534 834 590 Adam
861 535 929 589 ab
956 535 1232 591 immundo
1254 537 1450 605 spiritu
1479 536 1739 606 deceptus
1768 552 1866 606 per

289 635 584 700 serpentem
636 626 830 697 gaudia
867 627 1016 696 regni
1061 627 1298 683 caelestis
1326 629 1528 683 amisit.
1583 626 1866 683 Secundus

286 722 444 776 Adam
473 733 503 772 a
543 715 745 786 Spiritu
787 726 977 773 sancto
1029 732 1127 788 per
1159 718 1466 775 columbam
1507 719 1862 790 glorificatus,

285 811 514 881 ejusdem
556 808 706 880 regni
760 809 964 864 lumina
1013 811 1312 878 reseravit,
1355 809 1737 881 ﬂammamque
1785 811 1866 864 vi-

287 901 560 964 brantem,
614 913 722 967 qua
775 898 1079 969 ingressum
1123 899 1382 970 paradisi,
1435 902 1660 972 expulso
1688 903 1864 958 Adam

285 991 468 1060 primo,
521 990 727 1045 cherub
768 998 953 1045 custos
983 989 1328 1056 interclusit,
1386 993 1658 1048 secundus
1689 994 1862 1050 Adam

283 1096 374 1150 per
391 1096 584 1151 aquam
600 1081 802 1137 lavacri
832 1082 1167 1137 renascentis
1188 1084 1455 1155 exstingui
1488 1085 1686 1142 debere
1712 1102 1864 1142 mon-

281 1176 480 1230 stravit.
525 1175 591 1230 lit
625 1176 766 1230 unde
797 1175 886 1230 ille
941 1191 1065 1230 eum
1105 1192 1201 1231 sua
1235 1175 1462 1248 conjuge
1501 1179 1569 1233 ab
1600 1179 1755 1234 hoste
1784 1181 1863 1234 vi-

281 1276 393 1321 ctus
417 1267 568 1330 exiit,
592 1266 717 1321 illuc
754 1267 857 1322 iste
877 1282 999 1321 cum
1022 1276 1334 1322 sanctorum
1366 1268 1630 1334 Ecclesia,
1665 1286 1860 1340 sponsa

280 1359 516 1416 videlicet
541 1375 641 1415 sua
666 1397 681 1425 ,
717 1359 785 1416 de
810 1361 964 1416 hoste
1009 1362 1184 1416 victor
1225 1363 1447 1418 rediret.
1495 1363 1640 1419 Bene
1679 1376 1861 1420 autem

278 1451 505 1521 Spiritus
529 1451 907 1507 reconciliator
946 1452 1000 1508 in
1031 1453 1301 1518 columba,
1329 1469 1449 1523 qua:
1480 1455 1706 1511 multum
1731 1457 1862 1512 sim-

275 1543 384 1610 plex
417 1549 504 1596 est
527 1542 664 1607 avis,
697 1543 968 1612 apparuit,
1019 1553 1078 1597 ut
1120 1553 1176 1598 et
1217 1559 1330 1600 suae
1358 1545 1609 1602 videlicet
1653 1556 1862 1603 natura:

273 1631 670 1702 simplicitatem
699 1648 797 1703 per
821 1632 980 1702 hujus
1011 1635 1246 1703 speciem
1275 1636 1524 1693 animalis
1550 1638 1862 1695 ostenderet

272 1723 520 1795 (Spiritus
554 1726 694 1779 enim
723 1735 937 1780 sanctus
981 1725 1272 1797 disciplima
1310 1729 1524 1799 effugiet
1562 1731 1764 1802 ﬁctum)
1803 1741 1858 1787 et

1967 549 2064 603 per
2092 534 2396 589 columbam
2421 538 2688 606 apparuit,
2716 538 2767 591 in
2793 537 3070 608 discipulis
3096 554 3223 593 vero
3245 539 3554 611 perignetn.

1967 624 2126 679 Certe
2171 625 2480 696 unigenitus
2527 626 2622 680 Dei
2672 627 2841 682 Filius
2890 627 3060 683 Judcx
3099 637 3182 682 est
3219 631 3432 699 generis
3460 631 3560 686 hu-

1967 716 2134 769 mani.
2180 715 2287 772 Sed
2321 717 2443 787 quis
2492 718 2609 788 ejus
2635 717 2903 786 justitiam
2939 719 3109 774 ferret
3142 721 3186 775 si
3239 722 3557 792 priusquam

1967 822 2068 862 nos
2091 823 2190 878 per
2235 810 2708 865 mansuetudinem
2743 811 3060 881 colligeret,
3109 812 3294 882 culpas
3341 822 3561 869 nostras

1965 915 2064 970 per
2087 901 2265 956 zelum
2290 902 2634 958 rectitudinis
2673 905 2993 962 examinare
3038 905 3336 961 voluisset?
3386 906 3558 961 llomo

1966 1007 2095 1064 ergo
2120 1009 2218 1064 pro
2248 995 2557 1051 hominibus
2592 994 2770 1052 factus
2792 997 2980 1052 mitem
3002 1011 3060 1052 se
3094 998 3403 1053 hominibus
3423 1014 3559 1067 prae-
3585 1025 3594 1036 ν

1967 1086 2125 1141 buit:
2166 1087 2680 1158 noluitpeccatores
2717 1088 2900 1156 ferire,
2949 1091 3043 1144 sed
3086 1089 3356 1160 colligere.
3401 1090 3558 1144 Prius

1966 1175 2132 1230 voluit
2156 1186 2435 1232 mansuete
2472 1179 2765 1250 corrigere,
2813 1187 2872 1234 ut
2899 1180 3129 1235 haberet
3155 1195 3292 1250 quos
3317 1190 3558 1251 postmo«

1966 1263 2090 1318 dum
2123 1264 2177 1318 in
2205 1265 2411 1335 judicio
2447 1266 2701 1322 salvaret.
2755 1268 2810 1322 In
2844 1270 3092 1326 columba
3121 1286 3252 1341 ergo
3292 1286 3556 1341 apparere

1964 1371 2128 1426 super
2177 1371 2302 1411 eum
2339 1356 2525 1412 debuit
2555 1358 2790 1428 Spiritus
2812 1400 2827 1425 ,
2866 1361 2993 1430 quia
3047 1377 3154 1416 non
3204 1361 3457 1416 veniebat
3494 1371 3555 1416 ut

1964 1455 2185 1517 peccata
2217 1447 2384 1502 etiam
2413 1463 2512 1518 per
2557 1449 2731 1504 zelum
2761 1459 3101 1520 percuteret,
3142 1451 3235 1506 sed
3259 1451 3436 1506 adhuc
3459 1467 3559 1522 per

1964 1539 2434 1594 mansuetudinem
2467 1539 2739 1596 toleraret.
2772 1541 2844 1594 At
2869 1549 3057 1597 contra
3078 1556 3241 1611 super
3265 1542 3558 1612 discipulos

1963 1626 2020 1680 in
2054 1626 2178 1696 igne
2225 1628 2409 1683 debuit
2460 1627 2696 1697 Spiritus
2722 1639 2940 1684 sanctus
2986 1631 3373 1696 demonstrari,
3410 1639 3471 1686 ut
3499 1632 3555 1686 hi

1963 1717 2056 1786 qui
2083 1727 2240 1774 erant
2287 1719 2604 1788 simpliciter
2645 1712 2915 1785 nomines,
2964 1729 3127 1789 atque
3157 1721 3280 1776 ideo
3309 1730 3558 1790 peccato-

270 1828 385 1866 eum
415 1813 470 1868 in
513 1829 675 1884 quem
721 1814 1001 1870 descendit
1037 1826 1400 1884 mansuetum,
1426 1798 1754 1890 inritamque,
1789 1835 1856 1876 ae

1962 1823 2068 1873 res,
2093 1823 2190 1864 eos
2217 1818 2408 1864 contra
2431 1810 2754 1880 semetipsos
2781 1810 3046 1879 spiritalis
3077 1811 3260 1867 fervor
3286 1813 3555 1867 accende-

271 1906 652 1964 misericordia‘.
675 1923 920 1978 superna:
954 1924 1258 1978 praeconem
1307 1911 1729 1980 ministrutnque
1758 1913 1854 1969 do—

268 2008 407 2054 ceret
429 2001 634 2055 mundo
659 2014 780 2056 esse
810 1998 1072 2065 futurum,
1105 2001 1266 2056 simul
1289 2012 1344 2057 et
1373 2017 1586 2069 omnes,
1619 2005 1708 2072 qui
1731 2021 1854 2076 gra-

269 2089 337 2143 tia
379 2098 561 2146 essent
591 2091 886 2145 renovandi
924 2091 1200 2161 simplices
1237 2107 1301 2148 ac
1342 2093 1541 2148 mundo
1569 2094 1734 2150 corde
1759 2096 1854 2149 ad-

270 2188 508 2235 moueret
537 2179 767 2251 ingredi.
808 2178 969 2235 Juxta
1002 2180 1145 2250 quod
1182 2182 1445 2251 scriptum
1479 2191 1564 2239 est
1594 2201 1607 2237 :
1658 2182 1855 2238 Sentite

267 2272 328 2324 de
353 2271 579 2326 Domino
605 2272 659 2326 in
683 2272 934 2338 bonitate,
975 2284 1022 2327 et
1064 2273 1119 2327 in
1143 2272 1478 2343 simplicitate
1511 2273 1685 2329 cordis
1705 2291 1847 2345 quie-

1957 1906 2064 1965 ret,
2106 1909 2163 1955 et
2209 1909 2456 1970 peccata,
2506 1901 2705 1971 quibus
2756 1901 2898 1956 Deus
2941 1915 3039 1970 per
3083 1902 3556 1958 mansuetudinem

1954 2000 2230 2060 parceret,
2271 1991 2374 2062 ipsi
2402 1991 2458 2046 in
2497 2006 2557 2047 se
2597 2005 2696 2061 per
2719 1991 3098 2061 paenitentiam
3126 1992 3399 2061 punirent.
3443 1991 3556 2047 Nec

1955 2084 2056 2155 ipsi
2081 2085 2282 2154 quippe
2306 2099 2430 2139 esse
2473 2092 2726 2154 poterant
2769 2084 2886 2139 sine
2910 2093 3155 2154 peccato,
3192 2085 3286 2154 qui
3313 2085 3558 2141 adhzere-

1955 2176 2090 2230 bant
2113 2174 2324 2230 cmlesti
2358 2173 2692 2244 magisterio,
2741 2171 2950 2227 Joanne
2991 2181 3306 2239 attestante,
3337 2174 3432 2243 qui
3455 2173 3550 2236 ait,

1956 2264 2017 2319 Si
2040 2264 2330 2318 dixerimus
2371 2263 2497 2334 quia
2524 2271 2796 2333 peccatum
2827 2279 2930 2316 non
2968 2263 3240 2330 habemus,
3289 2279 3383 2318 nos
3416 2265 3556 2335 ipsos

268 2363 358 2417 rite
380 2362 532 2417 illum
555 2381 574 2430 ;
625 2365 876 2434 quoniam
918 2363 973 2418 in
1013 2363 1324 2418 malevolam
1355 2365 1587 2418 animam
1631 2381 1735 2418 non
1771 2366 1855 2418 in-

1962 2353 2273 2417 seducimus,
2300 2361 2348 2406 et
2379 2352 2570 2406 veritas
2596 2368 2702 2406 non
2727 2361 2803 2406 est
2822 2353 2879 2406 in
2905 2352 3053 2407 nobis
3081 2351 3131 2423 (ι
3167 2352 3330 2408 Joan.
3363 2354 3425 2426 ι).

266 2454 435 2507 troibit
465 2453 746 2525 sapientia,
776 2470 869 2508 nec
895 2452 1150 2506 habitabit
1182 2454 1238 2507 in
1259 2469 1476 2524 corpore
1496 2454 1707 2508 subdito
1729 2471 1852 2525 pec—

266 2544 388 2598 catis
423 2544 580 2615 (Sap.
621 2542 684 2615 ι).
741 2542 877 2597 Nam
919 2542 1045 2612 quia
1084 2542 1243 2598 nobis
1287 2543 1356 2597 ad
1399 2543 1712 2599 discendam
1743 2545 1855 2602 Deo

265 2633 512 2702 placitam
547 2633 947 2702 simplicitatem
975 2632 1225 2688 columba
1247 2634 1599 2704 proponitur,
1629 2635 1857 2708 diligen-

264 2723 364 2776 tius
407 2730 663 2776 naturam
694 2721 997 2787 videamus,
1041 2729 1103 2776 ut
1140 2736 1238 2790 per
1275 2723 1486 2794 singula
1527 2723 1854 2782 innocentia:

264 2811 372 2882 ejus
409 2811 682 2882 exempla,
710 2812 835 2867 vitae
871 2813 1024 2869 nobis
1069 2815 1456 2870 emendatioris
1488 2816 1734 2872 instituta
1759 2834 1822 2874 su

265 2918 489 2957 ruamus.
520 2902 566 2955 A
596 2902 800 2956 malitia
819 2901 958 2959 fellis
983 2904 1154 2959 aliena
1177 2913 1280 2960 est.
1319 2903 1503 2960 Omnis
1531 2909 1853 2978 amaritudo,

264 3001 306 3046 et
332 2993 412 3046 ira
435 3000 484 3047 et
505 2991 804 3062 indignatio
828 2992 1048 3049 tollatur
1069 3012 1099 3049 a
1126 2993 1272 3049 nobis
1295 3035 1310 3061 ,
1335 3011 1453 3049 cum
1481 2997 1623 3050 omni
1649 2997 1854 3052 malitia

265 3080 474 3152 (Epltes.
512 3079 612 3152 tv).
642 3079 856 3136 Nullum
881 3098 977 3138 ore
1015 3083 1097 3138 vel
1133 3085 1404 3154 unguibus
1431 3084 1600 3150 laedit,
1643 3100 1713 3140 ne
1750 3087 1854 3141 mi-

2027 2438 2098 2495 Et
2122 2456 2237 2495 ecce
2259 2456 2358 2495 vox
2379 2440 2445 2494 de
2465 2439 2627 2505 ctelis,
2651 2441 2860 2496 dicm:
2882 2439 2987 2494 Hic
3009 2449 3084 2496 est
3110 2438 3285 2496 Filius
3306 2458 3453 2498 meus
3479 2443 3566 2498 di~

1957 2531 2123 2587 lectus
2147 2533 2205 2586 in
2230 2549 2333 2603 quo
2363 2533 2493 2586 mihi
2517 2531 2830 2603 complacui.
2876 2532 3059 2605 (Aug)
3091 2532 3218 2590 Hoc
3244 2541 3301 2591 et
3325 2535 3420 2590 alii
3448 2535 3556 2592 duo

1957 2622 2171 2679 Marcus
2209 2632 2266 2680 et
2311 2622 2486 2678 Lucas
2533 2623 2783 2678 similiter
2809 2634 3054 2690 narrant,
3102 2625 3197 2680 sed
3247 2629 3315 2682 de
3370 2627 3557 2682 verbis

1958 2716 2110 2772 vocis
2136 2731 2258 2786 qua:
2283 2717 2350 2772 de
2377 2715 2517 2771 coelo
2544 2715 2686 2770 facta
2713 2724 2798 2770 est
2821 2716 3036 2771 variant
3063 2715 3412 2783 locutionem,
3447 2718 3559 2774 sal-

1956 2823 2024 2863 va
2047 2815 2227 2861 tamen
2251 2806 2538 2863 sententia.
2569 2806 2724 2874 Quod
2747 2806 2892 2861 enim
2911 2805 3195 2862 Mattheus
3214 2807 3292 2862 ait
3313 2808 3552 2864 dictum:

1959 2896 2062 2952 Hic
2085 2909 2160 2951 est
2192 2895 2240 2948 F
2243 2896 2364 2950 ilius
2402 2913 2548 2951 meus
2583 2895 2822 2958 dilectus,
2863 2905 2918 2951 et
2957 2896 3050 2951 alii
3086 2898 3192 2952 duo
3215 2898 3439 2954 dicunt:
3475 2898 3557 2953 Tu

1955 3004 2011 3042 es
2036 2985 2084 3039 F
2086 2986 2209 3041 ilius
2236 3002 2384 3040 meus
2409 2985 2651 3052 dilectus,
2681 2987 2749 3040 ad
2773 2986 3016 3041 eamdem
3037 2986 3358 3042 sententiam
3385 2986 3558 3056 expli.

1957 3077 2187 3132 caudam
2223 3075 2387 3131 valet.
2420 3074 2536 3131 Vox
2557 3077 2704 3130 enim
2729 3075 2968 3131 ctelestis
2988 3091 3154 3130 unum
3182 3077 3373 3130 horum
3396 3077 3553 3139 dixit,

265 3173 433 3227 nimas
474 3171 697 3241 quidem
721 3171 982 3238 aviculas,
1014 3173 1097 3227 vel
1120 3173 1463 3241 vermiculos,
1503 3173 1701 3245 quibus
1743 3175 1848 3230 mi.
1879 3157 1924 3220 C
1957 3165 2052 3222 sed
2076 3166 2410 3238 evangelista
2434 3166 2726 3223 ostendere
2754 3167 2921 3222 voluit
2943 3168 3011 3223 ad
3046 3166 3190 3223 idem
3211 3165 3392 3222 valere
3411 3169 3558 3237 quod

265 3275 419 3316 nores
445 3274 588 3330 pene
613 3275 801 3316 omnes
829 3261 1053 3316 aviculae
1081 3277 1140 3317 se
1186 3279 1420 3333 suosque
1449 3265 1716 3320 nutriunt.
1751 3264 1850 3320 Vi-

264 3349 477 3405 deamus
516 3364 584 3406 ne
631 3350 809 3404 dentes
835 3353 1000 3405 nostri
1037 3352 1140 3406 sint
1171 3370 1321 3407 arma
1360 3363 1408 3407 et
1438 3355 1643 3424 sagitta:
1673 3354 1846 3426 (Psal.

265 3444 390 3512 LVI),
429 3457 506 3497 ne
535 3442 844 3498 mordentes
857 3449 911 3497 et
929 3445 1274 3500 comedentes
1311 3446 1540 3502 invicem
1564 3461 1852 3503 consuma-

264 3547 378 3588 mur
407 3534 474 3589 ab
509 3533 740 3590 invicem
765 3531 908 3605 (Gal.
931 3534 1004 3605 v).
1043 3535 1428 3594 Coutineamus
1462 3554 1656 3596 manus
1693 3556 1725 3595 a
1766 3556 1852 3595 ra-

264 3620 430 3689 pinis;
463 3622 563 3692 qui
594 3621 874 3690 [urabatur
890 3623 1009 3692 jam
1037 3639 1142 3678 non
1169 3625 1395 3691 amplius
1427 3625 1654 3696 furetur,
1683 3630 1850 3700 magis

263 3720 431 3764 autem
459 3710 668 3766 laboret
695 3712 961 3782 aperando
987 3713 1249 3780 manibus,
1289 3716 1430 3786 quod
1452 3717 1645 3772 bonum
1665 3729 1764 3785 est,
1797 3731 1850 3774 ut

264 3805 440 3859 habeat
481 3804 628 3858 unde
654 3804 847 3858 tribuat
875 3805 1229 3861 necessitatem
1257 3809 1474 3876 patienti
1508 3808 1724 3878 (Ep/tes.
1753 3810 1849 3880 tv).

266 3893 390 3949 Nam
411 3904 467 3950 et
491 3894 748 3950 columba
771 3911 913 3964 saepe
944 3897 1147 3951 alienos
1175 3897 1327 3966 quasi
1352 3913 1478 3951 suos
1519 3898 1690 3953 fertur
1711 3899 1854 3954 alere

268 3987 452 4055 pullos,
509 3986 624 4055 ipsa
651 3994 809 4041 terra:
842 3985 1108 4041 fructibus
1145 3995 1201 4040 et
1223 3987 1428 4040 semine
1454 3988 1712 4055 pascitur.
1745 3987 1855 4042 Au-

269 4079 469 4133 diamus
481 4077 806 4146 Apostolum
831 4096 844 4132 :
876 4077 1082 4132 Bonum
1103 4088 1177 4132 est
1210 4094 1314 4131 non
1335 4078 1602 4131 comedere
1623 4096 1854 4143 carnem,

271 4181 441 4225 etnon
490 4170 670 4224 bibere
713 4170 890 4224 vinum
933 4167 1112 4241 (Rom.
1152 4168 1285 4238 xw).
1348 4169 1412 4222 Et
1448 4168 1723 4237 apostolus
1753 4169 1852 4224 Pe-

275 4272 418 4316 trus:
470 4261 794 4325 Ministrate,
826 4259 1024 4328 inquit,
1063 4259 1117 4312 in
1143 4258 1248 4327 ﬁde
1276 4267 1444 4311 uestra
1489 4257 1750 4325 virtutem,
1800 4262 1856 4315 in

275 4355 454 4406 virtute
478 4363 656 4407 autem
696 4351 996 4413 scientiam,
1035 4351 1089 4402 in
1129 4349 1347 4402 scientia
1373 4359 1548 4403 autem
1588 4350 1857 4406 abstinen-

276 4445 418 4510 tiam,
464 4446 523 4498 in
555 4443 869 4497 abstinentia
913 4451 1087 4495 autem
1127 4440 1468 4510 patientiam,
1520 4442 1576 4494 in
1603 4444 1857 4512 patientia

1954 3259 2158 3314 dictum
2190 3265 2309 3313 est:
2341 3255 2444 3310 Hic
2478 3266 2557 3311 est
2595 3254 2643 3309 F
2646 3254 2771 3310 ilius
2800 3272 2945 3312 meus
2969 3255 3213 3323 dilectus,
3249 3265 3308 3311 ut
3328 3256 3436 3312 illis
3460 3273 3558 3329 po-

1953 3349 2062 3404 tius
2083 3349 2174 3419 qui
2211 3349 2502 3405 audiebant
2540 3349 2872 3405 indicaretur
2891 3363 3012 3405 esse
3033 3348 3202 3405 Filius
3228 3349 3361 3414 Dei;
3395 3360 3558 3421 atque

1952 3444 2028 3498 ita
2056 3443 2259 3499 dictum
2280 3443 2483 3500 referre
2502 3444 2701 3499 voluit:
2731 3443 2809 3497 Tu
2829 3459 2880 3498 es
2904 3441 3075 3497 Filius
3104 3460 3270 3507 nteus,
3296 3461 3361 3500 ac
3385 3446 3431 3499 si
3452 3446 3557 3501 illis

1954 3537 2263 3592 (liceretur:
2308 3535 2412 3592 Hic
2457 3545 2533 3591 est
2578 3535 2754 3590 Filius
2799 3553 2963 3592 meus.
2995 3536 3110 3592 Non
3140 3538 3286 3592 enim
3335 3539 3556 3593 Christo

1954 3627 2300 3683 indicabatur
2337 3629 2480 3698 quod
2535 3626 2760 3691 sciebat,
2813 3627 2908 3682 sed
2950 3627 3267 3693 audiebant,
3306 3627 3401 3697 qui
3427 3627 3557 3683 ade-

1957 3725 2097 3782 rant,
2125 3725 2347 3787 propter
2402 3731 2540 3788 quos
2593 3716 2758 3770 etiam
2809 3715 2924 3784 ipsa
2976 3729 3078 3768 vox
3113 3715 3256 3770 facta
3286 3722 3391 3770 est.
3431 3714 3554 3770 1am

1957 3822 2085 3862 vero
2112 3809 2255 3876 quod
2287 3806 2424 3861 alius
2452 3805 2582 3860 dicit
2609 3823 2622 3858 :
2654 3803 2722 3858 In
2742 3821 2845 3875 quo
2867 3803 2996 3858 mihi
3016 3803 3347 3874 complacui;
3371 3805 3511 3861 alius
3537 3824 3550 3860 :

1958 3897 2026 3952 In
2053 3906 2102 3952 te
2126 3896 2418 3968 complacui
2449 3914 2468 3961 ;
2509 3895 2686 3950 alius:
2742 3894 2810 3948 In
2851 3904 2900 3949 te
2942 3893 3255 3966 complacuit
3283 3897 3433 3963 milii,
3460 3913 3544 3968 ap-

1957 3997 2130 4059 paret,
2182 4001 2305 4040 cum
2351 3985 2573 4055 quilibet
2620 3985 3074 4057 evangelistarum
3125 3984 3362 4041 ctelestis
3405 3988 3554 4043 vocis

1957 4079 2121 4132 etiam
2151 4077 2314 4132 verba
2343 4076 2596 4141 tenuerit,
2651 4075 2786 4132 alios
2815 4075 2883 4130 ad
2930 4075 3175 4129 eamdem
3225 4077 3551 4132 sententiam

1960 4168 2278 4223 familiarius
2319 4166 2693 4237 explicandam
2741 4167 2906 4221 verba
2956 4177 3230 4231 narrasse,
3271 4175 3332 4220 ut
3357 4165 3555 4221 intelli-

1958 4267 2115 4329 gatur
2149 4259 2251 4312 hoc
2289 4258 2494 4311 dictum
2537 4271 2659 4312 esse
2687 4257 2754 4311 ab
2803 4255 3074 4320 omnibus,
3125 4263 3383 4325 tanquam
3410 4257 3556 4312 dice-

1963 4357 2142 4404 retur:
2170 4348 2228 4402 ln
2253 4356 2306 4401 te
2325 4346 2584 4416 placitum
2609 4359 2785 4399 meum
2813 4344 3092 4408 cornstitui,
3117 4345 3218 4399 hoc
3245 4353 3349 4412 est,
3376 4361 3473 4416 per
3502 4355 3556 4401 te

1963 4457 2175 4511 gerere,
2197 4441 2341 4511 quod
2362 4438 2490 4493 mihi
2518 4439 2714 4508 placet.
2749 4437 3066 4506 (RABANUS.)
3098 4437 3236 4507 Ergo
3261 4438 3429 4495 Filius
3458 4439 3556 4496 Dei

277 4503 442 4587 autem
481 4534 748 4603 pietatem,
789 4533 846 4586 in
865 4533 1056 4600 pietate
1085 4503 1258 4584 autem
1284 4547 1515 4585 amorem
1545 4503 1856 4600 fraternita-
1884 4503 1934 4559 Ι)
1961 4538 2265 4606 baptizatur
2294 4537 2348 4589 in
2399 4533 2635 4597 homine,
2688 4531 2920 4600 Spiritus
2949 4530 3042 4586 Dei
3070 4531 3346 4587 descendit
3377 4531 3429 4586 in
3459 4547 3553 4587 co-

277 4624 339 4676 tis
371 4623 456 4694 (ll
483 4624 630 4678 Petr.
671 4625 732 4694 ι).
759 4623 1031 4678 Gemitum
1055 4636 1152 4691 pro
1176 4630 1340 4677 cantu
1369 4623 1549 4678 habet.
1583 4623 1766 4680 Miseri
1786 4627 1859 4680 si—

279 4735 395 4775 mus
419 4730 475 4775 et
509 4721 808 4789 lugeamus,
856 4727 912 4772 et
953 4717 1231 4788 ploremus
1272 4733 1457 4774 coram
1486 4717 1738 4784 Domino,
1768 4721 1858 4790 qui

279 4813 402 4868 fecit
425 4829 543 4868 nos.
579 4813 738 4867 Risus
765 4820 950 4867 noster
978 4812 1032 4866 in
1057 4812 1262 4866 luctum
1281 4817 1629 4866 convertatur
1651 4819 1708 4866 et
1733 4826 1862 4882 gau-

280 4906 422 4960 diqu
445 4907 500 4960 in
527 4919 840 4961 maerorem.
868 4903 1016 4958 Beati
1042 4903 1179 4956 enim
1205 4901 1456 4972 lugentes,
1495 4903 1744 4972 quoniam
1764 4903 1862 4972 ipsi

279 4995 914 5066 consolabunturﬂlattlt.
937 4994 1012 5065 v).
1039 4994 1214 5064 Super
1235 5009 1407 5064 aquas
1431 4995 1621 5049 sedere
1641 5010 1864 5050 consue-

284 5089 374 5153 vit,
417 5097 477 5142 ut
499 5089 712 5144 venturi
742 5095 953 5156 raptqu
995 5085 1295 5154 accipitris,
1334 5085 1563 5154 praevisa
1612 5085 1667 5138 in
1709 5087 1864 5154 aquis

285 5181 496 5245 umbra,
515 5179 777 5243 declinet;
803 5193 867 5232 ac
897 5175 1254 5231 mundatoriis
1268 5175 1672 5242 Scripturarum
1697 5172 1866 5228 ﬂuen-

286 5271 352 5326 tis
387 5271 559 5326 seduli
585 5272 824 5326 assidere
845 5282 1118 5334 curemus,
1145 5281 1372 5336 quarum
1404 5264 1633 5334 speculis
1661 5264 1859 5326 edocti,

288 5361 594 5430 dignoscere
615 5371 670 5417 et
690 5375 994 5432 pnecaverc
1017 5357 1291 5412 valeamus
1320 5355 1540 5410 insidias
1566 5355 1738 5410 hostis
1764 5355 1864 5408 ini—

284 5451 393 5518 qui.
432 5451 558 5507 ﬂare
576 5453 642 5507 de
669 5462 860 5507 natura
881 5450 1144 5506 columba:
1165 5453 1370 5515 septem
1395 5447 1656 5499 virtutum
1685 5460 1863 5500 exem-

283 5543 367 5611 pla
405 5557 862 5600 commemorasse
896 5541 1146 5606 sufﬁciat,
1187 5549 1242 5596 et
1283 5548 1428 5594 recte
1458 5536 1708 5603 fortasse,
1735 5539 1859 5607 quia

285 5633 522 5705 Spiritus
542 5639 738 5703 sancti,
783 5638 874 5707 qui
900 5638 951 5691 in
976 5635 1222 5692 columba
1264 5632 1562 5697 descendit,
1613 5630 1861 5700 septifor-

287 5729 386 5781 mis
413 5723 496 5782 es‘t
551 5731 740 5800 gratia.
792 5727 993 5799 (Greg.)
1045 5727 1150 5780 Sed
1199 5726 1547 5795 quaerendum
1573 5731 1655 5778 est
1679 5737 1776 5778 cur
1808 5723 1861 5775 in

681 5824 959 5883 Parnm.
1007 5819 1192 5880 CVII.

1963 4629 2168 4692 lumba,
2209 4628 2370 4682 Pater
2398 4628 2537 4680 Deus
2565 4632 2721 4678 sonat
2761 4625 2811 4677 in
2843 4636 2993 4686 voce,
3026 4629 3228 4677 sanetae
3271 4630 3326 4676 et
3355 4622 3554 4677 indivi-

1965 4721 2084 4776 dum
2110 4721 2392 4775 Trinitatis
2427 4720 2481 4774 in
2534 4719 2805 4789 baptismo
2856 4717 3163 4773 declaratur
3213 4717 3550 4787 mysterium.

1965 4814 2032 4868 Et
2055 4822 2222 4874 recte,
2272 4821 2330 4866 ut
2371 4811 2464 4881 qui
2512 4817 2974 4866 sacramentorum
3009 4821 3230 4863 suorum
3276 4807 3556 4876 dispensat-

1970 4905 2175 4959 toribus
2223 4910 2341 4956 erat
2387 4910 2756 4970 praecepturus
2803 4899 2989 4953 docere
3039 4915 3215 4952 omnes
3264 4907 3460 4966 gentes,
3505 4905 3555 4948 et

1969 4995 2232 5063 baptizare
2257 5009 2342 5046 eos
2364 4995 2418 5044 in
2463 4992 2672 5045 nomine
2713 4989 2914 5054 Patris,
2963 4998 3009 5042 et
3047 4986 3195 5050 Filii,
3227 4995 3275 5038 et
3324 4986 3553 5054 Spiritus

1965 5089 2153 5150 sancti,
2185 5087 2394 5156 primus
2422 5084 2535 5152 ipse
2558 5099 2655 5138 suo
2677 5083 2730 5137 in
2759 5083 3079 5151 baptismate
3109 5087 3273 5132 totam
3296 5090 3554 5144 persona-

1967 5178 2090 5232 liter
2119 5175 2380 5246 panderet
2399 5175 2587 5229 adesse
2611 5173 2946 5228 Trinitatem.
2976 5168 3127 5235 Quod
3151 5175 3330 5220 autem
3354 5165 3430 5218 ait
3452 5179 3554 5219 vox

1967 5279 2231 5340 paterna:
2267 5265 2368 5320 Hic
2404 5275 2481 5320 est
2508 5264 2683 5319 Filius
2726 5281 2869 5319 meus
2911 5262 3148 5323 dilectus,
3192 5259 3245 5310 in
3285 5273 3384 5328 quo
3425 5258 3553 5310 mihi

1969 5358 2279 5428 complacui,
2311 5357 2377 5410 ad
2406 5357 2865 5426 comparationem
2894 5349 3092 5404 terreni
3123 5346 3360 5402 hominis
3399 5346 3550 5410 dicit,

1971 5449 2022 5502 in
2053 5464 2160 5517 quo
2221 5457 2478 5517 peccante
2528 5443 2920 5516 quodammodo
2969 5455 3026 5496 se
3075 5439 3180 5493 sibi
3216 5437 3556 5508 displicuisse

1966 5539 2108 5593 Deus
2144 5539 2390 5593 conditor
2417 5539 2671 5600 insinuat,
2699 5548 2820 5589 cum
2864 5531 2974 5586 ait:
3017 5527 3237 5585 Paenitet
3281 5545 3360 5583 me
3386 5529 3555 5583 Itomi‘

1968 5647 2082 5684 nem
2111 5631 2293 5698 fecisse
2317 5633 2368 5684 in
2410 5641 2548 5684 terra
2574 5625 2724 5698 (Cen.
2751 5625 2850 5697 vt).
2885 5623 3210 5679 Pmnitentia
3248 5621 3465 5692 quidem
3497 5620 3554 5675 in

1967 5722 2136 5776 Deum
2169 5723 2311 5776 nulla
2365 5723 2531 5780 cadit,
2587 5719 2678 5774 sed
2729 5724 2914 5772 nostro
2965 5729 3114 5770 more
3163 5713 3412 5784 loquens,
3459 5711 3552 5781 qui

3038 5807 3115 5868 9.5
