3970 6198
376 336 481 390 779
1046 332 1103 387 Β.
1152 333 1396 390 ιλΑΒΑΝι
1430 334 1656 391 MAUlll
1691 331 1964 391 ARCHIEI

2065 329 2359 388 ilOGllNT.
2402 328 2689 388 OPERUM
2730 330 2911 387 PARS
2948 331 2990 386 Ι.
3542 332 3640 391 780

373 447 658 515 compungi
690 444 1007 513 poenitentia
1033 444 1288 508 solemus,
1318 444 1532 512 quando
1556 452 1743 499 contra
1771 449 1955 499 votum
1985 445 2030 504 Α
2057 442 2219 498 debat
2250 442 2301 497 in
2335 457 2394 496 se
2437 450 2684 497 nostrum
2724 440 2988 509 laborem,
3039 442 3147 497 illic
3180 434 3365 499 autem
3410 448 3465 500 in
3496 446 3647 502 nobis

374 551 555 594 nostra
587 551 750 606 opera
780 535 917 590 verti
947 532 1214 596 videmus,
1232 535 1499 604 ptenitere
1537 550 1596 590 se
1619 533 1755 590 dixit
1778 532 1957 590 homi-
2063 551 2216 592 suam
2245 535 2688 600 consolationem,
2734 533 3095 605 quadragenis
3120 534 3313 589 diebus
3360 544 3652 606 utrumque

373 643 494 683 nem
527 626 743 691 fecisse,
792 640 953 696 quem
1004 639 1036 678 a
1065 625 1385 680 rectitudine
1421 641 1533 681 sua:
1580 623 1806 681 factum
1829 638 1962 693 pec-

372 717 544 772 cando
572 715 899 784 degenerare
931 714 1231 783 conspexit.
1267 714 1324 769 lu
1349 714 1485 771 Filio
1507 723 1687 770 autem
1719 728 1820 769 suo
1845 713 1961 769 uni-

372 809 553 879 genito
580 808 681 863 sibi
724 806 1072 878 singulariter
1097 806 1444 877 complacuit,
1492 808 1620 878 quia
1667 808 1811 863 hunc
1858 807 1960 861 ho—

370 899 571 954 minem
606 914 766 968 quem
802 899 1107 954 induerata
1133 905 1357 969 peccato
1399 900 1692 955 immunem
1739 911 1961 953 servare

373 991 646 1060 cognovit.
677 990 746 1045 Et
771 991 826 1045 in
854 990 957 1045 hac
996 1002 1215 1062 quoque
1239 1003 1372 1045 voce
1411 986 1589 1044 Patris
1638 988 1778 1044 sicut
1825 996 1875 1042 et
1906 987 1960 1041 in

373 1083 586 1137 caeteris
612 1082 870 1152 baptizati
920 1080 1133 1138 Domini
1172 1080 1468 1152 mysteriis,
1513 1080 1689 1136 omnis
1736 1080 1961 1151 iustitiae

373 1174 679 1229 declaratur
702 1172 964 1242 impletio.
991 1170 1304 1228 Cozcternus
1329 1169 1473 1224 enim
1509 1179 1567 1225 et
1600 1170 1953 1226 consubstanv

374 1265 516 1334 tialis
536 1264 680 1320 Patri
709 1260 877 1319 Filius
902 1262 1277 1319 descendendo
1297 1276 1459 1330 super
1482 1275 1606 1316 eum
1630 1261 1845 1331 spiritu,
1869 1262 1961 1330 qui

369 1360 458 1422 sit,
488 1359 794 1414 hominibus
825 1358 1124 1422 intimatur,
1146 1362 1205 1411 ut
1223 1371 1321 1426 per
1342 1355 1448 1410 hoc
1480 1355 1690 1410 discant
1717 1354 1963 1410 homines

373 1465 469 1517 per
497 1449 724 1519 gratiam
754 1463 813 1503 se
839 1447 1182 1518 baptismatis
1210 1455 1433 1517 accepto
1458 1445 1662 1515 Spiritu
1684 1453 1877 1501 sancto
1896 1445 1962 1501 de

373 1540 496 1595 ﬁliis
526 1538 722 1595 diaboli
749 1538 805 1594 in
835 1538 932 1593 Dei
959 1538 1097 1593 ﬁlios
1124 1553 1286 1607 posse
1306 1535 1609 1592 transferri.
1642 1534 1795 1592 Sicut
1819 1537 1965 1607 Apo-

371 1634 541 1689 stolus
578 1634 787 1697 edocet,
815 1632 1061 1687 ﬁdelibus
1087 1632 1159 1686 ita
1182 1632 1444 1702 loquens:
1476 1632 1758 1703 Accepistis
1787 1630 1963 1702 Spiri-

372 1734 482 1778 tum
500 1722 794 1793 adoptionis
814 1722 1064 1791 ﬁliorum,
1079 1724 1134 1776 in
1153 1740 1256 1790 quo
1272 1722 1561 1777 clamamus
1575 1739 1594 1777 :
1616 1722 1761 1776 Abba
1781 1732 1964 1792 pater;

2060 626 2342 691 deﬁniens,
2391 626 2517 695 quia
2563 640 2823 681 numerus
2857 625 2995 695 ipse,
3042 626 3148 681 hoc
3194 633 3297 693 est,
3349 627 3648 698 quadrage-

2061 717 2264 779 uarius,
2317 715 2478 785 hujus
2525 714 2706 771 saeculi
2763 715 3074 786 signiﬁcare
3118 714 3338 771 videtur
3364 730 3650 778 excursus,

2059 807 2428 864 observandus
2472 807 2527 861 in
2557 807 2644 862 his
2682 807 2773 877 qui
2803 822 2869 862 ex
2914 815 3146 877 quatuor
3170 806 3420 876 partibus
3464 807 3652 862 mundi

2061 906 2323 955 vocantur
2346 913 2445 968 per
2471 898 2701 970 gratiam
2727 898 2795 954 ad
2834 913 2983 964 eum,
3030 897 3123 969 qui
3155 914 3263 952 non
3298 898 3451 953 venit
3482 897 3654 967 legem

2062 992 2288 1056 solvere,
2339 990 2433 1045 sed
2480 989 2796 1060 adimplere.
2842 989 3036 1045 Decem
3097 1005 3332 1059 namque
3380 999 3653 1060 praecepta

2061 1079 2195 1152 legis
2216 1088 2340 1135 sunt
2356 1079 2467 1150 jam
2497 1079 2672 1150 gratia
2700 1078 2900 1134 Christi
2931 1077 3121 1133 diffusa
3150 1094 3250 1150 per
3278 1081 3561 1134 mundum.
3593 1079 3657 1134 Et

2062 1172 2487 1242 quadripartitus
2512 1179 2596 1225 est
2640 1171 2892 1236 mundus,
2928 1179 2983 1226 et
3029 1171 3216 1225 decem
3244 1169 3655 1241 quadruplicata

2064 1262 2417 1333 quadraginta
2460 1261 2683 1317 faciunt.
2733 1261 2997 1329 Quoniam
3041 1262 3135 1333 qui
3182 1261 3432 1332 redempti
3476 1272 3656 1316 sunto

2063 1355 2291 1410 Domino
2333 1354 2466 1426 (ιω.
2499 1354 2598 1425 ιι),
2627 1355 2694 1410 de
2725 1354 3033 1424 regionibus
3059 1354 3408 1423 congregavit
3439 1368 3555 1417 eos,
3589 1353 3659 1406 ab

2065 1446 2305 1509 Oriente,
2333 1453 2388 1499 et
2415 1444 2484 1499 ab
2510 1445 2821 1509 Occidente,
2848 1444 2933 1499 ab
2965 1443 3250 1514 Aquilone,
3298 1452 3352 1497 et
3379 1444 3539 1498 mari.
3566 1441 3659 1498 Je-

2060 1539 2263 1610 junans
2282 1537 2468 1606 itaque
2493 1538 2850 1607 quadraginta
2881 1536 3071 1591 diebus
3111 1545 3236 1590 ante
3260 1542 3494 1590 mortem
3532 1551 3657 1589 car-

2067 1628 2172 1693 nis,
2199 1627 2365 1682 veluti
2387 1626 2661 1682 clamabat
2684 1644 2699 1680 :
2720 1626 2998 1681 Abstincte
3018 1641 3112 1681 vos
3134 1641 3163 1679 a
3191 1626 3475 1682 desideriis
3498 1624 3660 1694 huius

2069 1721 2271 1777 seculi.
2308 1720 2635 1776 Manducans
2657 1729 2835 1774 autem
2863 1727 2918 1773 et
2947 1719 3139 1774 bibens
3157 1718 3517 1789 quadraginta
3546 1718 3662 1773 dic-

375 1823 429 1868 et
454 1815 785 1885 evangelista
812 1812 1083 1869 Joannes:
1125 1813 1409 1885 Quotquot,
1440 1814 1638 1884 inquit,
1665 1826 1961 1885 receperunt
1996 1802 2038 1860 Β
2066 1814 2166 1868 hus
2215 1820 2337 1882 post
2380 1810 2828 1866 resurrectionem
2880 1808 3082 1874 carnis,
3134 1808 3300 1863 veluti
3345 1807 3657 1863 clamabat:

371 1921 489 1960 eum
518 1904 659 1960 dedit
680 1905 755 1960 eis
778 1913 1083 1975 potestatem
1105 1903 1244 1972 ﬁlios
1276 1903 1375 1958 Dei
1404 1903 1522 1973 ﬁeri
1553 1902 1733 1974 (Joan.
1756 1909 1818 1975 ι).

985 1992 1212 2050 CAPUT
1247 1991 1336 2049 IV.

374 2086 451 2142 De
480 2088 689 2157 jejunio
715 2086 912 2142 Christi
950 2086 1009 2140 in
1040 2085 1243 2140 deserto
1274 2093 1324 2140 et
1346 2085 1486 2140 trina
1515 2086 1823 2149 tentatione,
1850 2094 1960 2140 ctc.

446 2174 535 2248 Il.)
569 2176 712 2231 Tunc
745 2175 903 2231 Jesus
946 2174 1134 2230 ductus
1163 2175 1219 2229 in
1256 2173 1518 2229 desertum
1559 2190 1593 2228 a
1635 2173 1863 2245 Spiritu,
1908 2182 1965 2227 ut

373 2276 666 2321 tentaretur
701 2284 734 2321 a
781 2265 1014 2321 diabolo.
1050 2264 1296 2320 Dubitari
1330 2280 1361 2319 a
1383 2264 1703 2334 quibusdam
1730 2270 1907 2333 potest
1933 2276 1964 2316 a

374 2374 480 2427 quo
506 2359 696 2428 spiritu
718 2356 878 2414 Jesus
898 2358 1092 2413 ductus
1114 2357 1188 2412 sit
1210 2357 1266 2412 in
1293 2356 1589 2420 desertum,
1622 2363 1843 2425 propter
1865 2355 1968 2409 hoc

374 2451 517 2515 quod
546 2450 795 2505 subditur
822 2467 835 2502 :
881 2448 1173 2518 Assumpsit
1211 2463 1333 2502 eum
1369 2444 1614 2500 diabolus
1644 2446 1701 2499 in
1728 2453 1963 2498 sanctam

375 2540 656 2603 riritatem,
680 2546 737 2593 et
780 2552 1016 2602 rursum,
1044 2536 1326 2606 assumpsit
1371 2551 1490 2589 eum
1528 2535 1585 2589 in
1623 2543 1849 2588 montem
1877 2549 1969 2586 ex-

374 2630 566 2684 relsttm
593 2628 808 2702 (Matth.
834 2628 931 2702 tv).
960 2627 1068 2684 Sed
1092 2642 1221 2684 vere
1241 2636 1290 2682 et
1316 2627 1522 2697 absque
1540 2627 1646 2682 ulla
1673 2626 1969 2695 quaestione

376 2721 761 2777 nativenienter
803 2718 1069 2789 accipitur
1097 2726 1210 2772 uta
1235 2726 1425 2772 sancto
1468 2716 1673 2786 Spiritu
1704 2715 1759 2770 in
1785 2715 1969 2770 deser-

377 2824 488 2868 tum
517 2813 713 2868 ductus
736 2812 1012 2878 credatur,
1041 2820 1099 2866 ut
1131 2810 1259 2867 illuc
1283 2825 1406 2866 eum
1439 2824 1570 2865 suus
1610 2807 1846 2878 Spiritus
1872 2808 1970 2862 du-

373 2910 543 2968 ceret,
594 2901 685 2956 ubi
711 2903 858 2957 hunc
895 2901 961 2957 ad
990 2901 1309 2957 tentandum
1339 2900 1560 2970 spiritus
1595 2898 1865 2970 malignus
1887 2897 1967 2952 in-

378 2994 604 3048 veniret.
647 2991 800 3059 Quod
829 3001 885 3048 et
936 2992 1077 3062 apud
1125 2990 1513 3063 evangelistam
1561 2990 1764 3044 Lucam
1794 2989 1970 3044 mani-

377 3086 512 3139 leste
540 3083 871 3153 designatur,
929 3097 1052 3138 eum
1083 3083 1321 3139 dicitur:
1368 3082 1526 3137 Jesus
1560 3090 1736 3135 autem
1783 3080 1967 3151 plenus

2065 1902 2201 1958 Ecce
2220 1919 2312 1974 ego
2334 1902 2595 1957 vobiscum
2614 1917 2733 1955 sum
2761 1899 3001 1954 omnibus
3022 1899 3226 1962 diebus,
3249 1915 3415 1969 usque
3434 1897 3509 1951 ad
3528 1914 3659 1951 con-

2063 1994 2461 2049 summationem
2482 1990 2661 2046 strculi
2684 1990 2899 2062 (Matth.
2928 1986 3141 2061 xxvm).
3165 1987 3435 2059 Jejunium
3458 1986 3661 2056 quippe

2063 2092 2147 2138 est
2205 2083 2258 2137 in
2327 2081 2669 2136 tribulatione
2728 2078 3063 2134 certaminis.
3119 2076 3382 2144 Quoniam
3439 2076 3535 2146 qui
3601 2077 3655 2129 in

2063 2188 2236 2246 agone
2257 2181 2367 2238 est,
2391 2173 2448 2228 in
2471 2173 2725 2228 omnibus
2753 2170 3034 2227 abstinens
3056 2178 3159 2225 est.
3192 2168 3357 2224 Cibus
3391 2176 3572 2222 autem
3605 2168 3658 2220 in

2064 2280 2160 2335 spe
2186 2264 2354 2335 pacis,
2401 2278 2522 2333 quae
2565 2261 2802 2333 perfecta
2857 2276 2966 2315 non
2992 2261 3118 2327 erit,
3169 2259 3271 2314 nisi
3309 2273 3433 2313 cum
3460 2271 3662 2326 corpus

2064 2363 2307 2411 nostrum
2341 2351 2495 2421 cuius
2517 2361 2898 2423 exspectamus
2935 2350 3380 2420 redemptionem,
3423 2346 3663 2402 induerit

2064 2444 2548 2509 immortalitatem,
2597 2444 2741 2514 quod
2781 2443 3018 2498 nondum
3064 2440 3413 2511 adipiscendo
3454 2437 3659 2507 gloria-

2066 2551 2208 2601 mur,
2238 2535 2331 2590 sed
2359 2535 2629 2605 sperando
2664 2532 2780 2602 jam
2828 2531 3122 2604 pascimur.
3171 2529 3475 2598 Utrumque
3515 2527 3663 2598 Apo-

2067 2630 2241 2686 stolus
2288 2626 2447 2683 simul
2494 2640 2595 2680 nos
2623 2639 2786 2694 agere
2828 2622 3088 2687 ostendit,
3136 2620 3357 2675 dicens:
3392 2617 3496 2689 Spe
3523 2635 3659 2689 gau-

2067 2720 2265 2784 dentes,
2299 2719 2356 2772 in
2386 2716 2724 2771 tribulatione
2745 2715 2998 2786 patientes
3027 2711 3199 2784 (Rom.
3230 2711 3349 2781 an).
3377 2710 3662 2781 Tanquam

2068 2809 2196 2865 illud
2219 2816 2365 2863 esset
2390 2807 2444 2862 in
2470 2805 2613 2872 cibo,
2646 2806 2749 2861 hoc
2793 2804 2847 2859 in
2887 2801 3115 2874 jejunio.
3156 2801 3328 2857 Simul
3350 2802 3497 2857 enim
3533 2817 3661 2857 cum

2067 2902 2209 2956 viam
2254 2899 2464 2955 Domini
2491 2898 2785 2969 carpimus,
2817 2904 2872 2952 et
2915 2912 2947 2951 a
2976 2896 3211 2950 vanitate
3245 2895 3530 2964 prmsentis
3554 2909 3661 2949 sa:-

2067 2992 2173 3047 culi
2196 2989 2530 3062 ieiunamus,
2559 2998 2616 3045 et
2642 2988 2808 3043 futuri
2854 2987 3213 3058 promissione
3244 2986 3539 3050 relicimur,
3570 2986 3660 3040 hic

2068 3099 2177 3138 non
2205 3090 2534 3153 apponentes
2563 3096 2677 3146 cor,
2709 3080 2817 3136 illic
2842 3089 3106 3150 ponentes
3129 3094 3342 3133 sursum
3364 3093 3479 3134 cor.
3504 3078 3661 3144 Quod

378 3174 579 3243 Spiritu
622 3183 803 3227 sancto
841 3191 1105 3245 regressus
1135 3182 1210 3229 est
1262 3192 1295 3229 a
1334 3173 1588 3240 Iordane,
1622 3183 1670 3228 et
1712 3174 1963 3244 agebatur
1988 3165 2034 3227 C
2065 3182 2243 3229 autem
2274 3172 2535 3227 Dominus
2567 3170 2955 3226 consummatis
2988 3167 3179 3239 jejunii
3207 3168 3399 3223 diebus
3440 3169 3661 3232 esuriit,

375 3265 433 3316 in
460 3263 665 3332 Spiritu
694 3264 748 3315 in
768 3263 1049 3331 desertum.
1077 3262 1195 3320 Non
1222 3279 1354 3336 ergo
1373 3264 1570 3320 virtute
1590 3265 1814 3334 spiritus
1835 3265 1987 3319 mali-

375 3350 534 3405 Jesus
561 3352 818 3420 agebatur
848 3353 901 3405 in
926 3353 1221 3419 desertum,
1259 3354 1353 3408 sed
1382 3353 1655 3409 voluntate
1684 3354 1765 3409 sui
1794 3354 1964 3424 Spiri-

379 3444 464 3491 tus
488 3438 612 3491 boni
642 3436 818 3493 locum
848 3440 1164 3495 certaminis
1201 3454 1308 3508 quo
1344 3440 1712 3496 adversarium
1757 3450 1965 3496 sternat

378 3527 445 3582 de
473 3528 699 3582 victoria
722 3537 906 3583 certus
938 3529 1256 3601 ingreditur.
1306 3530 1408 3587 Ubi
1437 3531 1595 3587 nobis
1633 3531 1841 3601 pariter
1870 3547 1962 3587 or-

380 3618 557 3672 dinem
590 3626 736 3673 recte
766 3620 1120 3674 conversandi
1164 3630 1564 3690 praemonstrat,
1609 3631 1668 3677 ut
1710 3630 1833 3692 post
1874 3638 1965 3679 ac—

379 3715 591 3775 ceptam
622 3708 871 3769 videlicet
912 3710 966 3763 in
1009 3709 1274 3777 baptismo
1310 3710 1680 3767 remissionem
1716 3720 1963 3783 peccato-

381 3813 523 3862 rum,
549 3799 829 3868 sanctique
861 3799 1092 3869 Spiritus
1112 3800 1361 3872 gratiam,
1386 3802 1563 3870 aptius
1584 3810 1773 3859 contra
1797 3820 1964 3859 novas

381 3890 587 3960 antiqui
630 3891 799 3946 hostis
827 3891 1053 3946 insidias
1079 3892 1446 3960 accingamur,
1477 3903 1765 3965 menteque
1795 3911 1964 3951 saecu-

379 3978 489 4034 lum
518 3981 849 4046 deserentes,
898 3981 1056 4050 quasi
1086 3996 1282 4036 manna
1331 3982 1551 4049 deserti,
1607 3983 1719 4040 sola
1749 3992 1964 4040 ueterum

379 4070 506 4125 vita:
530 4071 729 4143 gaudia
760 4071 1033 4127 discamus
1064 4073 1292 4129 esurire.

2067 3280 2189 3321 cum
2220 3263 2287 3318 de
2312 3262 2458 3318 Mose
2482 3261 2566 3317 vel
2588 3261 2702 3315 Elia
2724 3260 3103 3331 jejunantibus
3125 3258 3261 3313 nihil
3285 3258 3390 3313 tale
3420 3259 3495 3313 sit
3520 3259 3663 3313 seri-

2063 3363 2237 3426 ptum,
2286 3353 2408 3407 ideo
2451 3351 2649 3406 factum
2702 3359 2806 3414 est,
2840 3364 2912 3404 ne
2937 3348 3006 3403 ab
3053 3363 3119 3404 eo
3167 3347 3431 3402 tentando
3456 3361 3667 3418 pavens

2065 3444 2237 3500 hostis
2265 3440 2565 3512 aufugeret,
2614 3455 2773 3511 quem
2827 3454 2950 3494 cum
2998 3447 3079 3493 tot
3124 3438 3292 3509 signis
3343 3437 3662 3493 etnlestibns

2063 3544 2451 3606 praeconatum,
2514 3541 2626 3588 tum
2679 3533 2845 3587 etiam
2896 3531 3028 3586 visis
3080 3528 3551 3585 excellentissimis
3603 3529 3661 3582 in

2067 3627 2394 3682 abstinendo
2436 3626 2649 3681 videret
2690 3634 2980 3696 aequatum.
3013 3623 3216 3678 Esuriit
3241 3622 3388 3677 enim
3439 3621 3663 3677 humilis

2064 3719 2207 3774 Deus
2236 3720 2416 3784 homo,
2447 3734 2517 3773 ne
2559 3716 2780 3771 inimico
2832 3716 3151 3775 innotescat,
3201 3711 3452 3768 sublimis
3497 3711 3662 3765 homo

2063 3811 2223 3865 Deus.
2243 3807 2534 3881 (Maenas)
2559 3806 2780 3877 Mystice
2810 3814 2990 3860 autem
3018 3804 3226 3859 esuries
3245 3802 3333 3856 illa
3355 3816 3463 3873 qua
3479 3800 3664 3856 Domi-

2063 3916 2166 3956 nus
2193 3901 2467 3955 esuriebat
2491 3897 2760 3969 signiﬁcat
2786 3895 3113 3952 desiderium
3149 3893 3291 3964 quod
3320 3893 3514 3948 habuit
3531 3907 3663 3963 erga

2063 3991 2292 4046 salutem
2320 3998 2581 4046 nostram.
2603 3986 2738 4054 Quia
2756 3986 2879 4042 ideo
2902 3987 3017 4056 ipse
3037 3983 3300 4057 jejunavit
3321 3982 3603 4039 abstinens
3628 3997 3661 4035 a

2064 4089 2279 4137 terreno
2301 4081 2442 4145 cibo,
2469 4087 2530 4135 ut
2557 4094 2659 4135 nos
2697 4077 2820 4133 cibo
2860 4076 3066 4133 ctelesti
3115 4076 3485 4139 reﬁceremur,
3538 4072 3661 4128 ideo

452 4160 522 4217 Et
551 4180 670 4218 cum
703 4164 999 4236 jcjunasset
1033 4164 1388 4236 quadraginta
1422 4166 1604 4221 diebus
1634 4175 1682 4221 et
1726 4168 1961 4238 quadra-
2063 4179 2303 4227 tentatus
2343 4178 2448 4235 est,
2481 4178 2540 4224 ut
2587 4184 2684 4225 sua
2738 4169 2965 4224 victoria
3016 4182 3118 4222 nos
3162 4167 3386 4223 vincere
3432 4165 3658 4230 faceret,

381 4254 525 4322 ginta
552 4256 784 4310 noctibus
812 4265 991 4326 postea
1031 4256 1234 4310 esuriit.
1267 4253 1480 4327 (Beda.)
1530 4255 1963 4329 Quadragesima
2061 4263 2291 4332 ideoque
2325 4269 2572 4316 mortuus
2620 4269 2725 4326 est,
2761 4267 2816 4315 et
2851 4258 3171 4323 resurrexit,
3200 4265 3262 4312 ut
3307 4272 3412 4313 nos
3459 4255 3661 4311 mortui

378 4346 634 4416 jejunium
663 4347 824 4403 habet
848 4348 1224 4404 auctoritatem
1249 4358 1306 4403 et
1328 4349 1384 4403 in
1412 4350 1686 4406 veteribus
1714 4350 1867 4406 libris
1893 4366 1959 4406 ex
2062 4355 2270 4413 delictis
2292 4355 2345 4410 in
2374 4354 2584 4424 justitia
2613 4353 2857 4408 vivamus
2879 4366 2977 4422 per
3012 4351 3209 4421 ipsum.
3256 4347 3485 4418 Quando
3531 4363 3664 4419 ergo

380 4436 580 4504 jejunio
607 4435 790 4503 M0538,
819 4446 875 4491 et
896 4437 1045 4503 Ειίω,
1076 4445 1130 4493 et
1158 4452 1225 4493 ex
1250 4439 1560 4509 Evangelio,
1588 4440 1713 4510 quia
1737 4439 1956 4495 totidem
2062 4463 2160 4503 nos
2187 4462 2282 4517 per
2308 4448 2426 4518 ejus
2453 4445 2684 4518 gratiam
2729 4445 2795 4499 ad
2849 4442 3152 4498 faciendam
3181 4441 3516 4496 voluntatem

381 4527 569 4582 diebus
596 4526 850 4585 Dominus
879 4527 1161 4597 jejunavit.
1209 4529 1596 4585 Demonstrans
1620 4528 1965 4601 Evangelium
1991 4521 2045 4582 D
2070 4537 2453 4602 convertimur,
2490 4533 2836 4591 refectionem
2866 4533 2941 4587 illi
2986 4532 3313 4603 pmbemus.
3362 4530 3518 4585 Sicut
3545 4529 3664 4599 ipse

384 4632 489 4673 non
518 4618 805 4679 dissentire
829 4635 860 4673 a
884 4620 1021 4689 lege,
1049 4630 1104 4675 et
1124 4623 1417 4693 prophetis.
1439 4624 1495 4678 In
1517 4640 1749 4694 persona
1771 4626 1966 4695 quippe
2072 4644 2100 4683 a
2130 4626 2354 4682 muliere
2381 4626 2724 4681 Samaritana
2752 4633 2938 4697 potum
2982 4622 3258 4693 poscebat.
3289 4620 3358 4675 Et
3381 4619 3662 4690 discipulis

383 4709 545 4764 Musis
577 4710 683 4773 lex,
717 4710 769 4764 in
813 4725 1045 4779 persona
1092 4711 1222 4769 Elia:
1265 4716 1543 4787 propheta:
1577 4717 1917 4786 accipiuntur
1950 4738 1961 4773 :

383 4801 525 4854 inter
548 4815 683 4869 quos
722 4800 775 4852 in
820 4807 1002 4857 monte
1034 4802 1312 4873 gloriosus
1359 4806 1624 4876 apparuit,
1652 4814 1713 4862 ut
1750 4807 1967 4864 eviden-

386 4892 492 4945 tius
539 4890 803 4946 emineret
834 4892 978 4960 quod
1024 4891 1091 4948 de
1131 4891 1225 4949 illo
1254 4892 1386 4950 dicit
1432 4893 1751 4965 Apostolus:
1805 4896 1970 4952 Testi-

383 4986 612 5045 monium
643 4984 837 5041 habens
859 5002 891 5038 α
928 4984 1036 5056 lege
1073 4997 1120 5040 et
1145 4987 1406 5057 prophetis
1431 4987 1602 5059 (Rom.
1634 4989 1739 5063 ιιι).
1768 4989 1825 5045 In
1863 5005 1965 5059 qua

2072 4719 2184 4775 suis
2210 4718 2389 4774 cibum
2438 4725 2711 4772 terrenum
2765 4716 2867 4772 sibi
2919 4713 3273 4770 oﬁ'erentibus
3325 4711 3450 4766 ait:
3509 4710 3662 4765 Heus

2072 4808 2217 4863 cibus
2242 4818 2316 4864 est
2359 4817 2416 4862 ut
2459 4808 2653 4879 faciam
2693 4806 3004 4862 voluntatem
3047 4805 3163 4875 ejus
3188 4804 3278 4876 qui
3304 4802 3448 4857 misit
3473 4819 3572 4868 me,
3601 4811 3659 4856 ut

2074 4898 2343 4970 perﬁciam
2366 4914 2495 4968 opus
2517 4898 2631 4967 ejus
2673 4896 2856 4969 (Joan.
2889 4898 2984 4968 tv).
3024 4896 3093 4951 Et
3118 4895 3244 4950 alibi
3268 4913 3282 4950 :
3313 4892 3432 4949 Hoc
3461 4902 3557 4959 est,
3579 4888 3661 4949 in—

2074 4991 2211 5060 quit,
2241 5007 2370 5061 opus
2400 4990 2497 5044 Dei
2523 4999 2581 5043 ut
2609 4989 2857 5043 credatur
2880 4991 2935 5043 in
2961 5005 3081 5044 eum
3102 5005 3256 5059 quem
3281 4988 3423 5043 misit
3446 4986 3553 5041 ille.

384 5087 562 5143 autem
588 5086 740 5147 parte
788 5076 916 5137 anui
960 5078 1343 5155 congruentius
1379 5080 1687 5136 observatio
1720 5081 1956 5149 Quadra-
2018 5074 2069 5137 Ἰ
2144 5082 2474 5137 Etaceedens
2499 5091 2728 5137 tentatur
2745 5082 2877 5136 dixit
2899 5083 2979 5136 ei:
2998 5081 3059 5137 Si
3077 5079 3251 5135 Filius
3271 5080 3369 5135 Dei
3389 5098 3469 5145 es,
3495 5079 3580 5134 dic
3600 5088 3656 5132 ut

384 5172 600 5238 gesimze
637 5170 1077 5235 constitueretur,
1107 5169 1210 5224 nisi
1259 5171 1453 5229 contini
1509 5181 1674 5244 atque
1716 5173 1966 5245 contigua

384 5261 676 5317 Dominicm
702 5260 1006 5330 passionis?
1028 5261 1163 5330 Quia
1190 5263 1244 5320 in
1276 5279 1338 5319 ea
1361 5264 1700 5336 signiﬁcatur
1719 5265 1834 5322 haec
1859 5266 1968 5321 vita

386 5350 676 5413 laboriosa,
722 5351 808 5406 cui
859 5366 995 5421 opus
1044 5362 1130 5409 est
1175 5354 1526 5421 continentia,
1574 5366 1632 5411 ut
1681 5357 1750 5414 ab
1800 5356 1970 5427 ipsius

388 5441 568 5495 mundi
593 5439 829 5499 amicitia
851 5439 1144 5510 jejuuetur.
1172 5442 1383 5499 Aliter:
1403 5442 1666 5515 jejunavit
1686 5444 1961 5507 Dominus,

387 5544 510 5583 cum
549 5539 844 5586 tentaretur
872 5541 998 5587 ante
1045 5542 1274 5590 mortem
1316 5535 1438 5589 cibo
1481 5533 1660 5589 adhuc
1700 5534 1945 5604 indigens

391 5618 727 5677 Manducavit
747 5631 925 5678 autem
959 5633 1016 5681 ct
1035 5624 1173 5680 bibit
1194 5639 1320 5687 uim
1345 5624 1700 5696 gloriﬁcatur,
1737 5636 1860 5695 post
1885 5640 1964 5682 re-

392 5712 777 5769 6".rrcctionem
796 5712 913 5785 jam
938 5716 1064 5772 cibo
1090 5732 1193 5773 non
1211 5718 1474 5790 indigens.
1501 5716 1600 5773 Hic
1622 5718 1766 5774 enim
1790 5727 1969 5776 osten-

2070 5170 2272 5241 iapides
2295 5171 2382 5225 isti
2399 5187 2558 5239 panes
2578 5171 2730 5239 ﬁant.
2774 5170 2885 5225 Nisi
2909 5187 3038 5241 ergo
3063 5171 3323 5226 Dominus
3359 5168 3657 5241 jejunasset

2073 5260 2311 5318 tentandi
2335 5262 2551 5317 occasio
2571 5261 2784 5317 diabolo
2809 5276 2915 5316 non
2938 5260 3127 5316 fuisset
3174 5260 3421 5315 Accessit
3440 5258 3653 5329 quidem

2073 5353 2311 5408 tentandi
2340 5353 2716 5423 per-missione,
2755 5352 2848 5422 qui
2877 5352 3035 5423 longe
3076 5359 3196 5407 erat
3242 5358 3368 5407 voto
3416 5349 3650 5405 malitiae.

2072 5446 2315 5502 Accessit
2340 5447 2626 5518 instigatus
2672 5446 2815 5501 fastu
2864 5444 3152 5515 superbiai,
3197 5443 3290 5513 qui
3318 5457 3426 5497 non
3467 5441 3653 5496 obser—

2066 5535 2233 5617 vabat
2259 5544 2501 5591 tenorem
2522 5537 2764 5607 iustitiae.
2806 5535 2994 5592 Erexit
3031 5550 3089 5591 se
3118 5549 3309 5589 servus
3333 5546 3523 5589 contra
3547 5532 3652 5586 Do-

2074 5627 2301 5691 minum,
2342 5627 2587 5697 captivus
2647 5635 2837 5682 contra
2880 5625 3128 5689 liberum,
3177 5624 3426 5679 inﬁrmus
3470 5631 3648 5679 contra

2075 5716 2291 5778 fortem,
2319 5725 2370 5770 et
2398 5716 2523 5771 dum
2550 5715 2891 5771 innocentem
2936 5714 3185 5771 studebat
3220 5713 3403 5781 ligare,
3453 5722 3570 5766 reos
3594 5726 3650 5762 se

3050 5814 3093 5831 Χ
