3970 6198
271 338 365 399 781

1237 341 1592 403 COMMENT.
1637 345 1703 402 IN
1743 343 2178 407 ΜΑττηΑευΜ.
2220 381 2287 390 -
2330 350 2455 405 LIB.
2492 348 2532 404 i.

3455 352 3555 406 782

271 457 488 513 dolebat
533 456 805 510 amittere.
853 453 969 510 Non
1007 469 1136 526 ergo
1179 457 1459 528 indignum
1505 459 1863 530 Redemptore
1889 465 1937 524 Α
1968 462 2067 518 tibi
2091 463 2234 534 quod
2260 479 2366 519 non
2406 463 2460 518 in
2488 461 2602 519 solo
2626 476 2766 533 pane
2803 458 2934 517 vivit
2966 463 3150 528 homo,
3183 463 3280 518 sed
3316 462 3370 519 in
3401 470 3550 523 omni

271 559 482 612 nostro,
515 545 656 616 quod
689 547 883 602 tentari
930 547 1116 608 voluit,
1152 549 1244 619 qui
1294 559 1520 605 venerat
1543 551 1739 610 occidi.
1769 550 1868 607 ιιι-

269 649 414 692 stum
440 637 637 707 quippe
658 643 776 692 era‘t
801 645 861 692 ut
882 638 962 693 sic
989 639 1316 694 tentationes
1353 649 1570 696 nostras
1594 641 1708 698 suis
1750 651 1866 698 ten-

269 727 568 783 tatwnibus
595 727 855 791 vinceret,
893 729 1036 782 sicut
1076 737 1307 784 mortem
1357 739 1599 786 nostram
1640 741 1865 787 venerat

267 835 366 874 sua
398 828 571 874 morte
599 834 875 889 superare.
905 819 966 875 Si
997 819 1190 884 Filius,
1227 821 1419 891 inquit,
1453 821 1550 876 Dei
1577 838 1652 888 es,
1694 823 1780 877 die
1805 833 1864 878 ut

266 912 467 983 lapides
488 912 577 966 isti
603 929 764 982 panes
785 913 940 980 fiant.
972 912 1244 983 Antiquus
1258 915 1406 968 enim
1431 915 1604 970 hostis
1632 915 1834 971 Redemi

263 1015 476 1075 ptorem
500 1005 720 1059 humani
751 1006 967 1076 generis
1007 1005 1391 1061 debellatorem
1422 1020 1580 1062 suum
1611 1007 1666 1062 in
1706 1022 1862 1061 mun-

264 1097 395 1148 dum
425 1095 638 1150 venisse
665 1096 936 1165 cognovit.
983 1095 1117 1163 Quia
1167 1112 1260 1152 seu
1285 1111 1384 1167 per
1411 1099 1702 1168 prophetas
1729 1113 1861 1168 pro-

264 1189 490 1242 missum
521 1203 614 1242 seu
643 1203 739 1258 per
760 1189 980 1257 angelos
1003 1190 1405 1256 annuntiatum,
1440 1190 1558 1246 sive
1583 1190 1746 1246 etiam
1761 1202 1861 1260 per

260 1277 528 1334 Joannem
589 1279 758 1350 digito
815 1280 1240 1335 demonstratum
1305 1295 1598 1353 agnoscere
1660 1283 1856 1353 potuit.

264 1369 419 1424 Uiide
447 1378 500 1423 et
521 1383 618 1438 per
641 1370 920 1423 obsessum
951 1369 1224 1424 hominem
1256 1371 1431 1425 dixit:
1465 1370 1607 1436 Quid
1635 1371 1783 1426 nobis
1809 1381 1858 1426 et

259 1463 378 1525 tibi,
410 1461 518 1515 Fili
541 1462 678 1516 Dei?
702 1463 880 1517 venisti
909 1472 1027 1517 ante
1047 1473 1248 1534 tempus
1268 1473 1507 1536 torquere
1529 1482 1622 1520 nos
1641 1465 1855 1539 (Matth.

260 1556 404 1622 vui).
444 1552 578 1607 Cum
629 1561 810 1606 tamen
859 1553 1002 1608 hunc
1054 1549 1364 1624 passibilem
1411 1565 1686 1624 cerneret,
1733 1573 1855 1613 cum

258 1659 423 1713 posse
450 1643 694 1698 mortalia
718 1643 923 1714 perpeti
944 1645 1258 1702 humanitus
1277 1647 1508 1714 videret,
1532 1662 1694 1704 omne
1713 1649 1859 1719 quod

257 1737 330 1790 de
361 1736 476 1804 ejus
497 1735 777 1789 divinitate
806 1735 1115 1804 suspicatus
1141 1743 1225 1791 est
1250 1736 1299 1791 ei
1343 1736 1484 1792 fastu
1514 1753 1626 1793 sua:
1669 1753 1859 1808 super-

257 1827 367 1881 bize
395 1827 448 1880 in
477 1827 696 1881 dubium
727 1827 892 1880 venit.
925 1827 1070 1881 Nihil
1097 1829 1297 1899 quippe
1325 1844 1384 1885 se
1425 1829 1529 1884 nisi
1568 1831 1858 1899 superbum

254 1918 460 1980 sciens,
491 1931 614 1970 cum
630 1918 787 1972 ‘bunc
810 1931 929 1972 esse
954 1918 1213 1973 humilem
1237 1920 1525 1990 conspicit,
1567 1920 1856 1977 Dominum

253 2021 383 2062 esse
412 2006 697 2069 dubitavit,
731 2008 871 2062 unde
898 2017 952 2062 et
972 2009 1040 2064 ad
1072 2011 1428 2065 tentationum
1454 2026 1512 2066 se
1538 2019 1856 2083 argumenta

253 2099 550 2154 convertit.
593 2097 699 2153 Sed
725 2111 829 2153 non
861 2100 1001 2154 sicut
1028 2109 1148 2166 nos,
1183 2103 1273 2172 qui
1315 2103 1435 2173 puri
1489 2103 1737 2160 homines
1760 2120 1856 2158 su-

253 2208 404 2256 mus,
437 2191 676 2246 irruente
723 2207 864 2262 stepe
897 2193 1195 2248 tentatione
1241 2196 1605 2260 concutimur,
1639 2196 1712 2250 ita
1747 2195 1854 2251 Re-

252 2281 560 2350 demptoris
592 2281 760 2336 nostri
811 2283 990 2337 anima
1033 2285 1348 2340 tentationis
1401 2294 1486 2340 est
1533 2286 1856 2342 necessitate

253 2372 496 2426 turbata.
526 2369 725 2427 Tribus
750 2385 983 2442 namque
1030 2375 1205 2429 modis
1233 2375 1458 2430 tentatio
1487 2375 1687 2446 agitur,
1728 2390 1856 2445 sug-

249 2463 525 2533 gestione,
573 2462 955 2528 delectatione,
1001 2477 1291 2530 consensu,
1349 2474 1406 2520 et
1456 2467 1556 2519 ti‘os
1581 2481 1704 2520 cum
1735 2475 1854 2518 ten-

251 2563 442 2607 tamur
487 2553 805 2624 plerumque
863 2554 916 2608 in
959 2555 1392 2620 delectationem,
1440 2564 1536 2610 aut
1581 2557 1743 2613 etiam
1798 2558 1852 2611 in

248 2661 585 2700 consensum
613 2645 867 2699 labimur.
897 2645 1032 2712 Quia
1059 2647 1240 2702 carnis
1279 2656 1504 2717 peccato
1545 2649 1851 2718 pr0pagati,

248 2737 304 2791 in
333 2736 743 2805 nobismetipsis
795 2736 957 2791 etiam
991 2737 1228 2808 gerimus
1267 2739 1408 2793 unde
1449 2739 1744 2794 certamina
1768 2748 1852 2794 to-

245 2826 516 2883 leratnus.
549 2826 692 2882 Deus
716 2843 843 2883 vero
870 2829 960 2898 qui
986 2829 1052 2882 ad
1085 2831 1477 2900 susceptionem
1524 2831 1708 2886 carnis
1736 2832 1853 2886 sine

245 2928 484 2990 peccato
539 2927 784 2984 venerat,
837 2919 911 2973 nil
961 2921 1406 2976 contradictionis
1455 2922 1508 2976 in
1557 2923 1852 2993 semetipso

247 3012 546 3066 tolerabat.
605 3009 824 3065 Tentari
883 3025 1012 3082 ergo
1052 3028 1148 3082 per
1201 3015 1599 3084 suggestionem
1652 3015 1848 3084 potuit,

245 3101 349 3156 sed
408 3100 526 3171 ejus
575 3107 809 3155 mentem
859 3101 1064 3169 peccati
1116 3101 1401 3158 delectatio
1453 3117 1560 3157 non
1617 3119 1851 3159 momor-

1965 554 2132 608 verbo
2155 554 2296 622 quod
2326 553 2603 623 egreditur
2647 567 2712 606 ex
2742 567 2841 607 ore
2867 552 2986 606 Dei.
3029 552 3172 622 Ergo
3198 551 3244 607 si
3283 553 3409 621 quis
3447 568 3553 610 non

1963 643 2200 699 vescitur
2232 643 2330 699 Dei
2357 645 2542 707 verbo,
2574 645 2678 699 iste
2701 659 2810 698 non
2834 643 2985 698 vivit.
3019 645 3155 712 Quia
3185 645 3328 701 sicut
3354 659 3556 718 corpus

1965 734 2258 790 humanum
2286 751 2394 790 non
2421 735 2552 790 vivit
2579 735 2696 790 sine
2741 743 2960 790 terreno
3003 735 3149 802 cibo,
3181 735 3256 790 ita
3285 743 3344 794 et
3373 737 3551 792 anima

1961 822 2146 878 vivere
2174 839 2282 878 non
2309 832 2486 895 potest
2514 823 2634 879 sine
2661 822 2756 878 Dei
2787 823 2970 878 verbo.
3021 822 3327 880 Procederc
3368 833 3553 882 autem

1961 915 2184 970 verbum
2227 916 2294 970 de
2335 931 2430 970 ore
2459 916 2552 971 Dei
2588 916 2806 982 dicitur,
2833 930 2958 970 cum
2984 915 3270 971 consilium
3299 932 3455 972 suum
3487 932 3556 974 ac

1961 1005 2291 1061 voluntatem
2337 1007 2584 1063 conditur
2632 1022 2879 1062 summus
2919 1021 3019 1077 per
3063 1016 3376 1062 sanctarum
3404 1007 3554 1064 Seri-

1959 1103 2240 1167 pturarum
2269 1097 2576 1152 testimonia
2622 1096 2868 1152 revelare
2911 1104 3111 1152 nostrae
3149 1096 3426 1168 fragilitati
3456 1115 3555 1154 vo-

1959 1172 2140 1242 luerit.
2189 1184 2306 1242 Non
2332 1185 2474 1256 quod
2503 1187 2857 1256 incorporeus
2902 1186 3046 1242 Deus
3074 1186 3398 1242 lineamenta
3426 1203 3550 1243 cor-

1958 1277 2108 1348 poris
2152 1278 2207 1333 in
2255 1288 2447 1333 natura
2495 1294 2592 1333 sua
2635 1279 2854 1344 habeat,
2883 1279 2978 1334 sed
3009 1279 3293 1334 invisibilia
3317 1281 3432 1350 ejus
3459 1298 3554 1352 per

1958 1380 2021 1418 ea
2044 1382 2162 1436 qua:
2183 1367 2323 1436 facta
2351 1376 2469 1420 sunt
2507 1365 2768 1420 intellecta
2797 1367 3206 1436 conspiciuntur,
3236 1370 3551 1438 sempiterna

1957 1474 2159 1529 quoque
2200 1460 2361 1512 virtus
2409 1459 2523 1529 ejus
2563 1474 2625 1512 ac
2655 1458 2902 1513 divinitas
2938 1458 3116 1529 (Rom.
3143 1459 3204 1532 l).
3245 1458 3551 1515 Notandum

1958 1555 2140 1602 autem
2167 1548 2311 1617 quod
2339 1547 2670 1616 Redemptor
2691 1557 2877 1604 noster
2904 1557 3140 1604 tentatus
3166 1550 3286 1605 ideo
3305 1565 3403 1620 per
3427 1566 3550 1606 sen-

1961 1637 2158 1693 tentias
2192 1637 2596 1709 Scripturarum
2643 1638 2857 1695 diabolo
2905 1640 3207 1709 respondit,
3251 1641 3376 1710 quia
3424 1656 3553 1712 pro—

1959 1728 2193 1798 positum
2215 1729 2265 1784 ei
2297 1739 2418 1784 erat
2441 1730 2746 1786 humilitate
2772 1730 3045 1785 diabolum
3069 1732 3285 1786 vincere
3307 1749 3412 1787 non
3449 1748 3549 1802 po—

1887 1809 1934 1868 B
1961 1819 2153 1873 tentia.
2191 1818 2466 1889 Nobisque
2501 1818 2807 1889 exemplum
2841 1820 3010 1885 dedit,
3039 1828 3095 1873 ut
3130 1821 3340 1890 quoties
3361 1837 3390 1875 a
3427 1836 3551 1892 pra-

1961 1910 2042 1964 vis
2075 1909 2384 1964 liominibus
2412 1909 2615 1981 aliquid
2641 1911 2902 1980 patimur,
2933 1911 3000 1964 ad
3040 1910 3343 1966 doctrinam
3370 1913 3550 1981 potius

1959 2002 2278 2066 excitemur,
2327 2016 2488 2070 quam
2532 2002 2600 2057 ad
2647 2002 2962 2058 vindictam.
2995 2002 3177 2058 Hostis
3200 2005 3551 2058 enimuostcr

1958 2095 2135 2150 adimo
2163 2095 2216 2148 in
2255 2095 2359 2149 bac
2388 2095 2498 2148 vita
2526 2109 2624 2150 nos
2651 2095 2877 2165 positos,
2902 2105 3106 2164 quanto
3133 2097 3305 2166 magis
3324 2111 3422 2149 nos
3443 2095 3548 2150 sibi

1958 2185 2221 2241 rebellare
2265 2187 2552 2256 conspicit,
2606 2195 2755 2242 tanto
2807 2186 3037 2256 amplius
3081 2201 3393 2258 expugnare
3418 2203 3550 2242 con-

1958 2278 2150 2332 tendit.
2207 2278 2315 2333 Eos
2351 2291 2587 2348 namque
2632 2277 2848 2348 pulsare
2884 2277 3128 2348 negligit,
3179 2292 3314 2347 quos
3365 2279 3548 2346 quieto

1949 2371 2074 2441 jure
2115 2371 2396 2441 possidere
2437 2386 2496 2424 se
2531 2371 2713 2426 sentit.
2764 2372 2964 2426 Contra
2997 2385 3095 2424 LOS
3124 2385 3252 2425 vero
3296 2383 3360 2424 eo
3386 2370 3552 2425 vehe-

1956 2461 2193 2517 mentius
2217 2460 2474 2516 incitatur
2499 2475 2606 2530 quo
2630 2476 2697 2516 ex
2742 2462 2904 2515 corde
2928 2470 3114 2515 nostro
3142 2460 3298 2530 quasi
3321 2475 3388 2514 ex
3423 2459 3548 2530 jure

1953 2555 2186 2625 propria:
2222 2554 2570 2609 habitationis
2595 2553 2899 2622 expellitur.
2933 2551 3046 2608 Hoc
3092 2553 3237 2607 enim
3268 2553 3322 2607 in
3345 2569 3406 2608 se
3427 2553 3546 2624 ipso

1956 2645 2217 2700 Dominus
2263 2645 2364 2700 sub
2405 2645 2637 2714 quadam
2672 2644 3073 2713 dispensatione
3131 2643 3401 2714 ﬁguravit,
3452 2644 3548 2714 qui

1955 2737 2228 2792 diabolum
2255 2750 2362 2790 non
2386 2735 2490 2789 nisi
2515 2743 2636 2804 post
2656 2734 2924 2804 baptisma
2951 2748 3009 2788 se
3039 2741 3249 2788 tentare
3273 2735 3544 2802 permisit,

1954 2835 2014 2881 ut
2039 2827 2251 2897 signum
2280 2825 2435 2880 nobis
2474 2823 2743 2893 quoddam
2783 2823 2977 2879 futura:
3007 2823 3435 2879 conversationis
3465 2824 3548 2878 in-

1954 2925 2173 2982 nueret,
2203 2916 2345 2987 quod
2381 2916 2622 2970 membra
2661 2915 2778 2985 ejus
2814 2922 3102 2985 postquam
3129 2913 3195 2967 ad
3222 2914 3392 2968 Deum
3416 2928 3543 2983 pro-

1953 3008 2325 3064 ﬁciscerentur
2352 3049 2368 3075 ,
2427 3019 2553 3063 tunc
2608 3008 2846 3063 acriores
2906 3007 3265 3062 tentationum
3323 3007 3546 3062 insidias

1955 3099 2275 3158 tolerarent.

246 3189 356 3245 dit.
414 3157 590 3259 Atque
636 3187 753 3243 ideo
788 3157 967 3244 omnis
990 3189 1254 3244 diabolica
1297 3157 1388 3245 illa
1429 3157 1665 3247 tentatioi
1695 3157 1853 3260 foris,
1877 3157 1922 3219 Ο
2029 3187 2176 3242 Tune
2206 3189 2486 3258 assumpsit
2510 3205 2628 3243 eum
2653 3187 2894 3242 diabolus
2915 3188 2969 3241 in
2995 3196 3234 3242 sanetam
3258 3187 3543 3253 civitatem,

246 3295 366 3334 non
395 3279 540 3333 intus
588 3276 706 3332 fuit.
760 3277 850 3334 Sic
883 3279 1026 3334 enim
1055 3280 1308 3351 dignatus
1357 3292 1441 3337 est
1469 3283 1586 3338 haec
1611 3284 1851 3339 exterius

250 3379 457 3424 murteta
483 3370 775 3439 suscipere,
802 3378 864 3424 ut
903 3380 1082 3425 tamen
1109 3371 1227 3442 ejus
1277 3387 1433 3428 mens
1460 3372 1691 3430 interius
1717 3375 1852 3430 divi-

249 3461 419 3516 nitati
456 3475 566 3514 suae
623 3459 910 3527 inhaerens,
957 3461 1281 3518 inconcussa
1333 3473 1695 3534 permaneret.
1746 3464 1849 3532 Qui

249 3553 362 3606 etsi
391 3550 608 3622 quando
633 3553 880 3608 turbatus
908 3553 1101 3623 spiritu
1130 3553 1473 3611 intremuisse
1491 3556 1710 3622 dicitur,
1736 3558 1850 3628 ipse

251 3642 522 3697 divinitus
563 3641 881 3712 disponebat
927 3651 1189 3713 quantum
1229 3645 1345 3715 ipse
1387 3645 1704 3702 humanitus
1734 3657 1848 3702 tur-

249 3735 502 3789 baretur.
561 3732 834 3788 Esurienti
871 3735 1069 3806 quippe
1119 3735 1347 3791 Domino
1393 3752 1501 3792 non
1550 3739 1616 3793 de
1661 3739 1844 3804 humo,

253 3843 361 3882 nec
388 3827 456 3881 de
479 3825 627 3894 feno,
653 3827 748 3882 sed
794 3829 860 3883 de
900 3827 1168 3899 lapidibus
1192 3843 1361 3899 panes
1399 3829 1579 3888 facere
1603 3831 1848 3886 diabolus

254 3919 455 3982 suasit,
493 3918 618 3988 quia
659 3927 840 3974 mente
885 3920 1052 3974 durus
1092 3918 1348 3974 duritiam
1380 3934 1631 3975 sermone
1668 3931 1848 3976 osten-

256 4011 360 4064 dit.
391 4006 509 4075 Die,
534 4009 727 4081 inquit,
759 4019 814 4064 ut
836 4009 1036 4080 lapides
1058 4010 1147 4064 isti
1169 4025 1331 4078 partes
1353 4008 1506 4078 ﬁant.
1550 4008 1668 4065 Non
1713 4009 1849 4065 dixit

255 4100 370 4167 fac,
399 4099 493 4154 sed
519 4098 625 4166 die,
649 4099 772 4169 quia
817 4099 1078 4170 scriptum
1117 4106 1382 4154 noverat:
1418 4097 1565 4154 Dixit
1586 4098 1728 4156 Deus
1749 4100 1844 4169 ﬁat

255 4189 373 4253 luat,
392 4199 442 4243 et
465 4191 604 4260 facta
629 4199 703 4245 est
725 4189 818 4244 lux
840 4188 991 4262 (Gen.
1032 4189 1096 4262 ι).
1127 4189 1194 4244 Ει
1220 4189 1349 4245 alibi
1375 4208 1387 4242 :
1417 4189 1555 4255 Quia
1580 4190 1690 4261 ipse
1711 4190 1844 4244 dixit

253 4290 304 4334 et
356 4279 498 4349 facta
543 4289 685 4346 sunt,
716 4281 824 4351 ipse
870 4280 1139 4335 mandavit
1184 4289 1232 4334 et
1281 4289 1458 4334 creata
1495 4289 1618 4334 sunt
1668 4277 1838 4352 (Psal.

257 4369 461 4440 xxxn).
498 4368 689 4425 Dicere
716 4373 860 4425 enim
887 4369 1004 4435 Dei,
1035 4368 1214 4426 facere
1238 4378 1340 4424 est.
1372 4368 1480 4425 Sed
1504 4370 1558 4424 in
1587 4371 1689 4425 hoc
1708 4385 1844 4440 quo-

255 4473 367 4528 que
393 4458 487 4513 Dei
514 4457 680 4514 Filius
709 4459 1056 4514 admirandus
1100 4473 1206 4514 non
1253 4468 1357 4527 est,
1386 4461 1432 4514 si
1478 4475 1546 4515 ex
1576 4460 1842 4532 lapidibus
1872 4500 1922 4560 D

258 4562 430 4618 panes
460 4557 626 4614 creet,
652 4565 775 4605 eum
800 4551 902 4605 hoc
925 4551 1163 4621 quotidie
1189 4551 1350 4622 jactis
1378 4553 1432 4606 in
1464 4561 1661 4608 terram
1684 4555 1844 4609 semi-

258 4638 422 4692 nibus
444 4637 592 4704 l'acit,
609 4638 807 4710 Rigans
828 4649 1024 4694 montes
1048 4640 1112 4694 de
1130 4641 1482 4712 superioribus
1497 4644 1626 4706 suis,
1642 4654 1696 4696 ut
1717 4645 1845 4697 edu-

259 4738 345 4780 cat
360 4743 548 4797 panem
561 4729 626 4782 de
645 4737 807 4796 terra,
824 4741 869 4784 et
884 4730 1058 4785 vinum
1082 4731 1307 4800 lwtiﬁeet
1319 4749 1412 4786 eor
1429 4733 1655 4787 hominis
1669 4734 1687 4805 (
1699 4734 1843 4788 Psal.

257 4823 404 4892 cm).
428 4818 650 4890 Mystice
671 4833 850 4877 autem
877 4838 942 4878 ex
967 4823 1232 4894 lapidibus
1260 4840 1426 4896 panes
1454 4826 1598 4891 facit,
1627 4841 1747 4880 cum
1769 4827 1850 4881 di-

258 4926 454 4966 versas
473 4921 680 4983 gentes,
705 4929 826 4986 qua:
841 4915 1106 4986 lapidibus
1127 4919 1196 4972 ob
1216 4918 1466 4972 duritiam
1484 4919 1682 4974 mentis
1701 4933 1846 4975 com-

257 5014 554 5074 parantur,
599 5020 697 5076 per
722 5007 1070 5078 Evangelium
1119 5007 1172 5062 in
1209 5024 1405 5078 corpus
1433 5026 1587 5064 suum
1631 5011 1842 5079 redigit.

261 5095 403 5162 Quia
429 5097 725 5152 secundum
755 5098 1107 5168 Apostolum:
1154 5097 1299 5152 Unus
1334 5101 1505 5169 panis,
1544 5117 1704 5155 unum
1731 5118 1848 5156 eor-

261 5201 364 5256 pus
391 5201 485 5239 nos
506 5185 658 5241 multi
693 5204 872 5242 sumus
893 5189 949 5241 in
980 5187 1185 5242 Christo
1212 5189 1338 5242 Jesu
1367 5188 1415 5258 (l
1441 5189 1563 5243 Cor.
1589 5192 1665 5259 χ).

337 5276 409 5330 Et
434 5279 745 5348 respondens
771 5279 1199 5351 dixit,.Scriptum
1225 5289 1334 5334 est:
1353 5279 1475 5334 Non
1502 5283 1556 5334 in
1581 5281 1693 5335 solo
1715 5298 1850 5350 pane

263 5368 390 5422 civit
440 5368 617 5434 homo,
642 5369 731 5424 sed
763 5371 817 5424 in
845 5371 984 5424 omni
1031 5371 1179 5424 verbo
1223 5372 1360 5442 quod
1394 5372 1625 5442 procedit
1653 5372 1716 5426 de
1761 5389 1851 5427 ore

261 5458 389 5511 Dei.
422 5458 811 5516 Testimoniqu
855 5461 957 5519 hoc
1002 5463 1066 5516 de
1116 5463 1528 5517 Deuteronomio
1580 5471 1850 5532 sumptum

259 5557 372 5602 est.
429 5548 532 5604 Ubi
581 5551 791 5622 Moyses
837 5554 1277 5607 commemoravit
1324 5553 1520 5624 popqu
1568 5553 1849 5621 beneﬁcia,

262 5642 456 5697 dicens
478 5643 547 5696 ad
567 5659 660 5698 eos
683 5664 695 5697 ε
728 5644 882 5698 Dedit
899 5645 992 5698 tibi
1012 5645 1267 5698 Dominus
1288 5647 1459 5698 cibum
1485 5661 1698 5709 manna,
1714 5645 1850 5715 quod

266 5734 552 5801 ignorabas
581 5744 659 5800 tu,
699 5747 746 5790 et
772 5747 945 5804 patres
975 5740 1052 5790 tui
1095 5736 1273 5807 (Deut.
1294 5737 1436 5807 vni),
1462 5746 1523 5791 ut
1547 5737 1854 5792 ostenderet

1951 3287 2001 3333 et
2030 3280 2212 3332 statuit
2266 3295 2382 3332 eum
2429 3295 2592 3350 supra
2638 3277 2980 3350 pinnaeulum
3021 3279 3216 3347 templi.
3273 3277 3544 3350 (Πίον-οη.)

1951 3368 2266 3438 Assumptio
2291 3367 2392 3421 ista
2419 3382 2541 3437 qua:
2567 3367 2783 3431 dicitur,
2815 3382 2920 3422 non
2949 3382 3014 3421 ex
3053 3366 3423 3422 imbecillitate
3449 3367 3550 3421 Do-

1951 3457 2083 3511 mini
2112 3457 2280 3522 venit,
2310 3457 2406 3512 sed
2449 3457 2516 3512 de
2545 3457 2747 3512 inimici
2778 3456 3057 3527 superbia,
3089 3457 3182 3525 qui
3209 3455 3544 3512 voluntatem

1952 3545 2248 3602 Salvatoris
2275 3548 2656 3602 necessitatem
2681 3549 2919 3616 putavit:
2966 3562 3033 3601 ex
3075 3547 3179 3600 hoc
3219 3554 3400 3601 autem
3425 3545 3544 3600 loco

1951 3637 2274 3708 intelligitur
2295 3639 2426 3708 quid
2447 3637 2518 3701 sit
2546 3637 2677 3692 illud
2699 3637 2920 3706 quodin
2951 3638 3060 3692 alio
3087 3637 3206 3693 loco
3234 3655 3249 3691 :
3284 3638 3542 3692 Abierant

1948 3731 2002 3782 in
2023 3739 2261 3781 sanetam
2307 3728 2589 3793 ciuitatem,
2618 3740 2666 3782 et
2719 3726 2897 3780 multis
2926 3735 3282 3796 apparuerunt
3321 3727 3537 3797 (Matth.

1948 3817 2138 3889 xxvn).
2156 3817 2451 3888 (Μλυκυε.)
2472 3817 2671 3872 Sancta
2683 3824 2866 3871 autem
2881 3817 3074 3870 civitas
3085 3813 3386 3871 Jerusalem
3401 3815 3542 3870 diee-

1948 3907 2125 3972 batur,
2154 3908 2206 3961 in
2231 3922 2336 3976 qua
2364 3906 2619 3976 templum
2646 3906 2743 3962 Dei
2767 3914 2888 3962 erat
2907 3914 2963 3962 et
2987 3915 3179 3964 sancta
3203 3914 3536 3972 sanctorum,

1946 4007 2003 4054 et
2028 3997 2207 4054 cultus
2251 3997 2414 4053 unius
2442 3996 2539 4051 Dei
2569 3997 2871 4053 secundum
2899 3997 3072 4069 legem
3115 3996 3305 4068 Moysi.
3349 3995 3543 4052 Pinna-

1946 4090 2126 4146 eulum
2158 4098 2338 4144 autem
2363 4089 2648 4144 summitas
2675 4101 2762 4145 est
2785 4090 2933 4144 tecti.
2983 4087 3102 4143 Non
3129 4089 3276 4143 enim
3303 4088 3538 4143 habebat

1947 4182 2205 4252 templum
2235 4181 2448 4237 culmen
2485 4182 2539 4236 in
2585 4181 2955 4251 superioribus
2982 4180 3122 4236 sicut
3149 4194 3252 4236 nec
3286 4179 3539 4235 taberna-

1944 4273 2148 4341 culum,
2178 4274 2272 4329 sed
2297 4281 2414 4328 erat
2444 4271 2668 4343 arquale.
2708 4271 2988 4338 Quomodo
3011 4273 3265 4327 omnibus
3289 4271 3344 4326 in
3371 4269 3540 4325 Palm-

1945 4369 2086 4425 stina
2106 4376 2162 4423 et
2181 4365 2416 4438 .‘Egypto
2431 4366 2621 4422 domus
2639 4365 3030 4420 mdibcantibus
3045 4362 3226 4418 facere
3247 4365 3414 4418 moris
3431 4372 3536 4419 est.

2018 4460 2088 4517 Et
2109 4462 2242 4516 dixit
2285 4461 2373 4515 ei:
2422 4459 2484 4516 Si
2521 4457 2690 4513 Filius
2740 4457 2834 4511 Dei
2880 4474 2955 4524 es,
3007 4458 3152 4510 mitte
3181 4465 3233 4510 te
3267 4457 3532 4510 deorsum.

1949 4553 2175 4628 (Hilam)
2202 4553 2258 4607 In
2284 4553 2536 4608 omnibus
2560 4549 2948 4605 tentationibus
2985 4548 3100 4603 suis
3140 4548 3244 4602 hoc
3285 4549 3394 4616 ag't
3422 4545 3541 4601 diu.

1948 4644 2124 4709 holus,
2159 4652 2216 4697 ut
2252 4641 2515 4712 intelligat
2549 4641 2595 4696 si
2627 4639 2796 4693 Filius
2838 4639 2933 4693 Dei
2980 4638 3070 4693 sit.
3118 4637 3224 4693 Sed
3275 4636 3540 4692 Dominus

1947 4734 2029 4788 sic
2051 4732 2452 4801 responsionem
2477 4736 2762 4798 temperat,
2805 4735 2867 4782 ut
2905 4742 3032 4782 eum
3077 4726 3345 4797 relinquat
3367 4725 3539 4783 ambi-

1949 4838 2131 4894 guum.
2164 4821 2316 4874 Mitte
2355 4830 2404 4872 te
2445 4820 2689 4872 deorsum
2733 4817 2830 4881 ait,
2876 4817 3002 4886 quia
3043 4832 3146 4871 vox
3183 4815 3401 4879 diaboli,
3430 4832 3534 4884 qua

1952 4929 2166 4984 semper
2193 4928 2382 4967 omnes
2414 4912 2605 4966 cadere
2629 4911 2880 4964 deorsum
2911 4909 3182 4964 desiderat
3210 4909 3537 4979 persuadere

1952 5017 2147 5080 potest,
2179 5006 2520 5078 prmcipitare
2572 5021 2678 5060 non
2725 5013 2929 5075 potest;
2970 5002 3234 5076 (MAURUS)
3271 5002 3538 5070 simulque

1952 5101 2244 5156 notandum
2292 5098 2434 5168 quod
2481 5096 2730 5152 Christus
2758 5097 2883 5152 licet
2907 5096 3174 5151 diabolum
3205 5094 3537 5164 permisisset

1954 5211 2012 5250 se
2053 5208 2216 5263 super
2248 5190 2592 5261 pinnaculum
2635 5189 2818 5260 templi
2864 5203 3082 5258 ponere,
3131 5195 3307 5240 tamen
3361 5183 3542 5238 renuit

1956 5285 2021 5339 ad
2049 5285 2164 5355 ejus
2215 5284 2494 5351 imperium
2523 5283 2772 5336 deorsum
2823 5279 3169 5334 descendere.
3223 5274 3390 5330 Nobis
3439 5287 3538 5344 pro

1956 5373 2220 5444 exemplo,
2248 5382 2309 5426 ut
2336 5373 2582 5442 quisquis
2622 5371 2965 5440 imperaverit
2992 5369 3130 5422 viam
3170 5365 3416 5420 veritatis
3450 5381 3538 5419 ar-

1958 5473 2097 5519 ctam
2139 5471 2192 5517 et
2219 5477 2506 5532 supernam
2556 5477 2655 5516 nos
2693 5461 3004 5523 ascendere,
3059 5456 3531 5526 obtempercmus;

1959 5555 2004 5610 si
2028 5555 2149 5622 quis
2171 5562 2348 5607 autem
2371 5552 2483 5606 vult
2504 5567 2600 5606 nos
2623 5551 2761 5606 lictis
2793 5549 3132 5604 suasionibus
3156 5548 3222 5602 de
3251 5545 3537 5600 altitudine

1961 5647 2202 5701 veritatis
2233 5653 2287 5699 et
2338 5645 2595 5699 virtutum
2650 5643 2716 5696 ad
2773 5642 2879 5695 ima
2930 5643 3134 5696 erroris
3183 5649 3240 5695 et
3283 5637 3537 5693 vitiorum

1961 5735 2318 5807 pm‘cipilarc,
2347 5750 2455 5790 non
2484 5733 2634 5786 illum
2671 5730 2971 5785 audiamus.
3018 5729 3152 5784 Nam
3183 5731 3235 5784 in
3263 5729 3384 5784 istis
3406 5728 3538 5782 duo-
