3986 6192
410 306 512 364 785

1082 304 1141 358 Β.
1183 302 1439 359 RABANI
1479 302 1694 360 MAURI
1734 300 2054 357 ARCHIEP.
2099 300 2405 357 MOGUNT.
2448 301 2733 359 OPERUM
2767 303 2949 360 PARS
2988 305 3028 360 l.

3566 313 3678 369 78%

408 428 509 481 hus
544 420 837 493 apostolica
871 434 968 473 nos
991 416 1209 473 instruit
1249 418 1423 472 oratio
1449 435 1461 470 :
1497 415 1629 471 dicit
1657 415 1799 470 enim
1835 415 1981 469 Pau-
2011 412 2057 472 A
2087 414 2284 469 mirum
2323 414 2366 469 si
2405 430 2463 469 se
2492 417 2738 486 permisit
2759 419 2826 472 ah
2857 418 2949 474 illo
2977 421 3029 474 in
3060 432 3301 478 montem
3326 430 3474 489 dttci,
3503 429 3593 498 qui
3621 447 3690 485 se

404 517 484 570 las
510 515 578 569 ad
596 512 968 581 Philippenses
989 509 1095 563 ita:
1122 507 1351 573 Quidam
1366 524 1487 578 ergo
1510 516 1720 578 propter
1738 506 1991 560 invidiam
2094 504 2315 575 pertulit
2359 507 2519 561 etiam
2562 524 2592 560 a
2624 510 2883 563 membris
2912 510 3053 566 illius
3076 513 3356 586 crueiligi?
3385 517 3689 591 (Μωκιτε.)

400 616 446 659 ει
470 603 869 664 contentionem,
897 601 1112 671 quidam
1143 608 1316 653 autem
1356 607 1566 669 propter
1585 598 1776 652 bonam
1801 595 1989 651 volun-

401 705 559 750 tatem
590 693 855 748 Christum
883 691 1174 760 prtrdieant
1212 687 1435 760 (Philip.
1458 686 1519 759 ι).
1551 687 1618 741 Et
1644 687 1803 756 paulo
1825 696 1944 756 post
1973 704 1985 741 :

403 786 543 853 Quid
571 785 730 851 enim,
758 782 953 852 inquit,
980 781 1106 835 dum
1134 778 1432 834 omnimodo
1475 778 1581 832 sive
1621 793 1714 847 per
1751 777 1982 830 occasio-

402 896 542 939 nem,
564 877 670 930 sive
695 890 787 945 per
808 873 1075 927 veritatem
1104 868 1345 925 Christus
1388 868 1751 931 annuntietur,
1791 866 1846 919 in
1890 866 1991 918 hoc

400 969 623 1039 gaudeo,
655 965 745 1020 sed
773 973 820 1019 et
843 963 1099 1035 gaudebo,
1143 963 1254 1015 scio
1278 960 1418 1014 enim
1441 959 1693 1030 quoniam
1734 959 1831 1010 hoe
1859 955 1989 1008 mihi

401 1060 664 1131 proveniet
688 1056 757 1110 ad
786 1055 1010 1110 salutem
1038 1069 1131 1125 per
1156 1061 1381 1106 vestram
1410 1050 1698 1103 orationem
1726 1064 1745 1112 ;
1772 1060 1987 1101 rursum

400 1151 466 1205 ad
501 1148 720 1204 Galatas
745 1147 818 1200 ait
843 1165 856 1199 :
892 1144 1034 1199 Licet
1088 1159 1199 1207 nos,
1227 1150 1320 1195 aut
1347 1138 1562 1211 angelus
1589 1138 1654 1193 de
1679 1138 1804 1192 cado
1830 1154 1988 1192 evan-

398 1240 581 1311 gelizet
613 1238 753 1294 vobis
782 1245 1126 1307 prwterquam
1167 1230 1632 1303 evangelisavimus
1656 1229 1820 1292 vobis,
1860 1244 1991 1282 ana-

397 1334 567 1383 thema
598 1330 666 1383 sit
702 1325 766 1398 (C
771 1325 844 1380 al.
869 1325 931 1399 ι).

471 1417 734 1488 Scriptum
768 1424 845 1470 est
866 1415 1002 1469 enim
1030 1413 1154 1484 quia
1176 1409 1373 1481 angelis
1400 1411 1511 1464 suis
1538 1406 1802 1462 mandavit
1824 1406 1892 1460 de
1914 1416 1984 1470 te,

387 1520 450 1581 ut
476 1509 528 1563 in
554 1506 795 1561 manibus
824 1503 1011 1559 tollant
1044 1513 1115 1567 te,
1148 1518 1211 1556 ne
1242 1500 1378 1570 forte
1404 1498 1642 1569 offendas
1668 1497 1737 1551 ad
1760 1496 1987 1567 lapidem

397 1600 579 1669 pedem
626 1608 793 1653 tuum.
849 1595 1121 1667 (Hieron.)
1167 1595 1281 1649 Hoc
1308 1595 1361 1648 in
1395 1609 1461 1648 xc
1490 1591 1700 1662 psalmo
1735 1589 1988 1660 legimus,

399 1691 493 1744 sed
519 1690 590 1745 ibi
637 1704 744 1744 non
800 1690 867 1743 de
918 1688 1160 1750 Christo,
1199 1687 1293 1741 sed
1332 1685 1451 1740 viro
1479 1690 1668 1739 sancto
1709 1682 1987 1752 prophetia

2094 595 2322 666 Mystice
2361 606 2543 652 autem
2574 613 2728 653 mons
2767 600 2868 654 iste
2906 603 3216 670 superbiam
3257 606 3530 676 signiﬁcat
3567 610 3691 665 dia-

2091 684 2198 741 boli
2218 726 2233 751 ,
2260 701 2359 756 per
2385 702 2547 756 quam
2585 688 2700 758 ipse
2732 690 2990 759 deceptus
3031 699 3143 756 est,
3172 701 3228 746 et
3255 693 3391 749 alios
3432 695 3693 767 decipere

2091 779 2271 849 gestit.
2303 777 2438 832 Nam
2470 780 2730 835 Dominus
2756 782 2822 835 ad
2846 782 3097 847 humilia,
3126 785 3193 839 ad
3234 789 3560 856 campestria
3591 791 3694 845 de-

2093 868 2323 933 scendit,
2350 876 2409 924 ut
2436 869 2705 926 diabolum
2749 870 3057 927 humilitate
3086 884 3383 943 superaret.
3422 873 3694 932 Diabolus

2093 968 2273 1014 autem
2299 961 2495 1016 ducere
2532 974 2655 1014 eum
2683 961 2748 1015 ad
2772 969 3012 1017 montem
3043 961 3279 1028 festinat,
3301 973 3362 1018 ut
3387 980 3489 1035 per
3516 982 3688 1036 quem

2093 1048 2206 1119 ipse
2250 1058 2530 1106 corruerat
2574 1049 2737 1104 etiam
2765 1052 2949 1107 e:eteri
2991 1061 3268 1109 corruant.
3296 1052 3563 1121 Ostendit,
3598 1057 3690 1112 in-

2092 1139 2231 1210 quit,
2255 1141 2303 1195 ei
2331 1141 2510 1195 omnia
2536 1141 2720 1194 mundi
2752 1158 2935 1211 regna,
2955 1152 3003 1196 et
3028 1143 3252 1214 gloriam
3280 1161 3485 1201 eorum.
3512 1147 3693 1219 Igitur

2093 1233 2350 1289 adversus
2379 1232 2663 1288 Dominum
2691 1240 2799 1288 tota
2828 1232 2942 1301 jam
2970 1234 3149 1291 sieculi
3183 1243 3451 1306 potestate
3474 1252 3690 1309 pugna-

2095 1336 2201 1388 tur,
2230 1335 2283 1380 et
2311 1326 2540 1381 creatori
2572 1342 2671 1381 suo
2697 1326 2969 1395 possessio
3013 1325 3172 1396 hujus
3207 1328 3581 1385 universitatis
3598 1328 3690 1385 of-

2094 1414 2284 1476 fertur.
2309 1425 2369 1470 ut
2393 1422 2579 1470 tenens
2604 1416 2851 1471 ordinem
2877 1414 3080 1470 fraudis
3106 1416 3362 1486 antiqute,
3392 1432 3554 1487 quem
3581 1434 3685 1473 ne—

2094 1521 2199 1575 que
2247 1506 2369 1560 cibo
2424 1505 2738 1575 pellexerat,
2788 1522 2888 1561 nec
2939 1506 3055 1562 loco
3110 1516 3368 1571 moverat,
3399 1524 3547 1564 nunc
3593 1511 3689 1563 vel

2095 1598 2388 1654 ambitione
2407 1607 2739 1668 corrumpat.
2765 1597 2946 1654 Gloria
2968 1599 3113 1654 enim
3144 1615 3434 1671 regnorum
3464 1603 3683 1665 mundi,

2094 1689 2205 1743 sive
2235 1687 2387 1743 favor
2425 1689 2675 1744 humanae
2714 1688 2910 1753 laudis,
2933 1703 3054 1758 qua:
3082 1690 3318 1744 maxime
3362 1690 3584 1761 regibus
3625 1700 3688 1744 et

398 1790 499 1835 est.
558 1779 693 1833 Male
746 1793 874 1850 ergo
925 1778 1316 1846 interpretatur
1371 1774 1683 1844 Scripturas
1724 1771 1988 1826 όὶιιὺοιιιεο
2020 1775 2066 1835 Β
2093 1779 2400 1849 potentibus
2420 1779 2582 1849 hujus
2600 1779 2786 1834 mundi
2814 1778 2982 1845 favet,
3009 1794 3103 1835 seu
3145 1781 3367 1841 ambitio
3395 1772 3687 1850 quaelibet,

398 1872 558 1926 Certe
607 1871 652 1926 si
697 1885 824 1924 vere
874 1868 940 1923 de
990 1867 1273 1922 Salvatore
1301 1866 1562 1935 scriptum
1606 1871 1852 1927 noverat,
1896 1863 1986 1917 de-

398 1962 591 2017 lmerat
617 1972 670 2016 et
698 1962 826 2016 illud
855 1961 1054 2025 dicere,
1085 1960 1228 2030 quod
1252 1959 1307 2014 in
1338 1958 1530 2014 eodem
1559 1956 1771 2027 psalmo
1793 1965 1985 2012 contra

400 2072 456 2109 se
483 2055 760 2125 sequitur:
793 2052 961 2123 Super
988 2052 1219 2124 aspidem
1260 2060 1308 2105 et
1332 2048 1634 2104 basiliscum
1671 2046 1982 2109 ambulabis,

398 2157 445 2199 et
475 2143 803 2199 eonculcabis
854 2141 1053 2196 leonem
1099 2151 1148 2195 et
1177 2141 1481 2194 draconem.
1516 2139 1594 2192 De
1621 2137 1864 2208 angelico
1892 2152 1988 2191 au—

402 2238 528 2291 xilio
568 2236 723 2306 quasi
770 2234 837 2289 ad
868 2233 1145 2287 inﬁrmum
1196 2231 1455 2300 loquitur,
1487 2230 1555 2285 de
1585 2228 1667 2284 sui
1704 2228 1989 2283 conculca-

329 2341 338 2351 “
399 2328 566 2392 ιίυιιρ,
596 2326 749 2397 quasi
795 2325 1196 2396 tergiversatur,
1244 2330 1404 2377 tacet.
1436 2322 1523 2374 Ait
1567 2320 1647 2374 illi
1685 2319 1843 2374 Jesus
1872 2336 1989 2373 rur-

402 2433 542 2481 sum,
585 2415 851 2486 Scriptum
894 2424 1012 2470 est:
1059 2412 1181 2467 Non
1225 2411 1447 2466 tentabis
1497 2410 1774 2464 Dominum
1822 2409 1988 2464 Deum

399 2521 567 2560 tuum.
626 2505 812 2561 Falsas
862 2506 930 2560 de
977 2503 1274 2572 Scripturis
1319 2500 1519 2556 diaboli
1570 2500 1799 2570 sagittas
1846 2500 1990 2555 veris

404 2598 809 2668 Scripturarum
853 2595 1053 2667 frangit
1096 2594 1319 2664 elypeis.
1349 2592 1415 2646 Et
1445 2599 1595 2657 nota,
1620 2591 1764 2660 quod
1795 2605 1988 2646 neces-

400 2689 542 2742 saria
602 2685 912 2741 testimonia
966 2686 1032 2740 de
1082 2682 1501 2739 Deuteronomio
1550 2689 1758 2736 tantiim
1806 2690 1990 2752 protu-

400 2778 541 2843 lerit,
571 2786 631 2831 ut
673 2777 924 2833 secundae
965 2775 1099 2846 legis
1124 2783 1460 2830 sacramenta
1488 2780 1835 2828 monstraret.
1866 2771 1990 2827 Non

398 2868 638 2932 tentabis,
666 2867 860 2935 inquit,
890 2864 1174 2918 Dominum
1196 2862 1363 2917 Deum
1398 2871 1563 2925 tuum,
1592 2860 1777 2933 (Aug)
1801 2875 1992 2930 sugge-

399 2959 623 3013 rebatur
655 2958 800 3012 enim
847 2964 1106 3026 tanquam
1137 2954 1365 3019 homini,
1410 2960 1470 3007 ut
1499 2954 1654 3023 signo
1678 2952 1863 3021 aliquo
1890 2966 1990 3006 ex-

402 3054 639 3122 ploraret
683 3051 799 3120 ipse
848 3056 1083 3118 quantus
1127 3056 1294 3112 esset,
1344 3046 1396 3100 id
1444 3054 1527 3100 est
1565 3060 1727 3113 quam
1760 3044 1987 3098 multum

2089 1886 2210 1940 quae
2236 1871 2292 1925 in
2312 1884 2465 1936 auro,
2490 1870 2575 1925 vel
2598 1877 2845 1940 argento,
2866 1869 2950 1925 vel
2981 1870 3036 1924 iu
3061 1872 3308 1941 gemmis,
3332 1871 3419 1926 vel
3442 1871 3498 1926 in
3518 1883 3686 1927 (uete-

2088 1963 2168 2018 ris
2209 1963 2371 2017 rebus
2408 1962 2660 2031 pretiosis
2701 1960 2897 2031 pollet,
2930 1961 3150 2031 intelligi
3194 1969 3389 2031 potest.
3431 1961 3689 2018 Ostendit

2088 2068 2215 2124 ergo
2239 2054 2293 2107 in
2319 2061 2501 2107 monte
2529 2051 2776 2107 diabolus
2797 2051 2979 2106 omnia
3009 2067 3175 2121 regna
3208 2051 3390 2106 mundi
3422 2051 3682 2116 Domino,

2089 2158 2194 2198 non
2225 2143 2367 2213 quod
2410 2142 2526 2211 ipse
2572 2142 2689 2212 ejus
2712 2141 2887 2197 visum
2925 2141 3256 2213 ampliﬁcare
3292 2143 3556 2211 potuerit,
3584 2152 3686 2197 aut

2089 2235 2291 2305 aliquid
2321 2234 2562 2305 ignotum
2589 2233 2639 2289 ei
2665 2234 3040 2288 demonstrare
3080 2232 3372 2304 (quomodo
3413 2233 3560 2288 enim
3603 2232 3687 2287 fa-

2089 2325 2236 2380 hrica
2258 2339 2438 2380 rerum
2461 2332 2805 2393 conspectum
2822 2325 3214 2380 conditorissui
3231 2325 3397 2381 latere
3416 2326 3684 2398 poterat),

2090 2418 2183 2474 sed
2212 2419 2503 2473 vanitatem
2533 2432 2743 2488 pompa:
2767 2418 3052 2473 mundanae
3071 2432 3234 2486 quam
3261 2417 3376 2487 ipse
3396 2417 3683 2489 diligebat,

2089 2508 2246 2579 quasi
2272 2507 2571 2579 speciosam
2600 2523 2664 2563 ac
2692 2507 3107 2563 desiderabilem
3154 2508 3333 2564 verbis
3356 2510 3685 2573 ostendens.

2090 2598 2146 2653 in
2170 2612 2409 2653 amorem
2448 2596 2665 2653 Christo
2689 2612 2983 2669 suggerens
3009 2597 3192 2652 venire
3219 2597 3452 2653 volebat.
3491 2598 3689 2655 Potest

2090 2689 2195 2744 hoc
2224 2696 2281 2744 et
2299 2687 2456 2743 aliter
2482 2687 2707 2758 intelligi
2734 2706 2747 2741 :
2773 2688 2948 2743 sciens
2980 2687 3179 2757 quippe
3214 2686 3460 2743 diabolus
3479 2688 3548 2743 ad
3570 2689 3686 2745 hoc

2090 2779 2304 2834 venisse
2326 2776 2622 2841 Christum,
2655 2783 2715 2832 ut
2741 2792 2965 2849 regnum
2989 2776 3132 2832 illius
3159 2776 3391 2843 tolleret,
3419 2786 3475 2832 et
3502 2778 3560 2833 hi
3583 2770 3705 2848 qui

2090 2868 2192 2924 sub
2216 2882 2283 2925 eo
2309 2876 2466 2924 erant
2494 2868 2796 2938 inciperent
2819 2882 2940 2924 esse
2968 2882 3090 2922 cum
3116 2866 3356 2933 Christo,
3381 2869 3605 2922 ostendit
3628 2871 3686 2924 ei

2091 2961 2269 3016 omnia
2310 2978 2470 3032 regna
2518 2961 2724 3027 mundi,
2752 2962 2806 3016 id
2853 2968 2937 3015 est
2969 2961 3216 3015 homines
3261 2960 3419 3030 hujus
3465 2961 3681 3029 seculi,

2091 3052 2361 3121 quomodo
2385 3052 2474 3106 alii
2505 3059 2762 3122 regantur
2788 3066 2819 3105 a
2853 3049 3245 3117 fornicatione,
3272 3049 3363 3105 alii
3392 3050 3463 3106 ab
3500 3053 3682 3106 avari—

401 3143 544 3213 apud
569 3141 741 3196 Deum
770 3147 973 3210 posset.
1004 3137 1159 3204 Quod
1181 3138 1375 3193 vitiose
1403 3136 1464 3190 fit
1486 3150 1610 3191 cum
1634 3135 1726 3200 fit;
1756 3134 1990 3205 pertinet

2094 3142 2189 3208 tia,
2214 3141 2304 3197 alii
2334 3141 2580 3212 populari
2609 3143 2889 3212 rapiantur
2921 3157 3074 3207 aura,
3101 3142 3155 3196 hi
3185 3140 3371 3196 forma:
3392 3142 3684 3211 capiantur

402 3248 636 3302 namque
681 3229 750 3286 ad
796 3244 982 3285 sanam
1026 3228 1352 3290 doctrinam,
1404 3227 1620 3296 quando
1651 3225 1813 3280 habet
1843 3224 1991 3294 quod

406 3324 566 3392 faciat
614 3323 790 3385 homo,
846 3332 954 3375 non
1009 3326 1223 3374 tentare
1271 3318 1560 3372 Dominum
1590 3316 1758 3372 Deum
1809 3331 1987 3371 suum.

404 3414 585 3483 Neque
611 3414 754 3469 enim
784 3420 839 3467 et
864 3411 979 3481 ipse
1003 3408 1253 3465 Salvator
1289 3423 1395 3463 non
1423 3414 1636 3476 poterat
1666 3405 1805 3461 tueri
1831 3404 1991 3460 disci-

404 3505 560 3575 pulos
594 3518 743 3569 suos,
773 3502 974 3573 quibus
1004 3508 1185 3554 tamen
1212 3498 1289 3551 ait
1315 3514 1327 3550 :
1382 3496 1442 3551 Si
1468 3512 1555 3550 vos
1580 3496 1836 3566 persecuti
1878 3496 1992 3565 {ue-

408 3600 509 3651 rint
543 3599 597 3651 in
622 3614 727 3651 una
759 3596 963 3650 civitate
986 3593 1152 3663 fugite
1195 3592 1252 3645 in
1280 3588 1444 3645 aliam
1469 3589 1682 3661 (Matth.
1720 3592 1775 3661 ι)
1802 3609 1814 3644 :
1839 3589 1993 3660 cujus

411 3689 484 3742 rei
516 3688 670 3758 prior
700 3685 1007 3756 exemplum
1054 3682 1303 3754 praebuit.
1344 3680 1480 3735 Nam
1506 3697 1632 3736 cum
1669 3691 1992 3752 potestatem

405 3780 628 3832 haberet
678 3775 913 3846 ponendi
961 3775 1198 3829 animam
1248 3787 1422 3836 suam,
1456 3787 1556 3827 nec
1599 3787 1719 3827 eam
1766 3782 1993 3841 poneret

406 3870 505 3923 nisi
547 3883 672 3922 eum
707 3866 886 3931 vellet,
916 3866 971 3919 in
1005 3863 1300 3935 Egyptum
1347 3871 1529 3919 tamen
1568 3863 1749 3918 infans
1776 3874 1994 3934 portan-

407 3956 905 4027 tibus‘parentibus
940 3953 1096 4025 fugit,
1142 3962 1198 4008 et
1222 3954 1290 4008 ad
1334 3953 1477 4009 diem
1519 3952 1716 4007 festum
1748 3969 1855 4007 non
1883 3954 1995 4008 evi-

408 4051 618 4114 denter,
644 4048 738 4103 sed
786 4047 1022 4103 latenter
1070 4045 1336 4105 ascendit,
1364 4059 1488 4098 cum
1520 4044 1655 4099 alias
1700 4044 1881 4113 palam
1911 4046 1991 4100 lo-

407 4148 685 4209 queretur,
736 4136 938 4194 Judaeis
970 4135 1347 4200 irascentibus,
1404 4142 1460 4189 et
1506 4134 1574 4189 de
1623 4134 1996 4190 inimicissimo

408 4232 590 4287 animo
616 4231 979 4293 audientibus,
1025 4243 1123 4284 nec
1163 4237 1345 4283 tamen
1375 4227 1679 4283 valentibus
1702 4228 1917 4283 mittere
1942 4228 1997 4282 in

408 4339 530 4378 eum
563 4336 777 4385 manus,
817 4322 943 4391 quia
978 4320 1208 4373 nondum
1255 4327 1462 4373 venerat
1501 4318 1631 4373 hora
1657 4318 1774 4388 ejus
1812 4317 1993 4390 (Joan.

410 4415 528 4488 vn).
560 4413 661 4481 Qui
703 4428 832 4483 ergo
863 4412 1040 4481 palam
1071 4409 1314 4465 docendo
1342 4416 1397 4464 et
1423 4410 1699 4480 arguendo
1733 4416 1788 4462 et
1813 4416 1994 4462 tamen

411 4501 752 4556 inimicorum
776 4500 980 4555 rabiem
1005 4499 1184 4553 valere
1215 4498 1268 4552 in
1296 4514 1355 4553 se
1382 4497 1583 4566 aliquid
1622 4512 1728 4552 non
1770 4496 1995 4551 sinendo

408 4588 505 4647 Dei
536 4592 874 4647 demonstrat
900 4596 1244 4659 potestatem,
1273 4588 1416 4642 idem
1444 4595 1622 4640 tamen
1670 4586 1922 4656 fugiendo
1942 4596 1996 4642 et

410 4681 627 4736 latendo
657 4679 892 4734 hominis
943 4678 1247 4733 instruebat
1288 4676 1677 4738 inﬁmitatem,
1729 4692 1797 4732 ne
1826 4677 1993 4734 Deum

412 4781 623 4829 tentare
651 4771 867 4835 audeat,
914 4770 1129 4840 quando
1175 4768 1335 4823 habet
1360 4768 1501 4837 quod
1549 4768 1733 4835 faciat,
1763 4778 1820 4825 ut
1850 4773 1994 4840 quod

412 4877 604 4917 cavere
628 4868 841 4932 oportet
860 4859 1073 4915 evadat.

480 4951 504 5005 1
516 4964 683 5008 terum
705 4953 985 5023 assumpsit
1005 4967 1121 5005 eum
1143 4950 1383 5005 diabolus
1404 4950 1458 5004 in
1480 4961 1705 5005 montem
1729 4952 1989 5007 excelsum

412 5046 579 5111 valde,
604 5053 652 5099 et
684 5043 906 5100 ostendit
945 5044 994 5097 ei
1023 5045 1199 5097 omnia
1238 5060 1395 5113 regna
1438 5044 1651 5107 mundi,
1678 5053 1726 5097 et
1766 5044 1990 5112 gloriam

411 5153 609 5191 eorum.
644 5134 851 5208 (Creg.)
879 5133 1012 5189 Cum
1040 5143 1218 5188 autem
1246 5134 1386 5191 Deus
1414 5137 1578 5191 homo
1601 5136 1799 5191 dicitur
1826 5136 1909 5190 vel
1935 5136 1990 5191 in

411 5226 685 5280 excelsum
731 5230 988 5289 montem,
1015 5223 1099 5278 vel
1129 5224 1182 5278 in
1213 5233 1452 5280 sanctam
1488 5224 1760 5280 civitatem
1784 5239 1993 5280 assum-

413 5326 536 5385 plus
557 5331 588 5368 a
610 5314 842 5381 diabolo,
873 5330 1025 5371 mens
1056 5314 1252 5386 refugit
1296 5316 1555 5382 humana,
1583 5329 1744 5371 aures
1766 5315 1871 5371 hoc
1894 5331 1989 5370 au-

414 5406 530 5460 dire
574 5416 959 5479 expavescunt.
999 5405 1097 5461 Cui
1142 5415 1319 5460 tamen
1350 5422 1457 5461 non
1495 5420 1615 5461 esse
1657 5407 1992 5464 incredibilia

416 5498 518 5549 ista
563 5481 938 5567 cognoscimus
976 5498 1022 5552 si
1062 5499 1116 5552 in
1150 5498 1241 5553 illo
1276 5505 1330 5552 et
1361 5496 1464 5551 alia
1512 5496 1652 5552 facta
1683 5512 1993 5567 pensamus.

414 5584 572 5640 Certe
598 5586 907 5655 iniquorum
936 5588 1173 5642 omnium
1204 5586 1448 5643 diabolus
1473 5596 1635 5656 caput
1662 5596 1773 5650 est,
1802 5597 1858 5643 et
1896 5589 1996 5643 hu-

409 5673 497 5740 jus
521 5677 712 5744 capitis
754 5679 997 5732 membra
1042 5688 1165 5732 sunt
1210 5693 1397 5732 omnes
1441 5678 1629 5747 iniqui.
1686 5677 1825 5744 Quid
1867 5694 1996 5748 ergo

2024 4468 2073 4526 D

2090 3230 2362 3286 illecebra.
2401 3229 2586 3299 Neque
2629 3246 2758 3285 vero
2792 3229 3165 3284 arbitrantium
3210 3238 3293 3284 est
3320 3230 3465 3299 quod
3504 3245 3679 3301 regna

2090 3320 2138 3376 ei
2168 3320 2353 3375 mundi
2383 3319 2693 3385 ostendens,
2720 3319 3005 3375 Persarum
3030 3318 3201 3390 (verbi
3226 3318 3422 3390 gratia)
3447 3334 3680 3390 regnum

2089 3414 2450 3484 Indorumque
2473 3412 2876 3477 monstraverit,
2901 3412 2991 3466 sed
3011 3412 3234 3466 ostendit
3250 3411 3300 3465 ei
3318 3412 3493 3466 omnia
3514 3428 3679 3483 regna

2090 3505 2296 3570 mundi,
2337 3504 2393 3560 id
2420 3511 2507 3559 est
2552 3518 2778 3574 regnum
2807 3518 2984 3565 suum,
3013 3503 3282 3571 quomodo
3322 3511 3578 3573 regnaret
3623 3503 3680 3556 in

2091 3593 2311 3658 mundo,
2349 3601 2409 3648 ut
2430 3594 2722 3649 cohortans
2753 3607 2878 3648 eum
2901 3592 3081 3648 facere
3108 3593 3253 3663 quod
3278 3592 3514 3657 volebat,
3546 3594 3681 3647 inci-

2090 3694 2244 3755 peret
2286 3684 2559 3743 Christum
2608 3686 2811 3741 habere
2856 3685 3180 3756 subjectum.
3234 3686 3387 3753 Quod
3429 3685 3576 3740 enim
3620 3685 3681 3739 in

2091 3776 2237 3832 Luca
2278 3777 2538 3847 scriptum
2563 3785 2668 3845 est,
2695 3784 2913 3834 ostensa
2959 3778 3063 3833 sibi
3102 3778 3285 3833 omnia
3315 3792 3484 3847 regna
3527 3778 3682 3833 orbis

2093 3876 2254 3923 terra:
2280 3868 2333 3921 in
2363 3877 2622 3922 momento
2650 3868 2894 3938 temporis
2935 3866 3089 3939 (Luc.
3127 3869 3226 3939 iv),
3257 3882 3367 3923 non
3393 3875 3507 3922 tam
3550 3882 3683 3922 con-

2093 3965 2310 4027 spectus
2350 3957 2603 4013 celeritas
2639 3957 2929 4025 indicatur,
2960 3972 3120 4028 quam
3150 3957 3369 4013 caducae
3414 3956 3684 4028 fragilitas

2093 4044 2376 4116 potestatis
2403 4044 2744 4115 exprimitur.
2785 4043 2845 4098 In
2890 4054 3164 4099 momento
3189 4044 3336 4098 enim
3361 4051 3558 4100 cuncta
3587 4042 3681 4096 illa

2093 4143 2440 4205 prmtereunt,
2477 4142 2532 4191 et
2572 4149 2712 4205 saepe
2757 4135 2931 4190 honor
2977 4133 3158 4189 saeculi
3196 4133 3354 4199 abiit,
3385 4142 3680 4203 antequam

2098 4228 2323 4284 venerit.
2364 4226 2501 4295 Quid
2545 4228 2690 4285 enim
2731 4226 2916 4283 seculi
2959 4235 3140 4297 potest
3184 4241 3306 4281 esse
3336 4226 3681 4290 diuturnum,

2097 4336 2219 4375 cum
2243 4320 2354 4388 ipsa
2379 4318 2569 4373 saeculi
2602 4334 2707 4372 non
2733 4319 2843 4373 sint
2870 4319 3157 4374 diuturna?

2170 4409 2237 4462 Et
2260 4408 2391 4463 dixit
2419 4408 2497 4461 illi
2524 4425 2542 4462 :
2568 4407 2695 4462 "(eo
2730 4410 2906 4463 omnia
2933 4409 3026 4463 tibi
3055 4408 3212 4473 dabo,
3242 4409 3289 4462 si
3326 4407 3522 4463 cadens
3551 4410 3688 4461 ado-

2101 4501 2294 4553 raveris
2317 4517 2416 4553 me.
2441 4499 2707 4571 (Ηέενοη.)
2729 4499 3004 4571 Arrogans
3023 4509 3080 4555 et
3106 4501 3370 4571 superbus
3390 4501 3556 4555 etiam
3581 4501 3692 4554 hoc

2099 4590 2165 4645 de
2204 4589 2465 4658 jactantia
2498 4590 2754 4658 loquitur,
2784 4607 2891 4645 non
2922 4592 3064 4661 quod
3107 4593 3160 4646 in
3193 4601 3306 4647 toto
3348 4591 3551 4646 mundo
3585 4591 3690 4645 ha-

2099 4682 2224 4736 beat
2241 4689 2584 4750 potestatem,
2599 4688 2657 4734 ut
2678 4682 2850 4749 possit
2870 4681 3052 4755 omnia
3077 4697 3237 4752 regna
3259 4681 3391 4736 dare
3413 4682 3686 4745 diabolus,

2099 4789 2221 4829 cum
2273 4773 2506 4827 sciamus
2552 4774 2839 4842 plerosque
2883 4785 3099 4829 sanctos
3147 4774 3343 4827 virosa
3377 4772 3491 4828 Deo
3530 4788 3689 4843 reges

2098 4863 2284 4919 factos.
2324 4862 2385 4917 Si
2413 4863 2634 4926 radens,
2676 4863 2882 4932 inquit,
2914 4863 3216 4917 adoraveris
3257 4878 3359 4916 me.
3405 4863 3552 4931 Ergo
3590 4864 3685 4931 qui

2097 4951 2417 5006 adoraturus
2446 4960 2529 5004 est
2550 4950 2822 5005 diabolum
2853 4961 2979 5005 ante
3008 4952 3234 5006 corruit.
3283 4949 3390 5005 Sed
3428 4953 3475 5006 si
3508 4953 3685 5021 ipsum

2095 5043 2341 5097 ordinem
2369 5043 2681 5096 lectationis
2706 5042 2999 5110 aspicimus
3023 5057 3313 5112 pensamus
3340 5052 3545 5111 quanta
3575 5057 3687 5095 ma-

2095 5132 2370 5201 gnitudine
2393 5146 2492 5185 nos
2514 5147 2543 5184 a
2567 5132 2860 5186 tentatione
2882 5132 3190 5187 liberamur.
3216 5131 3488 5207 Antiquus
3509 5132 3683 5186 hostis

2096 5236 2284 5283 contra
2310 5226 2542 5296 primum
2568 5225 2842 5297 hominem
2856 5234 3132 5295 parentem
3155 5233 3400 5281 nostrum
3426 5225 3482 5279 in
3509 5224 3683 5278 tribus

2097 5316 2486 5373 mutationibus
2515 5331 2576 5371 se
2601 5315 2793 5372 erexit.
2821 5315 2960 5382 Quia
3006 5317 3149 5372 hunc
3174 5315 3426 5371 videlicet
3451 5314 3599 5384 gula,
3626 5321 3688 5367 et

2097 5406 2342 5469 avaritia,
2371 5415 2427 5462 et
2468 5421 2607 5461 vana
2654 5406 2825 5477 gloria
2874 5408 3124 5473 tentavit,
3148 5406 3246 5463 sed
3291 5405 3553 5461 tentando
3595 5420 3693 5459 su-

2095 5500 2322 5570 peravit,
2352 5500 2479 5569 quia
2515 5498 2620 5554 sibi
2658 5514 2781 5554 eum
2815 5514 2914 5571 per
2940 5514 3266 5556 consensum
3294 5497 3555 5555 subdidit.
3606 5496 3693 5551 Ex

2096 5589 2218 5660 gula
2248 5589 2445 5658 quippe
2472 5589 2701 5643 tentavit
2732 5604 2856 5644 cum
2881 5588 3060 5644 cibum
3087 5588 3217 5658 ligni
3243 5588 3395 5644 vetiti
3425 5585 3694 5648 ostendit,

2099 5690 2260 5749 atque
2303 5680 2369 5734 ad
2419 5680 2810 5737 comedendum
2860 5681 3054 5744 suasit,
3080 5679 3569 5736 dicensztiustate.
3604 5678 3699 5732 Ex
