3970 6198
306 412 407 470 785

1282 404 1635 460 COMMENT.
1678 404 1740 458 ιδ
1779 400 2212 456 ΜΑΤΊΉᾹΞΗΜ.
2253 432 2321 440 ———
2362 400 2489 455 LlB.
2531 399 2598 456 ll.

3460 402 3566 455 Ἰεζιῖ

304 538 440 580 vana
465 531 646 576 autem
672 520 841 591 gloria
868 519 1091 575 tentavit
1134 534 1257 572 cum
1286 519 1527 573 diceret:
1555 517 1717 571 Erilis
1745 518 1877 570 sicut
1907 520 1959 578 Α
1984 515 2143 568 alieni
2191 515 2407 569 invasor
2453 514 2661 586 imperii
2724 514 2967 583 repulsus
3013 521 3213 568 mterna
3258 514 3570 568 confusione

303 615 394 669 dii.
443 613 511 668 Et
552 609 798 682 profecto
829 627 896 676 ex
932 610 1157 666 avaritia
1200 609 1427 665 tentavit
1465 625 1587 664 cum
1628 608 1832 663 diceret
1865 626 1877 659 :

304 704 529 760 Scientes
556 711 735 757 autem
762 701 953 757 bonum
981 713 1029 757 et
1073 702 1293 757 malum.
1328 702 1569 757 Avaritia
1602 701 1744 756 enim
1773 717 1880 755 non

302 794 473 850 solum
514 792 756 862 pecuniae
798 799 902 857 est,
952 792 1047 847 sed
1093 792 1256 847 etiam
1303 792 1666 847 sublimitatis.
1714 791 1883 846 Recte

298 886 444 941 Cltllll
489 883 716 938 avaritia
761 882 959 937 dicitur
985 898 1107 937 cum
1142 898 1306 952 super
1334 883 1547 938 modum
1579 882 1883 937 sublimitas

301 974 555 1028 ambitur.
604 971 709 1027 Sed
739 972 937 1041 quibus
965 973 1135 1027 modis
1162 973 1398 1041 primum
1428 972 1705 1027 hominem
1736 980 1879 1026 stra-

297 1065 396 1130 vit,
426 1064 633 1119 eisdem
665 1063 841 1118 modis
860 1079 891 1116 a
920 1063 1154 1118 secundo
1200 1062 1416 1117 homine
1459 1070 1663 1117 tentato
1693 1077 1883 1116 succu-

301 1156 431 1210 buit.
450 1154 556 1209 Per
573 1154 752 1226 gulam
774 1154 970 1225 quippe
988 1161 1180 1218 tentat,
1197 1154 1287 1224 qui
1308 1153 1438 1209 dicit
1458 1172 1469 1207 :
1490 1152 1586 1207 Dic
1609 1162 1663 1207 ut
1683 1151 1882 1223 lapides

299 1245 384 1300 isti
402 1262 565 1315 panes
588 1245 752 1314 ﬁant;
773 1260 872 1314 per
896 1260 1093 1299 vanam
1118 1244 1342 1315 gloriam
1372 1252 1545 1299 tentat
1568 1259 1691 1298 cum
1720 1243 1879 1298 dicit:

300 1332 359 1388 Si
390 1332 564 1387 Filius
592 1333 689 1387 Dei
728 1350 802 1399 es,
837 1334 981 1386 mitte
1010 1343 1057 1386 te
1094 1334 1357 1387 deorsum.
1398 1333 1505 1388 Per
1534 1332 1882 1389 sublimitatis

297 1425 582 1479 avaritiam
624 1433 816 1492 tentat,
839 1441 962 1480 cum
989 1442 1153 1494 regna
1182 1426 1362 1480 omnia
1410 1427 1595 1482 mundi
1624 1427 1877 1492 ostendit_

294 1516 484 1571 dicens
509 1534 523 1570 :
549 1514 679 1570 ch
706 1517 883 1570 omnia
914 1516 1005 1569 tibi
1030 1515 1170 1569 dabo
1207 1517 1253 1571 si
1279 1515 1552 1584 procidens
1581 1516 1881 1570 adoraveris

298 1623 400 1659 uie.
431 1604 536 1661 Sed
558 1607 613 1661 in
641 1606 850 1660 hisdem
867 1606 1039 1660 modis
1060 1605 1294 1660 vincitur
1320 1606 1516 1676 quibus
1532 1606 1761 1677 primum
1786 1606 1884 1662 ho—

297 1696 501 1751 minem
526 1710 585 1751 se
613 1696 807 1751 vicisse
827 1694 1106 1767 gloriatur,
1125 1705 1184 1750 ut
1211 1711 1242 1750 a
1267 1697 1469 1752 nostris
1491 1696 1744 1751 cordibus
1765 1696 1882 1765 ipso

294 1789 484 1844 auditu
497 1797 686 1858 captus
697 1796 874 1854 exeat,
891 1803 998 1859 quo
1011 1804 1108 1843 nos
1121 1789 1266 1843 aditu
1282 1788 1625 1843 intromissus
1639 1789 1877 1844 tenebat.

1984 605 2176 675 dignus
2201 604 2502 676 apparebit.

2052 697 2315 769 Scriptum
2362 709 2436 752 est
2480 698 2618 752 enim
2658 715 2674 751 :
2725 697 3005 751 Dominum
3060 697 3226 751 Deum
3282 696 3566 760 adorabis,

1981 801 2028 843 et
2065 788 2143 842 illi
2180 790 2278 843 soli
2306 792 2515 844 servies.
2554 787 2825 861 (Hierom)
2871 788 3066 842 Dicens
3096 787 3339 842 diabolus
3384 784 3569 841 Salva-

1983 879 2108 943 tori,
2135 876 2425 933 Procidens
2447 879 2751 932 adoraveris
2773 894 2874 941 me,
2897 892 2928 932 e
2955 878 3229 932 contrario
3253 878 3403 933 audit
3427 881 3569 948 quod

1982 969 2095 1039 ipse
2138 969 2310 1040 magis
2340 969 2569 1030 adorare
2604 983 2727 1021 eum
2767 968 2955 1022 debeat
2997 967 3282 1022 Dominum
3316 976 3369 1022 et
3400 969 3568 1022 Deum

1981 1077 2160 1116 suum.
2191 1060 2393 1127 Quatrit
2426 1059 2562 1113 forte
2585 1058 2777 1129 aliquis
2808 1059 3082 1128 quomodo
3110 1058 3399 1114 conveniat
3426 1058 3567 1126 quod

1982 1150 2071 1206 hic
2115 1150 2461 1219 praecipitur,
2494 1148 2722 1203 Domino
2767 1147 2866 1204 soli
2914 1149 3286 1214 serviendum,
3325 1147 3567 1217 Apustoli

1982 1243 2168 1308 verbo,
2198 1242 2289 1311 qui
2317 1241 2477 1297 dicit:
2505 1239 2611 1295 Sed
2645 1257 2738 1310 per
2779 1242 3087 1295 charitatem
3126 1242 3311 1296 servile
3347 1241 3565 1295 invicem

1982 1332 2123 1406 (Gul.
2152 1336 2227 1405 γ).
2255 1331 2361 1387 Sed
2389 1333 2512 1387 lmic
2544 1330 2701 1387 facile
2730 1330 2930 1387 Grmcze
2968 1332 3164 1401 lingum
3192 1346 3253 1385 ex
3287 1345 3389 1399 qua
3419 1329 3571 1383 Scri-

1981 1438 2139 1499 ptura
2180 1427 2430 1482 translata
2466 1433 2551 1481 est
2587 1426 2739 1496 origo
2775 1423 3063 1487 satisfacit,
3098 1423 3153 1476 in
3188 1437 3294 1491 qua
3333 1421 3568 1476 servitus
3612 1442 3619 1449 ο

1982 1522 2188 1576 duobus
2211 1518 2383 1574 modis
2405 1534 2467 1573 ac
2491 1519 2699 1574 diversa
2724 1516 3115 1588 significatione
3138 1516 3269 1569 solet
3287 1530 3388 1585 app
3411 1514 3566 1579 llari,

1980 1611 2178 1666 dicitur
2206 1611 2349 1666 enim
2387 1611 2616 1684 λατρεία,
2650 1609 2847 1663 dicitur
2885 1615 2937 1662 et
2970 1606 3210 1671 davisius;
3244 1606 3339 1660 sed
3372 1605 3568 1661 δουλιία

1982 1703 2299 1775 intelligitur
2324 1704 2557 1759 servitus
2585 1703 2908 1766 communis,
2937 1702 2992 1757 id
3020 1709 3123 1766 est,
3152 1698 3264 1754 sive
3293 1697 3423 1758 Deo.
3455 1696 3568 1751 sive

1980 1794 2211 1860 homini,
2241 1792 2355 1848 sive
2397 1792 2619 1849 cuilibet
2645 1807 2826 1846 rerum
2854 1799 3082 1856 naturae,
3111 1789 3373 1854 exhibita,
3400 1802 3431 1841 a
3461 1802 3570 1857 quo

369 1878 518 1933 Tunc
542 1879 666 1933 dicit
694 1880 741 1934 ei
762 1876 917 1933 Iesus
942 1895 960 1933 :
992 1876 1155 1944 Vade,
1180 1875 1400 1933 Satana.
1435 1875 1704 1950 (Hieron.)
1741 1875 1876 1944 Non,

1985 1886 2151 1943 etiam
2197 1901 2402 1953 servus,
2434 1885 2488 1940 id
2513 1892 2595 1941 est
2636 1884 2832 1949 δοῦλος,
2866 1882 3055 1939 Graece
3087 1895 3284 1938 nomen
3331 1879 3565 1949 accipit;

296 1976 356 2023 ut
381 1969 624 2039 plerique
653 1978 877 2040 putant,
910 1970 1099 2025 eadem
1136 1968 1367 2024 Satanas
1396 1976 1451 2024 et
1478 1967 1752 2039 apostolus
1775 1968 1880 2023 Pe-

292 2068 416 2116 trus
461 2061 724 2117 sententia
782 2062 1200 2127 condemnatur;
1241 2061 1404 2117 Petro
1449 2061 1595 2116 enim
1643 2060 1879 2117 dicitur:

302 2150 452 2205 Vade
479 2161 615 2205 retro
643 2169 745 2217 me,
771 2151 993 2216 Satana,
1028 2153 1078 2208 id
1098 2162 1202 2218 est,
1225 2167 1453 2223 sequere
1473 2168 1582 2218 me,
1603 2153 1729 2223 quia
1752 2168 1883 2207 con-

294 2240 498 2295 trarius
522 2255 582 2296 es
611 2241 869 2295 voluntati
895 2257 1046 2296 mem.
1082 2241 1181 2296 llic
1200 2258 1328 2298 vero
1357 2240 1507 2296 audit
1537 2258 1550 2294 :
1586 2237 1751 2305 Vade,
1780 2238 1884 2294 Sa-

290 2338 446 2395 tana,
477 2337 532 2383 et
570 2344 678 2384 non
718 2329 766 2383 ci
806 2330 1003 2385 dicitur
1036 2339 1204 2395 retro,
1239 2337 1298 2385 ut
1325 2329 1679 2385 subaudiatur
1705 2347 1719 2382 :
1746 2329 1882 2384 vade

292 2418 345 2473 in
394 2420 572 2490 ignem
618 2428 900 2486 aeternum,
934 2420 1022 2488 qui
1071 2429 1293 2488 paratus
1339 2418 1549 2475 esttibi
1579 2428 1636 2474 et
1679 2418 1885 2489 angelis

286 2510 425 2566 tuis.
459 2510 751 2585 (MAURUS.)
798 2511 856 2566 Si
897 2520 1076 2566 autem
1105 2511 1400 2566 secundum
1424 2510 1527 2564 alia
1550 2511 1882 2582 exemplaria

288 2599 418 2667 quis
434 2598 583 2654 Vade
600 2609 767 2666 retro,
785 2602 1036 2666 Satanas,
1052 2602 1232 2673 igere
1246 2600 1498 2665 voluerit,
1511 2610 1690 2671 potest
1710 2603 1762 2657 in
1779 2602 1882 2660 hoc

286 2688 360 2743 ita
386 2690 613 2752 sentire,
628 2691 770 2759 quod
792 2699 939 2745 retro
959 2692 1025 2746 ad
1054 2700 1324 2747 transacta
1348 2702 1587 2763 tempora
1608 2693 1880 2765 respiciat,

282 2779 493 2846 quibus
536 2778 638 2834 sibi
679 2795 827 2833 reum
861 2779 1106 2835 diabolus
1145 2783 1361 2836 tenebat
1393 2783 1668 2836 mundum.
1718 2782 1880 2850 Quasi

280 2868 557 2925 Dominus
580 2870 791 2926 diabolo
811 2872 993 2928 dicens
1019 2892 1031 2926 :
1052 2874 1200 2929 Vade
1225 2883 1392 2940 retro,
1412 2873 1660 2938 Satanas,
1679 2871 1881 2945 signiti-

282 2961 502 3017 caverit
529 2962 866 3032 principatus
889 2964 972 3019 sui
1002 2974 1260 3036 tempora,
1292 2980 1453 3034 quem
1485 2965 1537 3018 in
1570 2973 1716 3034 retro
1746 2964 1882 3018 actis

280 3052 505 3107 saeculis
549 3054 797 3121 tenebat,
823 3058 934 3125 jam
976 3071 1098 3111 esse
1145 3056 1407 3118 finienda,
1445 3072 1507 3111 ac
1549 3056 1593 3111 si
1638 3056 1876 3111 diceret:

282 3146 521 3201 Attende
562 3156 728 3212 retro,
756 3148 969 3217 quando
999 3148 1258 3220 deccpisti
1301 3150 1534 3219 primum
1579 3148 1873 3211 hominem,

1978 1975 2188 2050 λατρεία
2212 1982 2394 2029 autem
2412 1981 2638 2029 vocatur
2662 1973 2895 2028 servitus
2921 1972 3011 2027 illa
3036 1986 3155 2042 qua:
3181 1970 3296 2026 sola
3319 1970 3570 2025 divinita-

1984 2066 2055 2122 tis
2100 2064 2269 2121 cultui
2316 2063 2519 2130 debita,
2550 2078 2724 2134 neque
2752 2062 2844 2117 ulli
2881 2071 2966 2119 est
3003 2062 3376 2133 participanda
3419 2075 3570 2117 crea-

1983 2164 2151 2224 turae;
2195 2155 2338 2212 unde
2366 2163 2423 2212 et
2460 2153 2757 2210 idololatraz
2785 2161 3165 2223 nuncupantur
3191 2152 3246 2205 hi
3282 2151 3374 2221 qui
3410 2158 3565 2216 vota,

1979 2262 2171 2319 preces
2211 2254 2268 2301 et
2315 2244 2601 2310 sacriﬁcia,
2628 2259 2747 2314 qua:
2792 2244 2884 2297 uni
2914 2243 3023 2297 Deo
3062 2242 3385 2307 debuerant,
3414 2240 3570 2300 idolis

1983 2338 2316 2407 impendunt.
2366 2334 2627 2391 Jubemur
2677 2349 2807 2405 ergo
2846 2348 2947 2405 per
2994 2333 3315 2388 charitatem
3366 2332 3570 2388 servire

1983 2426 2233 2491 invicem,
2260 2426 2402 2496 quod
2428 2432 2514 2481 est
2539 2423 2727 2481 Grzece
2753 2423 3042 2490 sontem;
3067 2423 3324 2494 iubemur
3340 2422 3434 2476 uni
3460 2437 3574 2478 ser-

1981 2518 2121 2585 vire,
2147 2516 2291 2588 quod
2328 2525 2413 2573 est
2451 2516 2640 2573 Graece
2661 2517 2947 2593 λατρεύειν,
2977 2515 3118 2570 unde
3149 2513 3350 2570 dicitur
3380 2512 3449 2567 Et
3489 2512 3570 2567 illi

1982 2606 2081 2661 soli
2120 2607 2333 2672 servies,
2363 2605 2508 2676 quod
2542 2612 2625 2660 est
2659 2603 2847 2659 Grzece
2882 2604 3202 2680 λατρεύσεις,
3226 2610 3281 2657 et
3326 2601 3564 2656 iterum:

1987 2697 2099 2751 Nos
2141 2699 2279 2752 enim
2326 2713 2506 2751 sumus
2550 2696 2877 2750 circumcisio
2926 2694 3137 2765 spiritui
3165 2693 3261 2747 Dei
3292 2692 3570 2747 servientes

1985 2784 2238 2859 (Philipp.
2268 2787 2375 2859 Ill),
2408 2788 2551 2857 quod
2579 2795 2663 2843 est
2697 2786 2884 2842 Graece
2911 2786 3261 2864 λατρεύοντες.

2057 2874 2203 2931 Tunc
2238 2875 2444 2946 reliquit
2480 2893 2598 2930 eum
2632 2875 2893 2941 diabolus,
2917 2885 2963 2929 et
2988 2890 3102 2929 ecce
3135 2873 3307 2943 anqeli
3334 2889 3566 2934 accesse-

1984 2975 2129 3033 runt,
2157 2976 2206 3022 et
2230 2967 2591 3022 ministrabant
2621 2970 2689 3022 ei.
2721 2966 2990 3041 (Hieron.)
3020 2966 3287 3030 Praecedit
3315 2974 3565 3039 mutatio,

1983 3066 2044 3113 ut
2084 3066 2343 3129 sequatur
2386 3058 2645 3124 victoria,
2676 3058 2854 3139 angeli
2898 3067 3206 3121 ministrant
3245 3074 3306 3121 ut
3350 3064 3572 3120 victoris

1983 3147 2217 3219 dignitas
2265 3148 2666 3218 comprobatur.
2714 3157 2788 3210 Ex
2821 3172 2925 3227 qua
2966 3171 3024 3210 re
3063 3156 3193 3226 quid
3226 3154 3371 3209 aliud
3405 3168 3570 3224 quant

282 3244 340 3289 ct
374 3246 629 3311 posteros
654 3238 772 3314 ejus
800 3255 896 3314 per
926 3240 1106 3298 varios
1148 3240 1411 3295 idolorum
1455 3240 1631 3295 cultus
1658 3238 1878 3296 delude-
1906 3221 1949 3288 (ἶ
1981 3236 2142 3297 unius
2188 3256 2433 3314 personae
2483 3254 2713 3316 utraque
2757 3221 2948 3299 natura
2990 3221 3328 3300 ostenditur?
3364 3221 3488 3315 quia
3518 3252 3573 3300 et

279 3332 422 3399 bas;
451 3333 674 3390 sulliciat
708 3337 798 3390 tii.i
832 3354 999 3407 usque
1025 3340 1151 3403 hac,
1181 3356 1322 3394 nunc
1353 3347 1533 3393 autem
1565 3354 1669 3394 non
1704 3337 1876 3393 solum

284 3437 372 3476 me
426 3422 740 3479 subvertere
784 3442 891 3480 non
938 3427 1169 3493 valebis,
1201 3428 1307 3484 imo
1335 3444 1366 3482 a
1390 3437 1675 3498 potestate,
1709 3442 1873 3499 quam

278 3522 335 3566 te
371 3512 575 3569 habere
597 3514 889 3585 plaudebas
912 3533 1011 3587 per
1038 3534 1125 3574 me
1162 3519 1417 3590 ejicieris.
1448 3518 1602 3575 Sicut
1636 3519 1749 3590 ipse
1773 3536 1871 3590 ap-

275 3605 682 3674 propinquante
710 3608 842 3663 hora
870 3624 980 3664 suae
1003 3611 1271 3680 passionis
1314 3611 1531 3668 dicebat
1559 3630 1571 3665 :
1602 3611 1760 3665 Nunc
1774 3612 1872 3681 ju-

281 3698 484 3750 dicium
508 3707 581 3752 est
603 3699 805 3765 mundi,
828 3717 965 3754 nunc
985 3702 1221 3772 princeps
1247 3701 1407 3772 hujus
1430 3702 1613 3755 mundi
1638 3701 1873 3771 ejicierur

276 3786 466 3855 foras;
495 3796 544 3841 et
569 3805 661 3860 ego
688 3789 732 3843 si
755 3788 1016 3844 exaltatus
1046 3789 1195 3860 fuero
1219 3808 1250 3844 a
1279 3801 1441 3856 terra,
1460 3791 1635 3846 omnia
1662 3792 1871 3844 traham

277 3877 353 3929 ad
397 3894 481 3931 me
518 3879 685 3949 ipsum
715 3878 897 3950 (Joan.
924 3882 1045 3952 xu).
1093 3880 1325 3936 Satanas
1365 3896 1493 3952 ergo
1540 3880 1875 3935 adversarius

279 3965 499 4035 Latine,
524 3968 637 4024 sive
664 3980 1036 4042 transgressor,
1067 3972 1471 4042 interpretatur.
1498 3970 1567 4025 Et
1596 3979 1745 4026 recte
1770 3970 1873 4025 iui-

277 4056 462 4112 micus
489 4059 731 4116 veritatis
755 4071 918 4131 atque
942 4071 1310 4134 transgressor
1329 4062 1551 4133 justitiae
1573 4070 1867 4117 retrorsum

282 4146 465 4213 vadit,
497 4148 623 4219 quia
650 4163 775 4205 cum
821 4151 934 4223 ipse
969 4167 1124 4207 suum
1154 4151 1411 4208 honorem
1455 4167 1559 4205 non
1609 4150 1864 4216 servavit,

1986 3334 2146 3387 homo
2185 3343 2268 3389 est
2308 3350 2467 3404 quem
2506 3335 2747 3390 diabolus
2785 3343 2973 3402 tentat,
3003 3344 3058 3389 et
3098 3335 3239 3390 idem
3281 3334 3393 3405 ipse
3429 3334 3572 3390 Deus

1979 3435 2066 3482 est
2100 3427 2188 3482 cui
2221 3427 2289 3481 ab
2318 3427 2527 3499 angelis
2567 3428 2924 3483 ministratur.
2976 3427 3379 3498 Cognoscamus
3408 3426 3572 3497 igitur

1980 3519 2036 3574 in
2060 3533 2127 3575 eo
2156 3528 2410 3574 naturam
2438 3527 2697 3587 nostram,
2729 3521 2853 3591 quia
2881 3520 2984 3575 nisi
3021 3521 3168 3576 hunc
3195 3518 3440 3575 diabolus
3468 3518 3567 3572 ho—

1981 3610 2184 3665 minem
2209 3620 2480 3676 cerneret,
2510 3627 2616 3667 non
2641 3617 2894 3665 tentaret.
2925 3608 3256 3665 Veneremur
3286 3607 3338 3660 in
3365 3606 3454 3660 illo
3484 3605 3567 3658 di-

1979 3701 2263 3756 vinitatem
2294 3716 2469 3768 suam,
2505 3700 2632 3770 quia
2657 3700 2761 3754 nisi
2788 3699 2931 3754 Deus
2954 3712 3117 3766 super
3156 3696 3337 3750 omnia
3365 3695 3568 3748 existe-

1978 3801 2083 3856 ret,
2114 3790 2260 3846 nullo
2293 3791 2454 3846 modo
2496 3790 2671 3860 angeli
2702 3789 3072 3843 ministrarent
3101 3786 3171 3840 ei.
3206 3785 3406 3839 Verum
3440 3784 3566 3853 quia

1974 3878 2300 3949 principium
2328 3880 2500 3934 sancti
2528 3876 2800 3948 Evangelii
2829 3876 2894 3931 de
2919 3874 3231 3947 genealogia
3253 3882 3311 3929 et
3336 3871 3566 3928 infantia

1976 3966 2291 4033 Salvatoris,
2319 3967 2386 4022 de
2420 3962 2694 4038 baptismo
2721 3974 2776 4022 et
2806 3966 3102 4022 tentatione
3128 3964 3265 4036 ejus,
3294 3965 3398 4020 hoc
3429 3964 3567 4021 libro

1972 4058 2378 4128 explicavimus,
2398 4061 2463 4114 de
2487 4058 2640 4114 initio
2660 4058 3061 4130 prcedicationis
3083 4058 3225 4113 illius
3244 4056 3390 4113 aliud
3413 4071 3567 4112 exor-

1973 4153 2119 4206 dium
2154 4166 2452 4206 sumamus.

2436 4301 2515 4309 ——.
2536 4300 2625 4308 .——
2635 4300 2659 4305 ..η
2676 4299 2996 4308 οη-..ᾝ

1451 4401 1753 4481 LIBER
1830 4403 2390 4483 SECUNDUS.

1696 4589 2099 4604 ————————

716 4678 1066 4751 SEQUITUR
1102 4681 1330 4740 CAPUT
1364 4683 1452 4739 ιν.

278 4790 361 4847 De
389 4790 542 4846 initio
576 4791 1223 4915 prtedicationisIChristi,
1248 4802 1295 4848 et
1328 4794 1596 4850 vocatione
1629 4796 1866 4867 discipu-

1001 4880 1170 4915 orum.

1001 4880 1170 4917 orum.

354 4951 446 5026 [1.]
474 4951 766 5023 Postquam
797 4968 925 5024 ergo
964 4952 1247 5011 Matthteus
1282 4956 1608 5029 evangelista
1639 4957 1707 5013 de
1731 4972 1868 5029 qua-

278 5043 532 5115 draginta
556 5042 761 5098 dierum
779 5040 1005 5113 jejunio,
1027 5053 1083 5099 et
1099 5046 1165 5100 de
1189 5047 1481 5102 tentatione
1500 5063 1605 5119 qua
1634 5055 1872 5103 tentatus

272 5143 422 5190 esta
451 5133 667 5191 diabolo
714 5134 983 5204 Salvator,
1028 5138 1175 5195 etde
1220 5139 1532 5211 angelorum
1570 5143 1874 5199 ministerio

280 5227 544 5291 narravit,
574 5230 833 5285 continuo
858 5229 1087 5299 subjecit
1118 5230 1302 5287 dicens
1327 5252 1339 5286 :

353 5314 488 5372 Cum
530 5329 705 5374 autem
738 5320 967 5376 audisset
1010 5321 1165 5377 Iesus
1205 5323 1344 5395 quod
1380 5323 1611 5379 Joannes
1647 5327 1873 5380 traditus

269 5418 435 5473 esset,
484 5412 693 5465 secessit
733 5411 788 5465 in
835 5408 1131 5468 Galilwam.
1185 5411 1298 5486 [ll.]
1350 5414 1501 5481 Quod
1544 5424 1722 5471 tamen
1767 5433 1872 5472 non

272 5494 543 5557 continuo
594 5501 794 5559 factum
847 5502 1083 5561 Joannes
1130 5506 1401 5577 apostolus
1445 5516 1501 5562 et
1542 5510 1873 5580 evangelista

279 5592 627 5662 manifestat;
672 5610 793 5651 cum
836 5598 989 5666 dicit,
1022 5607 1308 5670 antequam
1352 5598 1587 5657 Joannes
1631 5600 1872 5673 Baptista

274 5685 482 5744 missus
522 5698 668 5745 esset
708 5691 762 5744 in
803 5706 1108 5757 carcerem,
1139 5690 1321 5748 Jesum
1354 5693 1461 5749 isse
1490 5692 1543 5748 in
1573 5692 1868 5750 Galilaeam.

276 5779 574 5853 Postquam
618 5785 764 5840 enim
794 5786 1236 5842 commemoravit
1263 5785 1404 5856 quod
1447 5784 1502 5841 in
1541 5784 1686 5843 Cana
1728 5786 1875 5842 Gali-

1892 4688 1945 4749 D
1970 4688 2082 4744 Item
2107 4687 2236 4745 fecit
2261 4690 2327 4745 de
2352 4705 2489 4761 aqua
2517 4690 2725 4756 vinum,
2751 4698 2807 4745 et
2849 4689 3128 4745 descendit
3153 4703 3275 4744 cum
3307 4698 3482 4744 matre
3507 4701 3563 4745 et

1976 4779 2270 4849 discipulis,
2301 4788 2356 4834 et
2389 4780 2463 4835 ibi
2493 4788 2808 4837 manserunt
2834 4795 2942 4836 non
2987 4781 3170 4837 multis
3195 4780 3405 4848 diebus,
3432 4780 3562 4835 dicit

1977 4888 2100 4927 eum
2123 4871 2317 4927 deinde
2332 4873 2642 4928 ascendisse
2654 4871 3081 4947 Hierosolymam
3102 4882 3324 4945 pr0pter
3336 4875 3557 4944 pascha,

1974 4965 2216 5036 posthzec
2237 4964 2446 5020 venisse
2468 4964 2523 5019 in
2546 4964 2784 5021 Judteam
2812 4973 3011 5021 terram
3034 4974 3088 5021 et
3111 4965 3400 5034 discipulos
3421 4965 3558 5034 ejus,

1975 5066 2031 5111 et
2065 5057 2175 5111 illic
2208 5056 2542 5112 demoratum
2575 5072 2697 5110 cum
2724 5055 2823 5121 eis,
2851 5064 2907 5111 et
2939 5056 3323 5127 baptizantem,
3350 5054 3438 5108 ubi
3470 5068 3557 5106 sc-

1977 5158 2133 5203 cntus
2153 5147 2258 5202 ait:
2278 5144 2409 5200 Erat
2434 5156 2606 5201 autem
2629 5158 2677 5201 et
2702 5144 2936 5201 Joannes
2962 5145 3232 5215 baptizans
3258 5143 3312 5195 in
3338 5140 3559 5194 xEnnon

1966 5238 2128 5309 juxta
2156 5237 2347 5299 Salim,
2375 5239 2499 5309 quia
2529 5256 2680 5309 aquae
2719 5238 2899 5293 multm
2924 5245 3072 5291 erant
3100 5234 3210 5289 illic
3240 5233 3422 5306 (Joan.
3448 5232 3555 5306 tn).

1978 5327 2259 5383 Mattlueus
2307 5337 2518 5392 autem,
2572 5328 2711 5383 sicut
2759 5326 3005 5397 superius
3049 5322 3557 5387 demonstravimus,

1978 5420 2145 5475 dicit:
2175 5420 2307 5474 Cum
2360 5433 2532 5476 autem
2578 5421 2807 5475 audisset
2851 5417 2990 5488 quod
3046 5414 3281 5470 Joannes
3334 5413 3560 5468 traditus

1976 5521 2141 5577 esset,
2191 5513 2497 5568 secessit~in
2551 5509 2848 5567 Galilwam.
2904 5506 3165 5562 Similiter
3216 5515 3270 5562 et
3322 5505 3555 5560 Marcus.

1975 5603 2168 5659 Postea
2197 5613 2398 5671 autem,
2429 5620 2547 5659 cum
2575 5600 2800 5656 traditus
2829 5597 3118 5669 est,inquit
3142 5596 3398 5662 Joannes,
3422 5598 3559 5652 venit

1950 5682 2131 5751 ’Jesus
2155 5696 2210 5750 in
2244 5693 2539 5751 Galila'am.
2575 5693 2748 5748 Lucas
2787 5691 3003 5761 quidem
3033 5690 3164 5746 nihil
3193 5690 3323 5746 dicit
3348 5691 3415 5745 de
3445 5698 3559 5744 tra-

1976 5785 2089 5843 dito
2113 5784 2341 5856 Joanne,
2370 5787 2462 5843 sed
2495 5793 2700 5840 tantum
2730 5792 2785 5841 et
2806 5792 2927 5854 post
2955 5783 3282 5856 baptismum
3310 5791 3365 5840 et
3392 5791 3562 5839 tenta.
