3970 6198
447 420 549 476 ’187

1110 412 1169 469 Β.
1211 411 1463 470 ilABANl
1501 411 1720 468 MAURI
1752 407 2074 468 ABCHIEP.
2119 406 2431 464 MOGUNT.
2471 407 2758 466 OPERUM
2795 408 2980 467 PARS
3013 409 3055 464 l.

3617 411 3726 466 788

449 546 650 588 tionem
680 530 882 586 Christi
913 529 1044 582 dicit
1071 542 1195 581 eum
1234 526 1448 582 venisse
1481 527 1536 581 in
1564 524 1863 590 Galilaeam,
1895 524 2039 579 sicut
2065 521 2116 582 A
2142 523 2375 578 ctrinam
2421 522 2667 592 discipuli
2704 537 2812 578 non
2841 522 3110 592 despexit,
3147 537 3254 578 non
3293 523 3595 595 impedivit,
3632 527 3732 580 sed

448 624 522 678 illi
567 624 692 678 duo.
754 621 888 675 Nam
935 620 1008 674 ita
1058 619 1301 674 contexit
1341 619 1710 673 narrationem
1747 632 1936 672 suam:
1965 614 2031 669 Et

445 724 824 776 consummata,
850 712 1043 782 inquit,
1071 713 1211 765 omni
1235 712 1537 776 tentatione,
1559 709 1800 764 diabolus
1825 709 2032 764 secessit

445 803 510 857 ab
541 802 632 856 illo
663 819 825 873 usque
849 802 918 856 ad
949 812 1167 873 tempus,
1199 812 1246 856 et
1270 818 1532 872 regressus
1551 811 1626 855 est
1655 799 1811 856 Jesus
1841 801 1896 854 in
1921 801 2029 853 vir-

443 902 550 947 tute
573 895 627 948 in
651 890 947 956 Galilwam,
963 901 1008 946 et
1031 892 1175 962 [ante
1198 893 1322 946 exiit
1343 910 1437 962 per
1458 893 1747 946 universam
1771 892 2030 961 regionem

443 987 507 1040 de
547 985 658 1039 illo.
707 985 858 1041 Unde
904 985 1222 1055 intelligitur
1251 986 1349 1038 hos
1381 993 1491 1038 tres
1527 982 1886 1054 evangelistas
1922 997 2027 1035 non

439 1080 634 1135 Jaanni
677 1077 1020 1150 evangelista:
1058 1078 1331 1133 contraria
1362 1091 1633 1142 narrasse,
1673 1076 1767 1130 sed
1808 1083 2031 1144 praeter-

441 1173 654 1226 misisse
681 1171 912 1241 primum
943 1169 1155 1224 Domini
1185 1170 1472 1223 adventum
1503 1167 1556 1221 in
1577 1165 1854 1222 Galilatam
1883 1174 2029 1236 post-

439 1281 666 1336 eaquam
697 1264 1004 1334 baptizatus
1031 1273 1136 1328 est,
1163 1263 1380 1332 quando
1406 1261 1515 1316 illic
1543 1276 1738 1330 aquam
1761 1260 2026 1316 convertit

437 1354 492 1407 in
520 1354 730 1419 vinum,
759 1361 886 1408 tunc
912 1353 1055 1407 enim
1087 1353 1324 1407 nondum
1351 1361 1471 1407 erat
1507 1350 1736 1406 traditus
1764 1348 2024 1418 Joannes,

435 1461 559 1499 eum
602 1461 732 1502 vero
776 1446 1065 1502 adventum
1113 1445 1229 1514 ejus
1277 1444 1332 1498 in
1378 1442 1654 1499 Galilaeam
1703 1444 2025 1500 connexisse

435 1535 838 1591 narrationibus
879 1536 992 1591 suis
1035 1535 1128 1604 qui
1168 1543 1290 1605 post
1341 1532 1608 1590 Joannem
1655 1533 1910 1590 traditum
1943 1533 2024 1589 fa-

434 1638 553 1681 ctus
580 1635 694 1692 est;
724 1628 790 1682 de
829 1643 936 1698 quo
966 1626 1083 1696 ejus
1120 1626 1295 1683 reditu
1323 1627 1376 1681 in
1401 1627 1674 1683 Galilaeam
1717 1628 1880 1682 etiam
1905 1629 2022 1698 ipse

431 1716 667 1772 Joannes
700 1718 1024 1787 evangelista
1071 1719 1151 1773 sic
1196 1716 1567 1789 loquiturzﬂt
1617 1736 1740 1790 ergo
1787 1722 2018 1791 cognovit

431 1807 587 1862 Jesus
633 1807 760 1878 quia
803 1808 1084 1862 audierunt
1128 1805 1409 1862 ~Pharisazi
1460 1810 1584 1879 quia
1631 1809 1789 1864 Jesus
1841 1809 2015 1881 plures

431 1897 717 1968 discipulos
744 1898 872 1968 facit
901 1907 950 1951 et
977 1897 1232 1969 baptizat,
1257 1916 1415 1970 quant
1437 1899 1690 1967 Joannes,
1717 1919 2017 1973 quanquam

430 1988 587 2043 Jesus
630 2006 735 2044 non
777 1987 1068 2060 baptizaret
1106 1989 1196 2043 sed
1239 1989 1506 2061 discipuli,
1537 1989 1743 2062 reliquit
1768 1989 2017 2046 Juda'am

427 2087 478 2133 et
503 2079 629 2133 abiit
655 2079 843 2132 iterum
873 2079 927 2133 in
955 2077 1233 2133 Galila’am
1265 2079 1446 2150 (Joan.
1474 2079 1568 2150 tv).
1599 2080 1751 2136 Tunc
1778 2096 1907 2152 ergo
1936 2082 2018 2136 in-

428 2171 718 2241 telligimus
737 2169 852 2239 jam
877 2168 1040 2225 fuisse
1064 2171 1319 2225 traditum
1344 2171 1625 2237 Joannem,
1653 2171 1868 2228 Judzeos
1890 2187 2016 2230 vero

429 2261 646 2314 audisse
673 2259 816 2330 quod
844 2259 1027 2329 plures
1058 2259 1348 2328 discipulos
1382 2259 1584 2315 faceret
1607 2271 1660 2316 et
1688 2263 2010 2332 baptizaret,

425 2365 586 2418 quam
618 2347 818 2404 fecerat
839 2357 894 2403 et
913 2349 1282 2418 baptizaverat
1305 2347 1557 2404 Joannes.
1589 2348 1699 2405 Nec
1728 2351 1830 2406 hoc
1853 2352 2015 2407 silen-

425 2438 552 2489 dum
600 2435 870 2500 arbitror,
917 2434 1060 2504 quod
1102 2434 1466 2491 ecclesiastica
1517 2445 1704 2490 narrat
1753 2436 2010 2504 historia,

423 2525 790 2580 beatissimum
817 2523 1080 2580 Joannem
1116 2525 1417 2596 apostolum
1447 2541 1617 2596 usque
1664 2527 1731 2584 ad
1763 2528 2011 2584 ultimum

423 2632 559 2685 pene
584 2632 695 2670 sua:
719 2616 843 2670 vita:
886 2624 1098 2685 tempus
1126 2615 1329 2685 absque
1355 2615 1516 2671 ullius
1545 2615 1837 2687 Scriptura:
1867 2617 2008 2672 indi-

420 2704 523 2760 ciis
552 2704 901 2776 Evangelium
927 2706 1268 2774 praedicasse.
1311 2704 1417 2761 Sed
1446 2723 1566 2761 cum
1601 2707 1784 2773 trium,
1812 2709 2008 2779 inquit,

421 2795 834 2867 Evangeliorum
883 2797 1045 2852 etiam
1081 2797 1146 2852 ad
1190 2798 1366 2869 ipsum
1408 2799 1599 2853 notitia
1650 2802 2008 2869 pervenisset,

416 2886 678 2953 probasse
719 2886 934 2956 quidem
967 2895 1076 2941 tum
1107 2887 1268 2942 ﬁdem
1313 2896 1368 2944 et
1406 2890 1689 2944 veritatem
1718 2891 2004 2956 dictorum,

418 2977 608 3032 deesse
635 2987 812 3032 tamen
842 2978 974 3032 vidit
999 2977 1201 3048 aliqua,
1229 2988 1285 3033 et
1323 2993 1384 3034 ea
1414 2981 1647 3036 maxime
1672 2998 1792 3052 qua:
1830 2985 2007 3053 prima

417 3068 814 3138 praedicationis
850 3085 962 3126 sua:
985 3079 1225 3140 tempore
1260 3072 1519 3128 Dominus
1553 3083 1813 3142 gesserat,
1844 3089 2002 3145 roga-

416 3167 613 3230 tusque
641 3175 671 3214 a
703 3161 948 3215 ﬁdelibus
996 3162 1332 3218 auditoribus
1376 3163 1520 3229 suis,
1563 3174 1618 3220 et
1660 3165 2004 3221 credentibus

415 3248 474 3304 in
500 3246 808 3316 Christum,
842 3259 901 3304 ut
945 3265 1008 3305 ea
1051 3267 1172 3320 quae
1213 3253 1585 3320 pmterierant
1624 3252 1834 3323 priores
1873 3264 1999 3310 ante

415 3340 759 3395 traditionem
784 3339 1006 3396 Joannis
1055 3341 1354 3397 Salvator-is
1382 3354 1533 3413 gesta
1561 3343 1910 3408 describeret,
1945 3354 2002 3400 et

414 3433 537 3491 ideo
562 3435 693 3490 dicit
725 3436 780 3490 in
807 3435 1098 3506 Evangelia
1123 3455 1135 3490 :
1162 3435 1292 3490 Hcce
1321 3437 1441 3507 fecit
1477 3438 1532 3490 in
1553 3439 1704 3491 initio
1731 3440 1998 3508 signorum

412 3524 772 3597 Jesus(Joan.
812 3525 896 3598 ιι).
940 3527 1007 3580 Et
1051 3527 1247 3581 iterum
1287 3527 1342 3581 in
1377 3527 1482 3581 alia
1528 3528 1648 3582 loco
1675 3529 1876 3583 indicat
1921 3530 2001 3584 di-

412 3635 544 3676 cens
568 3639 580 3676 :
606 3620 858 3675 Nondum
891 3623 1028 3675 enim
1051 3620 1286 3677 Joannes
1312 3621 1486 3692 fuerat
1513 3623 1705 3676 missus
1735 3623 1789 3677 in
1818 3640 1997 3677 carce-

413 3725 520 3764 rem
549 3709 729 3781 (Joa'n.
768 3711 875 3782 ιιι).
905 3711 983 3765 Ex
1013 3711 1208 3782 quibus
1238 3719 1455 3768 constat
1479 3713 1621 3782 quod
1648 3728 1711 3767 ea
1740 3728 1860 3782 quae
1904 3729 2001 3768 an-

409 3807 630 3871 tequam
663 3799 899 3858 Joannes
949 3802 1252 3858 traderetur
1296 3802 1364 3858 ab
1403 3801 1530 3858 Jesu
1570 3803 1788 3858 fuerant
1821 3816 1996 3876 gesta,

406 3889 690 3956 describit,
723 3890 825 3946 hoc
859 3899 942 3946 est
970 3892 1129 3946 unius
1153 3900 1362 3946 tantum
1387 3892 1512 3946 anni
1531 3933 1545 3958 ,
1582 3893 1635 3946 in
1659 3909 1765 3963 quo
1785 3902 1840 3949 et
1869 3911 1995 3965 pas-

411 3997 506 4036 sas
532 3992 636 4048 est,
673 3991 793 4053 post
819 3998 1093 4038 carcerem
1119 3983 1376 4050 Joannis,
1411 3985 1693 4040 historiam
1737 3987 1994 4043 texuisse.

485 4071 550 4124 Et
593 4071 772 4125 relicta
812 4073 1018 4126 civitate
1063 4071 1364 4140 Nazaretlt,
1398 4075 1531 4128 venit
1574 4084 1622 4128 et
1667 4074 1914 4130 habitavit
1943 4076 1996 4130 in

408 4160 782 4231 Capharnaum
805 4163 1090 4228 maritima,
1108 4163 1160 4217 in
1189 4163 1382 4232 ﬁnibus
1397 4161 1634 4218 Zabulon
1662 4175 1708 4219 et
1732 4165 2000 4235 Nephtlta-

408 4251 522 4308 lim.
555 4253 822 4324 (Ilieron.)
849 4253 1115 4310 Nazareth
1145 4255 1327 4324 itaque
1357 4255 1498 4310 unde
1528 4255 1785 4311 Dominus
1811 4265 2000 4312 noster

407 4351 463 4398 et
490 4341 739 4398 Salvator
765 4342 1056 4399 Nazarteus
1074 4353 1296 4400 vocatus
1323 4353 1426 4410 est,
1458 4345 1512 4400 in
1539 4343 1757 4401 Galilzea
1787 4347 1997 4404 vieulus

404 4441 593 4489 Contra
616 4433 910 4504 regionem,
926 4434 979 4489 in
996 4433 1310 4489 duodecima
1327 4433 1443 4502 ejus
1460 4434 1711 4489 milliaria
1723 4435 1793 4490 ad
1811 4433 1995 4490 Orien-

403 4528 576 4618 talem
610 4526 824 4598 plagam
863 4525 1020 4595 juxta
1050 4535 1307 4618 Amontem
1335 4525 1582 4618 Thabor,
1605 4525 1990 4618 ACapbarnaum
2017 4557 2072 4618 Β

406 4633 536 4672 vero
559 4617 717 4688 juxta
759 4625 1009 4687 stagnum
1036 4615 1370 4672 Genesaretb
1398 4631 1568 4686 usque
1603 4616 1761 4675 hodie
1789 4626 1873 4673 est
1899 4633 1994 4689 op-

406 4707 590 4778 pidum
623 4705 676 4760 in
711 4704 930 4762 Galiltea
955 4705 1220 4777 gentium,
1251 4706 1413 4760 situm
1445 4705 1498 4760 in
1528 4704 1725 4763 ﬁnibus
1751 4707 1992 4765 Zabulon

404 4806 461 4854 et
508 4795 873 4868 Nephthalim.
925 4795 1123 4852 Narrat
1170 4795 1388 4866 quidam
1447 4811 1610 4867 supra
1659 4807 1994 4856 memoratus

404 4888 690 4961 episcopus
730 4887 1065 4960 Arculphus,
1116 4889 1308 4945 barum
1367 4889 1648 4944 civitatum
1703 4898 1992 4962 utramque

403 4980 676 5038 modernis
704 4981 1034 5051 temporibus
1067 4979 1269 5051 absque
1293 4996 1572 5036 murorum
1613 4982 1816 5036 ambitu
1847 4995 1988 5048 esse,

399 5079 460 5129 et
484 5069 756 5128 Nazaretb
806 5085 966 5142 supra
998 5078 1239 5126 montem
1283 5071 1514 5142 positam
1541 5112 1556 5138 ,
1605 5071 1988 5142 Capharnaum

401 5181 534 5222 vero
563 5171 791 5236 angusto
821 5165 962 5218 inter
995 5173 1234 5220 montem
1277 5171 1331 5218 et
1364 5172 1612 5237 stagnum
1658 5172 1987 5220 coarctatam

400 5241 598 5324 spatio,
629 5254 699 5310 ab
723 5253 1040 5325 Aquilonari
1081 5253 1237 5326 plaga
1264 5263 1520 5320 montem,
1550 5254 1726 5309 lacum
1764 5270 1893 5310 vero
1919 5255 1988 5311 ab

399 5348 632 5404 Australi
661 5348 971 5414 habentem,
996 5347 1219 5418 etquod
1251 5347 1319 5402 ab
1349 5345 1558 5403 Occasu
1586 5347 1640 5400 in
1679 5345 1870 5403 Ortum
1893 5362 1990 5403 es-

400 5449 554 5494 tensa
582 5439 862 5510 dirigatur.
892 5437 1114 5510 Mystice
1149 5446 1329 5492 autem
1368 5437 1512 5508 quod
1535 5435 1744 5494 Joanne
1788 5438 1982 5494 tradito

397 5531 556 5587 Jesus
604 5530 795 5600 incipit
837 5530 1151 5601 praedicare,
1199 5528 1467 5600 signiﬁcat
1513 5529 1655 5600 quod
1706 5530 1986 5586 desinente

397 5621 534 5690 lege,
562 5631 956 5692 consequenter
999 5621 1177 5676 oritur
1227 5619 1598 5691 Evangelium,
1623 5635 1817 5677 aurora
1853 5621 1985 5678 dell-

398 5711 577 5763 ciente
614 5725 778 5765 verus
812 5712 1090 5781 consurgit
1132 5710 1246 5775 Sol,
1272 5709 1536 5780 discipulo
1577 5719 1826 5766 cessante
1872 5711 1984 5766 Ma-

399 5810 568 5874 gister
613 5802 783 5857 adest.
814 5803 936 5874 Sed
987 5804 1205 5858 humilis
1251 5805 1508 5873 magister
1537 5814 1618 5859 est
1651 5803 1739 5859 ille
1769 5805 1860 5874 qui
1889 5805 1982 5860 do-

2137 613 2471 683 exSpectavit
2499 614 2668 669 donec
2702 629 2919 668 cursum
2947 628 3104 667 suum
3148 612 3442 683 discipulus
3471 629 3724 669 consum-

2137 703 2396 768 maverit;
2428 704 2730 773 exemplum
2759 703 2915 757 nobis
2943 701 3208 772 praebens,
3237 717 3303 757 ne
3335 703 3460 772 quis
3492 705 3561 757 ab
3585 704 3724 758 infe-

2138 799 2280 854 riare
2304 813 2533 868 persona
2562 798 2820 868 despiciat
2855 812 3160 852 sermonem
3199 797 3601 868 praedicationis
3629 813 3720 852 au-

2133 889 2272 954 dire,
2299 890 2408 945 imo
2452 889 2806 944 humilitatem
2849 889 3196 958 apostolicam
3247 889 3460 943 studeat
3495 891 3722 956 imitari,

2134 978 2256 1047 quia
2295 977 2461 1033 dicit:
2492 976 2552 1032 Si
2579 979 2663 1031 cui
2695 977 2975 1032 revelatum
3022 977 3180 1046 fuerit
3214 978 3436 1042 sedenti,
3463 979 3614 1047 prior
3636 991 3720 1033 ta-

2130 1080 2240 1124 ceat
2273 1069 2324 1142 (I
2343 1071 2466 1125 Cor.
2489 1070 2625 1144 x'v).
2659 1070 2724 1124 Et
2748 1069 2949 1133 relicta,
2966 1071 3162 1140 inquit,
3186 1071 3394 1124 civitate
3420 1069 3722 1136 Nazaretlt,

2127 1161 2266 1214 venit
2294 1169 2343 1213 et
2363 1160 2613 1214 habitavit
2641 1158 3011 1231 Capharnaum
3039 1161 3382 1214 maritimam.
3425 1159 3719 1224 Nazaretb,

2127 1252 2247 1320 ﬂos,
2277 1257 2372 1305 aut
2401 1250 2682 1321 virgultum
2711 1250 2845 1320 ejus.
2887 1249 3265 1320 Capharnaum
3305 1249 3432 1304 villa
3477 1250 3723 1320 pulcher-

2128 1342 2284 1406 rima,
2312 1342 2428 1396 sive
2471 1358 2597 1411 ager
2639 1340 2992 1412 pinguedinis,
3017 1341 3131 1394 sive
3168 1339 3292 1394 uilla
3339 1339 3718 1394 consolationis

2126 1429 2530 1499 interpretatur.
2556 1430 2698 1484 Bene
2727 1430 2908 1500 itaque
2931 1429 3264 1499 Redemptor
3288 1436 3499 1496 noster,
3525 1431 3716 1485 relicta

2125 1519 2398 1574 b‘azareth
2444 1519 2824 1591 Caphamaum
2876 1521 3302 1591 transgreditur,
3333 1520 3462 1590 quia
3489 1521 3555 1576 de
3582 1520 3717 1576 ﬂore

2123 1610 2438 1682 ﬁgurarum,
2467 1627 2587 1682 qua:
2627 1611 2727 1668 sub
2769 1613 2886 1682 lege
2929 1611 3260 1682 imperfecta:
3307 1611 3624 1678 manebant,
3646 1614 3716 1667 ad

2121 1701 2359 1759 fructum
2405 1703 2666 1775 spiritalis
2709 1703 2988 1769 doctrinae,
3034 1704 3127 1775 qui
3171 1705 3226 1759 in
3273 1705 3568 1776 Evangelia
3608 1715 3714 1769 est,

2121 1797 2356 1852 transire
2399 1813 2497 1853 nos
2521 1798 2696 1854 docet.
2736 1797 2794 1852 In
2838 1806 3027 1853 sancta
3059 1798 3259 1868 quippe
3301 1797 3568 1863 Ecclesia,
3593 1814 3717 1867 qua:

2044 1866 2094 1925 Β
2123 1897 2205 1944 est
2240 1888 2364 1944 villa
2406 1889 2767 1960 pulcherrima
2807 1890 2861 1944 in
2902 1866 3097 1946 decore
3136 1866 3396 1944 virtutum
3422 1930 3437 1954 ,
3482 1901 3538 1944 et
3579 1866 3716 1960 ager

2120 1980 2461 2050 pinguedinis
2489 1981 2542 2034 in
2569 1981 2900 2035 abundantia
2925 1979 3228 2044 cbaritatis,
3255 1987 3414 2050 atque
3438 1980 3716 2050 opulentia

2119 2073 2380 2128 bonorum
2409 2089 2653 2144 operum,
2687 2073 2800 2128 sive
2827 2088 2956 2144 ager
2989 2073 3398 2136 consolationis,
3432 2074 3486 2128 in
3511 2073 3716 2128 solatio

2119 2163 2521 2236 Scripturarum
2550 2175 2604 2221 et
2632 2183 2727 2237 spe
2754 2166 2907 2221 ﬁrma
2943 2165 3247 2222 futurorum
3274 2167 3545 2232 habitans,
3586 2166 3715 2220 Sal-

2117 2267 2272 2314 vator
2315 2274 2414 2328 per
2457 2259 2707 2314 doctores
2758 2259 3016 2328 praedicat
3048 2257 3288 2327 quotidie
3334 2258 3714 2328 Evangelium,

2116 2350 2242 2418 quia
2284 2349 2340 2404 in
2383 2349 2500 2419 ipsa
2533 2349 2864 2404 lructiﬁcant
2905 2348 3086 2405 omnia
3130 2348 3372 2418 germina
3408 2348 3714 2412 virtutum;

2114 2442 2259 2497 unde
2287 2442 2339 2496 in
2364 2442 2576 2497 laudem
2605 2441 2721 2510 ejus
2752 2457 2982 2512 sponsus
3017 2441 3071 2495 in
3103 2439 3329 2496 Cantica
3367 2441 3714 2494 canticomm

2115 2533 2282 2587 dicit:
2312 2531 2512 2588 Hortus
2562 2532 2860 2598 conclusus,
2906 2548 3056 2586 soror
3103 2548 3218 2585 mea
3263 2547 3474 2600 sponsa,
3514 2530 3714 2583 hortus

2113 2623 2412 2691 conclusus,
2446 2624 2563 2694 fons
2606 2626 2862 2695 signatus.
2909 2622 3230 2677 Emissiones
3273 2632 3377 2676 tua:
3417 2620 3716 2691 paradisus

2112 2714 2373 2770 malorum
2403 2716 2734 2786 punicorum,
2768 2731 2886 2768 cum
2912 2729 3186 2784 pomorum
3215 2710 3487 2781 fructibus.
3532 2707 3715 2780 Cypri

2111 2822 2228 2859 cum
2249 2807 2434 2871 nardo,
2454 2807 2672 2871 nardus,
2698 2817 2744 2860 et
2770 2822 2973 2870 crocus,
3001 2803 3204 2873 ﬁstula,
3223 2813 3268 2857 et
3284 2804 3711 2866 cinnamomum,

2110 2913 2227 2949 cum
2245 2898 2498 2951 universis
2521 2895 2678 2966 lignis
2692 2895 2900 2962 Libani,
2917 2896 3153 2966 myrrha,
3178 2905 3226 2949 et
3254 2893 3368 2948 aloe
3393 2910 3504 2946 cum
3528 2895 3713 2947 omni-

2108 2985 2203 3038 bus
2223 2986 2404 3056 primis
2428 2987 2724 3057 unguentis.
2749 2985 2895 3040 Fons
2919 2987 3210 3050 hortorum,
3232 2998 3417 3054 puteus
3436 2999 3713 3052 aquarum

2106 3077 2401 3141 viventium,
2443 3094 2561 3148 qua:
2598 3079 2772 3148 ﬂuunt
2813 3078 3006 3146 impetu
3049 3076 3114 3130 de
3155 3075 3355 3129 Libano
3383 3073 3560 3144 (Cant.
3598 3074 3708 3145 tv).

2106 3166 2232 3223 Hzec
2273 3169 2410 3223 bene
2454 3169 2727 3224 maritima
2771 3169 2994 3235 dicitur,
3021 3168 3147 3239 quia
3171 3167 3325 3237 juxta
3361 3181 3507 3222 mare
3540 3167 3714 3224 istius

2105 3259 2291 3313 mundi
2331 3260 2530 3330 posita,
2557 3260 2797 3331 quotidie
2825 3260 3265 3330 persecutionum
3297 3257 3547 3312 ﬂuctibus
3577 3267 3713 3312 tun-

2104 3349 2267 3404 ditur.
2318 3351 2571 3406 Attamen
2619 3351 2865 3407 homines
2909 3350 3064 3406 undis
3106 3350 3434 3421 voluptatum
3482 3365 3710 3405 mersos

2103 3441 2308 3497 retibus
2333 3441 2609 3513 Evangelii
2640 3456 2745 3495 non
2773 3451 2951 3497 cessat
2974 3441 3224 3496 liberare.
3255 3441 3382 3509 Qua:
3414 3449 3466 3495 et
3492 3440 3552 3495 in
3579 3441 3711 3498 ﬁni-

2101 3531 2204 3587 bus
2233 3530 2470 3586 Zabulon
2517 3540 2571 3587 et
2595 3530 2938 3602 Nephthalim
2984 3533 3089 3588 sita
3117 3545 3222 3596 est,
3253 3533 3376 3602 quia
3419 3533 3470 3586 in
3509 3534 3708 3590 media

2103 3621 2340 3693 gentium
2364 3623 2431 3678 ad
2458 3622 2789 3678 dilatandum
2815 3623 3028 3678 fortiter
3050 3623 3272 3677 verbum
3299 3623 3390 3677 Dei
3415 3625 3705 3690 consistit,

2102 3721 2162 3766 ut
2203 3713 2549 3769 credentibus
2596 3714 2665 3768 sit
2705 3713 3004 3784 refugium,
3035 3721 3089 3767 et
3120 3713 3551 3783 periclitantibus
3605 3715 3707 3770 de—

2102 3812 2368 3860 monstret
2412 3804 2536 3860 ﬁdei
2583 3813 2821 3874 portum.
2874 3803 3114 3859 Zabulon
3157 3819 3287 3874 ergo
3331 3803 3706 3859 habitaculum

2100 3893 2426 3963 fortitudinis
2453 3895 2861 3966 interpretatur,
2892 3903 2948 3950 et
2977 3893 3320 3964 Nephthalim
3349 3892 3623 3948 dilatatio.

2174 3983 2240 4039 Ut
2290 3985 2665 4057 adimpleretur
2691 3986 2831 4056 quod
2875 3986 3075 4039 dictum
3109 3995 3184 4039 est
3213 4001 3305 4055 per
3336 3983 3537 4038 Isaiam
3569 4002 3706 4055 pro-

2098 4077 2304 4148 pbetam
2346 4092 2366 4131 :
2401 4075 2565 4130 Terra
2609 4075 2870 4140 Zabulon,
2907 4085 2956 4130 et
3002 4084 3144 4129 terra
3195 4073 3566 4145 Nephthalim,
3612 4075 3701 4128 eia

2099 4167 2261 4221 maris
2292 4181 2439 4220 trans
2473 4163 2764 4220 Iordanem
2794 4163 3034 4220 Galilrea:
3067 4165 3321 4234 gentium,
3345 4162 3574 4234 populus
3603 4165 3702 4234 qui

2098 4257 2308 4313 sedebat
2336 4259 2390 4311 in
2411 4257 2633 4312 tenebris
2673 4255 2841 4310 lucem
2869 4255 2998 4310 vidit
3026 4271 3294 4325 magnam,
3329 4255 3701 4309 habitantibus

2097 4349 2152 4402 in
2197 4349 2403 4419 regione
2449 4347 2648 4401 umbra:
2687 4347 2890 4410 mortis,
2926 4344 3021 4399 tua:
3050 4355 3166 4400 orta
3209 4356 3285 4399 est
3313 4345 3387 4399 eis
3417 4343 3554 4415 (Isa.
3588 4345 3701 4416 Ix).

2099 4437 2404 4495 Secundum
2451 4452 2582 4511 ergo
2625 4435 2965 4509 evangelistae
3013 4434 3252 4490 Matthaai
3303 4449 3553 4497 sensum,
3590 4435 3703 4490 hoc

2096 4530 2463 4586 testimonium
2503 4530 2768 4600 propheta
2809 4527 2978 4583 Isaias
3005 4527 3072 4583 de
3110 4529 3343 4583 adventu
3386 4525 3590 4581 Christi
3639 4535 3704 4582 et

2094 4620 2488 4677 illuminatione
2508 4619 2785 4692 Evangelii
2807 4617 3052 4691 praecinit
3079 4618 3208 4674 licet
3231 4618 3324 4672 alii
3351 4617 3477 4672 illud
3505 4617 3579 4671 ad
3612 4633 3704 4673 re-

2093 4713 2399 4769 versionem
2425 4712 2491 4767 de
2511 4710 2824 4782 captivitate
2846 4710 2947 4765 sub
2967 4707 3266 4764 Zorobabel
3287 4707 3488 4762 factam
3514 4707 3702 4762 inter—

2091 4810 2393 4874 pretentur.
2409 4800 2542 4856 Nam
2561 4815 2724 4856 verus
2747 4799 2988 4855 medicus
3013 4799 3080 4853 ad
3104 4798 3256 4852 initia
3278 4797 3510 4853 recurrit
3539 4797 3692 4853 dolo-

2093 4911 2234 4962 rum,
2250 4895 2378 4966 quia
2401 4894 2489 4950 ubi
2507 4894 2681 4964 prima
2696 4893 2983 4964 captivitas
2994 4890 3339 4946 Hebraeorum
3355 4891 3423 4944 ab
3445 4889 3698 4960 Assyriis

2092 4984 2216 5052 fuit,
2247 4993 2302 5040 et
2321 4983 2501 5039 divina
2531 4983 2618 5039 lex
2654 4982 2709 5036 in
2749 4980 3073 5036 oblivionem
3113 4979 3283 5044 venit,
3321 4977 3391 5033 ibi
3424 4979 3699 5032 Dominus

2093 5075 2269 5148 primo
2301 5074 2479 5146 ignem
2511 5071 2911 5144 prmdicatianis
2942 5070 3188 5126 accendit
3225 5069 3279 5142 (I
3295 5067 3333 5121 γ
3365 5068 3493 5140 Reg.
3524 5071 3695 5140 xvii).

2096 5167 2312 5239 (Narrat
2331 5165 2548 5236 quidem
2572 5163 2780 5235 Regum
2802 5162 3025 5218 historia
3050 5162 3193 5232 quod
3215 5159 3565 5216 Salmanasar
3587 5177 3693 5215 rex

2091 5259 2437 5331 Assyriorum
2459 5256 2754 5313 debellaret
2775 5253 3100 5317 Samariam,
3115 5251 3322 5309 etOsee
3336 5267 3521 5322 regem
3538 5251 3696 5304 illius

2092 5353 2332 5410 vinctum
2358 5351 2594 5407 misisset
2615 5350 2670 5406 in
2690 5363 2986 5413 carcerem,
3003 5346 3403 5416 translatusque
3425 5344 3496 5399 sit
3515 5341 3694 5398 Israel

2091 5442 2157 5498 de
2190 5452 2332 5497 terra
2361 5456 2457 5495 sua
2481 5441 2536 5495 in
2555 5437 2827 5510 Assyrios,
2857 5436 3278 5506 immisissetque
3305 5451 3404 5490 rex
3429 5433 3698 5505 Assyrio-

2089 5545 2211 5588 rum
2244 5532 2575 5600 alienigenas
2602 5539 2662 5584 ut
2690 5527 3025 5584 custodirent
3053 5535 3256 5581 terram
3278 5525 3468 5589 Israel,
3496 5541 3564 5579 ne
3596 5539 3699 5579 re-

2089 5620 2364 5692 digeretur
2416 5621 2470 5675 in
2518 5619 2895 5682 solitudinem,
2944 5617 3034 5687 qui
3080 5631 3176 5688 per
3225 5615 3562 5670 sacerdotem
3611 5630 3696 5670 ex

2088 5721 2246 5786 gente
2274 5711 2642 5767 lsraelitarum
2672 5710 2953 5775 instructi,
2986 5710 3272 5764 Dominum
3305 5708 3471 5764 Israel
3496 5721 3705 5764 carere

2087 5803 2412 5868 didicerunt,
2438 5812 2808 5857 verumtamen
2834 5802 2963 5861 deos
2985 5801 3188 5872 patrios
3208 5816 3344 5871 quos
3368 5800 3702 5858 habuerunt
