3970 6198
338 421 437 478 789

1345 415 1699 474 εσΜΜΕΝτ.
1740 409 1805 468 ta
1843 408 2281 469 nummum.
2320 442 2388 452 -
2420 412 2545 469 ue.
2583 412 2670 483 tt.

3521 414 3619 469 ἴθι)

337 540 389 593 in
425 547 570 590 terra
600 546 696 587 sua
722 544 829 585 non
855 525 1238 599 reliquerunt.)
1260 526 1534 599 (Hierom)
1563 526 1717 596 Quod
1743 533 1925 581 autem
1952 528 2003 587 Α
2027 523 2275 579 Andreas
2298 523 2496 588 virilis,
2533 532 2589 580 et
2614 525 2716 580 hoc
2758 525 2895 579 bene
2923 523 2989 578 ad
3022 524 3303 579 doctorum
3332 541 3619 595 personam

339 625 502 681 dicit:
536 619 634 675 Via
677 619 838 674 maris
882 626 1030 672 trans
1070 616 1360 672 Iordanem
1407 613 1647 671 Galilwte
1673 616 1927 686 gentium,

338 714 408 767 ad
453 708 813 766 diﬁ'erentiam
857 708 1096 777 positum
1135 717 1221 762 est
1260 706 1484 761 alterius
1527 704 1785 771 Galilaetc,
1812 720 1932 775 qua:

335 815 419 861 est
446 804 498 859 in
529 803 673 857 tribu
713 800 975 855 Zahulon.
1024 799 1155 854 Duae
1182 799 1452 869 siquidem
1482 797 1716 854 Galiltete
1746 805 1875 852 sunt
1900 812 1932 852 e

338 896 532 967 quibus
567 907 679 947 una
720 890 941 947 Galilzea
964 889 1209 961 gentium
1248 896 1495 953 vocatur,
1526 888 1701 942 vicina
1735 885 1934 941 ﬁnibus

343 988 647 1060 Tyriorum,
672 984 765 1039 ubi
785 991 841 1039 et
852 982 1106 1038 Salomon
1123 981 1344 1035 donavit
1355 980 1542 1051 viginti
1556 979 1803 1034 civitates
1819 977 1931 1048 regi

342 1080 526 1134 lliram
560 1073 727 1143 Tyrio
764 1074 819 1127 in
865 1079 1012 1128 sorte
1050 1071 1222 1126 tribus
1250 1069 1617 1141 Nephthalim.
1641 1067 1933 1142 (Manlius)

342 1169 527 1224 Altera
547 1164 769 1221 Galilaaa
810 1163 1011 1218 dicitur
1037 1162 1183 1217 circa
1214 1159 1572 1233 Tyberiadem
1602 1168 1658 1216 et
1682 1169 1935 1232 stagnum

341 1256 700 1320 Genesareth,
724 1254 777 1308 in
825 1252 967 1308 tribu
1010 1252 1273 1308 Zabulon.
1317 1251 1556 1323 Papulas
1598 1253 1688 1323 qui
1725 1251 1935 1307 sedebat

345 1350 397 1402 in
437 1345 661 1401 tenebris
694 1342 823 1399 vidit
862 1341 1033 1397 lucem
1076 1358 1353 1414 magnam,
1382 1350 1439 1397 et
1472 1342 1702 1413 reliqua.
1735 1341 1937 1398 Sancta

343 1451 477 1507 ergo
506 1433 772 1499 Ecclesia,
794 1447 916 1502 qua:
932 1430 1090 1500 juxta
1122 1445 1274 1486 mare
1310 1432 1595 1500 prasentis
1623 1431 1809 1487 saeculi
1842 1445 1938 1502 po-

344 1524 450 1582 sita
477 1532 580 1589 est,
612 1522 729 1592 ipsa
758 1529 909 1576 trans
936 1520 1245 1586 Jordanem,
1274 1519 1327 1574 id
1349 1528 1434 1575 est
1461 1536 1560 1591 per
1588 1521 1933 1590 baptismum,

347 1614 413 1668 de
436 1612 683 1683 pristinis
704 1610 984 1667 erroribus
1011 1610 1190 1666 ablata
1213 1610 1474 1681 spiritalis
1501 1609 1743 1676 Galihea,
1771 1611 1825 1666 id
1853 1619 1938 1666 est

349 1704 754 1775 transmigratio
807 1702 952 1758 facta
998 1711 1114 1769 est;
1146 1711 1201 1758 et
1245 1719 1365 1772 qua:
1413 1702 1565 1773 prius
1600 1704 1700 1758 sub
1749 1704 1935 1772 gentili

351 1794 455 1846 ritu
482 1793 536 1848 in
566 1794 755 1848 umbra
787 1794 1000 1859 mortis,
1035 1794 1088 1849 id
1113 1802 1199 1848 est
1233 1794 1287 1847 in
1318 1794 1500 1849 carnis
1541 1794 1671 1847 luxu
1708 1803 1763 1849 et
1790 1795 1937 1852 dele-

2033 613 2308 671 convenit.
2338 613 2475 681 Quia
2500 615 2554 668 hi
2577 613 2914 669 solummodo
2935 615 3000 669 ad
3027 630 3165 684 opus
3195 616 3486 685 magisterii
3522 618 3620 671 ha-

2033 702 2169 758 biles
2200 709 2348 769 sunt,
2374 704 2465 773 qui
2491 703 2767 772 sapientia:
2795 703 2996 758 lumine
3017 704 3371 770 illustrantur,
3403 716 3458 760 et
3486 708 3621 761 bene

2033 800 2321 864 operantes
2344 792 2613 848 mandatis
2639 794 2733 847 Dei
2758 794 3042 861 obediunt,
3073 794 3302 864 aliisque
3345 796 3488 866 quod
3516 798 3615 866 ipsi

2033 883 2253 939 sciendo
2304 892 2360 938 et
2414 886 2690 954 operando
2742 885 3094 951 custodiunt,
3131 886 3408 941 sciendum
3449 896 3503 941 et
3545 889 3623 940 fa-

2044 975 2289 1032 siendum
2330 975 2543 1032 fortiter
2597 984 2654 1031 et
2710 977 2941 1032 viriliter
2991 990 3302 1050 suggerunt.
3363 980 3625 1036 illittcntes

2035 1081 2169 1138 ergo
2220 1075 2326 1120 rete
2367 1069 2424 1121 in
2460 1083 2606 1121 mare
2646 1068 2715 1122 ad
2749 1067 3127 1139 discipulatum
3170 1084 3327 1124 suum
3368 1070 3628 1127 Dominus

2034 1165 2318 1213 convocat.
2342 1158 2480 1226 Quia
2508 1174 2650 1229 saepe
2681 1174 2775 1214 eos
2799 1175 2934 1229 quos
2959 1160 3193 1216 terrenis
3220 1161 3388 1217 lucris
3418 1162 3629 1216 inhiare

2036 1248 2363 1314 considerat,
2416 1244 2485 1304 ad
2536 1250 2774 1306 caelestis
2826 1251 2974 1321 regni
3017 1251 3341 1305 desiderium
3390 1267 3418 1305 a
3478 1251 3629 1321 cupi--

2036 1337 2202 1393 ditate
2234 1339 2610 1410 temporalium
2644 1348 2862 1396 revocat
2892 1349 2947 1395 et
2978 1356 3082 1395 non
3124 1340 3295 1395 solum
3331 1342 3477 1411 ipsos
3507 1342 3629 1397 inde

2038 1425 2288 1491 retrahit,
2319 1427 2413 1481 sed
2441 1428 2605 1482 etiam
2645 1444 2742 1498 per
2768 1428 2916 1499 ipsos
2944 1429 3149 1484 retibus
3177 1429 3451 1500 Evangelii
3488 1430 3626 1486 alios

2037 1512 2103 1567 de
2134 1512 2401 1583 profundo
2429 1515 2737 1586 iniquitatis
2763 1518 2943 1586 eripit.

2109 1607 2179 1661 Et
2214 1609 2287 1662 ait
2318 1609 2425 1664 illis
2453 1626 2475 1664 .'
2515 1608 2693 1666 Venite
2744 1623 2860 1682 post
2890 1629 2991 1677 me,
3038 1623 3091 1667 et
3130 1614 3325 1682 faciant
3372 1630 3458 1668 eos
3510 1613 3629 1683 fieri

2055 1700 2339 1768 piscatores
2385 1700 2677 1754 hominum.
2738 1702 2919 1773 (.lug.)
2962 1701 3061 1757 llic
3088 1719 3220 1772 ergo
3264 1704 3494 1772 qumstio
3521 1720 3627 1757 non

2038 1801 2205 1857 parva
2240 1789 2486 1842 oboritur
2515 1791 2787 1858 quomodo
2812 1789 3049 1847 Joannes
3073 1792 3219 1846 dicat
3245 1809 3351 1847 non
3395 1795 3453 1847 in
3476 1794 3627 1850 Gali-

347 1884 586 1938 ctaiione
617 1883 824 1953 peccati
849 1891 1172 1939 conversam
1199 1891 1303 1948 est,
1335 1881 1553 1939 Christo
1585 1884 1836 1940 veniente
1865 1884 1941 1938 ιιι.
1969 1875 2015 1934 Β
2043 1876 2162 1942 lrea,
2201 1877 2297 1932 sed
2335 1876 2490 1946 juxta
2519 1877 2835 1947 Jordanem,
2875 1881 2943 1936 ad
2993 1883 3361 1939 testimonium
3403 1883 3631 1940 Joannis

346 1988 470 2031 cem
502 1974 707 2045 recepit
735 1974 1034 2043 Evangelii.

420 2064 628 2119 Exinde
647 2066 796 2135 cepit
829 2063 987 2119 Jcsus
1014 2064 1326 2135 pradicare,
1375 2072 1422 2117 et
1446 2063 1618 2119 dicere
1636 2081 1655 2119 :
1678 2062 1942 2120 Paeniten-

345 2155 476 2208 tium
518 2156 676 2226 agite,
736 2155 1171 2228 appropinquavit
1222 2154 1361 2208 enim
1399 2170 1615 2225 regnum
1671 2154 1938 2209 caelorum.

347 2241 648 2315 (Hierom)
696 2243 832 2299 Cum
878 2252 1059 2299 autem
1126 2242 1375 2299 Salvator
1419 2245 1607 2300 eadem
1683 2246 1945 2315 praedicat

343 2349 469 2404 quae
496 2333 732 2391 Joannes
755 2336 998 2406 Baptista
1023 2342 1150 2390 ante
1179 2336 1409 2400 dixerat,
1449 2336 1684 2391 ostendit
1707 2351 1766 2391 se
1794 2338 1941 2407 ejus-

346 2429 473 2482 dem
513 2428 607 2482 Dei
632 2428 848 2494 Filium,
902 2427 1058 2497 cujus
1082 2428 1173 2483 ille
1194 2428 1457 2498 propheta
1489 2426 1611 2482 fuit.
1642 2427 1789 2484 Bene
1813 2442 1943 2501 ergo

343 2521 737 2591 paenitentibus
766 2536 864 2592 per
907 2520 1242 2576 Salvatorem
1269 2520 1470 2575 dicitur
1509 2521 1945 2591 appropinquare

344 2627 577 2682 regnum
606 2611 889 2678 caelorum,
906 2611 1031 2680 quia
1055 2626 1153 2680 per
1175 2612 1349 2681 ipsum
1364 2611 1432 2664 de
1459 2610 1582 2665 imis
1606 2610 1671 2664 ad
1685 2610 1793 2665 alta
1822 2611 1946 2665 sub—

343 2700 611 2757 levamur.
634 2701 1107 2771 Appropinquavit
1124 2701 1269 2755 enim
1302 2716 1428 2756 vere
1452 2711 1580 2755 tunc
1636 2701 1945 2770 ptenitenti-

339 2790 453 2844 bus
495 2803 731 2858 regnum.
756 2790 1041 2854 ctelorum,
1082 2805 1205 2844 cum
1242 2789 1491 2845 Salvator
1530 2799 1715 2845 noster
1763 2791 1817 2846 in
1845 2805 1945 2846 suo

340 2881 588 2935 adventu
615 2880 868 2935 omnibus
894 2884 1204 2949 quicunque
1259 2895 1355 2950 per
1416 2880 1795 2950 paenitentiam
1834 2880 1945 2949 pri-

342 2972 469 3026 scis.
486 2971 766 3025 erroribus
796 2971 1298 3037 renuntiantes,.ad.
1315 2969 1432 3039 ejus
1470 2972 1631 3027 ﬁdem
1659 2981 1714 3027 et
1741 2973 1945 3043 baptis-

346 3078 507 3118 mum
543 3061 920 3134 conliugerunt,
953 3064 1116 3117 vitam
1152 3063 1398 3133 promisit
1438 3071 1721 3119 aeternam.
1778 3063 1945 3131 Quot-

341 3163 473 3225 quot
504 3162 681 3207 autem
712 3162 1010 3223 receperunt
1040 3170 1181 3220 eum,
1207 3154 1351 3208 dedit
1372 3156 1446 3209 eis
1473 3165 1775 3226 potestatem
1800 3156 1939 3227 ﬁlios

2041 1966 2296 2036 Baptista:
2341 1968 2517 2037 primo
2552 1970 2824 2023 Andream
2876 1980 3123 2026 secutum
3160 1988 3278 2029 esse
3320 1975 3628 2042 Dominum,

2042 2072 2164 2111 curn
2192 2057 2299 2112 alio
2326 2059 2479 2129 cujus
2505 2074 2699 2114 nomen
2741 2069 2909 2126 tacet;
2950 2062 3143 2117 deinde
3187 2063 3402 2120 Petrum
3450 2065 3517 2120 ah
3542 2065 3632 2120 illo

2044 2161 2240 2201 nomen
2276 2147 2572 2217 accepisse,
2603 2148 2764 2203 tertio
2793 2148 3100 2220 Philippum
3129 2163 3377 2209 vocatum
3406 2170 3546 2221 esse,
3572 2167 3631 2210 ut

2044 2250 2166 2290 eum
2198 2246 2521 2307 sequeretur
2551 2278 2566 2303 ,
2607 2239 2789 2293 caeteri
2830 2249 3010 2295 autem
3040 2249 3150 2297 tres
3192 2243 3532 2314 evangelista)
3567 2247 3632 2297 e’c

2044 2330 2343 2400 piscatione
2370 2340 2593 2387 vocatos
2650 2331 2872 2397 dicunt;
2918 2335 3063 2404 quod
3103 2342 3281 2390 tamen
3332 2335 3404 2389 ita
3439 2336 3633 2391 intelli-

2044 2422 2277 2492 gendum
2314 2431 2417 2490 est,
2467 2437 2574 2477 non
2620 2423 2700 2478 sic
2747 2438 2841 2478 eos
2896 2424 3180 2479 Dominum
3235 2426 3434 2482 vidisse
3477 2425 3633 2495 ,Ῑεελιει

2044 2513 2355 2581 Jerdanem,
2396 2522 2457 2569 ut
2480 2515 2645 2569 etiam
2677 2515 3107 2585 inseparabiliter
3150 2517 3505 2583 cohaererent,
3539 2522 3632 2574 sed

2047 2613 2255 2659 tantum
2289 2605 2604 2677 cognovisse
2650 2620 2885 2677 eumque
2914 2607 3140 2663 miratos
3184 2608 3252 2663 ad
3298 2610 3515 2680 propria
3550 2627 3634 2665 re-

2047 2709 2164 2748 mea
2171 2709 2278 2749 $68.

2116 2784 2181 2837 At
2211 2783 2290 2839 illi
2327 2786 2619 2840 :continuo
2650 2786 2842 2841 relictis
2874 2787 3066 2843 retibus
3116 2790 3281 2844 secuti
3335 2802 3454 2845 sunt
3492 2810 3631 2847 enni.
3668 2816 3673 2819 «

2048 2874 2249 2948 (Greg.)
2283 2875 2536 2932 Fortasse
2567 2878 2691 2932 hinc
2720 2878 2915 2948 aliquis
2970 2880 3149 2936 tacitis
3196 2896 3379 2936 secum
3426 2884 3633 2955 cogita-

2046 2964 2283 3020 tionibus
2322 2966 2490 3022 dicit:
2532 2966 2614 3022 Ad
2642 2983 2829 3023 vocem
2875 2968 3210 3026 Dominicam
3264 2980 3490 3045 uterque
3530 2975 3633 3030 iste

2045 3058 2307 3128 piscator,
2338 3059 2468 3128 quid
2510 3067 2605 3114 aut
2630 3069 2893 3130 quantum
2918 3062 3146 3130 dimisit,
3189 3065 3289 3134 qui
3322 3081 3460 3138 pene
3499 3069 3635 3121 nihil

2050 3148 2284 3204 habuit?
2328 3148 2436 3205 Sed
2489 3151 2543 3204 in
2590 3153 2694 3206 hac
2748 3165 2807 3207 re
2858 3151 3110 3208 allectum
3160 3156 3339 3224 potius
3382 3172 3632 3226 pensare,

345 3218 445 3300 Dei
476 3244 597 3315 ﬁeri
659 3218 842 3317 (Joan.
872 3246 936 3316 ι).
980 3218 1391 3318 Appropinquat
1442 3218 1638 3315 etiam,
1691 3258 1745 3304 et
1780 3218 1947 3317 nunc,
1974 3218 2019 3282 (ἶ
2052 3257 2213 3313 quam
2240 3257 2464 3298 censum
2492 3251 2725 3314 oportet.
2756 3243 2980 3299 Multum
3010 3218 3230 3317 reliquit
3251 3249 3341 3319 qui
3369 3218 3471 3305 sibi
3501 3218 3635 3307 nihil

344 3340 477 3410 quia
507 3339 621 3409 ipse
644 3339 922 3410 discipulis
942 3342 1055 3397 suis
1066 3350 1188 3412 post
1200 3343 1655 3399 resurrectionem
1671 3359 1823 3399 suam
1837 3343 1949 3414 jus-

343 3431 421 3485 sit
441 3430 747 3501 praedicare
769 3431 826 3486 in
853 3433 1071 3488 nomine
1098 3431 1217 3502 ejus
1240 3433 1640 3503 ptenitentiam,
1666 3442 1723 3490 et
1756 3436 1947 3491 remis-

346 3523 567 3577 sionem
609 3530 960 3592 peccatorum
988 3524 1043 3578 in
1090 3538 1280 3580 omnes
1306 3533 1515 3595 gentes.
1564 3525 1632 3580 Et
1657 3542 1795 3591 ecce,
1846 3527 1942 3593 ait,

343 3630 441 3682 ego
466 3612 734 3667 vobiscum
772 3630 890 3667 sum
933 3613 989 3668 in
1017 3614 1255 3669 omnibus
1284 3615 1466 3670 diebus
1502 3632 1663 3687 usque
1714 3617 1785 3671 ad
1822 3634 1945 3673 con-

344 3706 757 3759 summationem
781 3705 962 3760 seculi
987 3705 1205 3777 (Matth.
1226 3706 1442 3777 xxvm).

416 3793 561 3868 [ιιι]
578 3795 866 3850 Ambulans
883 3806 1056 3850 autem
1073 3796 1233 3866 juxta
1256 3813 1400 3850 mare
1413 3794 1649 3853 Galiltete
1673 3798 1797 3852 uidit
1811 3799 1943 3853 duos

344 3889 549 3956 fratres
572 3888 839 3943 Simonem
859 3888 951 3959 qui
984 3897 1202 3942 uocatur
1232 3887 1446 3954 Petrus,
1470 3897 1519 3943 et
1548 3888 1813 3942 Andream
1831 3888 1945 3957 fra-

341 3991 478 4033 trem
512 3979 649 4048 ejus,
676 3979 936 4033 mittentes
964 3987 1070 4032 rete
1095 3978 1153 4031 in
1176 3994 1344 4044 mare,
1369 3986 1519 4032 erant
1547 3978 1685 4032 enim
1717 3979 1945 4049 piscato-

344 4084 450 4123 res.
480 4066 634 4123 Mare
676 4064 914 4123 Galilaae
951 4064 1093 4121 idem
1121 4073 1208 4121 est
1241 4066 1390 4136 quod
1424 4074 1674 4138 stagnum
1700 4066 1941 4122 Genesa-

348 4159 500 4225 retb,
553 4157 646 4213 sed
671 4157 792 4212 ideo
818 4170 967 4211 mare
992 4154 1239 4212 Galilaaae
1263 4155 1483 4221 dicitur,
1510 4156 1635 4225 quia
1660 4154 1818 4225 juxta
1836 4155 1943 4213 Ga-

346 4248 550 4317 lilmam
578 4246 768 4302 tendit.
811 4245 1050 4301 Diversis
1088 4245 1235 4300 enim
1273 4245 1583 4301 nominibus
1617 4246 1721 4302 hoc
1767 4246 1940 4317 ipsum

345 4354 530 4405 mare,
556 4344 782 4409 propter
812 4335 1172 4405 adjacentiatn
1200 4335 1440 4391 locorum
1453 4335 1783 4406 appellatur;
1816 4352 1942 4391 nam

348 4444 506 4483 mare
531 4426 974 4491 GalilzemJacus
1010 4423 1370 4491 Gcnesareth,
1400 4434 1652 4497 stagnum
1702 4426 1941 4482 Genesa-

349 4520 513 4586 reth,
548 4535 701 4574 mare
736 4518 1086 4590 Tyheriadis,
1115 4527 1171 4575 et
1196 4518 1346 4575 lacus
1375 4518 1681 4574 Salinarum
1718 4520 1938 4577 dicitur.

348 4607 646 4663 Anwulans
675 4624 808 4680 ergo
851 4607 1109 4663 Dominus
1127 4609 1291 4679 juxta
1334 4624 1480 4663 mare
1505 4605 1763 4675 Galilwce,
1814 4610 1940 4664 vidit

346 4700 487 4753 duos
522 4699 733 4769 fratres,
768 4697 821 4752 id
859 4706 962 4764 est,
997 4697 1263 4754 Simonem
1290 4700 1379 4769 qui
1407 4707 1623 4752 vocatur
1648 4696 1862 4763 Petrus,
1893 4708 1941 4753 et

348 4782 622 4844 Andream
645 4790 868 4860 fratrem
908 4791 1044 4862 ejus.
1093 4790 1231 4858 Quia
1279 4792 1591 4848 incarnatus
1636 4792 1945 4862 unigenitus

351 4880 447 4935 Dei
500 4880 706 4946 Filius,
757 4897 881 4938 cum
925 4890 1124 4937 nostra:
1175 4883 1518 4939 mortalitatis
1579 4882 1943 4939 conditionem

348 4971 597 5040 suscepit
644 4972 697 5025 in
731 4974 869 5027 mari
916 4973 1071 5029 istius
1116 4975 1301 5028 mundi
1342 4975 1637 5044 piscatores
1674 4975 1945 5043 spiritales

350 5062 489 5115 vidit
521 5062 800 5117 divinitus.
819 5063 955 5130 Quia
984 5079 1123 5134 quos
1154 5072 1280 5119 ante
1310 5065 1749 5120 constitutionem
1779 5081 1938 5120 mun-

350 5153 403 5206 tli
434 5152 505 5205 ad
528 5168 664 5222 opus
685 5153 1084 5223 praedicationis
1122 5163 1276 5225 aptos
1300 5156 1565 5225 praevidit,
1596 5156 1695 5211 hos
1713 5156 1767 5210 in
1811 5166 1944 5211 tea:-

352 5260 487 5313 pore
524 5244 910 5299 incarnationis
960 5261 1075 5302 suae
1116 5247 1378 5312 vocando,
1427 5248 1549 5303 aliis
1587 5248 1716 5318 quid
1758 5257 1945 5305 essent

351 5336 616 5391 ostendit.
656 5336 803 5392 Duos
854 5354 1088 5408 namque
1120 5339 1319 5394 fratres
1348 5341 1499 5406 vidit,
1523 5341 1650 5410 quia
1680 5342 1943 5397 unitatem

354 5425 619 5481 fraterna:
673 5427 979 5484 dilectionis
1034 5431 1304 5500 probavit,
1358 5432 1760 5504 ostendensque
1813 5436 1981 5505 quia.

351 5517 669 5587 quicunque
696 5518 1001 5574 fraternum
1041 5536 1282 5576 amorem
1309 5536 1415 5575 non
1440 5522 1752 5591 observant,
1780 5541 1811 5580 a
1832 5528 1945 5598 spi-

352 5605 597 5660 ritalium
626 5608 909 5664 doctorum
945 5610 1134 5665 ordine
1162 5624 1222 5665 se
1244 5620 1621 5681 sequestram;
1662 5614 1941 5672 Situmtem

346 5696 444 5763 qui
481 5705 706 5750 voratur
736 5697 952 5764 Petrus,
979 5709 1031 5752 et
1068 5697 1341 5754 Andream
1379 5698 1601 5757 fratrem
1637 5702 1794 5774 ejus;
1835 5703 1924 5761 Si-

348 5801 480 5840 mon
513 5786 658 5841 enim
687 5789 1077 5862 interpretatur
1097 5791 1361 5861 obediens,
1386 5792 1580 5851 Petrus
1609 5812 1919 5868 agnoscens,

2055 3330 2305 3396 retinuit;
2333 3331 2563 3386 multum
2590 3332 2810 3403 reliquit
2835 3333 2925 3403 qui
2958 3337 3257 3404 quamlibet
3298 3354 3524 3408 parvum
3556 3350 3636 3397 to-

2053 3433 2163 3480 tum
2192 3428 2449 3484 deseruit.
2476 3427 2635 3485 Certe
2665 3447 2764 3487 nos
2789 3441 2843 3488 et
2869 3431 3206 3492 habitacum
3232 3452 3415 3495 amore
3454 3445 3628 3511 possi-

2047 3516 2254 3587 demus,
2302 3528 2358 3577 et
2398 3536 2461 3576 ea
2508 3537 2628 3593 qum
2676 3526 2898 3581 minime
2941 3527 3205 3585 habemus
3256 3546 3323 3586 ex
3371 3534 3637 3590 desiderio

2046 3613 2359 3682 quaerimus.
2400 3612 2624 3668 Multum
2650 3630 2778 3687 ergo
2809 3616 3003 3672 Petrus
3029 3628 3085 3673 et
3120 3618 3367 3676 Andreas
3409 3624 3632 3690 dimisit,

2045 3702 2261 3771 quando
2311 3709 2538 3771 uterque
2578 3703 2741 3757 etiam
2790 3704 3117 3759 desiderium
3169 3707 3398 3762 habendi
3440 3711 3634 3766 dereli-

2044 3793 2200 3860 quit;
2246 3790 2474 3846 multum
2509 3792 2714 3846 dimisit
2775 3793 2867 3863 qui
2912 3808 3033 3848 cum
3089 3810 3147 3850 re
3190 3812 3436 3866 possessa
3467 3801 3630 3856 etiam

2046 3878 2517 3948 coneupiscentias
2540 3877 2856 3934 refrenavit.
2892 3881 2936 3935 A
2957 3883 3308 3953 sequentibus
3330 3900 3457 3955 ergo
3484 3896 3632 3943 tanta

2044 3969 2264 4025 dimissa
2289 3976 2443 4037 sunt,
2473 3978 2677 4040 quanta
2723 3989 2754 4027 a
2800 3988 2907 4028 non
2935 3975 3285 4045 sequentibus
3326 3980 3632 4049 concupisci

2042 4067 2354 4129 potuerunt.

2116 4153 2186 4207 Et
2203 4154 2486 4225 procedens
2514 4155 2636 4209 inde
2665 4156 2792 4210 vidit
2816 4155 2950 4211 alios
2990 4158 3122 4213 duos
3148 4160 3340 4229 fratres
3372 4160 3631 4217 Jaco'bmn

2043 4241 2304 4309 Zebedtei,
2338 4253 2385 4298 et
2412 4243 2674 4299 Joannem
2701 4245 2922 4315 fratrem
2976 4248 3111 4318 ejus,
3144 4249 3197 4303 in
3232 4252 3353 4305 nari
3382 4268 3497 4304 cum
3528 4252 3632 4308 Ze-

2044 4335 2220 4390 bedteo
2261 4344 2410 4404 patre
2429 4350 2632 4400 eorum,
2680 4335 2970 4403 reﬁcientes
3018 4340 3149 4393 retia
3175 4357 3297 4406 sua,
3337 4352 3384 4396 et
3436 4347 3631 4398 vocarit

2043 4442 2150 4479 eos.
2204 4422 2387 4497 (Aug.)
2416 4422 2596 4491 Quaeri
2644 4434 2824 4479 autem
2862 4435 3038 4496 potest
3062 4430 3331 4497 quomodo
3359 4431 3515 4486 binos
3543 4450 3633 4487 vo-

2045 4515 2252 4571 caverit
2297 4515 2364 4570 dc
2405 4514 2667 4570 naviculis
2719 4516 3036 4586 piscatores,
3087 4520 3263 4589 primo
3313 4520 3531 4578 Petrum
3577 4536 3633 4580 et

2046 4604 2341 4670 Andream,
2399 4605 2593 4660 deinde
2641 4621 2961 4678 progressus
3010 4609 3284 4679 paululum
3316 4611 3451 4669 alios
3494 4616 3629 4672 duos

2050 4695 2190 4751 ﬁlios
2210 4695 2477 4762 ZCDCdtBl,
2502 4696 2646 4752 sicut
2690 4706 2918 4752 narrant
2966 4698 3249 4756 Matthzeus
3295 4709 3350 4757 et
3394 4702 3634 4769 Marcus,

2050 4803 2173 4842 cum
2211 4786 2387 4843 Lucas
2413 4787 2561 4842 dicat
2608 4788 3007 4844 amha3eorum
3060 4790 3337 4847 naviculas
3383 4794 3633 4864 impletas

2051 4893 2244 4949 magna
2273 4877 2363 4931 illa
2397 4887 2619 4948 captura
2649 4878 2899 4950 piscium,
2921 4880 3202 4952 sociosque
3222 4881 3370 4938 Petri
3398 4876 3633 4939 connne-

2053 4979 2226 5025 moret
2244 4966 2506 5035 Jaeohum
2521 4968 2848 5024 etJoannem
2869 4968 3006 5025 ﬁlios
3031 4970 3275 5027 Zebedmi
3300 4983 3521 5026 vocatos
3562 4976 3627 5027 ad

2050 5064 2434 5134 adjuvandum,
2462 5081 2585 5120 cum
2608 5065 2743 5120 retia
2773 5065 2929 5135 plena
2959 5066 3247 5121 extrahere
3261 5082 3365 5119 non
3382 5078 3623 5135 possent,

2049 5158 2318 5228 simulque
2338 5157 2563 5211 miratos
2588 5165 2793 5210 tantam
2817 5156 3212 5211 multitudinem
3235 5156 3487 5225 piscium,
3511 5172 3631 5226 qua:

2048 5257 2203 5319 capta
2227 5255 2365 5313 erat,
2386 5256 2575 5302 etcum
2600 5245 2761 5303 Petro
2778 5255 2984 5301 tantum
3005 5245 3208 5300 dixisse
3233 5262 3246 5298 :
3279 5244 3407 5300 Noli
3427 5249 3627 5313 timere,

2046 5358 2113 5396 ex
2143 5340 2384 5411 ltoqjam
2412 5340 2647 5395 homines
2692 5340 2794 5394 eris
2840 5339 3068 5410 capiens,
3105 5336 3265 5392 siznul
3310 5354 3403 5393 eos
3450 5348 3626 5394 latum

2051 5430 2329 5486 subductis
2370 5420 2437 5484 ad
2475 5440 2677 5484 terram
2709 5428 2936 5482 navibus
2988 5434 3203 5481 secutos
3251 5427 3436 5481 fuisse.
3475 5429 3626 5483 l'nie

2064 5520 2477 5592 intelligendum
2504 5528 2589 5577 est
2618 5520 2721 5574 hoc
2745 5517 2924 5590 primo
2943 5532 3066 5573 esse
3100 5517 3324 5584 factum,
3352 5523 3495 5591 quod
3524 5519 3625 5578 Lu-

2068 5628 2158 5668 cas
2179 5612 2440 5679 insinuat,
2472 5627 2573 5667 nec
2601 5622 2729 5666 tunc
2759 5624 2854 5664 eos
2875 5623 2907 5663 a
2927 5608 3157 5664 Domino
3183 5608 3353 5665 fuisse
3380 5622 3622 5682 vocatus,

2063 5702 2155 5758 sed
2184 5700 2391 5760 tantum
2432 5703 2592 5759 Petro
2616 5699 2786 5756 fuisse
2814 5698 3136 5771 praedictum
3187 5701 3332 5773 quod
3368 5702 3624 5760 homines

2061 5805 2206 5856 esset
2226 5804 2486 5869 capturus
2512 5810 2527 5850 :
2553 5792 2701 5865 quod
2727 5808 2838 5852 non
2872 5792 2949 5853 ita
2978 5793 3187 5853 dictum
3207 5804 3312 5866 est,
3335 5800 3487 5869 quasi
3511 5799 3623 5869 jam
