3978 6190
352 422 448 479 7M

1005 417 1065 472 Β.
1105 413 1363 473 RABANI
1402 413 1623 473 MAURI
1657 411 1980 470 ARClllEP.
2025 407 2335 466 MOGUNT.
2378 404 2665 464 OPERUM
2696 403 2880 461 PARS
2917 405 2959 461 Ι.

3531 406 3637 464 792

350 537 527 606 pisces
551 545 823 602 nunquam
851 538 994 585 esset
1025 538 1316 601 capturus;
1342 544 1468 584 nam
1517 536 1570 583 ct
1607 533 1729 598 post
1749 539 1938 580 resur-
1967 524 2017 583 Α
2043 533 2256 591 quoque
2278 516 2450 573 virilis
2472 557 2489 583 ,
2534 531 2656 571 cum
2690 528 2789 586 per
2819 519 3231 583 temperantiam
3259 514 3490 572 sustinet
3527 525 3645 573 ten-

352 625 648 682 rectiouem
674 621 885 677 Domini
911 620 1138 692 legimus
1169 635 1264 675 eos
1283 620 1540 689 piscatos.
1569 618 1787 673 Dictum
1814 630 1946 685 ergo

350 727 437 773 est
481 713 628 787 quod
655 713 909 783 deinceps
935 721 1198 783 capturus
1223 721 1367 768 esset
1413 711 1682 776 homines,
1712 725 1821 764 non
1866 709 1947 764 di-

351 820 501 866 ctum
528 818 611 866 est
647 807 790 880 quod
812 808 926 880 jam
967 822 1077 862 non
1120 814 1266 862 esset
1292 814 1550 876 capturus
1571 804 1769 874 pisces.
1792 801 1949 858 Unde

352 903 511 957 datur
541 899 693 955 locus
736 896 1039 969 intelligere
1068 912 1163 952 eos
1188 897 1255 951 ad
1298 903 1579 966 capturam
1606 894 1835 965 piscium
1878 906 1945 947 ex

355 1006 505 1047 more
532 1004 825 1053 remeasse,
856 997 915 1044 ut
944 996 1131 1059 postea
1179 986 1333 1042 ﬁeret
1378 986 1523 1056 quod
1561 984 1850 1040 Matthmus
1892 991 1948 1037 et

355 1081 573 1138 Marcus
601 1089 850 1147 narrant,
908 1078 1126 1150 quando
1155 1094 1250 1135 eos
1291 1079 1447 1133 binos
1474 1077 1717 1141 vocavit,
1739 1084 1795 1130 et
1834 1076 1949 1146 ipse

349 1173 515 1244 jussit
559 1180 619 1227 ut
665 1187 788 1227 eum
818 1181 1207 1242 sequerentur;
1256 1170 1433 1239 primo
1464 1168 1673 1224 duobus
1709 1166 1872 1222 Petro
1897 1175 1945 1222 ct

354 1265 604 1330 Andrem,
655 1265 850 1320 deinde
905 1265 1027 1321 aliis
1081 1264 1325 1320 Zebedzei
1370 1263 1578 1319 duobus
1624 1261 1764 1317 ﬁliis.
1798 1261 1951 1317 Tunc

354 1356 500 1409 enim
528 1372 635 1409 non
660 1355 943 1411 subductis
965 1357 1030 1410 ad
1057 1364 1257 1410 terram
1287 1354 1517 1410 navibus
1548 1360 1806 1423 tanquam
1857 1367 1951 1406 cu-

356 1464 416 1503 ra
452 1448 733 1514 redeundi,
765 1448 859 1503 sed
885 1448 959 1502 ita
986 1463 1114 1503 eum
1162 1446 1332 1502 secuti
1364 1454 1512 1511 sunt,
1562 1453 1821 1514 tanquam
1853 1459 1940 1499 vo-

360 1548 577 1594 cantem
618 1554 684 1594 ae
720 1538 1002 1609 jubentem
1030 1547 1090 1594 ut
1136 1546 1514 1609 sequerentur.
1548 1537 1639 1592 lsti
1670 1536 1832 1607 primi
1858 1550 1952 1590 vo-

359 1630 466 1684 cati
519 1638 671 1696 sunt,
704 1638 764 1685 ut
811 1630 1102 1684 Dominum
1130 1636 1509 1699 sequerentur.
1564 1627 1873 1683 Piscatores
1899 1633 1955 1681 et

361 1721 625 1779 illitterati
665 1722 956 1777 mittuntur
996 1723 1062 1777 ad
1088 1722 1513 1792 praedicandum,
1562 1736 1631 1776 nc
1677 1719 1810 1775 ﬁdes
1837 1732 1954 1776 cre-

2050 611 2303 676 lationes,
2359 616 2415 670 et
2453 616 2640 663 contra
2697 608 2956 676 impetum
3008 605 3293 661 libidinum
3349 623 3455 663 non
3485 624 3646 665 ener-

2049 702 2186 755 viter
2235 700 2495 770 persistit.
2546 698 2699 753 Tunc
2751 711 2883 768 ergo
2936 696 3313 767 supplantator
3364 715 3472 754 non
3521 700 3647 756 ﬁcte

2048 799 2290 853 vocatur,
2333 806 2455 846 cum
2485 803 2582 859 per
2618 786 2990 843 fortitudinem
3020 787 3190 842 vincit
3224 787 3376 854 vitia,
3408 797 3466 844 et
3489 799 3650 846 scuto

2050 884 2174 939 ﬁdei
2224 884 2381 954 ignea
2432 881 2537 936 tela
2599 881 2919 951 nequissimi
2969 887 3144 934 certat
3166 883 3539 953 exstinguere,
3591 891 3649 936 et

2051 984 2179 1030 tunc
2212 972 2599 1029 convenienter
2625 972 2798 1043 gratia
2847 971 2944 1027 Dei
2975 971 3247 1026 nominari
3296 980 3496 1042 potest,
3523 987 3650 1027 cum

2049 1077 2146 1134 per
2181 1062 2449 1132 justitiam
2489 1061 2757 1117 creatoris
2788 1061 2872 1115 sui
2926 1060 3234 1130 impleverit
3273 1061 3553 1126 mandata,
3592 1071 3650 1118 et

2049 1166 2229 1211 tamen
2284 1156 2400 1211 haec
2460 1155 2692 1226 implens
2764 1154 2896 1209 nihil
2954 1155 3058 1209 sibi
3125 1155 3394 1218 tribuerit,
3462 1156 3652 1211 dicens

2050 1264 2173 1303 cum
2217 1246 2503 1317 Apostolo:
2550 1243 2675 1301 Non
2722 1255 2898 1301 autem
2929 1246 3192 1309 laboravi,
3233 1246 3325 1300 scd
3350 1246 3527 1315 gratia
3552 1245 3653 1301 Dei

2052 1355 2275 1394 mecum.

2128 1430 2194 1485 Et
2237 1430 2494 1486 circuibat
2522 1429 2682 1486 Iesus
2713 1439 2880 1485 totam
2930 1428 3209 1486 Galilaeam
3249 1430 3443 1486 docens
3466 1434 3523 1485 in
3551 1430 3655 1501 Sy-

2053 1524 2269 1594 nagogis
2296 1537 2501 1586 eorum,
2524 1531 2572 1576 et
2600 1521 2896 1591 prazdicans
2924 1519 3269 1591 Evangelia»:
3300 1521 3467 1592 regni,
3497 1529 3547 1575 et
3564 1538 3654 1575 sa-

2056 1632 2189 1669 nans
2230 1630 2433 1669 onmem
2479 1629 2811 1684 .anguorem,
2866 1621 2913 1667 et
2946 1612 3307 1682 inﬁrmitatem
3334 1614 3391 1667 in
3435 1613 3651 1684 populo.

2058 1703 2197 1778 [lV.]
2232 1702 2344 1760 Suo
2365 1705 2533 1775 igitur
2560 1702 2809 1773 exemplo
2840 1702 3091 1758 Salvator
3134 1702 3391 1759 doctores
3419 1718 3552 1759 suos
3573 1705 3656 1758 in-

365 1813 608 1869 dentium
636 1828 741 1868 non
783 1813 839 1868 in
887 1813 1088 1866 virtute
1132 1811 1254 1877 Dei,
1296 1810 1390 1865 sed
1438 1810 1744 1879 eloquentia
1788 1816 1953 1880 atque
1990 1879 2012 1880 ﬁ
2057 1799 2230 1855 εῑῐῑιιὶι
2257 1813 2417 1869 quam
2453 1796 2691 1863 εοιῐὶοἱιὶ,
2730 1804 2785 1851 ει
2807 1811 2972 1866 quam
2996 1794 3246 1863 sltldinsi,
3277 1804 3336 1851 et
3363 1811 3534 1867 quam
3558 1797 3653 1853 be-

367 1905 612 1961 doctrina
643 1904 926 1959 hominum
958 1909 1258 1972 putaretur.

444 1996 532 2050 Illi
547 2004 720 2050 autem
741 1994 921 2048 statim
945 1992 1138 2046 relictis
1168 1992 1380 2057 retibus,
1400 1999 1446 2045 et
1467 2000 1638 2060 patre,
1662 1990 1828 2045 secuti
1839 1998 1960 2043 sunt

365 2102 506 2141 eum.
537 2081 834 2156 (MAURUS.)
868 2083 1070 2138 Rerum
1097 2082 1213 2138 haec
1243 2082 1481 2153 perfecta
1518 2079 1761 2136 dimissio
1786 2077 1963 2149 perle-

368 2190 509 2236 ctam
549 2178 819 2251 signiﬁcat
847 2178 1280 2243 conversionem,
1315 2193 1381 2232 ac
1404 2192 1501 2248 per
1525 2175 1630 2232 hoc
1662 2173 1962 2246 perfectura

369 2286 561 2326 eorum
612 2269 991 2340 discipulatum
1032 2270 1247 2340 probat.
1280 2267 1414 2323 Nam
1464 2269 1579 2338 ipsa
1611 2266 1828 2323 Veritas
1849 2267 1962 2323 ait:

369 2364 475 2431 Qui
490 2381 592 2419 non
614 2364 987 2419 renuntiaverit
1008 2363 1247 2418 omnibus
1261 2379 1379 2434 quae
1400 2363 1651 2433 possidet,
1667 2379 1772 2417 non
1800 2370 1965 2433 potest

368 2473 514 2512 meus
552 2472 664 2511 esse
688 2455 977 2527 discipulus
1012 2452 1166 2528 (Luc.
1203 2454 1350 2526 xw);
1383 2462 1439 2509 et
1464 2455 1592 2510 item
1624 2473 1636 2508 :
1669 2453 1775 2520 Qui
1800 2462 1965 2518 amat,

370 2546 785 2617 inquit,patrem
810 2562 987 2611 suum,
1010 2554 1101 2600 aut
1138 2555 1356 2600 matrem
1377 2561 1529 2599 suam
1557 2543 1834 2615 plusquam
1865 2560 1966 2608 me,

375 2646 566 2694 nonest
584 2653 664 2692 me
684 2636 873 2707 dignus
889 2635 1102 2709 (Matth.
1125 2634 1203 2708 Χ).
1225 2634 1523 2707 Allegorice
1535 2643 1715 2690 autem
1737 2634 1823 2690 isti
1838 2649 1971 2705 qua-

374 2739 497 2785 tuor
514 2726 761 2797 discipuli
787 2740 853 2781 ex
867 2725 1133 2797 corporali
1159 2726 1226 2781 ad
1249 2724 1544 2795 spiritalem
1567 2724 1923 2796 piscationem
1939 2738 1970 2777 a

374 2818 603 2875 Domino
614 2817 815 2883 vocati,
832 2816 1139 2888 signiﬁcant
1152 2815 1287 2872 duos
1301 2815 1601 2888 populosex
1614 2814 1974 2880 sollicitudine

374 2919 431 2967 et
463 2925 652 2966 amore
686 2906 846 2978 hujus
894 2907 1077 2964 seculi
1106 2909 1174 2962 ad
1205 2908 1443 2963 studium
1469 2906 1736 2977 spiritale,
1760 2905 1827 2960 ad
1857 2921 1972 2961 ser-

375 3003 566 3060 vitium
616 3009 864 3059 sanctum
901 3017 1001 3073 per
1025 3001 1253 3073 gratiam
1295 2999 1388 3056 Dei
1437 3007 1679 3055 vocatos.
1708 2997 1846 3053 Nam
1871 2996 1974 3052 Pe-

378 3107 495 3153 trus
520 3104 573 3149 et
602 3091 838 3150 Iacobus
878 3092 1189 3165 significant
1212 3090 1427 3146 Jmlzeos
1452 3090 1640 3145 ﬁdeles
1677 3102 1975 3161 agnoscen-

380 3199 462 3246 tes
487 3187 794 3254 Dominum,
829 3186 1236 3258 supplantantes
1273 3183 1427 3239 vitia.
1476 3180 1722 3237 Andreas
1761 3194 1892 3235 vero
1917 3186 1974 3234 et

378 3286 615 3343 Joannes
663 3284 970 3356 signiﬁcant
998 3290 1188 3353 gentes
1238 3279 1469 3335 viriliter
1510 3276 1796 3333 credentes
1819 3273 1974 3331 Chri-

378 3387 546 3443 stum,
586 3384 643 3433 et
679 3375 852 3448 gratia
896 3373 990 3430 Dei
1041 3372 1299 3429 salvatus.
1346 3369 1475 3426 Duas
1522 3381 1756 3437 namque
1804 3379 1972 3421 naves

379 3469 514 3523 duas
557 3466 831 3522 Ecclesias
857 3463 1107 3535 ﬁgurant,
1160 3476 1280 3517 eam
1320 3458 1569 3515 videlicet
1594 3471 1715 3529 qua:
1755 3472 1822 3512 es
1852 3456 1963 3511 cir-

383 3563 740 3627 cumcisione,
768 3567 825 3615 et
883 3575 1000 3615 eam
1044 3573 1165 3629 quae
1215 3571 1281 3612 ex
1328 3553 1593 3626 prmputio
1632 3561 1823 3607 vocata
1867 3556 1973 3605 est.

379 3656 511 3709 item
541 3654 677 3709 retia
734 3648 1173 3723 praedicationem
1216 3644 1520 3716 Evangelii,
1574 3657 1725 3698 mare
1760 3654 1975 3711 quoque

386 3745 672 3809 mundum,
699 3743 875 3815 pisces
914 3739 1165 3797 homines
1209 3735 1411 3793 carnali
1440 3733 1718 3806 sapientia:
1742 3732 1972 3798 deditos,

384 3842 441 3889 et
466 3833 837 3905 voluptatibus
861 3832 985 3886 vita:
1023 3827 1183 3898 inuitis
1217 3826 1547 3893 submersos,
1576 3829 1767 3895 portus
1813 3821 1974 3876 ﬁnem

384 3925 670 3997 praesentis
703 3919 826 3978 vita:
851 3920 1176 3993 signiﬁcant.
1236 3916 1331 3973 lsti
1381 3916 1525 3971 enim
1572 3911 1845 3986 spiritales
1894 3911 1979 3982 pi-

384 4026 650 4081 scatores,
679 4016 769 4086 qui
798 4015 948 4087 prius
984 4021 1201 4068 terreno
1225 4007 1401 4066 ollieio
1421 4015 1477 4062 et
1501 4005 1811 4063 carnalibus
1833 4003 1980 4060 curis

386 4118 595 4165 tantum
635 4106 826 4163 intenti
874 4113 1057 4171 erant,
1099 4102 1260 4159 modo
1289 4096 1704 4156 conversatione
1732 4094 1980 4152 saeculari

387 4215 508 4254 cum
532 4212 718 4253 amore
767 4195 1067 4251 labentium
1108 4206 1290 4247 rerum
1326 4187 1611 4253 derelicta,
1661 4184 1805 4256 quod
1842 4184 1982 4240 bene

388 4290 683 4346 Zebedaeus
733 4286 1021 4358 signiﬁcat,
1054 4284 1441 4353 interpretatur
1469 4279 1612 4334 enim
1644 4277 1812 4347 ﬂuens
1859 4275 1978 4341 iste,

385 4391 443 4437 et
461 4380 700 4437 cmlestis
741 4379 868 4434 vitm
898 4375 1166 4434 desiderio
1206 4372 1445 4438 accensi,
1499 4369 1739 4440 quotidie
1783 4380 1982 4438 sagena

387 4471 604 4527 Domini
653 4471 833 4542 pisces
881 4468 1084 4525 electos
1123 4464 1365 4537 capiunt,
1399 4471 1563 4532 atque
1596 4460 1666 4515 de
1717 4458 1983 4530 profundo

387 4572 733 4632 peccatorum
756 4560 986 4631 gurgite,
1017 4565 1075 4614 et
1101 4570 1347 4612 errorum
1388 4551 1610 4608 latebris
1630 4564 1775 4619 quos
1799 4557 1977 4604 retra-

388 4657 530 4710 hunt
555 4653 623 4708 ad
651 4652 827 4707 lucem
870 4651 992 4706 ﬁdei
1025 4657 1081 4705 et
1104 4646 1345 4704 scientia:
1371 4641 1633 4715 spiritalis
1660 4639 1981 4713 perducunt,

391 4746 580 4817 sicque
616 4744 668 4799 in
695 4743 886 4798 matris
924 4740 1178 4795 Ecclesia:
1206 4739 1384 4794 sinum
1413 4733 1679 4791 collocare
1709 4739 1983 4804 satagunt.

392 4835 668 4892 Moralitcr
687 4843 867 4889 autem
892 4832 1005 4887 lucc
1027 4838 1263 4900 quatuor
1287 4827 1503 4883 nomina
1531 4826 1585 4881 in
1611 4841 1670 4882 se
1693 4825 1985 4895 unusquis-

391 4943 500 4994 que
531 4924 704 4982 ﬁdelis
724 4924 927 4981 habere
971 4927 1170 4992 potest,
1219 4918 1263 4975 si
1289 4918 1375 4975 his
1414 4918 1575 4990 digne
1601 4923 1981 4982 conversatur,

394 5025 456 5072 ut
519 5015 707 5073 Simon
760 5013 834 5071 sit
892 5010 1210 5074 obediendo,
1237 5008 1433 5066 Petrus
1490 5017 1774 5080 peccatum
1821 5020 1977 5061 suum

395 5105 761 5181 agnoscendo,
807 5103 1052 5162 Andreas
1090 5100 1321 5155 viriliter
1344 5099 1554 5154 labores
1577 5098 1850 5169 patiendo,
1898 5094 1987 5151 Ja-

384 5203 566 5258 cobus
594 5200 724 5256 vitia
758 5193 1175 5269 supplantando,
1198 5201 1253 5248 et
1277 5190 1514 5247 Joannes
1545 5189 1775 5262 gratiam
1803 5186 1986 5243 Domi.

396 5296 453 5351 ni
503 5288 785 5358 merendo,
835 5291 1164 5346 nominetur.
1198 5286 1265 5342 Et
1298 5284 1535 5341 maxime
1569 5292 1697 5338 tunc
1723 5297 1788 5337 ea
1831 5296 1987 5337 vera-

397 5386 536 5442 citer
562 5382 822 5456 possidet,
850 5382 895 5437 si
926 5381 980 5437 in
1005 5387 1239 5451 quatuor
1264 5374 1555 5430 virtutibus
1584 5373 1673 5427 illa
1701 5371 1986 5427 ostendere

398 5474 687 5530 studuerit.
726 5471 881 5527 Tunc
928 5471 1046 5526 sine
1100 5467 1262 5522 dubio
1313 5477 1686 5534 unusquisque
1728 5460 1988 5518 obediens

401 5572 503 5628 est,
535 5576 659 5619 cum
690 5577 788 5632 per
817 5557 1155 5631 prudentiam
1188 5553 1434 5627 agnoscit
1487 5558 1730 5621 peccata,
1759 5558 1814 5606 et
1836 5550 1980 5621 peri‘

403 5653 584 5707 culum
614 5653 717 5709 sibi
775 5651 1059 5706 imminere
1101 5647 1360 5718 praevidet
1416 5653 1635 5717 propter
1660 5642 1771 5709 illa,
1802 5652 1863 5697 ut
1887 5658 1988 5713 per

408 5742 779 5796 mandatorum
825 5741 923 5796 Dei
972 5738 1335 5796 obedientiam
1375 5734 1619 5791 omnium
1665 5730 1983 5788 delictorum

411 5828 584 5886 deleat
629 5845 847 5897 noxam,
883 5841 937 5884 et
976 5844 1259 5899 poenarum
1295 5817 1793 5894 cvadatinjuriam.
1831 5823 1983 5877 Tune

1986 1879 2033 1938 Β
2060 1891 2209 1963 nigni
2238 1906 2358 1947 esse
2381 1891 2641 1947 deberent
2680 1930 2695 1956 ,
2721 1889 2811 1959 qui
2842 1888 2963 1944 aliis
2984 1888 3208 1944 verbum
3236 1889 3363 1945 vitae
3382 1890 3656 1946 ministra-

2061 1991 2202 2037 rent.
2234 1981 2511 2038 Circuibat
2539 1993 2753 2052 quoque
2774 1977 2933 2035 Iesus
2961 1986 3129 2034 totam
3168 1978 3447 2036 Galilaeam
3477 1988 3538 2036 ut
3558 1982 3655 2037 imo

2060 2072 2272 2144 pigrum
2327 2071 2545 2127 doceret
2581 2085 2701 2126 esse
2745 2069 3020 2125 doctorem
3061 2077 3115 2125 et
3139 2069 3257 2125 sine
3300 2085 3655 2140 personarum

2063 2162 2378 2234 acceptione
2404 2163 2631 2218 verbum
2671 2161 2766 2218 Dei
2793 2160 3057 2219 omnibus”
3073 2161 3486 2231 praedicantem.
3513 2161 3648 2230 Quia

2060 2253 2218 2324 juxta
2240 2251 2387 2309 Petri
2417 2266 2607 2308 vocem
2644 2268 2747 2307 non
2768 2261 2843 2306 est
2864 2267 3203 2322 personarum
3231 2260 3473 2321 acceptor
3491 2249 3657 2316 Deus,

2066 2348 2157 2401 sed
2201 2345 2256 2399 in
2306 2345 2449 2400 omni
2474 2353 2645 2415 gente,
2670 2344 2758 2416 qui
2780 2343 2926 2398 timet
2971 2341 3276 2408 Dominum,
3318 2353 3367 2397 et
3414 2353 3661 2413 operatur

2059 2435 2346 2506 justitiam,
2361 2444 2604 2506 acceptas
2627 2444 2700 2490 cst
2726 2433 2829 2489 illi.
2852 2434 3049 2490 Docuit
3069 2442 3247 2490 autem
3272 2434 3327 2489 in
3358 2432 3661 2506 Synagojsis

2069 2541 2257 2583 eorum
2305 2526 2609 2597 praedicans
2632 2525 2982 2597 Evangelium
3035 2525 3207 2597 regni,
3245 2533 3307 2580 ut
3346 2525 3660 2581 ostenderet

2070 2632 2176 2673 non
2216 2617 2272 2672 in
2299 2631 2532 2673 vacuum
2564 2617 2761 2672 debere
2807 2601 3099 2687 aliquando
3134 2617 3447 2672 discurrere
3471 2617 3662 2672 docto-

2072 2724 2211 2774 rem,
2247 2708 2341 2763 sed
2385 2706 2736 2779 Evangelium
2784 2707 2880 2762 Dei
2913 2722 3132 2778 semper
3179 2707 3563 2777 przedicantcm
3612 2716 3664 2759 ct

2072 2797 2307 2853 maxime
2333 2796 2407 2851 ibi
2436 2797 2527 2852 ubi
2549 2797 2732 2867 plures
2759 2796 3030 2852 invenerit
3053 2796 3353 2861 auditores,
3390 2804 3450 2852 et
3494 2809 3667 2865 neque

2072 2892 2300 2946 misceat
2322 2906 2562 2961 unquam
2581 2891 2786 2947 erroris
2828 2890 3032 2961 aliquid
3073 2900 3169 2945 aut
3187 2889 3490 2945 otiosarum
3512 2888 3664 2944 faint-

2076 2985 2247 3039 larum
2272 2981 2451 3038 veraci
2489 2982 2770 3048 doctrinae,
2800 2981 2897 3037 sed
2918 2995 3134 3052 semper
3153 2994 3217 3037 ea
3253 2978 3521 3050 proferat,
3550 2994 3671 3049 quae

2076 3074 2142 3128 ad
2172 3072 2465 3128 utilitatem
2514 3070 2805 3141 proﬁciant
2851 3070 3184 3126 audientium
3240 3077 3297 3124 et
3341 3070 3411 3125 ad
3442 3084 3671 3141 regnum

2074 3166 2386 3236 pertineant
2412 3163 2824 3235 sempiternum.
2857 3159 3085 3217 Sanavit
3107 3175 3325 3216 omnem
3353 3160 3669 3233 languorem

1999 3241 2044 3302 Ο
2075 3263 2131 3310 et
2148 3269 2364 3309 omnem
2394 3251 2842 3308 inﬁrmitatem-in
2865 3250 3083 3321 populo,
3107 3250 3389 3322 langorum
3417 3249 3673 3305 videlicet

2073 3362 2364 3418 corporum
2416 3354 2472 3402 et
2525 3344 2896 3400 inﬁrmitatem
2926 3344 3250 3411 animarum,
3295 3343 3457 3400 nobis
3485 3344 3670 3413 utique

2072 3440 2321 3510 praebens
2358 3436 2667 3508 exemplum
2694 3446 2753 3493 ut
2787 3439 2842 3493 in
2881 3450 3205 3506 quocunque
3249 3435 3529 3506 possimus
3553 3436 3666 3492 sive

2074 3530 2130 3585 in
2187 3529 2557 3600 corporalibus
2584 3544 2681 3586 seu
2728 3528 2895 3585 etiam
2930 3526 2987 3582 in
3031 3526 3420 3597 spiritualibus,
3453 3542 3669 3600 semper

2075 3620 2338 3693 proximis
2364 3619 2564 3676 nostris
2608 3617 2844 3690 prompti
2870 3616 3043 3673 simus
3083 3615 3149 3670 ad
3177 3615 3546 3687 pnestandum
3572 3616 3661 3670 hc-

2075 3711 2351 3768 neﬁcium.

2148 3804 2217 3861 Et
2242 3805 2370 3859 abiit
2392 3804 2568 3876 opinio
2597 3803 2714 3874 ejus
2753 3803 2810 3857 in
2836 3810 2998 3856 totam
3028 3799 3259 3873 Syriam.
3288 3799 3448 3872 Syria
3482 3801 3663 3871 itaque

2078 3895 2403 3969 generaliter
2427 3894 2625 3951 dicitur
2651 3892 2831 3949 omnis
2864 3892 3014 3963 regio
3049 3906 3081 3945 a
3130 3889 3351 3945 ﬂumine
3396 3890 3670 3960 Euphrate

2078 4001 2251 4057 usque
2297 3985 2367 4040 ad
2389 3999 2541 4040 mare
2569 3997 2847 4054 magnum,
2877 3996 2907 4036 a
2929 3980 3271 4052 Cappadocia
3296 3990 3356 4035 et
3379 3980 3452 4035 ab
3480 3980 3666 4035 Arme-

2054 4077 2167 4132 nia
2223 4088 2397 4147 usque
2423 4074 2491 4131 ad
2537 4071 2849 4146 Egyptum,
2888 4071 3098 4127 habens
3142 4069 3411 4126 maximas
3456 4069 3664 4139 provin-

2080 4168 2194 4224 cias
2222 4168 2275 4223 in
2322 4183 2400 4234 se,
2441 4167 2546 4223 hoc
2592 4172 2677 4221 est
2711 4163 3155 4234 Commagenam,
3210 4160 3573 4227 Phaeniciam,
3617 4165 3669 4215 et

2079 4258 2447 4325 Palaestinam,
2494 4258 2550 4314 in
2581 4272 2688 4328 qua
2731 4271 2863 4329 gens
2886 4254 3197 4311 ludmorum
3228 4253 3461 4308 habitat.

2152 4350 2222 4408 Et
2250 4350 2547 4407 obtulerunt
2570 4350 2616 4405 ei
2640 4364 2817 4403 omnes
2843 4346 2981 4401 male
3002 4346 3248 4401 habentes
3271 4343 3433 4398 variis
3457 4342 3670 4413 languo-

2082 4444 2226 4500 ribus
2250 4453 2299 4499 et
2327 4442 2597 4498 tormentis
2626 4439 3043 4511 comprehensos,
3059 4444 3109 4491 et
3134 4434 3508 4507 quidmmonia
3528 4432 3673 4487 Imbe-

2086 4534 2228 4602 bant,
2248 4542 2297 4589 et
2325 4533 2605 4597 lunaticos,
2635 4540 2683 4587 et
2711 4528 3051 4600 paralyticos,
3082 4536 3131 4581 et
3158 4525 3361 4580 curavit
3389 4541 3503 4578 eos.
3526 4521 3672 4595 (Ilie-

2089 4628 2232 4699 ron.)
2247 4626 2540 4682 Lunaticos
2555 4623 2684 4680 dicit
2698 4636 2929 4694 quorum
2944 4619 3099 4676 dolor
3119 4618 3173 4673 in
3189 4616 3520 4672 aceensione
3541 4615 3675 4668 lunae

2087 4717 2387 4783 crescebat,
2414 4732 2521 4773 non
2549 4715 2693 4786 quod
2716 4728 2846 4769 vere
2861 4726 2962 4783 per
2982 4711 3126 4766 lunae
3148 4709 3510 4764 mutationem
3541 4708 3675 4763 hanc

2089 4808 2413 4865 attraxerint
2464 4805 2754 4871 insaniam,
2783 4802 2876 4859 sed
2918 4802 3044 4872 quia
3077 4798 3411 4871 putabantur
3459 4795 3676 4852 lunatici

2086 4901 2156 4956 ob
2184 4901 2487 4956 dazmonum
2522 4895 2816 4960 fallaciam,
2840 4894 2933 4965 qui
2979 4899 3262 4948 servantes
3295 4889 3517 4944 lunaria
3547 4898 3676 4943 tem-

2085 5008 2237 5065 pora,
2261 4999 2564 5048 creaturam
2593 4987 2862 5044 infamare
2884 4984 3176 5056 cupiebant
3197 4988 3257 5037 ut
3288 4981 3344 5036 in
3372 4990 3674 5036 creatorem

2093 5083 2419 5140 redundaret
2440 5081 2799 5151 blasphemia.
2825 5071 3115 5151 (Manlius)
3135 5072 3428 5144 Paralytici
3452 5079 3582 5127 sunt
3608 5068 3677 5123 illi

2091 5177 2184 5248 qui
2209 5176 2397 5247 vigore
2423 5173 2667 5245 corporis
2692 5170 2935 5228 destituti
2984 5184 3047 5224 ac
3073 5165 3300 5223 desolati
3338 5172 3489 5227 sunt,
3518 5164 3679 5237 παρὰ·

2090 5270 2237 5332 luat;
2261 5268 2406 5324 enim
2429 5265 2616 5322 Graece
2649 5262 2928 5318 dissolutio
2956 5261 3174 5316 dicitur.
3208 5257 3438 5328 Mysticc
3463 5254 3675 5310 Galilaea

2090 5377 2213 5434 quae
2238 5357 2476 5416 sublimis
2504 5366 2619 5411 rota
2648 5356 3058 5424 interpretatur,
3101 5357 3153 5405 et
3183 5346 3340 5418 Syria
3367 5360 3494 5416 qua:
3517 5342 3676 5397 subli-

2090 5433 2323 5509 mitatem
2349 5456 2525 5514 sonat,
2577 5448 2722 5503 hunc
2774 5443 3035 5500 mundum
3065 5438 3395 5511 signiﬁcant,
3424 5435 3523 5506 qui
3560 5433 3679 5488 licet

2091 5560 2188 5615 per
2217 5544 2527 5616 superbiam
2575 5540 2632 5596 in
2668 5538 2902 5596 sublime
2931 5550 2991 5592 se
3031 5534 3227 5607 erigat,
3260 5539 3446 5585 tamen
3475 5527 3543 5583 ad
3590 5526 3678 5581 de-

2092 5637 2289 5693 lectum
2318 5637 2495 5707 vergit
2521 5642 2578 5689 et
2624 5633 2693 5689 ad
2740 5633 2847 5698 ima
2891 5642 3110 5700 semper
3138 5631 3369 5681 rotatur.
3423 5621 3559 5678 Cum
3592 5616 3676 5673 hic

2091 5728 2476 5784 mortalitatem
2504 5733 2705 5781 nostrze
2756 5731 2963 5778 natum
2988 5720 3159 5776 Filius
3184 5716 3279 5773 Dei
3301 5732 3357 5771 tn
3383 5727 3445 5768 se
3469 5721 3676 5768 sumere

2090 5821 2275 5881 voluit,
2306 5829 2358 5875 et
2390 5817 2738 5889 Evangelium
2769 5814 3069 5884 praedicans
3094 5809 3176 5865 vel
3196 5801 3672 5881 persemetipsum,
