3986 6192
380 313 485 367 79's

1347 315 1701 373 COMMENT.
1740 318 1808 374 IN
1846 316 2284 376 MATTHAEUM.
2325 351 2397 362 —-
2434 323 2561 380 LIB.
2602 324 2669 380 ll.

3549 340 3657 398 79d

375 432 461 486 ἰ’ῡέ
488 448 589 504 per
616 430 888 502 apostolos
913 447 1057 495 suos,
1082 433 1313 489 virtutes
1340 436 1540 492 multas
1586 435 1738 503 fecit,
1765 446 1822 493 ct
1873 453 1967 491 va-
1996 438 2040 495 Α
2073 433 2326 497 termiSil.
2354 442 2483 488 tunc
2511 435 2657 490 illum
2689 438 2940 494 habuisse
2983 455 3286 497 sermonem
3312 460 3474 514 quem
3521 449 3656 505 Mat-

375 526 491 579 rias
537 524 886 596 aegritudines
930 524 1045 580 sive
1070 539 1359 594 corporum
1397 527 1513 583 sive
1541 529 1706 583 etiam
1748 530 1958 585 anima-

377 630 519 674 rum,
548 613 779 678 curavit,
811 612 956 668 fama
999 614 1115 685 ejus
1141 631 1237 685 per
1264 624 1432 672 totum
1473 619 1663 674 orbem
1692 627 1958 674 terrarum

372 703 619 773 dispersa
639 712 743 769 est,
769 719 890 773 qua:
921 704 1046 759 dum
1072 706 1195 762 coeli
1214 715 1473 762 enarrant
1501 709 1727 780 gloriam
1760 712 1878 775 Dei,
1903 721 1962 768 et

371 812 539 865 opera
596 811 852 851 manuum
914 795 1033 864 ejus
1082 800 1369 859 annuntiat
1420 800 1855 867 ﬁrmamentum,
1904 804 1957 857 in

372 901 593 940 omnem
624 894 825 940 terram
848 886 1016 941 exivit
1063 902 1228 942 sonus
1256 903 1444 943 eorum
1473 899 1528 944 et
1556 890 1608 944 in
1640 891 1779 946 ﬁnes
1811 892 1958 947 orbis

372 988 537 1032 terra;
565 977 727 1032 verba
755 992 966 1031 eorum.
1028 976 1180 1033 Tunc
1217 980 1415 1049 quippe
1473 982 1645 1035 curati
1690 989 1837 1046 sunt,
1864 982 1955 1051 qui

371 1067 637 1122 daemonia
670 1066 955 1132 habebant,
986 1082 1108 1123 cum
1167 1070 1395 1140 gentiles
1421 1071 1487 1125 ad
1525 1071 1684 1127 ﬁdem
1710 1074 1954 1129 conversi

372 1156 512 1211 idola
544 1156 940 1226 relinquebant,
978 1166 1105 1212 tunc
1129 1168 1184 1214 et
1210 1160 1431 1217 lunatici
1460 1170 1518 1217 et
1551 1165 1831 1237 paralytici
1863 1181 1954 1221 sa-

370 1250 482 1304 nati
511 1258 658 1314 sunt,
686 1265 815 1305 cum
832 1266 926 1306 eos
951 1252 1042 1321 qui
1077 1253 1230 1321 prius
1257 1268 1355 1323 per
1376 1256 1555 1311 varios
1582 1258 1861 1314 instabiles
1899 1268 1950 1314 et

369 1340 660 1397 mutabiles
687 1339 903 1396 fuerant
924 1355 1141 1398 errores
1178 1353 1447 1407 nutantes.
1477 1354 1534 1401 et
1562 1362 1591 1400 a
1618 1347 1761 1403 bono
1790 1364 1953 1418 opere

366 1432 675 1503 torpebant,
708 1432 830 1489 illos
856 1449 953 1489 sua
976 1434 1145 1505 gratia
1173 1435 1287 1504 ipse
1314 1436 1673 1502 confortabat,
1704 1446 1760 1493 et
1786 1439 1839 1493 in
1863 1440 1950 1494 via

356 1520 589 1589 justitia:
610 1523 728 1579 sine
751 1525 1168 1595 reprehensione
1190 1526 1440 1583 incedere
1457 1527 1663 1585 fecerat
1691 1546 1704 1583 :
1732 1530 1874 1585 unde
1895 1539 1951 1586 et

365 1613 651 1668 subditur:

440 1702 506 1756 Et
527 1714 718 1758 secqu
762 1714 1034 1761 suntcum
1080 1706 1247 1762 turba:
1288 1706 1468 1764 multa:
1495 1709 1561 1765 de
1601 1707 1845 1776 Galilwa,
1897 1721 1946 1766 et

2066 527 2237 579 tlncus
2267 525 2609 597 interposuit,
2634 539 2689 584 et
2708 529 2883 586 Lucas
2912 533 3097 599 tacuit,
3128 535 3227 589 hoc
3256 545 3338 591 cst
3362 538 3417 593 in
3449 553 3655 613 monte,

2061 636 2126 675 ac
2152 621 2341 677 deinde
2353 637 2473 677 cum
2492 623 2908 679 descenderetin
2923 626 3041 682 loco
3063 632 3379 699 campestri,
3400 631 3655 692 habuisse

2062 711 2294 767 alterum
2320 713 2586 779 similem,
2628 716 2693 769 de
2730 731 2839 785 quo
2865 715 3152 774 Matthacns
3186 728 3356 787 tacet,
3392 732 3448 778 et
3479 722 3656 781 Lucas

2060 816 2167 855 non
2217 808 2382 867 tacet,
2422 810 2477 856 et
2534 812 2822 874 utrumque
2876 821 3180 863 sermonem
3242 812 3432 867 eodem
3496 816 3655 870 modo

2058 908 2181 949 esse
2208 894 2546 949 conclusum.
2567 894 2885 967 Quanquam
2920 900 3081 955 etiam
3115 901 3243 957 illud
3267 906 3438 973 possit
3459 923 3652 963 occur-

2058 998 2179 1038 rere
2216 984 2270 1038 in
2305 984 2489 1056 aliqua
2514 987 2813 1044 excelsiore
2846 997 3001 1059 parte
3049 993 3250 1049 montis
3299 996 3477 1066 primo
3525 1013 3650 1052 cum

2055 1073 2185 1129 solis
2229 1074 2503 1145 discipulis
2538 1078 2824 1135 Dominum
2859 1080 3048 1148 fuisse,
3081 1086 3298 1154 quando
3325 1102 3391 1141 ex
3424 1089 3504 1143 eis
3532 1089 3652 1145 illos

2054 1164 2335 1221 duodecim
2381 1166 2561 1239 elegit,
2591 1170 2784 1225 deinde
2818 1188 2938 1226 cum
2970 1173 3049 1229 eis
3075 1175 3560 1245 descendisse,non
3584 1181 3651 1236 de

2054 1270 2257 1326 monte,
2284 1265 2379 1319 sed
2404 1265 2472 1320 de
2494 1265 2607 1336 ipsa
2638 1267 2837 1323 montis
2873 1268 3197 1326 celsitudine
3220 1272 3272 1327 in
3288 1282 3648 1344 campestrem

2051 1348 2250 1418 locum,
2284 1354 2336 1408 id
2358 1363 2462 1419 est,
2495 1356 2547 1409 in
2577 1356 2811 1427 aliquam
2834 1359 3219 1427 aequalitatem,
3242 1376 3361 1430 qum
3389 1363 3441 1416 in
3478 1363 3650 1418 latere

2050 1442 2253 1497 montis
2287 1452 2427 1510 erat,
2455 1454 2510 1500 et
2526 1446 2723 1501 multas
2739 1448 2924 1504 turbas
2939 1465 3133 1521 rapere
3144 1459 3376 1520 poterat,
3393 1463 3557 1522 atque
3573 1454 3644 1508 ibi

2050 1531 2288 1599 stetisse,
2305 1533 2473 1590 donec
2491 1536 2558 1590 ad
2574 1551 2695 1591 eum
2716 1540 2884 1594 turba:
2899 1553 3448 1612 congregarentur,ac
3460 1556 3645 1616 postea

2048 1634 2172 1676 cum
2197 1624 2428 1681 sedisset
2466 1628 2761 1683 accessisse
2790 1630 3147 1701 propinquius
3182 1634 3474 1704 discipulos
3504 1635 3642 1705 ejus,

2052 1721 2217 1782 atque
2246 1715 2320 1769 ita
2346 1716 2453 1772 illis
2472 1719 2792 1787 exterisque
2818 1721 3175 1789 prmsentihus
3200 1740 3364 1779 unum
3392 1725 3645 1783 habuisse

364 1794 643 1885 Decapoli,
663 1805 711 1851 et
734 1795 1154 1885 Hierosolymis,
1196 1807 1245 1853 et
1268 1799 1335 1853 de
1357 1798 1573 1863 ludam,
1616 1809 1664 1854 et
1693 1800 1759 1854 de
1802 1810 1951 1855 trans
1981 1784 2028 1845 Β
2057 1816 2387 1871 sermonem,
2433 1821 2594 1876 quem
2624 1784 2911 1865 Mattha-zus
2936 1810 3218 1885 Lucasque
3243 1827 3536 1873 narrarunt
3563 1819 3645 1874 di-

360 1884 678 1941 lordanem.
720 1884 903 1959 (Aug.)
950 1887 1411 1957 Quadripertitam
1441 1888 1653 1943 turbam
1685 1904 1808 1959 qua:
1837 1890 1948 1944 Do-

359 1975 571 2029 minum
619 1978 946 2046 sequebatur
987 1978 1045 2032 in
1094 1978 1384 2050 Evangelio
1436 1964 1785 2036 noverimus:
1842 1998 1947 2038 una

361 2083 495 2140 pars
523 2083 709 2124 eorum
759 2070 854 2139 qui
901 2070 1007 2126 ﬁde
1031 2079 1090 2126 ct
1137 2071 1427 2129 dilectione
1469 2073 1675 2130 cmlesti
1703 2073 1947 2131 adhaere-

358 2163 492 2217 bant
512 2161 847 2233 magisterio,
874 2161 1015 2218 sicut
1060 2163 1307 2235 apostoli,
1334 2172 1391 2219 et
1409 2166 1591 2220 caeteri
1619 2165 1824 2231 ﬁdeles,
1852 2168 1942 2236 qui

357 2252 611 2323 discipuli
638 2252 1205 2324 vocabantur,quibus
1230 2255 1319 2310 ille
1348 2256 1578 2313 interius
1592 2258 1943 2329 exteriusque

355 2343 628 2401 subvenit.
659 2342 910 2399 Secunda
939 2352 1060 2398 erat
1108 2343 1463 2401 invalidorum
1505 2354 1560 2400 et
1602 2345 1942 2403 inﬁrmorum

357 2434 451 2502 qui
500 2434 572 2489 oh
625 2433 935 2488 curationes
992 2432 1277 2489 Dominum
1326 2434 1708 2505 sequebantur.
1760 2434 1941 2491 Tertia

354 2542 489 2581 vero
515 2541 642 2597 pars
669 2533 790 2581 erat
811 2541 951 2597 quos
992 2525 1107 2581 sola
1145 2524 1287 2580 fama
1328 2534 1384 2582 ct
1433 2527 1616 2597 opinio
1644 2527 1711 2581 ad
1761 2525 1938 2583 Domi-

352 2635 486 2674 num
537 2619 722 2674 venire
776 2617 1150 2687 compellebat,
1206 2618 1441 2688 experiri
1485 2619 1765 2688 cupientes
1810 2617 1939 2688 quid

350 2728 493 2783 opus
530 2711 741 2767 Domini
768 2719 915 2766 esset
964 2718 1024 2765 ut
1051 2710 1296 2766 videntes
1336 2718 1392 2765 et
1428 2708 1710 2766 audientes
1738 2709 1940 2764 scirent

351 2812 537 2857 utrum
564 2802 787 2857 credere
823 2802 1152 2857 debuissent.
1200 2800 1403 2868 Quarta
1448 2799 1661 2855 illorum
1697 2808 1815 2854 erat
1842 2799 1933 2870 qui

2051 1910 2212 1950 verso
2241 1899 2496 1954 narrandi
2527 1902 2709 1969 modo,
2750 1904 2845 1957 sed
2871 1904 3061 1960 eadem
3094 1907 3325 1964 veritate
3356 1925 3536 1965 rerum
3588 1920 3643 1967 et

2049 1989 2461 2044 sententiarum.
2494 1990 2718 2062 Mystice
2768 2003 2948 2049 autem
3008 2011 3163 2053 mons
3210 1997 3349 2052 bene
3388 2000 3643 2072 intelligi-

2050 2090 2139 2134 tur
2158 2080 2468 2150 signiﬁcare
2515 2083 2721 2153 majora
2748 2095 3014 2156 pneeepta
3032 2086 3279 2156 justitiae,
3311 2091 3436 2161 quia
3468 2093 3640 2148 mino-

2050 2183 2108 2223 ra
2156 2180 2334 2237 erant,
2386 2188 2507 2243 quze
2534 2172 2732 2230 Iudaeis
2771 2177 2893 2230 data
2939 2187 3084 2242 sunt,
3117 2195 3258 2235 unus
3286 2190 3466 2237 tamen
3494 2184 3639 2240 Deus
3706 2222 3715 2229 -

2050 2273 2151 2328 per
2178 2268 2397 2317 sanctos
2422 2264 2715 2332 prophetas
2735 2274 2790 2320 et
2815 2266 3049 2323 famulos
3080 2284 3207 2324 suos
3235 2272 3530 2328 secundum
3551 2290 3640 2328 or-

2044 2345 2438 2403 dinatissimam
2468 2349 2901 2408 distributionem
2943 2363 3244 2429 temporum
3275 2357 3423 2413 dedit
3466 2361 3639 2416 mino-

2045 2453 2105 2492 ra
2155 2452 2426 2510 praecepta
2477 2441 2673 2512 populo
2736 2459 2894 2514 quem
2948 2445 3142 2503 timore
3207 2448 3383 2505 adhuc
3426 2450 3635 2519 alligari

2040 2531 2347 2598 oportebat,
2381 2539 2437 2587 et
2464 2548 2563 2603 per
2604 2533 2801 2604 Fil'um
2825 2552 2990 2591 suum
3015 2536 3218 2607 majora
3249 2540 3446 2610 populo
3471 2558 3632 2612 quem

2040 2620 2307 2677 charitate
2333 2622 2446 2692 jam
2471 2624 2692 2679 liberari
2738 2636 3090 2681 convenerat.
3136 2627 3271 2683 Cum
3309 2640 3487 2685 autem
3527 2631 3632 2685 mi-

2039 2727 2173 2767 nora
2213 2714 2536 2781 minoribus,
2577 2713 2783 2784 majora
2840 2718 3138 2789 majoribus
3187 2720 3407 2787 dantur,
3452 2721 3520 2776 ab
3567 2737 3634 2778 eo

2037 2804 2240 2859 dantur
2263 2806 2356 2877 qui
2388 2806 2536 2862 solus
2566 2808 2717 2862 novit
2740 2819 3124 2879 congruentem
3162 2810 3276 2866 suis
3301 2812 3635 2883 temporibus

348 2894 556 2949 invidia
583 2893 729 2949 ducti
766 2909 902 2963 opus
946 2892 1157 2949 Domini
1187 2892 1543 2947 dehonestare
1575 2890 1848 2957 volebant,
1882 2899 1934 2959 et
2035 2894 2221 2964 generi
2243 2895 2479 2951 humano
2524 2898 2781 2954 exhibere
2811 2899 3154 2955 medicinam.
3185 2900 3296 2957 Nec
3321 2902 3518 2957 mirum
3547 2911 3633 2958 est

347 2992 413 3039 ιιι
448 2999 571 3038 eum
601 2984 655 3037 in
679 2996 931 3038 sermone
974 2981 1517 3053 comprehenderent,
1571 2990 1629 3037 et
1680 2982 1753 3036 ita
1792 2983 1932 3053 apud
2034 2982 2177 3052 quod
2206 2983 2405 3040 dantur
2429 2983 2636 3054 majora
2665 2994 2932 3058 praecepta
2964 2997 3186 3061 propter
3214 3006 3439 3060 regnum
3466 2992 3631 3047 coelo-

344 3074 623 3144 principes
651 3081 987 3139 accusarent,
1034 3081 1093 3129 ut
1116 3088 1240 3129 eum
1266 3073 1428 3128 morti
1460 3072 1755 3137 traderent,
1792 3073 1932 3128 sicut
1965 3140 2001 3150 Α
2037 3089 2178 3139 rum,
2207 3083 2262 3129 et
2286 3075 2499 3131 minora
2524 3074 2649 3131 data
2678 3085 2805 3132 sunt
2831 3089 3054 3149 propter
3088 3095 3313 3150 regnum
3349 3089 3625 3138 terrenum

343 3140 407 3223 et
429 3140 673 3225 fecerunt
695 3168 912 3240 quando
941 3168 1029 3224 ille
1054 3167 1320 3239 permisit,
1350 3182 1455 3222 non
1478 3167 1698 3236 quando
1726 3166 1805 3220 illi
1831 3182 1927 3223 vo-
1957 3140 2002 3204 (ἶ
2033 3166 2103 3221 ab
2155 3167 2345 3222 eodem
2400 3183 2510 3224 uno
2573 3167 2722 3235 Deo,
2795 3140 2888 3239 qui
2934 3140 3077 3225 fecit
3136 3140 3335 3227 coelum
3398 3180 3453 3228 et
3520 3180 3630 3228 ter-

345 3262 585 3318 luerunt.
617 3262 1010 3333 Decapolisest,
1040 3271 1101 3317 ut
1129 3262 1244 3332 ipso
1270 3262 1489 3317 nomine
1512 3262 1794 3331 probatur,
1841 3276 1927 3317 re-

339 3354 439 3424 git)
462 3355 649 3411 decem
680 3355 891 3411 urbium
917 3362 1067 3410 trans
1087 3354 1376 3410 Iordanem
1420 3353 1488 3409 ad
1510 3352 1789 3410 Orientem
1817 3354 1927 3409 cir-

338 3463 410 3499 ra
444 3446 696 3516 Hippum,
721 3452 776 3501 et
796 3444 1020 3511 Pellam,
1044 3451 1098 3500 et
1116 3443 1387 3500 Gadaram
1410 3452 1599 3499 contra
1627 3444 1923 3502 Galilaeam.

342 3537 490 3592 liene
505 3545 685 3591 autem
700 3536 1052 3606 diciturquod
1068 3545 1257 3590 uentre
1279 3544 1400 3589 sunt
1414 3551 1532 3589 eum
1545 3535 1711 3589 turba:
1724 3536 1926 3601 ntultw,

341 3628 475 3696 quia
508 3635 793 3698 postquam
823 3626 1059 3697 cognitio
1082 3626 1317 3681 nominis
1343 3626 1462 3697 ejus
1486 3640 1658 3695 usque
1686 3625 1752 3680 ad
1785 3626 1920 3681 ﬁnes

338 3730 504 3775 terra:
526 3719 787 3790 pervenit,
822 3735 889 3774 ex
915 3718 1061 3773 omni
1091 3718 1328 3783 natione,
1361 3732 1482 3787 qua:
1524 3718 1624 3773 sub
1651 3716 1789 3773 coelo
1810 3723 1916 3782 est,

336 3811 579 3882 undique
604 3809 671 3865 ad
691 3808 851 3867 ﬁdem
880 3810 997 3881 ejus
1019 3815 1407 3874 convenerunt,
1430 3814 1487 3862 et
1510 3806 1737 3878 vestigia
1762 3822 1918 3862 man-

334 3903 593 3959 datorum
647 3900 763 3972 ejus
787 3901 1021 3956 maxima
1049 3901 1207 3956 turba
1233 3898 1469 3955 ﬁdelium
1497 3898 1788 3953 subsecuta
1809 3904 1915 3952 est.

983 4012 1207 4070 CAPUT
1245 4010 1311 4067 V.

341 4110 422 4165 De
456 4125 694 4165 sermone
735 4107 949 4163 Domini
977 4107 1031 4161 in
1065 4114 1259 4229 monte,
1289 4112 1339 4158 et
1357 4101 1676 4172 perfectione
1703 4115 1925 4169 evange-

1108 4192 1212 4229 ica.

1108 4192 1212 4231 sca.

412 4270 504 4345 ξι]
526 4269 722 4326 Videas
743 4279 916 4325 autem
931 4268 1134 4333 turbas,
1157 4265 1390 4322 ascendit
1404 4266 1723 4331 iamautem,
1739 4273 1789 4319 et
1803 4279 1924 4319 cum

332 4363 578 4428 sedisset,
598 4368 927 4416 accesserunt
954 4357 1024 4413 ad
1044 4374 1161 4413 eum
1183 4354 1427 4426 discipuli
1452 4354 1589 4425 ejus,
1608 4364 1659 4410 et
1683 4354 1922 4424 aperiens

332 4470 395 4507 os
422 4463 579 4507 suum
607 4449 822 4505 docebat
848 4464 935 4504 eos
961 4448 1160 4502 dicens.
1194 4444 1378 4517 (Aug.)
1409 4443 1508 4500 Hic
1530 4452 1713 4515 potest
1747 4441 1920 4499 videri

332 4543 625 4599 Dominum
676 4540 876 4596 multas
918 4539 1103 4593 turbas
1128 4537 1301 4592 vitare
1347 4534 1605 4600 voluisse,
1627 4543 1686 4589 et
1711 4534 1782 4589 ob
1813 4533 1915 4589 hoc

330 4633 650 4689 ascendisse
678 4632 732 4687 in
756 4638 1015 4694 montem,
1046 4638 1302 4700 tanquam
1328 4627 1630 4684 recedendo
1663 4642 1694 4681 a
1720 4626 1914 4693 turbis,

331 4735 397 4780 ut
425 4723 558 4781 solis
575 4724 691 4780 suis
707 4723 988 4794 discipulis
1015 4723 1351 4792 loqueretur,
1375 4721 1463 4777 cui
1489 4720 1567 4776 rei
1589 4719 1802 4775 videtur
1830 4725 1917 4773 at-

328 4817 525 4872 testari
546 4817 711 4872 etiam
740 4815 937 4881 Lucas,
963 4815 1035 4869 ita
1081 4827 1349 4869 narrans:
1376 4811 1601 4866 Factum
1628 4820 1705 4866 est
1741 4819 1917 4866 autem

325 4913 388 4964 in
414 4908 521 4963 illis
567 4908 748 4962 diebus
782 4908 910 4961 exiit
943 4907 1000 4962 in
1043 4914 1270 4960 montem
1298 4920 1473 4971 orare,
1499 4913 1549 4959 et
1581 4913 1695 4960 erat
1731 4920 1921 4974 perno-

329 5010 483 5056 ctans
509 5000 568 5055 in
602 5000 842 5055 oratione
864 4997 961 5053 Dei
986 5015 1005 5064 ,'
1045 5006 1095 5052 et
1124 5014 1245 5052 cam
1272 4997 1383 5051 dies
1411 4996 1584 5066 factus
1608 5005 1738 5052 esset
1768 5012 1917 5051 voca-

328 5092 401 5147 rit
420 5089 703 5161 discipulos
728 5105 871 5154 suos,
891 5097 940 5144 et
977 5087 1130 5158 elegit
1157 5087 1433 5142 duodecim
1455 5103 1522 5141 ea:
1538 5087 1667 5156 ipsis
1687 5102 1817 5155 quos
1865 5091 1919 5140 et

326 5179 598 5251 apostolos
646 5180 952 5235 nominavit.
1001 5178 1110 5235 Sed
1158 5186 1337 5234 movet
1382 5194 1483 5234 cur
1535 5178 1679 5234 idem
1739 5178 1916 5235 Lucas

323 5280 455 5347 post
501 5272 821 5328 descensum
861 5269 979 5340 ejus
1027 5272 1096 5326 de
1132 5277 1314 5326 monte
1342 5269 1564 5336 dixerit,
1616 5286 1739 5326 eum
1767 5271 1914 5326 hunc

325 5360 584 5417 eumdem
609 5375 918 5417 sermonem
946 5363 1140 5418 stando
1167 5361 1221 5416 in
1248 5360 1369 5417 loco
1399 5362 1692 5433 campestri
1740 5361 1914 5418 turbis

323 5451 673 5525 praedicasse,
693 5466 857 5523 quem
886 5451 1171 5508 Mattheus
1194 5451 1329 5508 dixit
1350 5451 1498 5508 illum
1533 5453 1584 5508 in
1613 5462 1796 5510 monte
1825 5470 1917 5510 se-

326 5547 553 5603 dentem
581 5545 872 5616 discipulos
898 5545 1165 5601 docuisse.
1199 5543 1333 5600 Nam
1363 5554 1540 5617 potest
1574 5545 1664 5601 hic
1694 5545 1916 5617 intelligi

329 5654 457 5693 cum
496 5638 551 5693 in
573 5644 812 5693 montem
843 5638 1124 5694 duodecim
1151 5637 1443 5709 discipulos
1465 5638 1628 5708 elegit
1646 5652 1710 5693 ex
1740 5638 1909 5708 pluri~

330 5733 460 5797 bus,
483 5746 622 5805 quos
660 5731 931 5802 apostolos
960 5731 1278 5798 nominavit,
1295 5729 1438 5804 quod
1472 5730 1753 5787 Matthzcus
1780 5745 1918 5802 prae-

1946 4493 1999 4554 D

2031 3272 2170 3312 ram.

2101 3347 2178 3403 De
2202 3349 2307 3405 hac
2332 3364 2464 3420 ergo
2482 3347 2692 3419 justitia
2719 3366 2840 3421 quze
2866 3348 3040 3421 major
3077 3360 3161 3407 est
3180 3368 3281 3424 per
3304 3354 3628 3425 prophetam

2029 3439 2230 3495 dicitur
2256 3455 2271 3494 :
2300 3439 2521 3495 Iustitia
2550 3450 2641 3496 tua
2676 3444 2809 3497 sicut
2843 3455 3042 3500 montes
3085 3443 3183 3500 Dei
3230 3444 3403 3519 (Psal.
3426 3446 3623 3516 xxxv).

2028 3530 2096 3585 Et
2134 3531 2236 3586 hoc
2272 3532 2411 3588 bene
2440 3532 2730 3605 signiﬁcat,
2777 3535 2923 3605 quod
2962 3536 3032 3592 ab
3083 3551 3192 3593 uno
3221 3538 3484 3608 magistro
3509 3538 3628 3595 solo

2028 3623 2289 3679 docendis
2317 3626 2485 3680 tantis
2519 3627 2682 3682 rebus
2719 3627 2914 3683 idoneo
2943 3628 3171 3683 docetur
3195 3628 3249 3683 in
3297 3639 3498 3685 monte.
3529 3630 3628 3684 Sc-

2029 3713 2161 3768 dens
2197 3723 2379 3769 autem
2409 3714 2589 3780 docet,
2614 3715 2757 3784 quod
2785 3716 3023 3784 pertinet
3053 3717 3122 3771 ad
3157 3718 3472 3789 dignitatem
3510 3735 3626 3773 ma-

2028 3806 2257 3879 gisterii.

2098 3897 2169 3951 Et
2196 3907 2525 3952 accesserunt
2567 3897 2637 3953 ad
2664 3915 2781 3952 eum
2814 3898 3057 3970 discipuli
3093 3900 3232 3971 ejus,
3267 3897 3535 3973 (MAURUS)
3566 3908 3624 3954 ut

2026 3985 2310 4042 audiendis
2335 3986 2518 4041 verbis
2547 3985 2692 4042 illius
2715 3987 2769 4041 hi
2808 3998 2990 4043 essent
3017 3988 3181 4042 etiam
3220 4003 3450 4057 corpore
3486 3987 3618 4042 vici-

2026 4079 2231 4144 niores,
2254 4078 2347 4150 qui
2384 4080 2670 4150 prmeeptis
2705 4080 2991 4152 implendis
3013 4080 3178 4135 etiam
3222 4081 3404 4136 animo
3429 4097 3623 4151 appro-

2025 4171 2380 4243 pinquabant.
2409 4170 2634 4243 Mystice
2657 4181 2841 4227 autem
2872 4172 3044 4227 sessio
3072 4171 3286 4227 Domini
3319 4172 3621 4227 incarnatio

2026 4260 2150 4331 ejus
2194 4270 2297 4324 est,
2325 4260 2451 4331 quia
2484 4261 2587 4316 nisi
2616 4261 2876 4317 Dominus
2901 4261 3214 4317 incarnatus
3235 4271 3401 4327 esset,
3428 4262 3620 4317 huma-

2026 4368 2154 4409 num
2181 4367 2351 4424 genus
2382 4353 2642 4408 accedere
2665 4352 2733 4408 ad
2754 4367 2876 4408 eum
2906 4348 3012 4408 non
3034 4353 3318 4423 potuisset.
3359 4350 3618 4409 Accesse-

2027 4454 2155 4501 runt
2175 4454 2356 4501 autem
2376 4445 2624 4516 discipuli
2649 4460 2755 4500 non
2785 4453 2992 4499 tantum
3026 4444 3164 4510 loco,
3190 4443 3282 4500 sed
3313 4443 3477 4499 etiam
3511 4443 3615 4501 ﬁde

2022 4545 2080 4594 et
2099 4538 2410 4605 devotione,
2459 4545 2520 4593 ut
2544 4538 2881 4609 susciperent
2902 4553 3089 4609 pacem
3121 4536 3315 4609 populo
3336 4554 3453 4593 suo.
3500 4535 3617 4592 Nisi

2020 4630 2166 4686 enim
2221 4630 2296 4686 illi
2347 4631 2724 4697 accessissent,
2776 4630 2984 4686 sanitas
3010 4628 3077 4685 ad
3127 4645 3226 4685 nos
3250 4646 3358 4686 non
3380 4629 3610 4685 veniret.

2022 4719 2093 4775 Et
2106 4720 2342 4790 aperiens
2368 4739 2425 4775 os
2454 4739 2606 4776 suum
2632 4721 2847 4776 docebat
2872 4737 2979 4787 eos,
3004 4721 3201 4776 dicens.
3231 4720 3311 4776 Ita
3327 4719 3616 4776 circumlo-

2021 4811 2169 4867 cutio
2189 4826 2296 4881 qua
2322 4812 2580 4867 scribitur
2595 4811 2661 4865 Et
2682 4813 2919 4882 aperiens
2936 4828 2994 4865 os
3015 4828 3195 4878 suum,
3230 4811 3477 4866 fortassis
3498 4811 3613 4882 ipsa

2022 4918 2175 4958 mora
2207 4904 2554 4958 commendat
2575 4902 2852 4973 aliquanto
2888 4902 3185 4975 longiorem
3225 4904 3466 4958 futurum
3491 4918 3614 4958 esse

2018 5009 2350 5053 sermonem.
2382 4992 2500 5049 Non
2529 5009 2658 5064 ergo
2683 5002 2840 5049 vacat
2867 4995 3012 5065 quod
3049 5009 3193 5050 nunc
3231 5008 3355 5048 eum
3405 4993 3609 5047 dictum

2017 5097 2105 5144 est
2124 5088 2402 5160 aperuisse
2422 5102 2485 5142 os
2507 5102 2689 5152 suum,
2716 5087 2809 5156 qui
2856 5087 2909 5141 in
2935 5087 3051 5156 lege
3085 5085 3256 5142 veteri
3288 5085 3499 5155 aperire
3522 5099 3608 5138 so-

2014 5179 2160 5236 lebat
2184 5193 2280 5234 ora
2308 5177 2715 5249 prepbetarum.
2768 5176 2873 5231 Per
2913 5191 2976 5231 os
3003 5189 3216 5246 quoque
3243 5173 3427 5229 verius
3466 5172 3610 5228 desi-

2015 5280 2214 5345 gnatur
2241 5271 2424 5327 homo.
2479 5268 2634 5336 Quod
2669 5276 2848 5324 autem
2877 5268 3030 5335 dicit,
3075 5267 3303 5322 docebat
3352 5282 3470 5331 eos,
3512 5282 3609 5337 per

2022 5361 2402 5418 auctoritatem
2451 5359 2710 5416 doctrina:
2760 5359 2999 5414 divinam
3039 5359 3278 5414 ostendit
3332 5368 3608 5423 naturam,

2022 5471 2144 5527 quae
2182 5456 2474 5513 humanam
2505 5455 2559 5510 in
2590 5469 2649 5510 se
2677 5452 2955 5524 suscipere
2979 5451 3198 5524 dignata
3239 5460 3322 5507 est
3345 5450 3603 5516 formam,

2021 5563 2120 5620 per
2143 5562 2308 5619 quam
2335 5547 2574 5604 doceret.

2097 5639 2245 5694 Beati
2262 5655 2515 5710 pauperes
2533 5638 2740 5709 spiritu,
2766 5636 3013 5708 quoniam
3036 5638 3268 5708 ipsorum
3295 5653 3506 5708 regnum
3529 5646 3606 5688 est

2023 5732 2287 5789 cazlorum.
2317 5729 2588 5809 (Hieron.)
2614 5731 2691 5789 Ne
2715 5731 2837 5802 quis
2866 5739 3044 5787 autem
3080 5738 3295 5802 putaret
3318 5721 3617 5815 pauperior-
