3978 6190
421 402 528 467 795

1063 403 1122 457 Β.
1165 400 1421 456 RABANI
1458 397 1679 456 MAUBJ
1716 393 2037 453 ARCHIEP.
2084 391 2396 451 MOGUNT.
2439 389 2725 447 OPERUM
2763 389 2943 446 PARS
2982 391 3022 445 Ι.

3592 393 3698 448 796

425 534 556 590 tem,
583 540 700 593 quae
745 536 1126 588 nonnunquam
1165 519 1542 575 necessitatem
1571 517 1805 588 patitur,
1835 533 1865 570 a
1893 516 2000 571 Do-
2030 513 2083 574 Α
2107 511 2271 566 chara
2300 510 2763 580 amplectebantur
2798 509 3076 563 amittunt.
3121 512 3239 566 Non
3277 512 3425 566 enim
3463 513 3700 577 gaudent

422 614 568 669 mino
598 609 900 681 praedicari,
929 607 1172 676 adjunxit
1198 607 1386 677 spiritu
1409 648 1424 673 ,
1458 614 1519 660 ut
1545 605 1898 661 humilitatem
1926 607 2007 661 in-

424 703 713 773 telligeres,
742 715 845 754 non
871 700 1173 770 penuriam.
1198 697 1350 752 Beati
1384 714 1635 769 pauperes
1668 698 1856 768 spiritu
1873 739 1888 764 ,
1915 699 2008 768 qui

421 802 641 864 propter
684 791 947 862 Spiritum
986 797 1234 844 sanctum
1261 788 1536 843 voluntate
1570 797 1695 844 sunt
1722 803 2006 859 pauperes.

424 883 580 938 Unde
603 892 656 938 et
687 897 847 952 super
873 879 1179 948 hnjusmodi
1205 879 1532 948 pauperibus
1555 885 1610 932 et
1636 877 1887 932 Salvator
1912 893 2012 949 per

423 973 617 1026 lsaiatn
660 971 915 1042 loquitur.
963 969 1220 1024 Dominus
1265 967 1415 1022 auxit
1460 983 1573 1030 nte,
1616 978 1827 1038 propter
1870 967 2010 1038 quod

422 1061 779 1134 evangelieare
821 1061 1136 1133 pauperibus
1176 1059 1316 1112 misit
1347 1075 1427 1113 me
1473 1057 1605 1130 (Isa.
1657 1059 1789 1130 LXI).
1824 1058 2010 1132 {Aug.)

424 1153 561 1208 Nam
599 1164 654 1209 et
697 1152 822 1208 alibi
857 1151 1084 1224 legimus
1108 1151 1370 1221 scriptum
1407 1151 1473 1206 de
1514 1151 1793 1221 apertione
1829 1167 2013 1207 rerum

425 1243 836 1316 temporalium:
871 1241 1064 1297 Omnia
1093 1241 1297 1296 vanitas
1335 1251 1382 1294 et
1422 1241 1761 1311 praesumptio
1798 1243 2014 1312 spiritus

425 1335 621 1406 (Eccle.
655 1335 751 1407 vr).
783 1332 1138 1402 Praesumptio
1164 1338 1343 1384 autem
1385 1330 1608 1400 spiritus
1645 1331 1922 1385 audaciam
1959 1340 2016 1386 et

423 1430 730 1500 superbiam
770 1426 1060 1498 signiﬁcat.
1105 1423 1274 1495 Vulgo
1316 1424 1482 1479 etiam
1526 1438 1749 1494 magnos
1793 1423 2015 1494 spiritus

424 1520 643 1591 superbi
688 1519 888 1574 habere
933 1515 1205 1572 dicuntur.
1240 1515 1307 1569 Et
1350 1523 1527 1581 recte,
1578 1515 2015 1585 quandoquidem

425 1611 645 1683 spiritus
675 1609 838 1666 etiam
867 1616 1060 1664 ventus
1100 1615 1342 1663 vocatur.
1397 1606 1548 1662 Unde
1590 1607 1850 1677 scriptum
1890 1616 2011 1663 est:

424 1708 593 1780 Ign.s,
618 1706 844 1778 grando,
867 1707 978 1772 nix,
994 1704 1208 1776 glacies,
1231 1705 1447 1774 spiritus
1467 1703 1816 1774 procellarum
1839 1699 2014 1774 (Psal.

425 1795 670 1866 csum),
697 1795 818 1864 quis
840 1809 970 1848 vero
994 1793 1202 1846 nesciat
1226 1793 1486 1862 superbos
1513 1792 1725 1848 inﬂatos
1755 1793 1884 1858 dici,
1905 1803 2017 1848 tan-

2109 600 2197 655 bis
2227 599 2410 664 rebus,
2439 600 2632 670 quibus
2661 607 2790 654 ante
2818 599 3153 668 gaudebant,
3182 608 3237 652 et
3271 598 3444 654 donec
3474 600 3569 654 ﬁat
3596 602 3698 656 illis

2113 706 2268 746 amor
2286 700 2611 745 :etemorum
2637 689 2894 746 nonnulla
2917 691 3178 746 mtestitia
3207 691 3552 757 sanciantur;
3577 709 3699 748 con-

2111 780 2430 837 solabuntur
2445 796 2574 851 ergo
2595 780 2798 850 Spiritu
2819 789 3027 846 sancto,
3043 782 3134 851 qui
3159 783 3394 837 maxime
3413 793 3697 853 propterea

2110 873 2435 947 παράκλητος
2459 872 2798 937 nominatur,
2832 872 2888 927 id
2918 880 3002 927 est
3041 873 3382 938 consolator,
3408 883 3469 927 ut
3497 883 3701 944 tempe-

2113 964 2282 1018 ralem
2307 953 2639 1029 amittentes,
2667 972 2870 1019 aeterna
2896 963 3083 1019 laetitia
3108 964 3376 1020 fruantur.

2185 1053 2475 1127 (Marinus)
2494 1053 2798 1110 Notandum
2825 1063 3006 1110 autem
3030 1056 3174 1125 quod
3187 1066 3423 1124 quatuor
3445 1058 3623 1114 modis
3645 1060 3704 1113 ﬁt

2111 1147 2364 1216 planctus
2390 1155 2724 1212 sanctorum,
2761 1162 2882 1201 cum
2910 1147 3092 1216 priora
3131 1156 3352 1217 peccata
3395 1148 3700 1218 deplorant,

2113 1237 2315 1292 cnm‘in
2342 1234 2610 1291 infernum
2633 1237 2887 1293 cadentes
2907 1237 3190 1309 plangunt,
3218 1254 3342 1294 cum
3372 1239 3428 1293 in
3463 1242 3708 1309 peccatis

2113 1327 2377 1392 viventes,
2405 1343 2528 1383 cum
2553 1341 2653 1397 pro
2678 1328 2954 1383 desiderio
2969 1330 3120 1400 regni
3147 1329 3385 1386 cmlestis
3411 1332 3706 1387 admodum

2117 1418 2302 1473 tristes
2329 1419 2490 1482 ﬁunt,
2519 1426 2576 1473 et
2609 1429 2843 1488 quatuor
2869 1418 3080 1488 species
3113 1419 3480 1490 lacrymarum
3511 1434 3702 1476 natura

2116 1512 2374 1567 continet.
2403 1509 2542 1566 Sunt
2569 1512 2795 1581 quidem
2811 1510 3061 1580 lacrymae
3097 1511 3331 1566 humidae
3349 1552 3364 1577 ,
3393 1521 3455 1567 ut
3481 1513 3706 1568 abluant

2117 1602 2304 1659 sordes
2335 1610 2712 1673 peccatorum,
2755 1610 2811 1656 et
2855 1601 3146 1657 restituant
3187 1604 3459 1673 perditum
3503 1605 3705 1674 baptis-

2117 1709 2301 1759 mum;
2342 1699 2471 1748 sunt
2503 1691 2658 1748 salsa:
2696 1701 2750 1747 et
2773 1707 3004 1759 amarae,
3048 1701 3108 1748 ut
3149 1695 3490 1763 restringunt
3525 1698 3704 1750 carnis

2116 1781 2342 1848 ﬂuxum,
2372 1790 2428 1837 et
2465 1790 2768 1851 temperent
2796 1781 3135 1837 dulcedinem
3161 1783 3496 1852 voluptatum
3523 1801 3540 1843 ;
3582 1795 3705 1838 sunt

427 1900 590 1953 quam
615 1892 772 1937 vento
801 1883 1096 1947 distentos;
1123 1881 1263 1936 unde
1287 1888 1369 1935 est
1394 1882 1557 1935 etiam
1583 1883 1713 1938 illud
1739 1883 2011 1952 Apostoli:
2042 1873 2091 1932 B
2119 1872 2325 1937 calidzn,
2349 1880 2407 1926 ut
2430 1871 2758 1942 pmvaleam
2778 1880 2965 1926 contra
2988 1871 3322 1928 inﬁdelitatis
3341 1873 3537 1944 frigus.
3571 1874 3707 1927 Sunt

427 1975 659 2030 Scientia
706 1975 878 2045 inﬂat,
926 1973 1157 2027 charitas
1193 1989 1312 2026 vero
1354 1972 1581 2042 wdiﬁcat
1621 1973 1683 2044 (I
1707 1973 1828 2028 Cor.
1860 1974 2012 2046 Vill).

424 2068 766 2138 Quapropter
793 2075 938 2122 recte
965 2065 1338 2136 intelliguntur
1367 2064 1455 2120 hic
1476 2079 1738 2135 pauperes
1762 2066 2014 2133 humiles,

423 2167 479 2214 ct
512 2160 766 2215 timentes
797 2159 1104 2223 Dominum,
1141 2157 1192 2211 id
1219 2164 1327 2221 est,
1373 2173 1481 2210 non
1523 2157 1782 2212 habentes
1823 2157 2017 2213 inﬂan-

431 2260 539 2304 tem
567 2249 836 2319 Spiritum.

500 2341 607 2396 Nec
651 2341 866 2396 aliunde
908 2341 1129 2396 omnino
1171 2341 1406 2410 incipere
1446 2340 1684 2411 Oportuit
1725 2341 2014 2396 beatitudi-

424 2449 581 2496 nem,
615 2432 882 2501 siquidem
926 2440 1250 2500 perventura
1278 2440 1361 2486 est
1397 2431 1462 2485 ad
1493 2446 1758 2486 summam
1799 2433 2015 2502 sapien-

427 2525 556 2579 tiam
586 2542 597 2577 :
632 2523 854 2577 Initium
881 2532 1061 2577 autem
1089 2523 1358 2593 sapientitc
1383 2522 1540 2576 timor
1581 2521 1794 2576 Domini
1825 2522 2013 2593 (Eccli.

428 2631 442 2668 I
466 2632 478 2677 ;
527 2613 673 2667 Psal.
703 2612 814 2684 cx).
839 2612 1106 2678 Quoniam
1128 2627 1158 2666 e
1181 2602 1454 2666 contrario
1487 2610 1694 2664 initium
1718 2612 1884 2664 omnis
1905 2627 2019 2681 pec-

425 2704 531 2756 cati
560 2702 801 2772 superbia
831 2702 1085 2756 scribitur
1110 2699 1300 2772 (Eccli.
1324 2699 1401 2773 x).
1433 2699 1660 2769 Superbi
1688 2709 1942 2770 appetant
1964 2707 2018 2754 et

429 2793 656 2864 diligant
699 2808 864 2864 regna
905 2801 1196 2856 terrarum,
1232 2790 1384 2845 Beati
1419 2799 1597 2846 autem
1635 2807 1887 2861 pauperes
1913 2791 2016 2860 spi-

430 2885 560 2948 ritu,
587 2885 836 2954 quoniam
861 2886 1094 2954 ipsorum
1115 2891 1190 2937 est
1221 2899 1436 2952 regnum
1467 2881 1733 2937 caelorum.

496 2973 649 3028 Beati
671 2975 838 3041 mites,
859 2974 1103 3046 quoniam
1126 2974 1227 3043 ipsi
1256 2973 1587 3043 possidebunt
1614 2982 1827 3026 terram.
1856 2969 2018 3044 (Hie-

428 3063 570 3135 ron.)
590 3062 703 3118 Non
731 3073 931 3118 terram
953 3063 1169 3128 Iudam,
1188 3079 1287 3119 nec
1303 3072 1502 3118 terram
1520 3064 1674 3119 istius
1696 3065 1902 3130 mundi,
1917 3080 2018 3121 nec

431 3163 635 3209 terram
683 3156 1021 3211 maledictam
1065 3156 1248 3225 spinas
1295 3164 1350 3210 et
1393 3155 1619 3211 tribulos
1664 3155 2012 3224 aﬂ'erentem,

2116 1973 2286 2028 purae,
2315 1967 2424 2014 uta
2447 1959 2692 2030 pristinis
2710 1961 2985 2016 erroribus
3010 1962 3314 2025 mundatus,
3339 1963 3396 2016 in
3422 1978 3556 2031 pura
3580 1979 3710 2018 con-

2117 2050 2345 2104 stituant
2370 2050 2798 2106 conversatione.
2847 2051 2940 2106 Ha:
2974 2066 3104 2122 ergo
3132 2066 3232 2121 pro
3267 2052 3487 2106 amissis
3524 2053 3706 2106 charis

2117 2141 2314 2210 saepius
2335 2140 2489 2207 ﬁunt,
2505 2150 2566 2196 ut
2587 2157 2685 2196 nos
2703 2141 3031 2198 admoneant
3053 2151 3321 2213 quatenus
3341 2144 3548 2199 amissa
3569 2145 3704 2198 bona

2116 2248 2281 2303 opera
2308 2247 2650 2304 reparemus,
2698 2244 2753 2290 et
2793 2235 2859 2290 ad
2901 2239 3164 2290 desertam
3207 2251 3240 2290 a
3284 2237 3444 2292 nobis
3485 2248 3719 2308 propter

2115 2325 2617 2394 praevaricationem
2648 2327 2885 2396 paradisi
2925 2329 3154 2398 patriam
3186 2344 3284 2399 per
3325 2329 3706 2386 mandatorum

2121 2416 2213 2471 Dei
2239 2418 2537 2473 custodiam
2576 2419 2878 2474 redeamus.
2910 2419 3137 2490 Semper
3163 2422 3306 2476 enim
3351 2421 3534 2478 luctus
3571 2425 3709 2478 inter

2118 2507 2254 2562 duas
2278 2509 2491 2564 laetitias
2513 2511 2782 2576 consistit,
2812 2511 2866 2567 id
2888 2520 2992 2575 est,
3019 2513 3161 2566 inter
3186 2514 3708 2584 mundi-praeceden-

2118 2608 2250 2667 tem,
2266 2611 2321 2657 et
2341 2603 2577 2658 ctelestis
2598 2605 2750 2675 regni
2774 2605 3313 2675 appropinquantem,
3333 2616 3387 2661 ct
3407 2607 3607 2661 beatus
3625 2610 3714 2661 rei

2121 2694 2428 2763 temporalis
2459 2696 2674 2750 tristitia
2705 2706 2963 2756 aeternam
2992 2697 3257 2767 parturiet
3276 2697 3566 2752 laetitiam-

2191 2783 2344 2839 Beati
2369 2788 2459 2856 qui
2479 2789 2715 2841 esuriant
2744 2798 2791 2842 et
2821 2789 3004 2841 sitiunt
3024 2789 3306 2853 iustitiam,
3333 2791 3590 2859 quoniam
3612 2791 3711 2858 ipsi

2118 2875 2517 2929 saturabuntur.
2551 2876 2822 2947 (Hieron.)
2852 2875 2967 2930 Non
2993 2877 3148 2931 nobis
3169 2875 3367 2932 suﬂicit
3390 2878 3532 2932 velle
3551 2879 3712 2947 justi-

2118 2966 2272 3030 tiam,
2307 2967 2407 3021 nisi
2426 2967 2652 3037 iustitiae
2673 2968 2942 3037 patiamur
2965 2968 3258 3033 famem,ut
3279 2970 3380 3024 sub
3401 2969 3507 3025 hoc
3529 2987 3712 3025 excin-

2118 3058 2206 3127 plo
2228 3074 2501 3129 nunquam
2527 3074 2624 3113 nos
2645 3060 2987 3130 satisjustos,
3017 3060 3111 3114 sed
3137 3074 3356 3129 semper
3377 3060 3535 3115 sitire
3553 3061 3712 3131 justi-

2121 3151 2209 3205 tiae
2238 3166 2400 3220 opera
2430 3151 2808 3221 intelligamus.
2834 3149 3120 3206 Amatores
3147 3166 3275 3221 ergo
3299 3151 3415 3206 veri
3445 3161 3506 3206 et
3531 3151 3714 3206 incon-

428 3262 591 3316 qnam
623 3247 1028 3302 crudelissimus
1049 3217 1278 3317 quisque
1304 3256 1360 3302 et
1383 3247 1614 3304 bellator
1639 3251 1810 3320 magis
1838 3217 2015 3321 passi;
2043 3217 2088 3279 C
2119 3217 2413 3295 CUSSi—boni
2437 3240 2530 3294 ῘΠΟ
2551 3217 2673 3296 Cibo
2701 3239 3110 3304 εθιυηὼυηῑυτι
3143 3217 3348 3309 deﬂuo
3381 3241 3503 3309 ipse
3532 3241 3712 3295 Domi"

424 3339 537 3404 det,
568 3339 661 3394 sed
689 3348 890 3393 terram
918 3355 1080 3409 quam
1121 3339 1404 3394 Psalmista
1440 3339 1741 3406 desiderat,
1789 3343 1972 3398 dicens
1999 3361 2010 3395 :

423 3425 591 3482 Credo
621 3429 791 3483 ridere
820 3429 955 3483 bona
983 3430 1198 3484 Domini
1239 3431 1295 3483 in
1336 3438 1476 3484 terra
1514 3432 1788 3486 viventium
1829 3431 2011 3503 (Psal.

423 3519 1037 3591 cxn').,llnjusccmodi
1089 3536 1410 3591 possessor,
1462 3531 1515 3576 et
1562 3508 1684 3592 post
1731 3523 2014 3579 victoriam

423 3609 789 3679 triumphator
831 3611 996 3665 etiam
1035 3611 1088 3667 in
1124 3613 1535 3684 quadragesimo
1574 3622 1767 3683 quarto
1807 3615 2013 3684 psalmo

422 3700 786 3755 describitur:
829 3700 897 3755 Et
921 3703 1146 3770 intende,
1188 3703 1395 3773 inquit,
1440 3719 1680 3774 prospere
1704 3706 1942 3774 procede,
1967 3716 2015 3762 et

423 3805 582 3860 regna
624 3799 835 3860 propter
863 3793 1127 3847 veritatem
1149 3833 1165 3859 ,
1204 3802 1252 3848 et
1278 3793 1752 3860 mansuetudinem,
1783 3804 1831 3848 et
1855 3795 2016 3865 justi-

419 3881 549 3933 tiam
578 3879 750 3953 (Psal.
774 3885 944 3952 κων).
973 3883 1140 3937 Nemo
1165 3883 1309 3938 enim
1335 3891 1538 3939 terram
1564 3883 1723 3938 istam
1745 3899 1842 3954 per
1863 3901 2016 3940 man-

422 3971 784 4038 suetudinem,
810 3973 903 4027 sed
933 3989 1030 4043 per
1067 3973 1375 4044 superbiam
1399 3972 1659 4044 possidet.
1691 3973 1874 4046 (Aug)
1919 3975 2009 4031 Si-

423 4062 645 4132 gniﬁcat
669 4063 812 4118 enim
852 4071 995 4118 terra
1031 4063 1120 4118 illa
1149 4064 1436 4133 quamdam
1473 4063 1799 4119 soliditatem
1824 4073 1876 4119 et
1903 4074 2013 4121 sta-

418 4151 685 4205 bilitatem
735 4151 1064 4207 haereditatis
1105 4161 1408 4223 perpetuas,
1453 4154 1545 4208 ubi
1587 4154 1767 4208 anima
1797 4169 1894 4224 per
1917 4155 2013 4211 bo-

422 4261 549 4300 num
571 4244 824 4300 allectum
850 4254 1110 4317 tanquam
1132 4247 1248 4303 loco
1269 4263 1366 4304 suo
1387 4247 1642 4318 quiescit,
1659 4247 1799 4301 sicut
1815 4261 2012 4316 corpus

421 4335 476 4388 in
509 4345 686 4400 terra,
719 4346 774 4393 et
811 4338 933 4392 inde
981 4340 1101 4393 cibo
1142 4355 1240 4394 suo
1284 4339 1471 4405 alitur,
1515 4339 1657 4395 sicut
1703 4353 1898 4409 corpus
1943 4353 2011 4393 ex

420 4437 586 4482 terra.
633 4430 748 4500 Ipsa
791 4439 874 4486 est
917 4431 1130 4500 requies
1159 4440 1214 4486 et
1238 4433 1346 4487 vita
1372 4442 1704 4488 sanctorum.
1735 4431 1890 4487 Mites
1915 4447 2011 4486 au-

422 4527 530 4572 tem
558 4530 685 4574 sunt
715 4521 806 4590 qui
837 4521 1036 4576 cedunt
1059 4523 1513 4593 improbitatibus,
1539 4532 1593 4578 et
1616 4539 1722 4579 non
1749 4523 2010 4578 resistunt

420 4607 474 4661 in
504 4609 676 4673 malo,
717 4611 810 4665 sed
851 4612 1061 4666 vincunt
1093 4614 1146 4665 in
1173 4613 1305 4667 bono
1331 4613 1530 4666 malum
1558 4612 1730 4684 (Rom.
1758 4611 1896 4681 xu);
1934 4613 2009 4667 ri-

421 4707 620 4751 xentur
656 4715 786 4770 ergo
833 4701 1088 4766 immites,
1128 4711 1182 4756 et
1225 4703 1482 4757 dimicent
1527 4718 1628 4772 pro
1675 4704 1910 4760 terrenis
1955 4714 2010 4759 et

421 4790 806 4861 temporalibus
834 4792 1013 4857 rebus,
1041 4793 1193 4848 Beati
1220 4802 1398 4850 autem
1438 4795 1610 4860 mites,
1639 4797 1888 4868 quoniam
1910 4797 2009 4867 ipsi

418 4880 726 4937 htcreditate
771 4883 1103 4953 possidebunt
1157 4896 1351 4941 terram
1378 4929 1392 4953 ,
1440 4887 1507 4944 de
1551 4904 1654 4958 qua
1697 4888 1853 4944 evelli
1899 4905 2006 4944 non

419 4981 666 5042 possunt.

489 5063 644 5118 Beati
671 5065 759 5136 qui
781 5064 976 5137 lugent,
1000 5069 1247 5137 quoniam
1266 5066 1366 5136 ipsi
1391 5067 1815 5122 consolabuntur.
1849 5066 2003 5138 (Hie-

419 5155 558 5227 ron.)
575 5154 774 5211 Luctus
791 5156 879 5211 hic
899 5173 1006 5211 non
1025 5165 1358 5212 mortuorum
1373 5157 1592 5227 ponitur
1603 5159 1872 5213 communi
1889 5159 2003 5231 lege

415 5253 645 5313 naturae,
673 5248 766 5302 sed
793 5249 1029 5319 peccatis
1052 5248 1268 5303 etvitiis
1292 5257 1645 5304 mortuorum.
1672 5248 1763 5304 Sic
1786 5249 1933 5306 ﬂevit
1949 5259 2005 5307 ct

418 5337 637 5394 Samuel
672 5339 922 5404 Sanlcm,
969 5339 1095 5408 quia
1137 5338 1463 5409 pcenitncrat
1507 5341 1813 5402 Dominum,
1859 5343 2001 5411 quod

412 5434 661 5488 unxisset
688 5448 810 5487 cum
842 5449 1020 5504 regem
1049 5447 1212 5502 super
1237 5432 1403 5487 Israel
1434 5431 1498 5502 (ι
1523 5431 1651 5502 Reg.
1680 5431 1799 5502 xv).
1828 5432 1917 5486 Sic
1947 5442 2003 5488 et

416 5521 617 5581 Paulus
643 5525 917 5595 apostolus
941 5526 1070 5582 ﬂere
1093 5536 1150 5582 et
1182 5528 1364 5598 lugere
1401 5542 1460 5582 se
1485 5528 1617 5582 dicit
1644 5543 1737 5584 eos
1762 5528 1852 5597 qui
1882 5535 2005 5596 post

415 5611 828 5669 fornicationem
867 5625 923 5670 et
965 5617 1362 5673 immunditiam
1406 5632 1510 5672 non
1559 5627 1787 5689 egerunt
1823 5619 2001 5688 pumi-

415 5703 662 5755 tcntiam.
688 5704 890 5762 Luctus
918 5715 1001 5762 est
1025 5708 1244 5764 tristitia
1268 5711 1335 5766 de
1371 5709 1663 5766 amissione
1687 5711 1997 5779 charorum,

415 5792 663 5846 conversi
688 5803 865 5850 autem
899 5797 963 5851 ad
989 5797 1274 5856 Dominum
1312 5817 1375 5858 ea
1411 5817 1528 5872 qua:
1563 5801 1617 5858 in
1653 5801 1754 5859 hoc
1798 5802 1997 5858 mundo

2031 4565 2085 4626 D

2115 3346 2218 3387 nus
2245 3331 2412 3386 dicit:
2440 3330 2590 3385 Meus
2616 3332 2760 3384 cibus
2787 3341 2863 3384 est
2887 3340 2942 3383 ut
2965 3331 3161 3400 faciant
3185 3330 3506 3385 voluntatem
3530 3328 3710 3385 Patris

2115 3424 2216 3477 mei
2245 3421 2424 3494 (Joan.
2457 3423 2532 3492 ιν)
2555 3460 2568 3485 ,
2602 3423 2744 3489 quod
2781 3429 2866 3474 est
2882 3420 3117 3490 justitia,
3143 3429 3198 3474 ct
3221 3420 3306 3473 illa
3332 3436 3478 3490 aqua
3503 3420 3573 3474 de
3601 3436 3716 3489 qna-

2113 3513 2348 3584 quisquis
2385 3510 2596 3573 biberit,
2639 3518 2697 3563 ut
2728 3510 2874 3564 idem.
2904 3509 3064 3573 dicit,
3103 3510 3194 3578 ﬁet
3222 3510 3276 3563 in
3315 3525 3375 3563 eo
3402 3509 3533 3578 fons
3558 3526 3708 3579 aqua:

2112 3603 2347 3658 salientis
2372 3602 2427 3656 in
2455 3601 2612 3656 vitam
2639 3610 2891 3654 internum
2918 3600 3130 3671 (Ibid.).

2185 3693 2337 3747 Beati
2384 3692 2778 3756 misericordes,
2827 3691 3076 3760 quoniam
3129 3691 3228 3761 ipsi
3280 3691 3714 3744 misericordiam

2113 3793 2510 3856 consequentur.
2537 3781 2805 3854 (Ilieron.)
2832 3781 3198 3837 Misericordia
3225 3796 3356 3851 ergo
3376 3796 3491 3835 non
3527 3781 3704 3835 solum

2114 3879 2168 3932 in
2199 3877 2557 3948 eleemosynis
2582 3873 2921 3944 intelligitur,
2948 3873 3041 3927 sed
3083 3872 3136 3925 in
3167 3870 3311 3926 omni
3342 3877 3578 3940 peccato
3598 3869 3712 3922 ira--

2112 3972 2231 4037 tris,
2261 3971 2308 4026 si
2335 3968 2560 4024 alterius
2585 3974 2642 4021 ut
2663 3981 2829 4021 onera
2852 3973 3039 4020 nostra
3061 3970 3368 4032 portemus,
3393 3961 3444 4014 si
3468 3961 3704 4015 inscium

2113 4065 2442 4126 doceamus,
2491 4060 2537 4116 si
2589 4067 2866 4114 errantem
2921 4057 3274 4126 corrigamus.
3328 4054 3716 4109 Misericordia.

2111 4153 2257 4210 enim
2287 4169 2396 4207 non
2423 4151 2595 4207 solum
2629 4149 2684 4205 in
2713 4150 2869 4205 donis
2899 4147 3286 4218 corporalibus,
3325 4147 3420 4202 sed
3446 4146 3616 4200 etiam
3645 4147 3701 4200 in

2112 4243 2396 4299 animabus
2416 4239 2703 4304 sanandis,
2730 4238 3030 4294 exercenda
3051 4247 3153 4290 est.
3185 4235 3392 4302 Quibus
3418 4236 3523 4290 hoc
3548 4250 3578 4288 a
3603 4235 3709 4288 mi-

2111 4335 2386 4392 sericorde
2417 4327 2601 4406 judice
2641 4331 2979 4402 rependitur,
3027 4329 3172 4399 quod
3211 4329 3315 4399 ipsi
3366 4327 3437 4383 de
3477 4327 3699 4383 miseria

2110 4429 2427 4484 liberentur.

2180 4517 2335 4573 Beati
2371 4516 2565 4571 mundo
2591 4514 2777 4580 corde,
2819 4512 3066 4584 quoniam
3107 4511 3207 4582 ipsi
3237 4510 3525 4565 Dominum
3555 4514 3702 4563 etde-

2111 4610 2258 4664 bunt.
2304 4607 2486 4663 Mundi
2525 4607 2686 4662 corde
2725 4613 2871 4670 sunt,
2917 4619 3054 4675 quos
3093 4618 3199 4658 non
3238 4603 3420 4673 arguit
3445 4602 3535 4655 illa
3565 4617 3698 4654 con-

2111 4701 2334 4758 scientia
2368 4700 2608 4772 peccati;
2643 4713 2768 4754 nam
2798 4699 3030 4753 mundus
3058 4698 3259 4752 mundo
3288 4697 3455 4751 corde
3483 4699 3704 4764 conspi-

2111 4792 2274 4856 citur,
2298 4789 2554 4860 templum
2581 4788 2679 4843 Dei
2705 4805 2812 4844 non
2835 4796 3014 4860 potest
3038 4802 3158 4843 esse
3190 4786 3477 4856 pollutum.
3510 4786 3698 4856 (Λιισ.)

2110 4882 2282 4949 Quam
2313 4895 2444 4949 ergo
2471 4879 2619 4934 stulti
2649 4888 2814 4945 sunt,
2843 4880 2934 4949 qui
2974 4879 3144 4934 Deum
3177 4878 3298 4933 istis
3331 4877 3701 4932 exterioribus

2109 4970 2279 5027 oculis
2324 4977 2603 5040 quaerunt,
2657 4984 2780 5023 cum
2833 4968 2996 5023 corde
3052 4967 3316 5021 videatur.
3367 4966 3520 5021 Sicut
3569 4967 3699 5020 alibi

2108 5062 2366 5132 scriptum
2400 5069 2485 5116 est
2518 5079 2531 5114 :
2567 5059 2638 5114 Et
2662 5061 2717 5114 in
2740 5058 3070 5130 simplicitate
3097 5058 3271 5112 cordis
3297 5061 3519 5128 quaerite
3546 5058 3696 5111 illam

2110 5153 2258 5225 (Sap.
2293 5155 2354 5223 ι).
2397 5151 2512 5209 Hoc
2538 5161 2623 5208 est
2664 5153 2808 5206 enim
2841 5151 3099 5206 mundum
3124 5165 3242 5217 cor,
3268 5151 3412 5220 quod
3451 5161 3536 5205 est
3562 5150 3694 5204 sim-

2108 5251 2231 5323 plex
2275 5265 2389 5315 cor,
2431 5258 2488 5304 et
2531 5248 2982 5318 quemadmodum
3021 5247 3200 5302 lumen
3244 5247 3350 5302 hoc
3389 5245 3560 5300 videri
3591 5261 3696 5298 non

2109 5352 2309 5414 potest,
2342 5343 2448 5398 nisi
2482 5341 2654 5397 oculis
2693 5341 2929 5405 mundis,
2956 5340 3030 5393 ita
3056 5353 3159 5393 nec
3179 5338 3321 5392 Dens
3348 5337 3567 5392 videtur
3594 5337 3693 5390 nisi

2109 5435 2368 5489 mundum
2391 5434 2462 5488 sit
2489 5432 2618 5487 illud
2643 5446 2752 5501 quo
2770 5429 2939 5486 videri
2969 5436 3167 5499 potest.
3194 5427 3490 5500 (Manlius)
3513 5427 3694 5482 Domi-

2109 5542 2236 5580 num
2272 5527 2416 5581 enim
2447 5524 2632 5580 mundi
2671 5525 2835 5580 corde
2869 5523 3054 5578 vident
3080 5522 3171 5577 hic
3199 5521 3254 5575 in
3281 5520 3574 5590 aenigmate
3599 5535 3695 5589 per

2108 5617 2354 5686 gratiam,
2387 5615 2442 5670 in
2474 5615 2655 5672 futuro
2679 5625 2861 5672 autem
2895 5615 3034 5672 facie
3059 5615 3128 5670 ad
3164 5613 3382 5682 faciem,
3411 5613 3540 5682 quia
3569 5622 3706 5667 uino»

2107 5715 2454 5778 cognoscent,
2486 5707 2626 5762 sicut
2655 5717 2709 5763 et
2741 5707 2942 5779 cogniti
2976 5715 3138 5763 erunt
3166 5705 3218 5776 (1
3241 5705 3366 5760 Cor.
3405 5703 3548 5774 xm).

2178 5799 2326 5854 Beati
2340 5799 2568 5870 paciﬁci,
2582 5801 2826 5870 quoniam
2840 5800 2939 5869 ﬁlii
2955 5799 3050 5855 Dei
3064 5797 3405 5853 vocabuntur.
3421 5793 3696 5866 (Ηὶετοη.)
