3986 6192
419 375 524 430 7J7

1406 369 1758 428 cannam.
1798 369 1866 426 IN
1905 369 2339 428 nummum.
2370 355 2449 414 ’ἐ-
2485 373 2611 432 Lm.
2652 374 2713 430 ll.

3532 353 3540 364 I

3573 383 3677 442 798

420 489 640 546 Paciﬁci
668 504 797 559 ergo
819 488 888 542 illi
928 487 1029 542 rite
1054 494 1331 552 vocantur,
1366 488 1456 558 qui
1489 489 1722 556 primum
1752 489 1807 542 in
1831 489 1995 543 corde
2024 493 2071 550 Α
2100 504 2304 543 morem
2331 491 2446 544 Dei.
2485 490 2591 546 Sed
2614 492 2822 545 initium
2853 495 3122 562 sapientiae
3150 495 3308 549 timor
3339 496 3549 553 Domini
3576 513 3683 561 est.

420 596 542 644 suo,
578 578 773 633 deinde
805 579 943 631 inter
980 576 1177 632 fratres
1205 576 1522 632 dissidentes
1550 593 1740 646 pacem
1769 577 1998 632 faciunt.

420 671 605 741 (.tug.)
637 669 774 736 Quid
797 669 940 722 enim
963 669 1179 738 prodest
1208 683 1304 737 per
1334 679 1385 724 te
1404 669 1538 724 alios
1559 671 1761 739 pacari,
1797 685 1920 724 cum
1944 669 1999 723 in

420 773 513 816 tuo
542 762 722 815 animo
751 761 860 815 sint
890 759 1026 813 bella
1054 758 1338 823 vitiorum;
1375 759 1428 813 in
1451 775 1584 828 pace
1615 768 1796 814 autem
1823 758 1997 828 perfe-

417 855 530 908 ctio
551 861 650 917 est,
687 852 776 906 ubi
813 851 946 904 nihil
986 859 1266 921 repugnat,
1306 859 1360 904 et
1384 850 1504 905 ideo
1528 850 1620 905 ﬁlii
1649 852 1740 906 Dei
1763 850 1996 920 paciﬁci,

417 946 676 1016 quoniam
702 943 831 997 nihil
861 942 1065 997 resistit
1091 941 1198 996 Deo
1226 982 1240 1007 ,
1282 951 1335 994 et
1364 942 1549 1010 utique
1573 940 1665 994 ﬁlii
1690 941 1967 996 sitnilitutli

416 1053 542 1092 nem
581 1036 750 1107 patris
780 1033 978 1089 habere
1017 1034 1230 1088 debent.
1264 1031 1478 1088 Paciﬁci
1509 1040 1687 1087 autem
1716 1033 1769 1086 in
1804 1043 1997 1087 semet—

416 1128 550 1199 ipsis
575 1135 722 1191 sunt,
746 1125 837 1194 qui
863 1139 1052 1180 onmes
1081 1122 1245 1177 animi
1279 1123 1361 1178 sui
1387 1130 1564 1177 motus
1593 1132 1994 1192 componentes,

415 1229 472 1275 et
497 1217 845 1286 subjicientes
872 1215 1068 1270 rationi
1093 1255 1108 1278 ,
1138 1215 1192 1270 id
1219 1223 1304 1270 est
1333 1214 1502 1270 menti
1529 1223 1586 1269 et
1609 1214 1839 1285 spiritui,
1872 1231 1997 1270 car-

413 1311 675 1381 nalesque
714 1306 1181 1377 concupiscentias
1229 1306 1487 1361 habentes
1534 1305 1818 1372 edomitus,
1864 1304 2000 1361 ﬁunt

417 1415 642 1470 regnum
671 1399 802 1464 Dei,
850 1397 906 1452 in
940 1411 1046 1467 quo
1076 1396 1148 1450 ita
1176 1405 1302 1452 sunt
1340 1397 1590 1452 ordinata
1617 1397 1821 1462 omnia,
1854 1404 1910 1451 ut
1940 1397 1996 1452 id

415 1491 560 1560 quod
585 1498 668 1546 est
691 1489 744 1544 in
771 1488 988 1544 homine
1013 1487 1345 1558 praecipuum
1368 1495 1423 1543 et
1451 1487 1740 1554 excellens,
1764 1488 1867 1543 hoc
1888 1489 1998 1543 im-

413 1587 586 1649 peret,
619 1577 830 1633 caeteris
866 1591 974 1631 non
1006 1575 1393 1632 reluctantibus
1421 1593 1542 1648 qua:
1567 1586 1694 1633 sunt
1717 1579 1871 1633 nobis
1897 1579 1996 1633 be—

414 1669 640 1738 stiisque
685 1666 1027 1732 communia,
1075 1676 1238 1736 atque
1277 1666 1331 1721 id
1376 1667 1551 1738 ipsum
1591 1668 1735 1738 quod
1781 1669 1998 1724 excellit

412 1761 468 1814 in
500 1758 715 1813 homine
733 1799 749 1823 ,
776 1758 829 1814 id
858 1765 941 1813 est
967 1772 1118 1812 mens
1143 1766 1199 1811 et
1228 1759 1386 1823 ratio,
1415 1758 1729 1828 subjiciatur
1763 1758 1986 1829 potiori,

413 1849 556 1918 quod
586 1855 668 1902 est
698 1847 811 1918 ipsa
850 1845 1082 1909 Veritas,
1117 1846 1427 1917 unigenitus
1449 1845 1617 1901 Filius
1649 1847 1764 1901 Dei.

485 1937 666 2006 Neque
701 1937 964 2004 imperare
995 1934 1340 1990 inferioribus
1371 1943 1550 2004 potest
1589 1935 1690 1989 nisi
1729 1935 1991 2005 superiori

410 2043 473 2082 se
505 2027 616 2097 ipse
645 2024 913 2094 subjiciat.
946 2025 1013 2079 Et
1041 2026 1155 2079 haec
1181 2034 1266 2080 est
1287 2041 1393 2093 pax
1427 2041 1546 2094 qua:
1574 2026 1734 2081 datur
1762 2026 1993 2082 homini-

413 2117 514 2172 bus
542 2116 596 2170 in
630 2125 773 2170 terra
803 2115 954 2170 home
983 2113 1294 2168 voluntatis.
1329 2113 1455 2169 Haec
1482 2115 1591 2169 vita
1633 2116 1991 2172 consummati

409 2207 747 2277 perfectique
789 2207 1068 2276 sapientis.
1105 2206 1180 2261 De
1208 2205 1367 2274 hujus
1405 2223 1599 2278 magno
1633 2224 1798 2279 regno
1831 2223 1993 2278 paca-

410 2300 622 2354 tissimo
655 2309 709 2353 ct
746 2298 1150 2354 ordinatissiino
1187 2299 1383 2354 missus
1429 2307 1514 2353 est
1558 2297 1704 2354 foras
1741 2300 1992 2369 princeps

410 2390 568 2458 hujus
612 2389 822 2454 saeculi,
861 2390 950 2458 qui
982 2389 1252 2458 perversis
1291 2388 1718 2459 inordinatisque
1746 2390 1992 2445 domina-

409 2489 515 2534 tur.
550 2479 662 2534 Hac
693 2496 826 2550 pace
867 2479 1192 2534 intrinsecus
1229 2479 1520 2534 constituta
1560 2488 1721 2549 atque
1753 2480 1986 2547 ﬁrmata,

407 2585 758 2638 quascunque
787 2570 1188 2639 persecutiones
1220 2569 1333 2635 ille,
1368 2570 1460 2640 qui
1490 2569 1638 2624 foras
1672 2571 1872 2626 missus
1907 2583 1991 2628 est

408 2660 706 2715 forinsecus
757 2661 1149 2726 concitaverit,
1209 2669 1369 2733 auget
1415 2661 1681 2732 gloriam,
1730 2679 1851 2733 quae
1904 2679 1988 2719 se-

406 2751 641 2806 cun‘tlum
675 2751 840 2804 Deum
869 2758 952 2805 est
975 2791 989 2814 ,
1021 2767 1126 2804 non
1153 2751 1355 2820 aliquid
1384 2751 1437 2805 in
1469 2751 1558 2806 illo
1579 2753 1806 2808 aediﬁcio
1841 2754 1988 2809 labe-

406 2842 616 2894 factans
635 2881 648 2904 ,
679 2841 769 2895 sed
796 2841 1168 2896 deﬁcientibus
1196 2843 1459 2896 machinis
1489 2843 1623 2909 suis,
1652 2845 1988 2901 innotescere

405 2934 608 2987 faciens
646 2943 844 3003 quanta
876 2934 1104 2990 ﬁrmitas
1137 2935 1281 2990 intus
1311 2943 1584 2992 exstructa
1621 2939 1708 2992 sit.
1747 2938 1871 2994 Ideo
1901 2955 1988 2995 sc-

403 3024 622 3094 quitur:

474 3113 625 3167 Beati
640 3117 729 3184 qui
754 3116 1158 3184 persecutionem
1177 3118 1452 3186 patiuntur
1472 3129 1682 3190 propter
1690 3121 1980 3190 justitiam,

401 3205 649 3274 quoniam
678 3205 908 3275 ipsorum
938 3215 1012 3260 est
1048 3223 1259 3276 regnum
1297 3207 1562 3262 caelorum.
1597 3209 1866 3285 (Hierom)
1895 3212 1982 3268 Si-

401 3305 632 3367 gnanter
657 3295 859 3350 addidit
882 3306 1092 3366 propter
1108 3297 1397 3366 justitiam.
1420 3298 1572 3353 Multi
1595 3301 1737 3355 enim
1761 3311 1983 3373 propter

401 3401 500 3440 sua
531 3393 754 3456 peccata
789 3387 1070 3454 patiuntur
1104 3389 1572 3458 persecutionem,
1612 3403 1667 3448 et
1710 3411 1818 3450 non
1857 3404 1983 3450 sunt

395 3476 546 3543 justi.
579 3475 856 3547 Simulque
879 3478 1161 3534 considera
1185 3481 1332 3550 quod
1360 3491 1550 3538 octava
1577 3501 1722 3541 verte
1750 3488 1984 3543 circum-

401 3567 622 3624 t-isionis
651 3569 950 3637 beatitudo,
985 3572 1247 3643 martyrio
1276 3574 1616 3632 terminatur.
1655 3577 1840 3650 (Aug.)
1872 3579 1978 3650 lgi-

400 3669 490 3714 tur
535 3661 634 3716 iste
682 3663 1069 3718 sententiarum
1115 3680 1372 3720 numerus
1407 3665 1692 3738 diligenter
1733 3670 1982 3724 conside-

400 3754 600 3808 randus
618 3763 718 3808 est.
755 3754 945 3825 Incipit
967 3757 1111 3811 enim
1141 3756 1417 3813 beatitudo
1443 3761 1512 3815 ab
1540 3761 1846 3816 humilitate
1873 3803 1888 3828 ,
1921 3771 1981 3816 ut

397 3857 484 3900 est
500 3886 512 3907 ,
544 3844 679 3898 beati
707 3861 958 3916 pauperes
983 3848 1197 3917 spiritu,
1222 3857 1277 3903 et
1296 3851 1525 3919 septimo
1551 3850 1717 3920 gradu
1740 3852 1979 3906 continet

399 3937 567 4002 ipsum
599 3936 936 4005 sapientiam,
971 3938 1021 3993 id
1043 3947 1146 4004 est,
1178 3939 1684 4010 contemplationem
1712 3941 1976 4008 veritatis,

397 4026 688 4094 pacificans
738 4035 909 4082 totum
948 4029 1222 4084 hominem
1253 4038 1307 4084 et
1337 4030 1636 4100 suscipiens
1673 4031 1979 4086 similitudi-

397 4132 520 4169 nem
559 4116 684 4183 Dei,
721 4133 840 4188 quze
871 4119 941 4174 ita
976 4120 1356 4176 concluditur:
1392 4121 1543 4175 Beati
1581 4123 1812 4192 paciﬁci,
1847 4141 1979 4195 quo-

397 4208 540 4259 niam
589 4207 687 4277 ipsi
723 4206 824 4275 filii
857 4207 951 4270 Dei
1001 4209 1340 4264 vocabuntur.
1384 4209 1584 4266 Octava
1622 4219 1877 4281 tanquam
1909 4213 1978 4268 ad

393 4307 558 4367 caput
622 4299 762 4353 redit
793 4339 807 4363 ,
862 4300 991 4369 quia
1047 4311 1505 4368 consummatum,
1569 4302 1977 4375 perfectumque

393 4390 662 4456 ostendit,
688 4398 742 4445 et
766 4391 976 4460 probat.
1003 4391 1190 4462 Itaque
1211 4393 1264 4446 in
1297 4394 1469 4463 prima
1498 4404 1553 4448 et
1575 4403 1767 4450 octava
1802 4397 1976 4452 nomi-

395 4490 577 4534 natum
602 4490 686 4536 est
712 4496 935 4550 regnum
961 4481 1221 4537 cmlorum
1253 4501 1265 4536 :
1294 4482 1446 4537 Beati
1477 4501 1732 4556 pauperes
1757 4489 1972 4558 spiritu,
2005 4530 2056 4589 Β

390 4571 639 4641 quoniam
681 4572 914 4641 ipsorum
953 4581 1026 4626 est
1073 4588 1287 4644 regnum
1319 4573 1586 4641 caelorum,
1625 4586 1670 4630 et
1704 4576 1839 4631 beati
1886 4581 1976 4649 qui

389 4664 800 4733 persecutionem
841 4663 1115 4734 patiuntur
1157 4674 1369 4734 propter
1400 4665 1686 4736 justitiam,
1730 4668 1977 4740 quoniam

390 4755 626 4823 ipsorum
651 4763 725 4809 est
751 4771 966 4825 regnum
995 4752 1262 4809 calorum.
1291 4754 1424 4810 Cum
1441 4756 1556 4826 jam
1583 4757 1816 4812 dicitur:
1848 4757 1978 4825 Quis

391 4864 487 4901 nos
509 4847 769 4916 separabit
796 4864 828 4900 a
851 4847 1106 4901 charitate
1135 4844 1349 4912 Christi,
1374 4847 1682 4903 tribulatio?
1709 4867 1779 4904 an
1811 4867 1980 4921 angu-

389 4939 534 4991 stia?
563 4955 632 4991 an
671 4937 956 5007 persecutio
972 4937 998 4990 .7
1029 4954 1099 4991 an
1133 4937 1298 5006 fames
1322 4937 1348 4989 ?
1372 4953 1440 4990 an
1471 4937 1722 4992 auditas?
1749 4957 1819 4993 an
1842 4940 1980 5009 peri-

387 5027 566 5082 culum
581 5029 607 5081 Σ)
629 5045 697 5081 an
720 5027 970 5098 gladius?
996 5026 1217 5098 Septem
1239 5035 1367 5084 sunt
1381 5043 1511 5098 ergo
1531 5045 1650 5099 quae
1666 5030 1971 5099 perﬁciunt,

390 5135 513 5173 nam
535 5127 724 5173 octava
745 5118 1030 5185 clariﬁcat,
1064 5127 1120 5175 et
1149 5121 1292 5190 quod
1311 5119 1609 5190 perfectum
1637 5131 1720 5176 est
1746 5122 1975 5177 demon-

388 5221 548 5278 strat,
577 5220 636 5265 ut
647 5227 743 5281 per
755 5212 854 5267 hos
866 5203 1068 5283 gradus
1080 5211 1429 5281 perﬁciantur
1441 5220 1654 5277 ca‘tera,
1673 5222 1927 5282 tanquam
1941 5228 1973 5267 a

384 5305 562 5373 capite
597 5317 820 5357 rursum
863 5302 1173 5357 exordiens.
1217 5302 1441 5358 Videtur
1477 5317 1608 5375 ergo
1646 5303 1777 5357 mihi
1807 5303 1972 5358 etiam

384 5392 719 5464 septiformis
769 5393 1012 5464 operatio
1041 5391 1274 5462 Spiritus
1317 5394 1510 5460 sancti,
1554 5395 1622 5449 de
1658 5409 1766 5464 qua
1802 5392 1974 5449 Isaias

384 5485 625 5554 loquitur
657 5482 793 5557 (lsa.
843 5483 944 5554 sn)
964 5524 980 5550 ,
1014 5484 1100 5539 his
1139 5484 1396 5556 gradibus
1421 5485 1810 5556 sententiisque
1839 5501 1970 5541 con-

381 5593 598 5648 gruere.
650 5577 758 5634 Sed
801 5577 1030 5632 interest
1067 5577 1302 5644 ordinis;
1349 5592 1474 5632 nam
1522 5576 1596 5631 ibi
1633 5577 1973 5632 enumeratio

383 5671 454 5724 ab
487 5669 965 5726 excellentioribus
991 5669 1155 5739 cmpit
1173 5709 1189 5736 ,
1231 5669 1320 5725 hic
1347 5685 1476 5724 vero
1501 5668 1570 5722 ab
1600 5666 1966 5724 inferioribus.

384 5765 457 5826 lbi
493 5780 725 5834 namque
765 5763 953 5835 incipit
980 5779 1010 5820 a
1039 5763 1303 5833 sapientia
1331 5762 1446 5829 Dei,
1489 5771 1545 5817 et
1567 5762 1761 5818 desinit
1798 5761 1865 5817 ad
1895 5761 1965 5826 ti-

2106 581 2447 651 Quapropter
2493 584 2538 638 si
2581 585 2848 650 gradatim
2888 593 3142 654 tanquam
3181 588 3535 644 ascendentes
3583 609 3685 645 nu-

2106 687 2405 733 meremus,
2446 673 2652 742 primus
2677 674 2873 744 gradus
2903 675 2974 729 ibi
3013 685 3100 730 est
3131 677 3291 730 timor
3317 676 3563 744 Domini,
3599 697 3686 737 se-

2105 763 2313 818 cundus
2350 764 2548 832 pietas,
2596 766 2789 819 tertius
2839 766 3086 831 scientia,
3133 776 3356 836 quartus
3402 769 3680 835 fortitudo,

2101 852 2322 921 quintus
2357 853 2664 918 consilium,
2705 862 2889 908 sextus
2928 853 3249 922 intellectus,
3294 859 3553 928 septimus
3593 877 3682 915 sa-

2100 942 2320 1012 pientia.
2361 942 2546 996 Timor
2577 943 2786 997 Domini
2824 944 3074 1016 congruit
3113 946 3425 1013 humilibus,
3468 950 3535 1004 de
3567 952 3686 1020 qni-

2100 1031 2201 1086 bus
2232 1032 2318 1087 hic
2347 1032 2542 1086 dicitur
2572 1051 2584 1086 :
2616 1031 2771 1086 Beati
2796 1049 3048 1104 pauperes
3075 1034 3260 1104 spiritu
3282 1077 3295 1100 ,
3323 1039 3569 1107 quoniam
3601 1039 3682 1108 ip-

2099 1137 2278 1174 sorum
2319 1129 2393 1174 est
2428 1137 2639 1190 regnum
2671 1121 2948 1187 cat-lorum,
2981 1123 3034 1178 id
3064 1131 3178 1190 est,
3212 1140 3320 1178 non
3350 1126 3536 1192 inﬂati,
3577 1143 3684 1182 non

2100 1212 2276 1280 super!
2300 1211 2338 1264 i.
2371 1211 2444 1265 De
2479 1211 2674 1279 quibus
2723 1211 3006 1280 Apostolus
3033 1213 3162 1268 dicit
3192 1232 3204 1267 :
3242 1212 3368 1268 Noli
3400 1214 3565 1268 altum
3599 1233 3685 1269 sa-

2096 1316 2236 1371 pere,
2269 1299 2360 1353 sed
2409 1300 2554 1364 time,
2606 1300 2657 1353 id
2685 1308 2787 1365 est,
2831 1301 2939 1355 noli
2970 1302 3178 1358 extolli.
3230 1303 3412 1358 Pietas
3437 1306 3684 1374 congruit

2099 1389 2344 1456 mitibus,
2393 1391 2484 1460 qui
2528 1390 2671 1444 enim
2723 1391 2812 1460 pie
2864 1393 3091 1461 quaerit,
3151 1393 3380 1448 honorat
3437 1405 3684 1449 sanctam

2100 1481 2475 1552 Scripturam,
2513 1491 2569 1538 et
2603 1497 2710 1537 non
2755 1483 3099 1551 reprehendit
3136 1485 3279 1553 quod
3318 1484 3557 1538 nondum
3598 1485 3680 1538 in-

2098 1574 2322 1645 telligit,
2371 1582 2426 1629 et
2470 1583 2753 1644 propterea
2787 1591 2893 1630 non
2928 1576 3160 1639 resistit,
3191 1577 3333 1646 quod
3372 1586 3455 1632 est
3494 1578 3681 1631 mitem

2097 1679 2256 1730 esse;
2298 1665 2441 1720 unde
2477 1665 2565 1720 hic
2613 1665 2852 1720 dicitur:
2885 1664 3040 1719 Beati
3082 1668 3254 1732 mites,
3294 1667 3542 1738 quoniam
3581 1669 3683 1736 ipsi

2096 1755 2402 1809 lttcreditate
2425 1755 2757 1825 possidebunt
2787 1764 3002 1808 terram.
3029 1754 3266 1811 Scientia
3307 1757 3555 1827 congruit
3595 1757 3681 1812 Iu-

2021 1833 2067 1893 Β
2097 1847 2376 1918 gentibus,
2411 1847 2502 1915 qui
2528 1846 2642 1916 jam
2675 1855 3043 1916 cognoverunt
3071 1847 3123 1902 in
3151 1846 3450 1916 Scripturis
3481 1849 3681 1919 quibus

2092 1937 2251 1992 malis
2282 1937 2445 1991 vincti
2477 1946 2786 2001 teneantur,
2827 1952 2948 2006 quae
2985 1946 3239 2008 tanquam
3283 1939 3423 1992 bona
3449 1947 3505 1994 et
3529 1940 3678 1994 utilia

2093 2026 2404 2097 ignorantes
2425 2025 2787 2096 oppetierunt.
2815 2025 2889 2079 De
2917 2027 3113 2095 quibus
3141 2026 3230 2080 hic
3249 2027 3451 2081 dicitur
3481 2045 3494 2081 :
3525 2027 3679 2082 Beati

2091 2117 2178 2186 qui
2213 2116 2410 2187 lugent.
2463 2115 2747 2170 Fortitudo
2787 2117 3037 2187 congruit
3074 2117 3471 2183 esurientibus,
3512 2127 3566 2173 et
3605 2119 3679 2172 εἰς

2093 2208 2372 2271 tientihus,
2423 2207 2671 2262 laborant
2716 2207 2860 2261 enim
2906 2207 3276 2262 desiderantes
3316 2209 3568 2278 gaudium
3611 2210 3681 2264 de

2090 2301 2236 2355 veris
2281 2300 2438 2355 bonis
2479 2307 2534 2354 et
2583 2313 2826 2354 amorem
2865 2313 2896 2352 a
2941 2299 3170 2354 terrenis
3210 2306 3266 2353 et
3305 2300 3679 2369 corporalibus

2091 2399 2334 2445 avertere
2360 2389 2659 2460 cupientes.
2687 2389 2760 2444 De
2789 2389 2984 2458 quibus
3020 2389 3108 2442 hic
3135 2388 3332 2443 dicitur
3359 2406 3373 2442 :
3405 2387 3558 2442 Beati
3583 2391 3680 2460 qui

2089 2485 2326 2538 esuriant
2355 2495 2402 2538 et
2429 2485 2610 2537 sitiunt
2639 2483 2926 2553 justitiam.
2964 2482 3261 2537 Consilium
3287 2484 3537 2555 congruit
3571 2486 3675 2538 tni-

2090 2573 2474 2638 sericordibus,
2509 2572 2611 2627 hoc
2638 2572 2783 2626 enim
2813 2587 2976 2625 unum
3002 2572 3295 2626 remedium
3315 2582 3399 2626 est
3419 2573 3485 2626 de
3512 2573 3675 2626 tantis

2089 2664 2248 2718 malis
2285 2663 2573 2727 evadendi,
2615 2670 2673 2716 ut
2711 2662 3047 2717 dimittamus
3087 2663 3225 2717 sicut
3268 2662 3426 2717 nobis
3475 2663 3671 2717 dimitti

2092 2754 2361 2818 volumus,
2387 2761 2443 2807 et
2470 2751 2786 2820 adjuvemus
2819 2752 2871 2805 in
2904 2766 3011 2820 quo
3038 2766 3324 2820 possumus
3345 2749 3504 2814 alios,
3535 2750 3676 2804 sicut

2088 2849 2142 2896 et
2180 2856 2280 2896 nos
2311 2842 2363 2895 in
2408 2856 2514 2910 quo
2553 2855 2658 2894 non
2689 2855 2977 2910 possumus
3015 2839 3261 2908 cupimus
3295 2839 3562 2908 adjuvari.
3598 2838 3674 2893 De

2087 2934 2282 3002 quibus
2331 2933 2419 2987 hic
2463 2931 2662 2986 dicitur
2701 2944 2715 2983 :
2764 2930 2916 2985 Beati
2974 2930 3356 2994 misericordes,
3406 2938 3461 2983 et
3514 2929 3665 2998 reliq.

2085 3024 2391 3079 Intellectus
2418 3023 2598 3078 cordis
2642 3021 2888 3090 congruit
2925 3020 3140 3075 mundis
3183 3019 3364 3084 corde,
3413 3029 3666 3089 tanquam

2087 3122 2314 3185 purgato
2337 3113 2514 3177 oculo,
2542 3127 2649 3182 quo
2678 3112 2824 3167 cerni
2855 3111 3026 3181 possit
3048 3111 3192 3181 quod
3214 3125 3506 3180 corporeus
3533 3126 3667 3165 ocu-

2009 3179 2055 3243 (ἶ
2086 3205 2168 3260 lus
2210 3222 2315 3260 non
2354 3205 2507 3270 vidit,
2540 3221 2638 3260 nec
2665 3205 2811 3258 auris
2842 3204 3066 3269 audivit,
3095 3218 3194 3258 nec
3225 3202 3277 3256 in
3306 3219 3402 3258 cor
3428 3204 3666 3258 hominis

2083 3296 2344 3351 ascendit.
2401 3295 2476 3350 De
2541 3294 2737 3364 quibus
2807 3294 2896 3350 hic
2959 3293 3158 3348 dicitur
3202 3308 3216 3346 :
3262 3293 3416 3348 Beati
3484 3296 3665 3348 mundi

2082 3385 2257 3452 corde,
2289 3393 2343 3441 et
2379 3385 2533 3455 reliq.
2568 3383 2843 3455 Sapientia
2867 3384 3121 3454 congruit
3147 3384 3412 3454 paciﬁcis,
3440 3384 3494 3438 in
3539 3385 3660 3453 qni-

2081 3477 2183 3532 bus
2204 3477 2447 3532 ordinata
2475 3486 2603 3531 sunt
2627 3477 2810 3532 omnia
2830 3516 2843 3539 ,
2879 3476 3164 3547 nullusque
3192 3487 3372 3532 motus
3405 3477 3663 3532 adversus

2081 3569 2345 3625 rationem
2376 3568 2590 3623 rebellis
2617 3577 2720 3633 est,
2753 3568 2848 3623 sed
2876 3577 3069 3624 cuncta
3099 3570 3476 3639 obtemperant
3510 3569 3669 3638 spiri-

2081 3660 2158 3714 tui
2196 3659 2431 3714 hominis
2457 3699 2472 3723 ,
2516 3674 2640 3712 eum
2670 3659 2784 3727 ipse
2809 3659 3150 3726 obtemperat
3192 3659 3321 3713 Deo.
3371 3659 3447 3713 De
3474 3659 3668 3726 quibus

2079 3751 2281 3804 dicitur
2321 3749 2409 3804 hic
2443 3767 2454 3802 :
2491 3748 2641 3802 Beati
2667 3747 2894 3817 paciﬁci.
2931 3747 3106 3802 Unum
3147 3756 3327 3801 autem
3358 3748 3660 3816 praemium,

2079 3842 2223 3912 quod
2249 3849 2333 3896 est
2361 3855 2584 3911 regnum
2628 3839 2888 3894 cmlorum
2913 3879 2929 3905 ,
2973 3855 3072 3910 pro
3105 3840 3190 3894 his
3218 3841 3474 3912 gradibus
3513 3824 3661 3894 varie

2079 3932 2414 3988 nominatum
2437 3939 2540 3986 est.

2147 4025 2207 4079 In
2252 4023 2450 4095 primo,
2495 4021 2638 4077 sicut
2681 4021 2987 4092 oportebat,
3028 4021 3261 4090 positum
3305 4028 3388 4076 est
3439 4035 3660 4090 regnum

2078 4112 2356 4177 caelorum,
2382 4112 2526 4182 quod
2546 4120 2632 4167 est
2651 4110 2892 4182 perfecta
2917 4112 3184 4182 sapientia
3206 4111 3401 4166 anima:
3424 4112 3662 4165 rationa-

2077 4204 2164 4260 lis.
2210 4204 2302 4260 Sic
2332 4205 2515 4274 itaque
2549 4204 2751 4258 dictum
2797 4210 2882 4258 est
2925 4221 2938 4256 :
2984 4202 3138 4258 Beati
3166 4218 3419 4273 pauperes
3451 4202 3662 4272 spiritu,

2075 4297 2324 4367 quoniam
2356 4295 2590 4366 ipsorum
2625 4303 2700 4348 est
2735 4298 2951 4364 regnum
2973 4293 3242 4348 ctelorum.
3272 4293 3550 4362 Tanquam
3581 4293 3663 4346 di-

2076 4397 2294 4442 ceretur
2323 4405 2334 4440 :
2370 4385 2592 4440 Initium
2625 4386 2893 4457 sapientia:
2925 4387 3084 4440 timor
3121 4385 3332 4439 Domini
3369 4383 3558 4455 (Eccli.
3594 4382 3657 4454 ι).

2081 4481 2297 4536 Mitibus
2341 4479 2627 4536 haereditas
2664 4479 2788 4534 data
2816 4487 2934 4542 est,
2976 4485 3234 4548 tanquam
3275 4483 3659 4531 testamentum

2081 4570 2253 4640 patris
2292 4585 2414 4625 cum
2441 4569 2641 4639 pietate
2669 4567 3036 4639 quaerentibus
3069 4585 3081 4620 :
3115 4565 3265 4621 Beati
3305 4565 3487 4630 mites,
3531 4581 3664 4636 quo-

2080 4663 2223 4717 niam
2257 4663 2356 4734 ipsi
2382 4661 2687 4717 hwreditate
2718 4659 3050 4731 possidebunt
3085 4669 3298 4714 teriam.
3333 4657 3664 4730 Lugentihus

2079 4753 2414 4818 consolatio,
2451 4761 2710 4824 tanquam
2743 4751 3041 4808 scientibus
3078 4751 3207 4822 quid
3246 4751 3571 4815 amiserint,
3610 4757 3666 4803 et

2079 4843 2275 4916 quibus
2319 4845 2499 4898 mmsti
2539 4843 2672 4916 [Al.,
2722 4843 2907 4915 mersi]
2957 4843 3067 4897 sint
3107 4860 3120 4896 :
3162 4842 3312 4896 Beati
3356 4843 3445 4912 qui
3488 4839 3663 4909 lugent

2080 4954 2217 4992 nunc
2240 4977 2256 5003 ,
2283 4937 2534 5008 quoniam
2573 4938 2673 5006 ipsi
2717 4935 3145 4990 consolabuntur.
3190 4933 3566 4989 Esurientibus
3608 4941 3664 4986 et

2079 5025 2390 5082 sitientibus
2420 5025 2709 5089 saturitas,
2743 5032 3004 5094 tanquam
3033 5023 3255 5079 refectio
3285 5023 3662 5077 laborantibus

2076 5118 2397 5188 fortiterque
2433 5117 2768 5172 certantibus
2804 5118 2871 5170 ad
2912 5115 3138 5170 salutem
3181 5129 3194 5168 :
3227 5113 3376 5167 Beati
3407 5114 3498 5184 qui
3542 5129 3662 5167 esu-

2076 5211 2219 5263 riant
2248 5217 2296 5263 et
2320 5208 2504 5262 sitiunt
2523 5206 2788 5276 justitiam
2807 5247 2822 5272 ,
2851 5206 3097 5277 quoniam
3125 5204 3223 5274 ipsi
3259 5203 3658 5258 saturabuntur.

2077 5301 2516 5358 Misericordibus
2557 5297 2958 5362 misericordia,
3008 5305 3263 5367 tanquam
3306 5311 3435 5350 vero
3477 5306 3533 5350 et
3560 5312 3658 5367 0p-

2079 5394 2212 5449 timo
2241 5390 2468 5449 consilio
2496 5389 2770 5446 utentibus
2787 5429 2802 5451 ,
2837 5397 2898 5442 ut
2923 5388 3027 5442 hoc
3054 5386 3135 5441 eis
3161 5386 3482 5441 exhibentur
3503 5400 3535 5438 a
3557 5401 3655 5454 po-

2077 5488 2331 5551 tentiore,
2366 5485 2510 5556 quod
2548 5481 2896 5539 inferioribus
2933 5480 3192 5537 exhibent
3225 5497 3236 5532 :
3279 5478 3428 5533 Beati
3454 5478 3663 5530 miseri-

2075 5579 2256 5635 cordes
2275 5618 2289 5645 ,
2317 5577 2571 5649 quoniam
2599 5575 2833 5644 ipsorum
2863 5569 3208 5626 miserebitur.
3246 5566 3460 5622 Mundis
3492 5566 3659 5620 corde

2075 5668 2307 5725 facultas
2345 5665 2562 5722 videndi
2600 5664 2791 5728 Deum,
2834 5671 3090 5732 tanquam
3117 5674 3315 5730 purum
3340 5656 3556 5714 oculum
3585 5656 3658 5711 ad

2075 5759 2418 5830 intelligenda
2450 5766 2648 5815 :eterna
2679 5755 2992 5828 gerentibus
3025 5772 3038 5808 :
3070 5752 3222 5811 Beati
3257 5751 3439 5808 mundi
3477 5748 3654 5815 coide,
