3978 6190
407 315 511 375 790

406 532 662 592 tanquam
693 519 932 590 perfecte
962 518 1296 587 sapientibus
1319 514 1674 585 formatisque
1698 516 1763 568 ad
1800 515 1989 581 imagi-

404 631 526 669 nem
581 614 673 669 Dei
725 629 820 683 per
877 611 1343 682 regenerationem
1403 609 1645 665 renovati
1696 609 1929 664 hominis
1965 626 1979 663 :
2015 678 2030 691 .

402 705 558 760 Beati
589 705 822 775 paciﬁci,
859 704 1103 775 quoniam
1136 703 1239 775 ipsi
1269 702 1373 773 ﬁlii
1411 703 1506 757 Dei
1536 701 1884 756 vocabuntur.
1916 698 1982 755 Et

403 799 503 852 ista
546 800 765 868 quidem
803 799 856 853 in
904 798 1004 852 bac
1047 798 1156 851 vita
1218 805 1445 867 possunt
1490 795 1781 864 compleri,
1836 794 1981 848 sicut

401 890 673 959 completa
703 903 826 946 esse
852 891 905 945 in
928 890 1186 959 apostolis
1215 888 1512 945 credimus.
1535 886 1670 942 Nam
1692 886 1781 941 illa
1803 885 1986 941 omni-

405 980 563 1034 moda
598 982 651 1035 in
690 981 1060 1051 evangelicam
1106 981 1336 1034 formam
1397 978 1652 1045 mutatio,
1708 991 1828 1047 quae
1865 984 1990 1048 post

403 1074 544 1127 hanc
569 1074 734 1129 vitam
792 1073 1151 1144 promittitur,
1206 1071 1367 1126 nullis
1418 1070 1600 1126 verbis
1633 1068 1863 1141 exprimi
1893 1084 1990 1140 po-

410 1180 530 1225 test.
567 1168 719 1229 Beati
771 1186 892 1239 ergo
919 1167 1009 1239 qui
1044 1165 1451 1236 persecutionem
1488 1162 1763 1233 patiuntur
1788 1168 1998 1230 propter

410 1260 691 1327 iustitiam,
710 1259 959 1328 quoniam
987 1257 1221 1327 ipsorum
1241 1263 1313 1309 est
1334 1269 1546 1324 regnum
1572 1251 1840 1307 caelorum.
1872 1250 1999 1304 llasc

409 1358 604 1403 octava
640 1347 908 1403 sententia
928 1386 943 1410 ,
972 1361 1092 1416 quae
1115 1344 1181 1400 ad
1208 1351 1373 1413 caput
1396 1342 1557 1405 redit,
1586 1339 2000 1412 perfectumque

410 1440 685 1495 hominem
729 1437 1001 1505 declarat,
1040 1435 1312 1507 signiﬁcat
1346 1433 1579 1490 fortasse
1619 1442 1675 1487 et
1718 1430 2001 1487 circumci-

409 1530 645 1595 siuncm,
670 1537 863 1585 octava
889 1529 975 1583 die
1005 1528 1060 1583 in
1094 1527 1272 1582 Veteri
1302 1526 1671 1590 Testamento,
1704 1533 1761 1578 et
1789 1521 2003 1576 Domini

416 1621 875 1678 resurrectionem
904 1630 1030 1691 post
1057 1620 1364 1684 sabbatum,
1402 1617 1497 1686 qui
1526 1625 1611 1671 est
1636 1616 1824 1685 utique
1852 1622 2005 1670 octa-

1068 316 1125 371 B.
1167 316 1419 374 RABANI
1454 317 1677 376 MAURI
1716 311 2034 374 ARCHIEP.
2077 307 2387 366 MOGUNT.
2428 305 2713 365 OPERUM
2752 305 2931 363 PARS
2968 307 3008 362 l.

402 429 652 501 quoniam
682 428 783 499 ipsi
804 428 970 483 Deum
986 425 1250 483 uidebunt.
1278 424 1529 481 Paciﬁcis
1548 424 1636 480 Dei
1658 425 1979 489 similitudo,
2005 426 2056 486 Α
2082 421 2381 477 elesiastica
2436 435 2530 474 ore
2582 420 2901 491 prophetico
2955 420 3153 475 dicitur
3198 441 3210 475 :

2086 511 2203 580 ejus
2246 511 2368 565 filire
2420 527 2603 580 regum
2652 511 2719 564 ab
2764 510 2928 563 intus.
2963 510 3094 563 Nam
3126 511 3466 567 extrinsecus
3521 517 3679 569 In:th-

2089 603 2252 667 dicta,
2307 610 2360 655 et
2398 602 2825 671 persecutiones,
2867 610 2922 655 et
2974 602 3393 659 detrectatioucs
3452 610 3680 676 promit-

3554 315 3659 372 80L-

3259 422 3452 480 Oznnis
3490 427 3677 498 gloria

2092 702 2299 759 tuntur,
2328 694 2394 750 de
2425 694 2623 764 quibus
2655 703 2837 748 tamen
2866 710 3061 766 magna
3088 712 3302 752 merces
3324 699 3377 753 in
3399 700 3555 756 cmlis
3574 714 3678 757 est.

2092 784 2221 852 Quae
2251 784 2561 839 sentiuntur
2596 785 2649 839 in
2677 786 2841 841 corde
2868 786 3193 857 patientium
3230 804 3420 845 eorum
3456 793 3681 863 quijum

2092 883 2319 944 possunt
2346 875 2530 930 dicere
2553 894 2564 928 :
2585 871 2891 932 Gloriamur
2909 877 2964 931 in
2991 877 3439 948 tribulationibus,
3462 886 3685 940 scientes

2092 966 2233 1035 quod
2265 964 2532 1019 tribulatio
2563 968 2873 1035 patientiam
2900 979 3184 1037 operatur,
3214 974 3472 1042 patientia
3507 986 3685 1031 autem

2094 1059 2473 1130 probationem,
2499 1059 2738 1130 probatio
2764 1076 2881 1114 vero
2902 1078 3065 1131 spem,
3090 1079 3204 1133 spes
3229 1074 3405 1118 autem
3429 1083 3533 1122 non
3560 1085 3687 1123 eon-

2098 1149 2430 1220 [undit,quia
2451 1151 2681 1204 cltaritas
2705 1150 2799 1205 Dei
2812 1152 3007 1221 di/Tusa
3023 1162 3097 1207 est
3120 1155 3175 1208 in
3200 1155 3445 1212 cordibus
3467 1161 3684 1226 nostris,

2097 1259 2189 1313 per
2202 1239 2455 1312 Spiritum
2472 1252 2734 1310 sanctunt,
2748 1244 2839 1315 qui
2859 1244 3015 1299 datus
3033 1256 3105 1300 est
3121 1247 3268 1302 nobis
3287 1246 3457 1319 (Rom.
3476 1250 3551 1320 v).
3572 1250 3689 1306 Non

2106 1320 2371 1390 euim'ista
2392 1336 2605 1405 perpeti
2626 1334 2963 1393 fructuosum
2987 1348 3093 1407 est,
3119 1341 3214 1396 sed
3240 1342 3341 1397 ista
3357 1359 3457 1415 pro
3484 1344 3691 1402 Christi

2103 1427 2323 1482 nomine
2338 1443 2444 1482 non
2456 1428 2629 1484 solum
2642 1445 2796 1500 aequo
2811 1431 3014 1498 animo,
3029 1435 3125 1489 sed
3137 1434 3306 1490 etiam
3317 1452 3444 1493 cum
3455 1439 3694 1494 exsulta-

2106 1516 2250 1572 tione
2275 1515 2530 1571 tolerare.
2555 1517 2689 1573 Nam
2709 1520 2861 1598 multi
2885 1521 3124 1578 haeretici
3145 1524 3362 1579 nomine
3380 1524 3694 1581 Christiano

2106 1607 2317 1663 animus
2348 1607 2695 1677 decipientes,
2730 1611 2899 1666 multa
2935 1613 3062 1667 talia
3091 1615 3409 1684 patiuntur,
3442 1620 3539 1673 sed
3576 1619 3695 1674 ideo

418 1728 518 1767 vus
545 1712 680 1778 dies,
722 1712 974 1783 idemque
1001 1712 1210 1782 primus
1241 1711 1359 1766 dies
1382 1718 1439 1765 ει
1466 1709 1832 1765 celebratione
1853 1713 2006 1760 ocra-
2033 1774 2079 1783 _
2108 1698 2468 1753 exeluduntur
2505 1700 2573 1754 ah
2610 1701 2711 1755 ista
2743 1704 3011 1768 mercede,
3043 1705 3185 1773 quod
3223 1721 3332 1761 non
3378 1707 3585 1763 dictum
3615 1721 3700 1765 est

420 1818 611 1857 varum
637 1774 914 1867 feriarum,
946 1774 1082 1873 quas
1106 1802 1160 1856 in
1184 1801 1600 1871 regeneratione
1625 1799 1748 1853 novi
1773 1797 2007 1879 hominis
2033 1774 2082 1833 Β
2111 1799 2321 1845 tantum
2346 1809 2358 1846 :
2386 1792 2535 1845 Beati
2555 1794 2646 1865 qui
2669 1796 3078 1864 persecutionem
3098 1798 3395 1867 patiuntur,
3423 1800 3519 1855 sed
3542 1800 3697 1855 addi-

416 1892 777 1958 eelehramus,
802 1901 856 1947 et
885 1906 1109 1947 numero
1132 1891 1249 1961 ipso
1272 1891 1639 1946 Pentecostes.
1668 1888 1801 1942 Nam
1832 1894 2009 1957 septe-

418 1984 575 2040 nario
620 1999 847 2040 numero
889 1984 1091 2055 septies
1124 1983 1503 2053 multiplicato,
1550 1996 1657 2051 quo
1694 1981 1832 2035 ﬁunt
1868 1996 2006 2050 qua-

421 2076 671 2147 draginta
697 2090 889 2132 novem
906 2117 920 2140 ,
953 2075 1110 2145 quasi
1135 2085 1361 2131 octavus
1391 2073 1628 2140 additur,
1655 2080 1716 2127 ut
1743 2074 2010 2143 quinqua-

420 2165 571 2236 ginta
611 2165 1011 2234 compleantur,
1042 2173 1097 2220 et
1128 2172 1384 2234 tanquam
1426 2164 1681 2219 redeatur
1707 2164 1774 2218 ad
1813 2171 2005 2234 caput;

422 2269 531 2324 quo
556 2255 643 2310 die
673 2255 874 2309 missus
904 2264 991 2310 est
1026 2253 1262 2324 Spiritus
1287 2263 1532 2321 sanctus,
1560 2269 1668 2324 quo
1697 2254 1751 2309 in
1783 2270 2011 2326 regnum

419 2342 690 2400 malorum
734 2344 1002 2410 ducimur,
1029 2353 1086 2401 et
1127 2346 1503 2401 haereditatem
1536 2346 1852 2416 accipimus,
1882 2361 2014 2402 con-

423 2434 685 2501 solamur,
713 2442 768 2489 et
792 2435 1089 2506 pascimur,
1110 2444 1165 2490 et
1189 2435 1624 2492 misericordiam
1651 2436 2010 2506 assequituur,

421 2534 480 2580 et
509 2524 853 2594 inundamur,
880 2535 936 2581 et
961 2526 1317 2597 paciﬁeamur
1335 2567 1353 2593 ,
1391 2537 1554 2598 atque
1584 2528 1658 2582 ita
1684 2528 2015 2597 persecutio-

424 2626 525 2668 nes
551 2613 893 2670 extrinsecus
921 2629 1016 2684 per
1054 2615 1233 2672 illatas
1269 2617 1550 2674 molestias
1577 2633 1677 2688 pro
1704 2619 1933 2675 veritate
1959 2626 2015 2673 et

416 2701 630 2773 justitia
655 2702 1004 2761 sustinemus.

498 2792 650 2850 Beati
674 2795 795 2851 estis
822 2813 939 2851 cum
971 2814 1059 2853 vos
1088 2798 1456 2854 maledixerint
1479 2802 1744 2866 homines,
1771 2810 1818 2854 et
1841 2817 2016 2871 perse-

423 2885 537 2938 cuti
574 2900 662 2939 vos
695 2883 928 2955 fuerint,
964 2896 1012 2943 et
1045 2887 1274 2943 dixerint
1320 2906 1473 2944 omne
1511 2890 1706 2943 malum
1740 2891 2016 2945 adversum

428 2994 537 3043 vos,
565 2979 892 3045 mentientes,
920 2990 1133 3052 prapter
1151 2998 1251 3036 me.
1277 2980 1460 3055 (Aug.)
1487 2982 1807 3054 Superiores
1836 2994 2016 3039 autem

425 3068 727 3122 sententias
774 3071 1099 3139 generaliter
1145 3074 1454 3141 deserebat.
1493 3072 1607 3129 Non
1643 3076 1789 3130 enim
1832 3075 2012 3130 dixit:

426 3156 582 3212 Beati
612 3174 867 3229 pauperes
891 3160 1101 3231 spiritu,
1132 3163 1388 3231 quoniam
1413 3171 1651 3218 vestrum
1679 3174 1764 3220 est
1792 3180 2015 3235 regnum

428 3249 693 3305 cmlorum
713 3290 729 3317 ,
765 3253 859 3307 sed
888 3253 1143 3323 quoniam
1170 3254 1405 3324 ipsorum
1430 3264 1539 3320 est,
1575 3255 1770 3325 inquit,
1803 3273 2019 3327 regnum

429 3341 719 3409 caelorum;
750 3356 927 3413 neque
953 3361 966 3398 :
994 3341 1147 3398 Beati
1171 3345 1343 3411 mites,
1375 3346 1630 3416 quoniam
1659 3363 1755 3403 vos
1774 3347 2019 3418 posside-

429 3431 560 3488 bitis
591 3442 828 3499 terram,
869 3435 963 3490 sed
987 3436 1237 3505 quoniam
1272 3437 1373 3506 ipsi
1410 3438 1747 3507 possidebunt
1786 3448 2017 3505 terram;

427 3532 487 3577 et
532 3523 607 3578 ita
648 3533 864 3590 caetera,
903 3540 1077 3597 usque
1115 3527 1183 3582 ad
1229 3535 1481 3583 octavam
1511 3530 1836 3586 sententiam
1862 3570 1879 3596 ,
1925 3531 2018 3586 ubi

426 3616 509 3670 ait
540 3634 554 3670 :
589 3614 742 3670 Beati
770 3619 861 3689 qui
898 3621 1305 3690 persecutionem
1330 3624 1605 3694 patiuntur
1629 3634 1840 3695 propter
1854 3624 2019 3695 justi-

426 3705 579 3772 tiam,
609 3707 859 3776 quoniam
887 3708 1121 3778 ipsorum
1141 3718 1217 3764 est
1248 3727 1464 3782 regnum
1495 3711 1764 3768 caelorum.

499 3798 630 3854 inde
651 3798 766 3867 jam
791 3800 983 3871 incipit
1010 3801 1156 3873 loqui
1186 3812 1483 3873 prmsentes
1510 3805 1859 3877 compellans,
1893 3822 2018 3862 cum

427 3897 483 3944 et
520 3888 610 3945 illa
642 3904 764 3961 quae
798 3906 959 3961 supra
998 3894 1142 3948 dicta
1167 3903 1294 3950 sunt
1332 3897 1400 3952 ad
1439 3912 1533 3953 eos
1562 3898 1726 3954 etiam
1761 3899 1854 3969 qui
1880 3914 2020 3970 prm-

404 3990 614 4037 -sentes
644 3982 972 4049 audiebant,
998 3994 1053 4039 et
1080 3985 1195 4042 haec
1224 3995 1432 4056 postea,
1461 4003 1582 4058 qua:
1608 3990 1862 4046 videntur
1883 4006 2021 4062 prte-

429 4073 676 4130 scntibus
710 4075 1018 4145 specialiter
1058 4077 1189 4144 diei,
1229 4079 1541 4148 pertineant
1571 4080 1737 4136 etiam
1781 4081 1850 4137 ad
1896 4080 2021 4136 illos

430 4164 526 4233 qui
553 4164 810 4221 absentes
836 4166 919 4222 vel
939 4174 1063 4236 post
1090 4165 1254 4223 futuri
1285 4178 1462 4224 erant.
1493 4169 1600 4225 Sed
1623 4170 1746 4226 ideo
1775 4178 2021 4242 apostro—

428 4257 572 4326 phen
596 4256 729 4313 facit
749 4258 819 4313 ad
846 4273 942 4314 eos
962 4258 1159 4329 quibus
1182 4262 1491 4333 specialiter
1510 4261 1723 4319 locutus
1745 4271 1850 4326 est,
1874 4279 2016 4334 prae-

429 4348 622 4405 dicens
648 4348 730 4405 eis
757 4350 1165 4420 persecutiones
1191 4367 1329 4422 quas
1356 4368 1455 4423 pro
1493 4355 1710 4409 nomine
1743 4352 1861 4423 ejus
1887 4368 2016 4426 pas-

2110 1893 2223 1938 tum
2248 1894 2331 1939 est
2362 1895 2573 1956 propter
2603 1887 2895 1957 justitiam.
2931 1887 3031 1943 Ubi
3058 1898 3240 1944 autem
3267 1906 3398 1946 sana
3424 1892 3564 1948 ﬁdes
3592 1909 3698 1949 non

2108 1981 2210 2037 est,
2235 1990 2341 2029 non
2365 1983 2542 2045 potest
2570 1991 2692 2031 esse
2702 1977 2931 2047 justitia,
2957 1979 3081 2048 quia
3104 1978 3285 2049 justus
3310 1996 3379 2038 ex
3409 1983 3515 2039 ﬁde
3549 1986 3696 2040 vivit.

2109 2064 2294 2135 Neque
2335 2067 2669 2122 schismatici
2698 2067 2900 2138 aliquid
2929 2070 3031 2125 sib’i
3061 2087 3127 2126 ex
3165 2072 3268 2127 ista
3302 2075 3556 2130 mercede
3577 2091 3702 2146 pro.

2110 2159 2375 2214 mittant:
2407 2160 2535 2228 quia
2585 2160 2835 2215 similiter
2879 2161 2968 2216 ubi
3010 2164 3248 2221 charitas
3279 2181 3385 2221 non
3413 2175 3500 2223 est
3526 2209 3543 2233 ,
3595 2186 3701 2224 non

2108 2257 2288 2320 potest
2337 2265 2459 2306 esse
2495 2249 2726 2319 justitia.
2775 2251 3001 2310 Dilectio
3043 2256 3187 2312 enim
3224 2258 3457 2330 proximi
3502 2261 3702 2315 malum

2111 2360 2216 2398 non
2253 2352 2543 2415 operatur,
2578 2359 2744 2414 quam
2793 2347 2840 2401 si
2892 2347 3155 2404 haberent
3213 2366 3322 2405 non
3379 2352 3705 2408 dilaniarent

2111 2449 2309 2505 corpus
2336 2434 2563 2500 Christi,
2592 2437 2737 2506 quod
2766 2444 2852 2492 est
2877 2436 3144 2494 Ecclesia.
3192 2439 3371 2507 Qumri
3402 2452 3587 2497 autem
3611 2460 3708 2513 po-

2116 2534 2221 2581 test
2249 2525 2380 2596 quid
2406 2525 2643 2591 intersit,
2672 2526 2816 2597 quod
2841 2527 2943 2591 ait,
2989 2527 3124 2582 Cum
3154 2529 3309 2585 vobis
3337 2530 3663 2587 maledicent
3689 2576 3706 2597 ,

2113 2625 2170 2672 et
2191 2617 2373 2673 dicent
2398 2632 2560 2673 omne
2601 2618 2803 2673 malum
2834 2620 3121 2674 adversum
3163 2635 3283 2687 vos,
3325 2637 3451 2676 cum
3482 2623 3707 2679 maledi—

2114 2722 2261 2774 cere,
2298 2709 2403 2763 hoc
2431 2709 2503 2763 sit
2529 2708 2728 2763 malum
2768 2709 2967 2765 dicere.
3007 2708 3116 2766 Sed
3150 2711 3312 2766 aliter
3357 2712 3708 2769 maledictum

2109 2797 2350 2867 iactatur
2376 2814 2498 2854 cum
2529 2800 2856 2856 contumelia
2883 2816 3068 2856 coram
3103 2801 3195 2857 illo
3222 2804 3308 2858 cui
3340 2804 3706 2872 maledicitur,

2116 2890 2257 2944 sicut
2289 2890 2518 2945 Domino
2560 2899 2746 2946 nostro
2775 2892 2978 2948 dictum
3009 2902 3095 2948 est
3129 2911 3143 2948 :
3180 2892 3375 2951 Nonne
3416 2913 3596 2951 verum
3624 2898 3708 2953 di-

2116 2980 2313 3047 cimus,
2361 2980 2486 3050 quia
2533 2978 2903 3037 Samaritanus
2942 3000 2996 3038 es
3024 3024 3040 3050 ,
3088 2995 3137 3039 et
3182 2985 3504 3042 da’monium
3553 2988 3709 3043 habes

2120 3068 2304 3140 (Joan.
2336 3070 2455 3144 vtn)
2481 3072 2505 3125 ?
2531 3072 2688 3127 aliter
2715 3088 2838 3128 cum
2866 3073 3107 3132 absentis
3137 3075 3279 3132 fama
3305 3077 3539 3145 lteditur,
3571 3081 3713 3134 sicut

2120 3159 2187 3213 de
2214 3158 2307 3215 illo
2336 3161 2462 3214 item
2492 3161 2751 3217 scribitur
2780 3181 2795 3217 :
2824 3163 2931 3218 Alii
2973 3165 3213 3220 dicebant
3238 3183 3257 3221 :
3290 3166 3432 3233 Quia
3457 3170 3710 3241 propheta

2117 3259 2233 3317 est;
2276 3250 2371 3305 alii
2394 3251 2633 3307 dicebant
2662 3267 2681 3306 :
2710 3253 2855 3321 Non,
2885 3256 2977 3309 sed
3013 3257 3215 3311 seducit
3241 3258 3496 3328 populum
3524 3259 3708 3329 (Joan.

2118 3340 2236 3414 vn).
2259 3340 2518 3413 Persequi
2545 3352 2747 3411 autem,
2776 3355 2860 3402 est
2887 3347 2995 3402 vim
3021 3347 3221 3405 inferre
3248 3350 3333 3405 vel
3370 3350 3583 3407 insidiis
3619 3369 3713 3424 ap-

2117 3440 2322 3504 petere.
2355 3433 2509 3501 Quod
2549 3434 2677 3491 fecit
2706 3475 2721 3503 ,
2764 3437 2858 3506 qui
2899 3452 3023 3492 eum
3071 3439 3335 3504 tradidit,
3374 3450 3429 3495 et
3459 3442 3555 3510 qui
3590 3456 3713 3496 eum

2120 3528 2531 3584 cruciﬁxerunt.
2564 3530 2704 3598 Quid
2750 3540 2837 3586 est
2883 3546 3013 3586 sane
3042 3573 3057 3596 ,
3110 3534 3253 3603 quod
3282 3534 3447 3587 etiam
3472 3535 3579 3590 hoc
3608 3551 3714 3589 non

2119 3627 2205 3675 est
2232 3619 2407 3675 solum
2435 3622 2670 3692 positum
2700 3662 2716 3688 ,
2761 3631 2823 3677 ut
2868 3623 3141 3678 diceretur
3177 3642 3190 3677 :
3236 3623 3304 3677 Et
3341 3625 3516 3679 dicent
3564 3641 3716 3679 omne

2120 3707 2317 3763 malum
2347 3709 2623 3764 adversum
2647 3728 2756 3776 vos,
2787 3712 2882 3766 sed
2911 3712 3154 3766 additum
3202 3714 3505 3768 mentientes
3561 3713 3714 3767 addi-

2122 3808 2236 3854 tum
2275 3800 2440 3856 etiam
2483 3812 2694 3873 propter
2726 3802 2847 3857 me?
2895 3802 3126 3873 Propter
3165 3819 3258 3858 eos
3304 3804 3546 3859 additum
3595 3819 3717 3860 esse

2119 3898 2250 3962 puto
2278 3891 2371 3962 qui
2397 3890 2587 3947 volunt
2618 3893 2686 3949 de
2718 3894 3182 3963 persecutionibus
3216 3908 3268 3950 et
3298 3895 3365 3953 dc
3411 3896 3569 3950 fama:
3605 3910 3717 3950 sua:

2122 3984 2454 4053 turpitudine
2469 3984 2710 4057 gloriari,
2726 3994 2780 4041 et
2795 3985 2915 4041 ideo
2931 3987 3110 4042 dicere
3126 3989 3192 4041 ad
3206 4002 3263 4042 se
3279 3989 3555 4058 pertinere
3565 3987 3719 4043 Chri-

2121 4083 2286 4141 stum,
2317 4077 2445 4147 quia
2477 4078 2644 4133 multa
2675 4080 2741 4135 de
2768 4079 2874 4134 illis
2897 4080 3155 4136 dicuntur
3180 4081 3322 4136 mala
3354 4097 3479 4136 eum
3509 4089 3564 4138 et
3586 4097 3713 4137 vera

2121 4166 2391 4231 dicantur,
2419 4169 2636 4237 quando
2664 4177 2719 4223 et
2743 4169 2810 4224 de
2833 4168 3043 4224 illorum
3076 4184 3263 4225 errore
3287 4170 3545 4226 dicuntur
3567 4212 3582 4237 ,
3612 4171 3716 4226 etsi

2122 4255 2411 4328 aliquando
2436 4259 2601 4313 etiam
2632 4259 2887 4315 nonnulla
2935 4259 3070 4315 falsa
3113 4261 3396 4332 iactantur
3440 4261 3606 4333 (quod
3633 4271 3715 4317 te-

2121 4345 2370 4401 meritate
2400 4347 2679 4402 hominum
2720 4348 3035 4419 plerumque
3081 4350 3301 4421 accidit)
3329 4391 3345 4416 ,
3390 4366 3498 4406 non
3530 4361 3711 4405 tamen

429 4442 546 4497 suri
584 4450 764 4509 erant,
799 4443 927 4515 quia
956 4444 1275 4516 dignitatem
1304 4447 1503 4518 gradus
1539 4462 1728 4503 eorum
1756 4446 1862 4502 illis
1891 4447 2019 4502 inti-
2042 4486 2098 4546 Β
2122 4448 2344 4509 propter
2381 4438 2661 4545 Christum
2692 4440 2806 4546 ista
2846 4441 3130 4546 patiuntur
3188 4441 3305 4497 Non
3355 4442 3533 4546 enim.
3554 4441 3715 4498 Chri-

429 4547 584 4593 ntare
610 4532 842 4597 volebat,
872 4532 951 4589 sal
984 4543 1142 4590 terrae
1166 4544 1221 4590 et
1243 4535 1332 4590 lus
1359 4537 1543 4591 mundi
1569 4535 1689 4591 illos
1714 4535 2014 4607 appellans,

432 4631 495 4675 ut
522 4637 589 4677 ex
616 4622 865 4678 tristibus
892 4623 1278 4690 humilitatem,
1303 4635 1359 4680 et
1395 4641 1464 4680 ex
1505 4626 1644 4681 laetis
1685 4626 2018 4682 consolatio-

432 4728 560 4773 nem
588 4713 932 4784 perciperent
962 4732 975 4768 :
1003 4713 1178 4779 Beati,
1217 4715 1413 4785 inquit,
1463 4717 1587 4771 estis
1623 4732 1740 4772 cum
1770 4732 1860 4771 vos
1895 4718 2020 4773 ode-

430 4807 562 4870 rint,
616 4814 666 4860 et
715 4807 971 4876 persecuti
1016 4823 1106 4861 vos
1156 4806 1350 4878 fuerint
1399 4807 1657 4876 homines,
1697 4820 1745 4866 et
1790 4810 2018 4866 dixerint

428 4913 584 4951 onme
617 4895 817 4951 malum
846 4896 1094 4953 adversus
1117 4914 1208 4953 vos
1226 4937 1242 4964 ,
1270 4900 1588 4955 mentientes.
1626 4900 1758 4957 Illud
1793 4901 2017 4958 maledi-

427 4996 578 5045 ctum
599 4990 1057 5047 contemnendum
1076 4999 1179 5059 est,
1201 4998 1255 5048 et
1276 4992 1664 5049 beatitudinem
1681 5000 1852 5058 creat,
1875 4993 2022 5063 quod

429 5080 568 5138 falso
593 5081 966 5139 maledicentis
993 5097 1089 5139 ore
1114 5082 1407 5155 profertur.

503 5174 655 5231 Unde
687 5183 742 5230 et
778 5176 1093 5247 specialiter
1122 5176 1379 5233 deﬁnitur
1412 5190 1533 5247 quae
1559 5185 1643 5234 est
1669 5177 1825 5232 beata
1855 5186 2021 5231 nune.-

425 5268 616 5333 dictio,
649 5285 809 5326 omne
830 5272 1019 5328 dicens
1046 5273 1391 5330 maledictum
1421 5272 1698 5329 adversum
1727 5289 1836 5337 vos,
1874 5288 2019 5327 men-

426 5358 646 5426 tientes,
691 5372 902 5433 propter
931 5380 1031 5419 me.
1077 5364 1263 5437 (Aug.)
1315 5363 1416 5420 Ubi
1463 5364 1609 5420 enim
1661 5364 1910 5420 Christus
1959 5364 2015 5419 in

427 5466 597 5508 causa
650 5461 765 5520 est,
814 5454 886 5510 ibi
938 5457 1174 5527 optanda
1230 5457 1562 5512 maledictio.
1606 5456 2022 5512 Animadvertat

430 5542 678 5613 quisquis
721 5544 944 5602 delicias
990 5545 1153 5616 hujus
1202 5548 1382 5604 sazculi
1413 5556 1471 5603 et
1504 5546 1787 5605 facultates
1834 5564 2016 5604 rerum

432 5635 810 5701 temporalium
836 5638 1061 5707 quaerit,
1091 5638 1145 5693 in
1177 5639 1396 5695 nomine
1417 5638 1732 5695 Christiano
1762 5640 2019 5696 intrinse-

434 5737 528 5777 cus
556 5738 677 5779 esse
710 5727 1098 5783 beatitudinem
1133 5740 1398 5799 nostram,
1428 5731 1572 5787 sicut
1609 5732 1676 5787 de
1703 5732 1886 5793 anima
1912 5732 2017 5788 Ec-

2121 4539 2265 4587 stum
2294 4532 2560 4603 sequitur,
2614 4533 2707 4604 qui
2757 4550 2862 4589 non
2911 4534 3210 4590 secundum
3243 4550 3428 4591 veram
3463 4535 3623 4591 fidem
3662 4544 3716 4588 et

2122 4625 2446 4681 catholicam
2473 4626 2813 4696 disciplinam
2834 4626 3179 4682 Christianus
3216 4636 3457 4682 vocatur.

2195 4715 2427 4771 Gaudete
2455 4726 2503 4771 et
2518 4716 2795 4781 exsultate,
2817 4718 3067 4789 quoniam
3091 4735 3289 4773 merces
3315 4728 3491 4773 vestra
3504 4720 3712 4790 copiosa

2122 4818 2197 4863 est
2221 4808 2276 4861 in
2299 4805 2460 4861 cretis.
2489 4805 2674 4878 (Aug.)
2706 4806 2823 4861 Non
2851 4808 2942 4863 hic
2967 4808 3136 4864 caelos
3160 4808 3269 4864 dici
3306 4817 3443 4880 puto
3474 4810 3715 4881 superio-

2124 4914 2214 4954 res
2237 4906 2419 4968 partes
2467 4896 2627 4968 hujus
2660 4897 2888 4954 visibilis
2921 4898 3129 4953 mundi.
3174 4897 3291 4955 Non
3335 4899 3482 4954 enim
3511 4912 3717 4955 merces

2123 4998 2332 5054 nostra,
2362 5003 2483 5058 quae
2505 4988 2829 5045 inconcussa
2864 4997 2920 5044 et
2945 4997 3146 5045 aeterna
3174 5005 3297 5046 esse
3332 4991 3519 5058 debet,
3551 4992 3607 5048 in
3638 5006 3714 5046 re-

2121 5081 2223 5138 bus
2252 5080 2574 5137 volubilibus
2607 5089 2663 5137 et
2700 5082 3047 5152 temporariis
3096 5082 3410 5139 collocanda
3455 5093 3582 5150 est;
3623 5082 3715 5138 sed

2120 5176 2174 5229 in
2207 5174 2348 5229 cretis
2377 5174 2579 5230 dictum
2609 5182 2739 5244 puto
2767 5174 2820 5229 in
2853 5174 3189 5246 spiritalibus
3211 5175 3600 5239 ﬁrmamentis,
3623 5175 3708 5228 ubi

2121 5265 2334 5321 habitat
2353 5266 2682 5337 sempiterna
2710 5264 2941 5334 justitia.
2966 5267 3025 5322 In
3050 5282 3283 5337 quorum
3310 5268 3711 5339 comparatione

2131 5369 2278 5416 terra
2301 5360 2501 5415 dicitur
2530 5360 2710 5415 anima
2739 5360 2942 5430 iniqua,
2970 5361 3057 5417 cui
3087 5362 3334 5432 peccanti
3360 5361 3568 5417 dictum
3591 5366 3670 5414 est
3694 5375 3707 5409 :

2135 5449 2301 5505 Terra
2350 5467 2427 5514 es,
2459 5459 2507 5504 et
2529 5451 2585 5505 in
2612 5459 2808 5505 terram
2834 5450 2933 5505 ibis
2964 5446 3117 5521 (Gen.
3145 5449 3250 5521 ιιι).
3302 5450 3378 5505 De
3432 5449 3521 5505 his
3564 5446 3713 5505 cmiis

2130 5541 2262 5597 dicit
2290 5540 2614 5611 Apostolus:
2648 5540 2914 5607 Quoniam
2955 5540 3280 5596 conuersatio
3324 5550 3508 5594 nostra
3533 5540 3587 5593 in
3611 5553 3712 5592 ca:-

2133 5634 2198 5689 lis
2225 5643 2298 5687 est
2331 5631 2550 5704 (Philip.
2597 5630 2702 5704 ιιι).
2734 5629 2987 5688 Sentiunt
3028 5631 3142 5703 jam
3170 5643 3302 5702 ergo
3326 5632 3483 5687 istam
3512 5641 3713 5685 merce-

2132 5728 2273 5789 dem,
2302 5724 2394 5795 qui
2446 5723 2683 5794 gaudent
2715 5723 3047 5795 spiritalibus
3095 5723 3272 5782 bonis.
3332 5723 3439 5781 Sed
3467 5739 3534 5779 ex
3566 5716 3714 5776 omni.
