3978 6190
287 342 374 399 801

1252 328 1603 387 COMMENT.
1644 329 1710 385 1N
1750 324 2189 384 ΜΑΤΤΗᾹΞΠΜ.
2228 355 2298 367 -—-
2338 325 2465 384 LIB.
2503 325 2568 381 ll.

3447 328 3553 397 ωε

287 466 430 530 parte
475 447 807 523 perﬁcietur,
860 461 983 499 cum
1015 443 1181 500 etiam
1219 443 1322 501 hoc
1351 443 1581 499 mortale
1627 440 1862 498 induerit
1890 442 1937 503 Λ
1968 437 2110 510 Ergo
2135 438 2204 492 ad
2231 436 2460 493 nihilum
2488 435 2633 491 valet
2661 434 2740 491 sal
2771 432 3122 500 infatuatum,
3149 435 3254 492 nisi
3276 444 3334 491 ut
3364 439 3548 493 mitta.

291 543 760 606 immortalitatem.

356 654 617 732 (Ηὶενοη.)
657 653 851 709 Nescio
882 652 1006 723 quis
1034 653 1135 707 hoc
1161 659 1405 708 nostrum
1453 650 1650 722 possit-
1672 648 1862 718 imple-

292 767 363 816 re,
392 757 449 803 ut
472 747 738 801 laceretur
758 743 1064 815 opprobriis
1092 741 1232 797 fama
1251 749 1459 805 nostra,
1491 751 1656 795 etnos
1682 737 1862 793 exsul-

292 851 456 896 tentus
482 836 534 891 in
566 836 811 891 Domino.
859 834 995 900 Hoc,
1023 834 1115 904 qui
1138 849 1331 887 vanam
1367 839 1610 888 sectatur
1633 830 1861 900 gloriam

293 928 503 1000 implere
531 942 638 981 non
680 933 875 997 potest.
911 925 1161 980 Gaudere
1193 924 1357 994 igitur
1378 930 1431 977 et
1457 922 1730 976 exsultare
1765 920 1861 975 de-

292 1022 489 1081 bemus,
525 1025 586 1071 ut
642 1030 853 1071 merces
896 1015 1051 1070 nobis
1092 1015 1143 1068 in
1175 1013 1326 1070 etelis
1356 1019 1707 1084 praeparetur.
1741 1010 1866 1064 Ele-

292 1117 471 1180 ganter
496 1108 550 1162 in
579 1106 811 1177 quodam
839 1105 1114 1160 volumine
1164 1105 1426 1174 scriptum
1480 1102 1748 1172 legimus:
1783 1099 1865 1155 Ne

291 1216 487 1271 qutrras
551 1198 799 1270 gloriam,
851 1208 898 1251 et
955 1214 1058 1251 non
1112 1196 1310 1252 dolebis
1364 1212 1481 1250 cum
1547 1195 1866 1266 ingloriosus

291 1292 463 1361 fueris.

356 1406 444 1463 Sic
491 1422 633 1461 enim
687 1403 943 1476 persecuti
1000 1411 1120 1458 sunt
1166 1402 1465 1473 prephetas,
1520 1401 1607 1473 qui
1654 1400 1868 1470 fuerunt

288 1512 401 1553 ante
434 1515 540 1553 vos.
571 1495 754 1569 (Aug.)
781 1494 936 1551 Nunc
958 1494 1390 1567 persecutionem
1420 1491 1746 1564 generaliter
1772 1506 1869 1562 po-

289 1590 411 1654 suit,
442 1596 494 1643 et
526 1587 581 1642 in
640 1585 968 1651 maledictis,
998 1585 1128 1640 etin
1158 1583 1547 1640 dilaceratione
1578 1580 1775 1647 famae;
1815 1588 1870 1635 et

288 1681 419 1734 bene
471 1677 723 1748 exemplo
773 1677 1094 1732 adhortatus
1143 1684 1247 1743 est,
1281 1675 1406 1746 quia
1446 1689 1576 1729 vera
1624 1674 1873 1729 dicentes

287 1770 453 1825 solent
478 1768 912 1840 persecutionem
942 1768 1072 1839 pati.
1099 1766 1209 1824 Nec
1241 1774 1423 1822 tamen
1447 1765 1569 1821 ideo
1591 1764 1869 1835 propheta:
1902 1792 1944 1851 Β

288 1863 484 1933 antiqui
521 1877 674 1919 more
710 1859 1102 1931 persecutionis
1130 1876 1159 1914 a
1190 1857 1438 1912 veritatis
1484 1854 1866 1927 praedicatione

287 1952 615 2008 defecerunt.
650 1951 975 2007 Rectissime
996 1951 1179 2020 itaque
1203 1947 1449 2019 sequitur
1477 1966 1489 2001 :

351 2063 460 2136 [ll.]
491 2061 596 2118 Vos
619 2063 742 2117 estis
764 2062 845 2117 sal
868 2071 1040 2116 teme.
1071 2057 1365 2133 (MAUBUS.)
1400 2057 1494 2114 Sal
1524 2057 1867 2130 appellantur

288 2155 537 2226 apostoli,
566 2154 693 2225 quia
718 2169 818 2225 per
845 2153 991 2222 ipsos
1021 2152 1336 2207 universum
1361 2149 1643 2205 hominum
1671 2146 1864 2203 condi-

286 2256 371 2302 tur
393 2261 581 2317 gcnus.
616 2244 798 2300 Terrae
821 2244 966 2298 enim
1015 2241 1254 2308 nomine,
1302 2242 1539 2296 humana
1573 2248 1770 2294 natura
1799 2238 1865 2294 si-

286 2336 589 2408 gnificatur,
619 2338 673 2392 in
712 2335 841 2391 salis
866 2349 996 2389 vero
1026 2333 1179 2389 verbi
1226 2332 1516 2402 sapientia.
1564 2332 1720 2398 Quod
1773 2345 1871 2385 au-

288 2442 391 2485 tem
418 2430 690 2500 apostolos
715 2441 843 2482 suos
886 2425 1094 2481 caelesti
1145 2439 1212 2479 ac
1237 2423 1421 2479 divina
1474 2421 1737 2490 sapientia
1760 2420 1873 2490 ple-

288 2536 406 2587 nos,
471 2520 552 2575 sal
578 2528 737 2574 terra:
801 2515 1051 2572 Salvator
1103 2513 1367 2576 nominat,
1419 2511 1657 2569 ostendit
1693 2509 1874 2565 fatuos

283 2628 402 2669 esse
426 2610 777 2683 judicandos,
828 2607 921 2679 qui
977 2616 1191 2661 terrena
1243 2612 1451 2658 tantum
1507 2602 1748 2672 sapiunt,
1781 2602 1875 2670 qui

290 2703 669 2776 temporalium
700 2701 966 2755 bonorum
1024 2696 1171 2752 velut
1222 2694 1432 2766 copiam
1460 2702 1753 2756 sectantes,
1792 2690 1877 2746 vel

288 2797 525 2865 inopiam
565 2797 886 2855 metuentes,
934 2787 1191 2842 amittunt
1219 2796 1420 2840 aeterna
1439 2824 1455 2849 ,
1486 2799 1607 2854 qua:
1628 2796 1728 2837 nec
1761 2780 1876 2836 dari

286 2892 514 2955 possunt
535 2883 604 2937 ab
625 2879 957 2953 hominibus,
986 2892 1090 2932 nec
1117 2874 1338 2931 auferri.
1363 2873 1667 2929 Notandum
1694 2879 1874 2927 autem

287 2975 429 3046 quod
468 2973 601 3028 salis
625 2979 820 3026 natura
848 2966 1296 3024 infecunditatem
1349 2973 1507 3020 teme
1535 2962 1687 3018 facit.
1723 2960 1877 3018 Unde

287 3077 339 3123 et
366 3067 419 3120 in
447 3064 660 3135 psalmo
693 3061 958 3131 scriptum
1008 3066 1094 3115 est
1121 3073 1136 3112 :
1168 3055 1357 3111 Posuit
1392 3065 1588 3109 terram
1640 3050 1878 3122 fructife—

287 3176 399 3213 ram
439 3158 494 3213 in
542 3153 866 3225 salsuginem
915 3149 1089 3224 (l’sal.
1123 3147 1254 3220 ενι).

290 3249 366 3303 ira
397 3248 665 3303 victorum
693 3242 805 3298 sale
855 3241 1170 3305 seminatas,
1210 3245 1271 3291 ut
1324 3235 1532 3290 nullum
1560 3234 1616 3289 in
1643 3233 1724 3289 eis
1747 3247 1874 3302 ger-

288 3356 409 3396 men
439 3340 697 3396 oriretur.
728 3334 1034 3404 Allegorice
1061 3341 1241 3385 autem
1281 3330 1387 3384 hoc
1434 3326 1572 3382 bene
1623 3323 1877 3379 convenit

291 3431 551 3487 doctrina:
599 3424 927 3499 apostolicae,
984 3431 1045 3476 ut
1089 3417 1382 3476 destructis
1438 3413 1877 3471 adversariorum

291 3521 704 3583 munitionibus,
733 3526 789 3573 et
810 3515 1021 3588 peccati
1045 3526 1215 3585 regno
1241 3509 1472 3580 deiecto,
1519 3507 1631 3564 sale
1662 3508 1876 3576 sapien—

290 3615 377 3669 tia:
401 3618 717 3682 compescat
746 3607 888 3663 ultra
918 3607 972 3661 in
1011 3604 1193 3661 carnis
1243 3602 1492 3657 humana:
1523 3607 1666 3655 terra
1695 3596 1875 3653 smculi

290 3704 470 3759 luxum
499 3712 668 3772 atque
694 3698 997 3755 fteditatem
1026 3695 1336 3769 germinare
1362 3692 1638 3747 vitiorum.

358 3820 490 3874 Item
521 3817 653 3889 quia
677 3814 758 3871 sal
791 3815 859 3868 ad
887 3808 1221 3867 eondiendos
1249 3808 1402 3862 cibos
1429 3817 1737 3872 carnesque
1765 3802 1878 3857 sic-

286 3911 491 3975 ,candas
516 3917 707 3979 aptum
736 3913 841 3971 est,
877 3903 979 3957 rite
1002 3901 1340 3956 demonstrat
1380 3895 1525 3965 quod
1556 3909 1655 3964 per
1675 3891 1877 3961 prsidi-

293 4001 561 4057 cationem
609 3994 884 4068 Evangelii
922 3993 1101 4048 ﬂuxus
1142 3987 1492 4058 restringitur
1517 3983 1878 4052 voluptatum,

294 4103 349 4149 et
370 4093 611 4148 humana
639 4098 858 4154 natura,
888 4084 1128 4140 exclusis
1179 4079 1455 4135 vermibus
1502 4084 1559 4133 et
1592 4074 1881 4147 putredine

293 4195 661 4259 peccatorum,
688 4182 853 4237 illaesa
893 4184 1145 4234 servatur
1171 4171 1439 4230 conditori
1487 4183 1605 4234 suo,
1633 4183 1731 4238 per
1758 4166 1879 4237 ejus

293 4278 596 4334 custodiam
626 4272 1023 4329 mandatorum.
1073 4266 1282 4322 Donum
1308 4263 1507 4333 quippe
1528 4267 1615 4316 est
1641 4259 1734 4314 Dei
1760 4272 1882 4313 ver-

298 4370 419 4425 bum
473 4367 688 4432 audire,
749 4363 1085 4434 frequentius
1142 4358 1254 4416 sale
1308 4356 1585 4428 sapientiae
1620 4352 1882 4424 spiritalis

295 4460 473 4515 cordis
510 4471 716 4513 arcana
741 4454 970 4519 condiri,
1004 4452 1114 4506 imo
1141 4451 1317 4519 ipsum
1364 4462 1488 4502 cum
1517 4443 1772 4515 apostolis
1799 4442 1880 4498 sal

296 4557 454 4605 terras
479 4548 625 4613 fleri,
650 4548 705 4603 id
732 4553 839 4611 est,
870 4559 1059 4600 eorum
1085 4554 1302 4612 quoque
1341 4538 1431 4609 qui
1461 4536 1637 4591 adhuc
1668 4544 1882 4590 terrena

296 4638 511 4708 sapiunt
567 4634 871 4691 imbuendis
922 4631 1195 4687 mentibus
1251 4626 1520 4684 sufficere.
1560 4627 1633 4678 At
1657 4622 1704 4677 si
1759 4622 1883 4693 quis

297 4730 463 4785 semel
497 4728 848 4785 condimento
875 4722 1120 4780 veritatis
1177 4719 1514 4775 illuminatus
1551 4716 1620 4770 ad
1668 4723 1885 4785 aposta-

301 4822 433 4877 siam
479 4821 728 4887 redierit,
779 4833 887 4890 quo
912 4816 1018 4872 alio
1046 4816 1266 4870 doctore
1294 4810 1612 4882 corrigitur,
1643 4808 1735 4878 qui
1761 4822 1885 4863 eam

301 4931 458 4985 quam
498 4916 615 4986 ipse
646 4912 883 4983 gustavit
940 4907 1219 4978 sapientia:
1258 4902 1617 4966 dulcedinem,
1668 4898 1755 4953 vel
1785 4896 1884 4952 ad-

300 5010 473 5064 versis
508 5006 834 5077 perterritus
881 5002 967 5057 vel
1018 4998 1289 5055 illecebris
1341 4995 1591 5058 allectus,
1645 4989 1891 5060 abiecit?

308 5099 454 5154 Vnde
482 5108 538 5154 et
564 5097 811 5153 subditur
840 5109 854 5147 :

375 5193 527 5257 Quod
551 5192 595 5245 si
626 5190 706 5244 sal
731 5185 1024 5248 evanuerit,
1051 5183 1105 5235 in
1131 5196 1233 5251 quo
1270 5177 1490 5232 salietur
1513 5175 1536 5228 ?
1563 5172 1632 5227 ad
1660 5169 1889 5225 nihilum

305 5285 434 5336 ναίει
464 5282 627 5347 ultra,
676 5280 779 5334 nisi
830 5286 883 5332 ut
929 5277 1169 5331 mittatur
1189 5270 1357 5341 foras,
1385 5276 1434 5322 et
1466 5261 1804 5320 conculcetur
1825 5261 1890 5315 ab

305 5374 601 5428 hominibus
626 5369 855 5444 ἕωμεν.)
901 5367 961 5423 Id
988 5375 1090 5430 est,
1124 5364 1168 5419 si
1194 5376 1288 5417 vos
1317 5375 1416 5430 per
1440 5371 1578 5427 quos
1602 5352 1891 5410 condiendi

308 5474 434 5521 sunt
457 5464 857 5537 quodammodo
879 5459 1080 5533 populi,
1121 5465 1265 5511 metu
1287 5450 1724 5525 persecutionum
1757 5455 1894 5501 tem-

305 5560 573 5629 poralium
618 5556 908 5613 amiseritis
961 5565 1125 5622 regna
1163 5546 1445 5609 caelorum,
1490 5542 1759 5611 quierunt
1789 5537 1890 5591 ho-

307 5657 481 5710 mines
511 5672 608 5726 per
641 5668 776 5726 quos
801 5651 956 5708 vobis
983 5661 1138 5703 error
1161 5641 1458 5704 auferatur,
1492 5650 1616 5693 cum
1645 5648 1741 5689 vos
1787 5631 1897 5687 ele-

307 5750 442 5818 gerit
488 5723 633 5803 Deus
659 5723 758 5819 per
784 5760 919 5815 quos
965 5752 1207 5796 errorem
1261 5731 1473 5788 auferat
1525 5723 1895 5782 cancrorum?

1297 3147 1366 3202 Et
1393 3111 1660 3216 quasdam
1711 3111 1876 3198 urbes
1906 3147 1951 3209 C
1984 3111 2298 3216 εθξιδίθη-ξίίε

1906 4497 1962 4558 D

1968 540 2055 586 tur
2078 530 2243 597 foras,
2272 539 2328 586 et
2363 530 2604 586 calcetur
2633 527 2702 582 ab
2726 526 3064 583 hominibus.

2034 639 2150 695 Non
2195 642 2378 710 itaque
2429 639 2671 694 calcatur
2715 638 2784 693 ab
2839 637 3166 704 hominibus,
3206 638 3300 709 qui
3345 639 3551 709 patitur

1963 730 2415 803 persecutionem,
2464 729 2560 783 sed
2592 728 2686 798 qui
2716 728 3148 797 persecutionem
3195 728 3436 784 timendo
3464 730 3551 786 iu-

1964 822 2224 877 fatuatur.
2257 821 2469 876 Calcari
2495 820 2640 875 enim
2678 835 2785 876 non
2817 826 3014 889 potest,
3044 820 3146 875 nisi
3176 820 3425 886 inferior,
3457 820 3554 875 sed

1966 910 2191 968 inferior
2222 927 2331 966 non
2383 920 2489 976 est,
2519 911 2613 981 qui
2647 910 2897 981 quamvis
2922 910 2979 965 in
3006 919 3154 966 terra
3196 911 3360 966 multa
3397 911 3562 967 susti-

1966 1012 2116 1069 neat,
2145 1003 2308 1059 corde
2336 1011 2517 1056 tamen
2545 1000 2685 1057 fixus
2712 1001 2768 1056 in
2793 1001 2936 1056 caelo
2971 1009 3074 1058 est.
3122 1001 3276 1057 Sicut
3314 1016 3447 1072 ergo
3473 1002 3554 1057 sal

1968 1092 2317 1160 infatuatum,
2371 1109 2497 1149 eum
2554 1095 2621 1149 ad
2660 1094 2990 1149 eondiendos
3027 1093 3200 1161 cibos,
3250 1108 3553 1163 carnesque

1968 1184 2252 1240 siccandos
2284 1183 2468 1240 valere
2501 1184 2747 1251 desierit,
2774 1183 2905 1239 nulli
2921 1182 3035 1253 jam
3067 1185 3189 1240 usui
3220 1193 3405 1256 aptum
3428 1186 3551 1249 erit,

1967 1289 2143 1344 neque
2168 1275 2337 1341 enim,
2358 1284 2421 1329 ut
2456 1275 2595 1331 alius
2627 1283 2856 1331 testatur
2878 1276 3230 1347 evangelista,
3259 1277 3315 1331 in
3351 1284 3551 1332 terram

1968 1366 2101 1422 utile
2130 1376 2234 1433 est,
2264 1365 2420 1436 cujus
2448 1366 2648 1437 iniectu
2677 1367 2982 1439 germinare
3004 1369 3342 1438 prohibetur,
3374 1384 3550 1439 neque

1970 1455 2027 1510 in
2054 1456 2454 1527 Sterquilinium
2497 1457 2843 1529 agricultura:
2883 1457 3250 1528 profuturum,
3302 1459 3447 1529 quod
3471 1459 3555 1511 vi-

1968 1547 2194 1603 vacibus
2243 1547 2368 1603 licet
2397 1547 2571 1619 glebis
2611 1548 2929 1611 immistum,
2983 1563 3090 1603 non
3120 1545 3291 1602 fetare
3342 1549 3550 1603 semina

1970 1635 2208 1709 frugum,
2241 1638 2337 1693 sed
2386 1639 2733 1710 exstinguere
2776 1638 3096 1693 naturaliter
3121 1637 3258 1693 solet
3288 1657 3300 1692 :
3339 1640 3418 1694 sic
3441 1654 3561 1695 om-

1974 1728 2060 1783 nis
2081 1728 2175 1799 qui
2204 1736 2324 1799 post
2359 1729 2691 1800 agnitionem
2738 1728 2986 1783 veritatis
3015 1737 3162 1783 retro
3190 1729 3434 1795 redierit,
3463 1745 3559 1784 ne-

1971 1833 2076 1888 que
2105 1819 2221 1889 ipse
2249 1817 2486 1873 fructum
2514 1819 2642 1873 boni
2686 1817 2867 1887 operis
2894 1816 3059 1883 ferre,
3092 1832 3266 1887 neque
3292 1817 3427 1873 alios
3465 1833 3558 1873 ex-

1971 1911 2151 1966 colere
2188 1910 2353 1976 valet,
2409 1909 2505 1966 sed
2543 1909 2690 1965 foras
2734 1907 3053 1973 mittendus,
3101 1910 3206 1965 hoc
3232 1916 3335 1975 est,
3363 1910 3432 1965 ab
3456 1910 3561 1968 Ec—

1972 2001 2149 2057 clesiae
2171 2011 2256 2056 est
2282 2001 2491 2055 unitate
2521 1998 2907 2063 secernendus,
2938 2005 3018 2062 ut,
3037 1997 3195 2065 juxta
3218 1998 3377 2053 aliam
3399 2013 3561 2068 para-

1974 2095 2176 2160 bolam,
2213 2093 2505 2148 irridentes
2537 2105 2661 2145 eum
2692 2089 2898 2145 inimici
2927 2089 3148 2144 dicant:
3182 2088 3323 2155 Quia
3348 2090 3434 2145 hic
3466 2091 3562 2145 Ito-

1971 2202 2056 2240 mo
2083 2185 2233 2255 carpit
2254 2182 2542 2252 wdiﬁcare,
2565 2190 2614 2235 et
2644 2197 2748 2234 non
2775 2180 2944 2248 potuit
2980 2195 3361 2235 consummare.

2054 2294 2158 2349 Vos
2201 2294 2324 2348 estis
2353 2291 2448 2346 lux
2474 2290 2676 2345 mundi.
2707 2287 3000 2361 (Mannum)
3031 2286 3076 2342 A
3114 2289 3235 2344 luce
3260 2304 3409 2356 vera,
3438 2305 3562 2361 qua:

1974 2385 2222 2442 Christus
2275 2391 2380 2447 est,
2437 2379 2725 2435 illuminati
2775 2378 3005 2449 apostoli
3039 2378 3128 2434 lux
3157 2380 3339 2434 mundi
3375 2380 3565 2451 appel-

1974 2478 2181 2542 lantur,
2210 2475 2333 2545 quia
2360 2488 2458 2543 per
2505 2471 2651 2541 ipsos
2679 2469 2802 2524 luce
2849 2469 2972 2524 ﬁdei
3002 2478 3057 2524 et
3081 2469 3323 2525 scientia:
3358 2470 3561 2525 illumi-

1977 2566 2188 2622 nandus
2241 2572 2362 2619 erat
2412 2562 2663 2617 mundus.
2698 2560 2834 2614 Nam
2873 2560 3144 2630 quomodo
3197 2561 3445 2629 superius
3479 2563 3564 2616 sal

1979 2670 2139 2715 terim
2166 2657 2463 2729 figuraliter
2515 2653 2676 2708 iidem
2724 2660 2851 2708 sunt
2875 2652 3158 2719 nominati,
3192 2652 3269 2706 sic
3296 2667 3443 2707 nunc
3473 2651 3564 2706 lux

1978 2751 2164 2806 mundi
2215 2764 2336 2805 esse
2371 2762 2477 2802 non
2529 2743 2907 2814 corporaliter,
2959 2740 3052 2798 sed
3096 2742 3412 2812 spiritaliter
3439 2752 3567 2797 sunt

1977 2838 2328 2909 intelligendi.
2365 2832 2548 2909 (Aug.)
2581 2833 2749 2887 Terra
2804 2846 2934 2886 vero
2963 2830 3277 2901 accipienda
3332 2838 3416 2885 cst
3456 2846 3564 2884 non

1979 2943 2142 2999 quam
2169 2926 2396 2997 pedibus
2421 2923 2698 2994 corporeis
2726 2920 3020 2987 calcamus,
3051 2922 3146 2975 sed
3181 2920 3448 2985 homines,
3472 2920 3563 2990 qui

1983 3024 2039 3080 in
2088 3030 2234 3077 terra
2283 3019 2550 3084 habitant,
2606 3015 2692 3072 vel
2744 3014 2908 3070 etiam
2954 3022 3287 3084 peceatores,
3336 3027 3568 3082 quorum

2345 3118 2400 3166 et
2454 3104 2860 3179 exstinguendis
2906 3104 3165 3160 fetoribus
3213 3103 3571 3174 apostolicum

1984 3205 2150 3262 salem
2196 3201 2457 3259 Dominus
2484 3200 2651 3255 misit.
2700 3199 2766 3253 Et
2794 3199 2882 3253 hic
2912 3196 3171 3252 mundum
3210 3208 3319 3249 non
3347 3193 3574 3258 (mlum,

1984 3307 2040 3355 et
2068 3306 2292 3361 terram,
2326 3294 2420 3350 sed
2460 3293 2732 3357 homines,
2764 3291 2856 3363 qui
2881 3298 3007 3347 sunt
3036 3290 3090 3344 in
3131 3288 3355 3350 mundo,
3385 3288 3468 3342 vel
3492 3287 3572 3341 di-

1984 3390 2157 3463 ligunt
2190 3387 2471 3452 mundum,
2505 3393 2719 3456 oportet
2742 3383 2988 3455 intelligi,
3022 3381 3221 3454 quibus
3266 3379 3576 3434 illuminan-

1984 3480 2068 3536 dis
2114 3479 2343 3551 apostoli
2407 3477 2559 3533 missi
2609 3483 2753 3531 sunt.
2816 3472 3043 3547 (Hilar.)
3086 3472 3292 3527 Natura
3340 3485 3577 3540 namque

1984 3570 2204 3626 luminis
2233 3579 2318 3626 est
2342 3578 2403 3625 ut
2425 3569 2598 3625 lucem
2626 3582 2947 3638 quocunque
2978 3563 3395 3620 circumferatur
3416 3560 3576 3618 emit—

1985 3671 2083 3729 tat,
2117 3663 2433 3733 illatumque
2466 3661 2671 3716 aedibus
2701 3660 2953 3715 tenebras
2980 3658 3215 3728 perimat
3255 3655 3375 3710 luce
3400 3654 3575 3711 domi-

1986 3764 2172 3808 nante.

2055 3862 2225 3933 Igitur
2271 3860 2503 3915 mundus
2525 3866 2678 3913 extra
2709 3857 3073 3928 cognitionem
3097 3852 3196 3910 Dei
3231 3851 3442 3922 positus
3473 3851 3573 3907 ob-

1988 3953 2311 4010 scurabatur
2356 3948 2676 4019 ignorantiae
2722 3947 2985 4011 tenebris,
3039 3945 3122 4001 cui
3152 3960 3250 4015 per
3301 3941 3575 4015 apostolos

1988 4045 2228 4104 scientiae
2276 4043 2457 4098 lumen
2507 4041 2677 4107 venit,
2723 4047 2778 4094 et
2809 4038 3047 4110 cognitio
3074 4037 3171 4092 Dei
3195 4035 3389 4101 claret,
3423 4042 3481 4092 et
3506 4034 3576 4090 de

1986 4136 2171 4208 parvis
2200 4150 2388 4191 eorum
2426 4132 2784 4204 corpusculis,
2837 4144 3159 4203 quocunque
3210 4127 3573 4194 incesserunt,

1988 4229 2077 4285 lux
2109 4228 2468 4283 ministratur.

2062 4342 2186 4399 Non
2204 4351 2367 4415 potest
2392 4340 2575 4396 civitas
2610 4336 2862 4393 abscondi
2905 4350 3066 4405 supra
3110 4340 3339 4388 montem
3381 4330 3573 4401 posita.

1989 4432 2280 4508 (Marinus)
2297 4432 2411 4488 Hoc
2426 4438 2510 4486 est
2523 4428 2833 4501 apostolicae
2858 4425 3108 4482 soliditas
3121 4422 3381 4479 doctrina:
3413 4435 3577 4492 super

1987 4527 2255 4597 insignem
2293 4536 2650 4594 magnamque
2688 4518 2959 4589 justitiam
2981 4515 3231 4572 solidata.
3282 4510 3457 4579 Quam
3498 4510 3577 4567 si-

1987 4619 2210 4691 gniﬁcat
2234 4618 2399 4672 etiam
2433 4615 2550 4686 ipse
2580 4628 2739 4669 mons
2776 4611 2831 4666 in
2863 4623 2972 4681 quo
3019 4608 3262 4678 disputat
3288 4604 3574 4661 Dominus.

1988 4710 2173 4765 Potest
2197 4709 2362 4781 igitur
2383 4721 2539 4762 mons
2579 4705 2683 4760 iste
2735 4702 2911 4773 ipsum
2941 4699 3220 4756 Christum
3244 4694 3575 4766 significare.

1987 4802 2067 4857 De
2098 4815 2205 4869 quo
2234 4799 2497 4868 scriptum
2535 4804 2622 4852 est
2650 4813 2663 4849 :
2711 4792 2911 4858 Venite,
2945 4788 3295 4846 ascendamus
3314 4785 3385 4840 ad
3426 4799 3580 4839 mon-

1987 4902 2091 4947 tem
2112 4889 2325 4945 Domini
2357 4886 2494 4957 (Isa.
2527 4885 2613 4956 u).
2661 4883 2865 4939 Civitas
2893 4895 3028 4936 vero
3055 4886 3225 4934 totam
3276 4872 3576 4929 Ecelesiam

1992 4979 2195 5036 Christi
2220 4979 2275 5033 in
2307 4977 2424 5048 ejus
2461 4975 2566 5030 fide
2592 4972 2892 5035 fundatam,
2921 4984 3044 5040 quae
3091 4982 3158 5023 ex
3185 4963 3373 5020 multis
3400 4961 3577 5033 genti-

1994 5073 2097 5128 bus
2149 5080 2407 5138 tanquam
2456 5080 2525 5120 ex
2575 5063 2761 5118 multis
2813 5061 3080 5132 lapidibus
3107 5065 3194 5112 est
3242 5058 3577 5113 constructa,

1995 5161 2362 5233 conglutinata
2407 5165 2589 5211 autem
2641 5154 2906 5210 bitumine
2960 5145 3245 5205 charitatis
3289 5150 3346 5198 et
3372 5141 3580 5196 unitate

1995 5255 2143 5311 lldei.
2174 5252 2300 5309 Haec
2327 5258 2441 5306 tuta
2470 5249 2533 5304 lit
2569 5246 2922 5312 intrantibus,
2953 5242 3047 5299 sed
3079 5238 3353 5295 laboriosa
3378 5235 3581 5290 adeun-

1998 5350 2163 5412 tibus,
2222 5344 2460 5402 custodit
2511 5343 2863 5403 habitatores,
2924 5332 3154 5391 secludit
3199 5327 3472 5385 inimieos.
3513 5323 3583 5379 Et

2001 5450 2189 5498 contra
2236 5452 2426 5496 omnes
2455 5433 2681 5491 insidias
2710 5428 3074 5489 inimicorum,
3106 5424 3212 5478 hoc
3258 5428 3346 5476 est
3367 5415 3503 5474 luds
3521 5430 3584 5467 o-

2000 5549 2143 5597 rum,
2184 5531 2546 5601 Paganorum,
2598 5523 2714 5578 sive
2767 5518 2930 5573 etiam
2961 5513 3368 5574 haereticorum,
3398 5510 3588 5562 nmzct

2000 5620 2401 5693 insuperabilis.
2433 5617 2585 5673 Hanc
2619 5611 2894 5668 civitatem
2931 5602 3351 5693 praefigurath
3377 5610 3474 5679 ses
3496 5609 3585 5649 ur-

1999 5719 2096 5773 bes
2126 5692 2317 5783 refugii
2347 5712 2400 5765 in
2435 5705 2707 5762 montibus
2730 5699 2941 5770 positae,
2979 5696 3105 5767 quia
3139 5695 3253 5765 ipsa
3288 5692 3346 5747 iu
3373 5693 3585 5752 monte.
