3986 6192
383 319 484 374 803

1028 312 1087 366 Β.
1129 311 1379 366 [MBAN]
1420 307 1638 366 MAURI
1675 307 1994 394 AliCiliEP.
2037 306 2345 366 MOGUNT.
2384 307 2672 367 OPERUM
2706 309 2886 366 PARS
2922 308 2962 366 Ι.

3536 315 3642 373 ελι

382 432 485 482 hoc
511 437 617 490 est,
669 424 847 495 palam
897 424 1072 494 posita
1102 422 1373 477 veraciter
1399 421 1666 491 refugium
1696 420 1755 474 ﬁt
1783 397 1958 473 omni-
1987 419 2034 479 Α
2064 428 2112 472 et
2143 436 2244 474 non
2276 419 2331 474 in
2383 420 2552 475 altero
2582 419 2727 492 (Gal.
2778 419 2874 490 vi).
2908 420 3024 475 Non
3067 435 3198 491 ergo
3227 431 3435 477 tantum
3467 425 3604 480 ἀίω
3630 439 3647 479 ε

381 521 482 573 bus
511 516 947 587 confugientibus
980 514 1046 569 ad
1080 528 1139 568 sc
1162 513 1231 568 ab
1260 513 1483 568 inimico
1516 511 1747 567 diabolo.

454 605 637 678 Neque
665 608 949 660 accendunt
984 603 1254 658 lucernam
1279 611 1328 656 et
1364 617 1564 672 ponunt
1583 617 1699 656 eam
1722 601 1817 654 sub
1846 615 1959 653 mo-

381 700 489 762 dio,
511 697 601 751 sed
627 711 782 766 super
808 692 1200 758 candelabrum,
1226 702 1284 746 ut
1317 692 1487 747 luceat
1518 691 1759 746 omnibus
1788 692 1877 762 qui
1906 692 1962 744 in

381 791 534 844 domo
577 797 718 842 sunt.
757 786 1030 857 Exemplis
1089 787 1254 841 etiam
1309 793 1472 855 atque
1521 784 1964 840 similitudinibus

382 881 698 935 domesticis
741 887 896 934 uocet
923 879 1198 948 apostolos
1237 878 1487 934 ﬁduciam
1517 878 1719 933 habere
1762 877 1963 948 praedi-

384 975 564 1038 candi,
600 989 668 1028 ne
694 973 1096 1028 abscondantur
1121 971 1190 1025 ob
1215 979 1441 1036 metum,
1492 977 1549 1026 et
1601 970 1711 1025 sint
1757 968 1962 1026 similes

383 1065 620 1119 lucernae
651 1065 750 1118 sub
775 1062 976 1128 modio,
1002 1061 1098 1116 sed
1125 1068 1234 1116 tota
1265 1061 1515 1116 libertate
1539 1076 1599 1116 se
1627 1061 1881 1131 prodant,
1904 1067 1964 1114 ut

384 1154 527 1222 quod
577 1153 863 1207 audierunt
914 1151 968 1205 in
1015 1149 1276 1205 cubiculis
1327 1150 1624 1220 praedicent
1671 1149 1725 1204 in
1781 1149 1960 1204 tectis.

385 1242 566 1314 (.lug.)
623 1242 829 1296 Ponere
854 1256 982 1311 ergo
1011 1241 1285 1295 lucernam
1339 1241 1438 1294 sub
1467 1241 1647 1294 modio
1674 1249 1775 1304 est,
1813 1255 1967 1310 supe-

387 1335 528 1386 riora
555 1334 734 1387 faeere
754 1333 996 1401 corporis
1026 1330 1307 1386 commoda
1335 1346 1496 1399 quam
1527 1330 1964 1400 praedicationem

382 1423 648 1487 veritatis,
695 1432 751 1474 ut
779 1422 898 1476 ideo
943 1423 1171 1492 quisque
1211 1422 1494 1476 veritatem
1548 1435 1655 1474 non
1685 1421 1962 1490 prmdicet,

384 1520 511 1570 dum
543 1516 696 1568 timet
724 1531 792 1568 ne
821 1515 876 1568 in
904 1513 1064 1568 rebus
1092 1513 1468 1584 corporalibus
1495 1521 1550 1565 et
1579 1509 1966 1581 temporalibus

383 1607 585 1676 aliquid
622 1605 880 1660 molesticc
915 1605 1168 1675 patiatur.
1213 1603 1326 1658 Sub
1378 1603 1558 1658 modio
1602 1617 1732 1673 ergo
1785 1602 1965 1658 lucer-

386 1710 510 1747 nam
541 1695 713 1763 ponit,
764 1693 1011 1762 quisquis
1035 1692 1208 1747 lucem
1253 1692 1515 1746 doctrinae
1543 1691 1697 1746 bona:
1721 1707 1962 1746 commo-

2065 506 2132 562 Ut
2154 510 2360 564 videant
2382 510 2516 564 bona
2548 527 2703 582 opera
2747 521 2940 576 uestra,
2970 512 3063 566 sed
3095 512 3306 568 addidit
3332 513 3403 567 Et
3443 515 3654 587 gloriﬁ-

2063 611 2176 654 cent
2214 599 2428 656 Patrem
2457 613 2700 668 vestrum,
2739 607 2832 676 qui
2859 605 2914 658 in
2941 605 3082 659 cmlis
3108 617 3204 673 est,
3233 617 3290 663 ut
3321 610 3424 664 hoc
3449 611 3652 680 ipsum,

2061 689 2204 758 quod
2233 689 2392 745 homo
2417 707 2512 761 per
2557 693 2695 746 bona
2747 708 2911 763 opera
2963 695 3139 764 placet
3167 697 3500 765 hominibus,
3543 717 3652 756 non

2062 779 2166 832 sibi
2193 779 2352 834 tinem
2388 783 2701 846 constituat,
2731 791 2790 836 ut
2825 784 3138 841 hominibus
3177 787 3400 856 placeat,
3435 791 3532 846 sed
3563 807 3651 846 re.

2063 868 2200 924 ferat
2229 871 2331 926 hoc
2360 872 2427 926 ad
2453 871 2668 927 laudem
2697 873 2813 928 Dei.
2864 875 2930 929 Et
2979 889 3263 947 propterea
3308 881 3524 950 placeat
3550 884 3652 938 ho-

2064 959 2319 1028 minibus,
2347 969 2405 1016 ut
2447 963 2503 1016 in
2536 962 2627 1017 illo
2654 963 2988 1034 gloriﬁcetur
3015 967 3178 1022 Deus.
3211 969 3322 1024 Hoc
3351 971 3499 1026 enim
3531 972 3652 1027 lau-

2063 1049 2316 1106 dantibus
2339 1053 2554 1124 expedit
2601 1063 2660 1108 ut
2685 1071 2792 1110 non
2821 1056 3117 1121 hominem,
3148 1060 3244 1115 sed
3272 1060 3442 1116 Deum
3475 1064 3656 1120 hono-

2066 1149 2204 1195 rent.
2238 1141 2391 1196 Sicut
2421 1143 2473 1196 in
2505 1143 2622 1212 ipso
2669 1145 2908 1206 homine.
2937 1163 3098 1216 quem
3133 1151 3403 1218 portabat,
3462 1153 3656 1208 Domi-

2067 1246 2166 1286 nus
2193 1232 2449 1297 ostendit,
2490 1234 2581 1288 ubi
2633 1235 2912 1290 admiratae
2971 1247 3098 1292 sunt
3149 1239 3320 1295 turba:
3347 1241 3654 1312 paralytico

2066 1333 2256 1380 sanato
2284 1325 2514 1380 virtutes
2563 1326 2698 1396 ejus,
2750 1329 2892 1383 sicut
2943 1330 2996 1384 in
3036 1331 3326 1402 Evangelia
3385 1335 3654 1404 scriptum

2066 1423 2148 1467 est
2183 1430 2195 1466 :
2231 1413 2556 1469 Timuerunt
2582 1425 2639 1470 et
2677 1416 3104 1488 glorificaverunt
3135 1419 3323 1488 Deum,
3375 1427 3464 1495 qui
3509 1427 3656 1480 dedit

2065 1514 2367 1575 potestatem
2394 1506 2692 1561 hominibus
2722 1508 2878 1562 talem
2911 1509 3126 1582 (Matth.
3157 1513 3254 1583 Ix).

2139 1593 2272 1668 [llL]
2316 1593 2497 1650 Nolite
2543 1606 2731 1666 putare
2765 1600 3016 1669 quoniam
3063 1604 3178 1656 veni
3229 1604 3424 1658 solvere
3466 1603 3654 1676 legem,

2069 1695 2163 1740 aut
2189 1688 2500 1758 prophetas;
2521 1705 2635 1757 .non
2666 1691 2777 1743 veni
2799 1690 3014 1756 solvere,
3045 1693 3134 1747 sed
3161 1693 3467 1765 adimplere.
3495 1698 3657 1752 Post-

384 1789 467 1841 dis
500 1762 884 1854 temporalibus
921 1786 1178 1838 obscurat
1205 1792 1260 1836 et
1311 1784 1459 1852 tegit.
1515 1781 1689 1853 Super
1717 1781 1967 1837 candela-
1996 1762 2041 1821 Β
2068 1793 2230 1848 quam
2261 1793 2390 1851 ergo
2428 1780 2676 1836 hortatus
2713 1789 2796 1837 est
2834 1792 2892 1836 ut
2921 1799 2977 1838 se
3011 1795 3382 1854 prmpararent
3431 1789 3500 1842 ad
3541 1806 3659 1844 om.

387 1877 542 1928 brum
592 1884 796 1938 autem,
837 1873 929 1943 qui
961 1887 1156 1944 corpus
1185 1889 1339 1928 suum
1388 1873 1690 1927 ministerio
1718 1872 1810 1927 Dei
1840 1873 1968 1926 sub—
2068 1869 2156 1924 nia
2188 1871 2501 1926 sustinenda
2552 1887 2651 1942 pro
2698 1873 2930 1930 veritate
2982 1885 3159 1945 atque,
3187 1877 3420 1948 justitia,
3465 1888 3657 1935 etnon

379 1967 521 2033 jieit,
552 1975 612 2019 ut
658 1966 903 2035 superior
951 1966 1023 2019 sit
1053 1965 1366 2034 praedicatio
1416 1966 1680 2028 veritatis,
1739 1965 1966 2020 inferior
2068 1963 2463 2019 absconderem
2490 1965 2690 2020 bonum
2718 1968 2860 2037 quod
2901 1969 3176 2039 accepturi
3230 1980 3410 2035 erant,
3467 1973 3564 2028 sed
3596 1986 3656 2027 ea

385 2058 618 2112 servitus
647 2056 912 2126 corporis,
965 2070 1063 2126 per
1100 2057 1271 2127 ipsam
1308 2065 1488 2111 tamen
1518 2057 1763 2126 corporis
1796 2056 1967 2110 virtu-

387 2159 492 2203 tum
545 2148 894 2203 excellentior
944 2147 1120 2202 luceat
1169 2147 1433 2211 doctrina,
1487 2162 1608 2217 qua:
1645 2163 1743 2217 per
1787 2145 1965 2203 ofﬁcia

386 2241 710 2311 corporalia,
740 2241 794 2295 id
819 2248 920 2302 est,
950 2255 1048 2310 per
1088 2255 1298 2305 vocem,
1330 2248 1386 2294 et
1430 2238 1688 2310 linguam,
1721 2247 1776 2294 et
1803 2248 1968 2294 caete-

387 2350 477 2389 ros
501 2334 746 2403 corporis
775 2341 974 2398 motus,
1002 2333 1056 2386 in
1090 2332 1246 2386 bonis
1271 2332 1526 2401 operibus
1555 2332 1863 2386 insinuatur
1886 2333 1968 2388 di-

385 2425 677 2480 sccntibus.
705 2423 880 2493 Super
906 2422 1286 2478 candelabrum
1311 2438 1441 2494 ergo
1463 2422 1736 2478 lucernam
1765 2424 1964 2494 posuit,

387 2518 476 2587 qui
508 2517 583 2570 ait
613 2529 627 2568 :
661 2514 871 2585 Castigo
897 2531 1084 2584 corpus
1127 2531 1323 2580 meum,
1367 2525 1412 2568 et
1453 2513 1690 2568 servituti
1717 2514 1962 2584 subjicio,

387 2624 450 2660 ne
475 2607 608 2676 forte
641 2622 759 2659 cum
799 2605 916 2660 aliis
944 2605 1296 2676 pra’dicavero
1319 2605 1426 2675 ipse
1469 2605 1716 2675 reprobus
1748 2605 1963 2676 elﬁciar.

387 2697 570 2753 l’otest
595 2707 648 2752 et
693 2697 914 2752 lucerna
953 2698 1067 2751 haac
1094 2712 1256 2766 super
1284 2696 1620 2751 humanitate
1663 2695 1964 2752 Salvatoris

386 2787 749 2858 interpretari.
806 2785 926 2856 lpse
963 2785 1161 2856 quippe
1215 2786 1490 2840 lucernam
1547 2785 1817 2851 accendit,
1871 2786 1964 2855 qui

391 2890 589 2935 terram
622 2881 872 2934 humana:
902 2887 1111 2933 natura:
1150 2877 1365 2933 ﬂamine
1395 2893 1506 2933 suae
1532 2878 1832 2934 divinitatis
1859 2878 1966 2933 im-

386 2968 570 3038 plevit.
628 2967 798 3036 Quam
849 2966 1090 3038 profecto
1144 2967 1420 3023 lucernam
1466 2983 1568 3024 nec
1621 2967 1966 3023 credentibus

388 3057 739 3122 abscondere,
765 3073 868 3113 nec
897 3059 1077 3113 modio
1126 3073 1448 3129 supponere,
1481 3058 1534 3113 id
1564 3069 1648 3114 est
1676 3060 1777 3114 sub
1807 3074 1961 3114 men-

387 3162 517 3202 sura
549 3145 682 3218 legis
719 3147 1020 3212 includere,
1064 3148 1148 3201 vel
1180 3148 1320 3202 intra
1343 3148 1505 3204 unius
1548 3145 1745 3204 Iudaeae
1790 3150 1969 3220 gentis

391 3239 652 3295 terminos
697 3239 869 3294 voluit
917 3239 1190 3296 cohibere.
1227 3239 1626 3296 Candelabrum
1669 3241 1965 3298 Ecclesiam

387 3328 538 3395 dicit,
599 3328 685 3383 cui
737 3327 1013 3383 lucernam
1069 3329 1433 3398 superposuit.
1490 3328 1625 3396 Quia
1685 3331 1886 3387 nostris
1912 3331 1967 3386 in

388 3418 655 3475 frontibus
691 3418 852 3474 ﬁdem
888 3435 999 3474 sua:
1030 3418 1417 3476 incarnationis
1440 3419 1626 3476 edixit.
1665 3421 1732 3478 Ut
1755 3423 1846 3494 qui
1865 3423 1970 3479 Ec-

386 3507 610 3564 clesiam
635 3506 865 3564 ﬁdeliter
913 3509 1121 3580 ingredi
1148 3509 1436 3575 voluerint,
1492 3510 1672 3565 lumen
1718 3513 1967 3570 veritatis

387 3597 562 3668 palam
590 3605 792 3666 queant
815 3597 1034 3653 intueri.
1070 3598 1225 3666 Quod
1261 3613 1393 3654 vero
1422 3600 1534 3653 ait:
1568 3598 1635 3653 Ut
1660 3599 1834 3656 luceat
1862 3617 1970 3656 om-

387 3688 537 3740 nibus
572 3688 662 3757 qui
702 3689 756 3741 in
779 3688 935 3743 domo
964 3699 1108 3753 sunt,
1137 3699 1192 3744 et
1213 3689 1513 3745 Ecclesiam
1553 3699 1732 3760 potest
1758 3693 1965 3764 signiﬁ-

385 3792 535 3843 care,
586 3785 648 3832 ut
681 3792 842 3849 supra
877 3780 1234 3846 ostendimus,
1275 3788 1332 3834 et
1359 3779 1530 3850 ipsam
1577 3781 1966 3839 habitationem

388 3866 689 3932 hominum,
728 3869 832 3922 hoc
856 3876 940 3922 est
967 3869 1246 3923 mundum.
1277 3869 1368 3925 Sic
1395 3871 1541 3925 enim
1564 3870 1708 3928 lucet
1727 3873 1821 3928 lux
1843 3890 1969 3928 san-

385 3961 596 4008 ctorum
639 3955 1053 4025 praedicatorum
1101 3957 1156 4011 in
1189 3957 1446 4023 Ecclesia,
1483 3961 1734 4016 utetiam
1788 3962 1841 4016 hi
1874 3963 1966 4032 qui

389 4047 533 4099 intus
566 4053 692 4100 sunt
731 4043 911 4100 lumen
961 4045 1202 4113 videant,
1248 4056 1305 4102 et
1331 4048 1398 4102 ad
1429 4064 1526 4105 eos
1554 4050 1646 4120 qui
1680 4050 1812 4108 foris
1839 4061 1969 4109 sunt

387 4136 522 4191 lucis
563 4137 746 4194 radios
769 4145 1008 4209 spargat,
1036 4147 1095 4192 ut
1139 4139 1238 4210 ipsi
1269 4154 1485 4211 quoque
1528 4143 1597 4197 ab
1633 4159 1879 4199 errorum
1911 4153 1966 4200 et

387 4237 738 4296 peccatorum
787 4230 1028 4285 tenebris
1056 4229 1357 4302 aufugiant,
1400 4241 1457 4288 et
1505 4234 1573 4289 ad
1610 4234 1785 4290 lucem
1822 4251 1966 4292 verae

390 4317 513 4373 ﬁdei
539 4319 829 4374 convenire
851 4317 1128 4376 festinent.
1158 4321 1310 4378 Unde
1331 4331 1386 4376 et
1405 4324 1651 4379 subditur
1680 4343 1694 4378 :

371 4475 374 4478 t
461 4407 551 4462 Sic
576 4407 746 4462 luceat
769 4409 862 4464 lux
893 4420 1060 4465 uestra
1087 4429 1264 4466 coram
1310 4412 1626 4479 hominibus,
1668 4422 1725 4468 ut
1753 4415 1962 4470 videant

385 4511 544 4565 opera
583 4507 752 4551 uestra
775 4498 930 4565 bona,
973 4509 1020 4554 et
1046 4497 1336 4569 gloriﬁcent
1361 4501 1576 4556 Patrem
1601 4512 1846 4568 uestrum,
1874 4505 1965 4577 qui

385 4587 441 4638 in
467 4585 609 4640 cmlis
638 4597 733 4641 est.
763 4588 946 4661 (Δίες.)
977 4589 1036 4645 Si
1067 4593 1439 4648 tantummodo
1481 4593 1686 4648 diceret
1715 4612 1728 4647 :
1764 4593 1855 4649 Sic
1881 4595 1964 4650 lu-

387 4685 508 4730 ceat
549 4675 726 4732 lumen
770 4689 1013 4733 vestrum
1065 4695 1248 4734 coram
1306 4681 1636 4748 hominibus,
1666 4694 1726 4738 ut
1751 4686 1967 4741 videant

389 4766 526 4819 bona
563 4763 706 4821 facta
741 4776 942 4833 vestra,
1004 4769 1167 4824 ﬁnem
1217 4774 1559 4829 constituisse
1612 4778 1886 4832 videretur
1912 4780 1964 4835 in

387 4856 635 4913 laudibus
681 4858 984 4927 hominum,
1031 4877 1167 4932 quas
1197 4875 1446 4932 quaerunt
1477 4867 1769 4936 hypocrita:
1795 4877 1849 4923 et
1873 4870 1964 4938 qui

387 4947 634 5002 ambiunt
680 4949 748 5003 ad
776 4949 1032 5018 honores,
1073 4961 1128 5008 et
1179 4962 1400 5024 captant
1436 4955 1804 5012 inanissimam
1847 4958 1966 5030 glo-

387 5035 546 5090 riam.
579 5034 782 5092 Contra
810 5052 945 5108 quos
969 5040 1169 5095 dicitur
1196 5059 1210 5094 :
1243 5041 1304 5097 Si
1331 5043 1506 5097 adhuc
1530 5045 1827 5100 hominibus
1851 5047 1966 5117 pla-

386 5143 577 5194 cerem,
608 5145 788 5185 seruus
808 5129 906 5184 Dei
931 5148 1036 5185 non
1059 5148 1221 5186 essem
1249 5132 1390 5204 (Gal.
1415 5134 1475 5205 ι).
1500 5135 1569 5190 Ει
1596 5151 1694 5206 per
1729 5136 1966 5209 Prophe-

357 5242 361 5246 ·
389 5225 498 5270 tam
526 5235 539 5271 :
573 5218 676 5284 Qui
702 5221 996 5276 hominibus
1022 5222 1224 5293 placent
1257 5225 1461 5294 confusi
1509 5235 1652 5293 sunt,
1679 5230 1803 5299 quia
1826 5229 1965 5284 Deus

387 5305 519 5360 nihil
551 5307 671 5375 fecit
695 5309 815 5364 illos
849 5310 1022 5382 (Psal.
1055 5313 1177 5385 LII),
1207 5325 1264 5370 et
1293 5316 1488 5371 iterum
1514 5336 1528 5371 :
1557 5318 1700 5373 Deus
1726 5321 1946 5390 confrin-

353 5425 356 5428 ~
386 5395 460 5464 git
485 5412 605 5450 ossa
655 5414 835 5453 eorum
861 5403 949 5471 qui
973 5403 1270 5459 hominibus
1300 5405 1506 5475 placent
1538 5406 1712 5476 (Psal.
1743 5419 1862 5482 Lit).
1898 5411 1966 5466 Et

388 5503 603 5543 rursum
658 5489 990 5560 Apostolus:
1033 5494 1157 5548 Non
1207 5497 1510 5567 efﬁciamur,
1547 5499 1738 5569 inquit,
1790 5505 1964 5559 inanis

384 5575 566 5644 gloria:
585 5579 763 5648 cupidi
787 5581 931 5652 (Gal.
949 5583 1025 5655 v).
1056 5583 1126 5639 Et
1153 5585 1265 5656 ipse
1304 5587 1500 5643 iterum
1528 5608 1539 5643 :
1571 5589 1764 5647 Probet
1791 5605 1964 5650 autem

353 5703 360 5712 ς
392 5668 617 5736 seipsum
641 5673 818 5741 homo,
844 5685 892 5729 et
918 5687 1040 5730 tunc
1067 5679 1121 5730 in
1153 5680 1422 5750 semetipso
1463 5682 1682 5762 habebit_
1715 5685 1962 5762 gloriam,

2067 2053 2365 2120 discerent,
2415 2064 2476 2111 ut
2527 2066 2756 2113 caeteros
2813 2059 3093 2126 docerent,
3157 2077 3264 2115 non
3322 2064 3388 2116 ad
3438 2063 3658 2119 laudem

2068 2159 2245 2211 suam,
2278 2146 2372 2201 sed
2394 2147 2461 2201 ad
2484 2147 2708 2218 gloriam
2738 2149 2832 2204 Dei
2854 2151 2992 2205 bona
3023 2167 3116 2206 sua
3138 2167 3302 2222 opera
3331 2153 3656 2212 referentes.

2068 2237 2259 2308 incipit
2284 2253 2379 2294 eos
2407 2236 2520 2308 jam
2547 2239 2844 2296 informare
2880 2249 2933 2296 ct
2963 2243 3156 2296 docere
3211 2244 3341 2312 quid
3401 2244 3656 2308 doceant,

2077 2336 2334 2398 tanquam
2364 2329 2408 2384 si
2438 2340 2763 2400 quaererent,
2792 2333 3033 2388 dicentes
3060 2352 3072 2386 :
3108 2335 3247 2390 Ecce
3267 2335 3519 2390 volumus
3543 2352 3662 2390 om-

2075 2418 2165 2472 nia
2189 2419 2459 2475 sustinere
2481 2437 2578 2491 pro
2605 2431 2696 2477 tuo
2725 2426 2963 2487 nomine,
2995 2434 3049 2480 et
3071 2426 3372 2480 doctrinam
3398 2443 3508 2482 non
3537 2429 3661 2483 abs-

2071 2511 2327 2576 condere,
2358 2511 2452 2566 sed
2490 2511 2615 2582 quid
2643 2522 2726 2568 est
2754 2515 2952 2584 ipsum,
3003 2516 3146 2585 quod
3175 2526 3328 2572 vetas
3372 2518 3658 2580 abscondi,

2068 2611 2123 2656 et
2146 2617 2247 2673 pro
2284 2619 2392 2673 quo
2425 2603 2585 2673 jubes
2614 2608 2793 2662 omnia
2840 2608 3100 2664 tolerari?
3128 2610 3378 2680 Nunquid
3402 2613 3546 2668 aliud
3577 2615 3662 2668 di-

2073 2700 2261 2748 cturus
2288 2709 2346 2749 es
2376 2703 2564 2750 contra
2593 2712 2655 2751 ea
2702 2713 2821 2768 quae
2869 2699 2923 2753 in
2953 2700 3068 2770 lege
3098 2702 3297 2771 scripta
3329 2705 3490 2757 sunt?
3516 2703 3656 2768 Non,

2071 2783 2287 2854 inquit:
2329 2784 2508 2840 Nolite
2539 2796 2724 2857 putare
2772 2791 3020 2859 quoniam
3065 2793 3182 2845 ueni
3233 2793 3433 2847 solvere
3470 2794 3656 2864 legem,

2067 2883 2160 2928 aut
2185 2875 2482 2946 prophetas.
2517 2877 2642 2932 Non
2681 2881 2818 2933 enim
2846 2883 2958 2935 ueni
2985 2882 3199 2948 solvere,
3227 2885 3318 2938 sed
3346 2872 3656 2955 adimplere.

2068 2963 2125 3018 ln
2153 2964 2257 3019 hac
2279 2966 2424 3020 enim
2475 2969 2742 3023 sententia
2797 2985 2988 3025 sensus
3018 2971 3211 3042 duplex
3237 2981 3339 3041 est,
3369 2985 3424 3030 et
3456 2992 3658 3032 secun-

2069 3052 2196 3108 dum
2226 3064 2517 3126 utrumque
2546 3060 2886 3114 tractandum
2911 3071 2996 3116 est

1997 3123 2040 3180 θ
2142 3143 2276 3199 Nam
2305 3146 2397 3217 qui
2425 3123 2553 3202 dicit
2583 3165 2687 3202 non
2726 3151 2838 3203 veni
2887 3139 3084 3206 soluere
3126 3153 3309 3223 legem,
3365 3158 3456 3210 sed
3480 3158 3655 3211 adim-

2070 3235 2229 3308 plere,
2263 3245 2358 3292 aut
2387 3239 2634 3295 addendo
2663 3241 2795 3296 dicit
2823 3242 2965 3313 quod
3019 3244 3198 3299 minus
3220 3245 3402 3311 habet,
3431 3259 3528 3301 aut
3571 3248 3658 3302 fa-

2072 3326 2264 3382 ciendo
2313 3328 2456 3397 quod
2508 3329 2687 3385 habet.
2724 3330 2866 3403 Ergo
2890 3333 3041 3403 prius
3063 3335 3478 3392 consideremus
3509 3341 3657 3409 quod

2069 3416 2246 3487 primo
2275 3418 2451 3487 posui.
2508 3419 2646 3474 Nam
2687 3422 2780 3492 qui
2827 3423 3034 3479 addidit
3082 3426 3226 3495 quod
3257 3426 3439 3483 minus
3469 3429 3656 3495 habet,

2071 3524 2180 3563 non
2220 3511 2403 3580 utique
2433 3509 2590 3565 solvit
2619 3513 2762 3582 quod
2791 3514 3014 3581 invenit,
3043 3517 3138 3571 sed
3166 3518 3337 3587 magis
3362 3518 3655 3588 perﬁcieno

2072 3599 2141 3654 do
2167 3600 2526 3657 confirmavit.
2554 3602 2680 3659 Sive
2721 3621 2851 3676 ergo
2876 3621 2939 3660 ea
2963 3622 3081 3676 quae
3107 3608 3172 3663 de
3225 3624 3284 3664 se
3329 3612 3658 3680 prophetata

2070 3699 2197 3743 sunt
2251 3691 2521 3761 complere
2577 3694 2728 3749 venit
2762 3695 3169 3764 inhumanatus,
3231 3700 3344 3755 sive
3381 3701 3474 3755 illa
3535 3719 3658 3771 qua:

2071 3788 2228 3834 antea
2261 3791 2482 3852 propter
2518 3782 2890 3841 inﬁrmitatem
2925 3789 3258 3844 audientium
3284 3792 3440 3846 rudia
3467 3803 3524 3848 et
3553 3794 3658 3848 im—

2070 3869 2310 3940 perfecta
2341 3871 2556 3928 fuerant
2605 3875 2899 3946 complere,
2952 3878 3084 3932 iram
3139 3880 3333 3936 tollens
3383 3892 3440 3937 et
3478 3885 3658 3939 vicem

2071 3959 2286 4017 talionis
2316 3962 2632 4031 excludens,
2663 3974 2720 4020 et
2767 3967 3032 4023 occultam
3063 3971 3118 4024 in
3167 3980 3349 4028 mente
3395 3976 3660 4045 concupi-

2069 4049 2332 4106 scentiam
2369 4052 2573 4109 habere
2598 4056 2914 4125 prohibens.

2142 4139 2308 4195 Amen
2335 4143 2522 4212 quippe
2547 4143 2666 4199 dico
2691 4147 2854 4213 vobis,
2895 4149 3059 4204 donec
3112 4160 3344 4206 transeat
3388 4154 3575 4209 coelum
3609 4167 3660 4211 et

2068 4241 2232 4298 terra,
2265 4234 2373 4287 iota
2400 4251 2562 4290 unum
2591 4247 2683 4292 aut
2705 4256 2842 4294 unus
2865 4258 2998 4312 apex
3026 4260 3128 4298 non
3152 4246 3440 4315 prauen'bit
3464 4267 3499 4303 α
3525 4250 3657 4321 lege,

2066 4322 2231 4377 donec
2257 4325 2434 4378 omnia
2455 4325 2610 4394 ﬁant.
2639 4327 2909 4400 (Περι-οη.)
2934 4332 3328 4391 Promittuntur
3346 4338 3471 4394 οωιὶ
3501 4343 3656 4407 novi,

2069 4423 2125 4468 et
2159 4423 2301 4471 terra
2351 4433 2510 4485 nova,
2545 4435 2665 4489 qua:
2719 4420 2964 4478 facturus
2990 4433 3075 4480 est
3103 4425 3365 4484 Dominus
3389 4429 3570 4500 Deus;
3605 4436 3656 4489 si

2495 4475 2508 4485 .
2562 4475 2578 4489 .
2752 4475 2888 4478 ηνηη
2908 4475 2961 4478 ν-
2995 4475 3073 4480 ---
3103 4475 3364 4484 -ν--ν--η
3389 4475 3570 4500 --νσν
3605 4475 3656 4489 ιν·

1989 4475 2216 4559 Βειιίιη
2267 4521 2405 4560 nova
2437 4509 2669 4563 creanda
2719 4520 2884 4578 sunt,
2939 4526 3329 4585 consequenter
3377 4520 3494 4576 haec
3529 4532 3659 4577 sunt

2073 4595 2386 4651 transitura.
2425 4597 2610 4670 (Aug.)
2638 4600 2791 4667 Quod
2837 4612 3015 4658 autem
3055 4606 3322 4676 sequitur,
3345 4609 3458 4664 iota
3489 4628 3654 4665 unum

2069 4699 2161 4737 aut
2193 4702 2330 4740 unus
2357 4704 2491 4756 apex
2521 4705 2624 4742 non
2646 4694 2929 4759 praiteribit
2958 4712 2990 4747 a
3013 4694 3140 4765 lege,
3169 4697 3332 4751 donec
3369 4699 3508 4767 [iant
3533 4717 3652 4754 om-

2071 4777 2180 4838 nia,
2213 4793 2280 4829 ex
2332 4776 2499 4847 ﬁgura
2537 4779 2731 4835 litterzn
2775 4784 3078 4838 ostenditur
3129 4786 3270 4855 quod
3324 4787 3493 4841 etiam
3529 4805 3654 4859 qua:

2071 4866 2293 4919 minima
2335 4877 2594 4936 putantur
2625 4869 2678 4923 in
2716 4870 2853 4942 lege,
2885 4874 3243 4929 sacramentis
3272 4875 3653 4945 spiritualibus

2071 4955 2226 5026 plena
2263 4968 2407 5023 sunt,
2455 4968 2509 5014 et
2539 4961 2718 5015 omnia
2767 4963 3191 5034 recapitulantur
3241 4965 3295 5018 in
3335 4964 3648 5036 Evangelio.

2071 5049 2215 5103 Inter
2244 5049 2451 5105 litteras
2479 5067 2607 5122 ergo
2637 5053 2744 5107 iota
2786 5055 2965 5108 minor
2989 5063 3075 5110 est
3112 5056 3345 5119 caneris,
3370 5057 3500 5124 quia
3544 5072 3656 5112 uno

2075 5140 2238 5195 ductu
2287 5141 2383 5207 ﬁt;
2438 5157 2574 5211 apex
2625 5151 2803 5198 autem
2839 5144 3007 5199 etiam
3054 5145 3222 5214 ipsius
3251 5155 3338 5199 est
3380 5145 3558 5214 aliqua
3594 5147 3653 5200 in

2071 5247 2282 5287 summo
2309 5232 2592 5302 particula.
2656 5232 2860 5301 Quibus
2906 5237 3086 5292 verbis
3119 5237 3358 5291 ostendit
3386 5238 3554 5291 etiam
3595 5237 3657 5293 in

2069 5315 2188 5394 lege
2210 5324 2428 5378 minima
2454 5326 2518 5379 ad
2533 5324 2780 5380 allectum
2796 5328 3037 5397 perduci.
3063 5327 3353 5398 (ΜΑυιιυε.)
3375 5329 3514 5397 Apte
3537 5327 3660 5397 qui-

2069 5413 2189 5468 dem
2222 5415 2329 5468 iota
2352 5413 2620 5479 Graecum,
2649 5424 2704 5471 et
2727 5431 2831 5471 non
2853 5418 2958 5470 ioth
2991 5415 3274 5472 llebrzeum
3299 5417 3498 5486 posuit,
3523 5416 3657 5485 quia

2070 5504 2178 5557 iota
2208 5503 2264 5557 in
2295 5519 2522 5559 numero
2561 5506 2746 5561 decem
2770 5506 3057 5578 signiﬁcat,
3093 5516 3147 5562 et
3173 5507 3486 5577 decalogum
3519 5507 3658 5575 legis

2069 5603 2370 5662 enumerat,
2397 5593 2551 5663 cujus
2581 5598 2798 5667 quidem
2822 5614 2958 5668 apex
2982 5607 3035 5654 et
3062 5599 3322 5669 perfectio
3351 5609 3436 5655 est
3464 5598 3655 5654 Evan-

2069 5687 2285 5758 gelium.
