3978 6190
241 299 338 356 805

1182 291 1532 348 COMMENT.
1574 291 1640 346 IN
1680 289 2115 348 ΜΑΤΤΙῙᾸΞΟΜ.
2157 325 2228 336 -—
2261 292 2388 349 LIB.
2428 293 2490 348 ll.

3381 307 3487 363 806

308 413 405 479 Qui
427 425 543 479 ergo
566 424 726 462 unum
748 406 953 461 solverit
984 408 1048 460 de
1078 407 1339 461 mandatis
1371 409 1504 469 istis,
1535 416 1583 461 et
1610 407 1804 460 docue—
1831 411 1879 468 Α
1908 405 2196 462 irascatur.
2231 407 2384 474 Quod
2418 409 2463 463 si
2495 407 2811 478 perfecerit,
2870 410 3038 466 nmlto
3091 417 3356 473 remotior
3381 422 3489 476 erit

245 507 303 557 rit
322 504 391 556 sic
419 499 670 563 homines,
697 498 943 551 minimus
969 497 1234 551 vocabitur
1265 497 1317 549 in
1349 513 1504 566 regno
1529 496 1796 550 caelorum.

245 591 452 666 (Ililar.)
482 590 666 658 Itaque
691 603 760 642 ne
791 587 1014 643 minima
1045 587 1260 656 quidem
1287 587 1668 640 mandatorum
1700 585 1797 640 Dei

246 686 338 740 nisi
368 697 482 737 cum
536 678 747 749 piaculo
780 678 1060 734 constituit
1087 693 1207 733 esse
1251 678 1528 732 solvenda.
1568 676 1795 732 FuturOt

245 773 502 833 minimos,
527 769 579 823 id
608 777 695 822 est
721 768 1070 832 novissimos,
1106 783 1169 821 ac
1194 781 1331 836 pene
1369 765 1560 830 nullos,
1594 767 1801 821 denun-

244 865 372 918 tians
417 860 634 914 minima
687 858 977 914 solventes.
1032 857 1186 912 Nulla
1237 866 1418 912 autem
1463 857 1547 912 his
1589 859 1800 912 minora

241 960 452 1026 possunt
497 966 618 1006 esse
658 966 779 1020 quae
819 959 944 1005 sunt
971 951 1232 1004 minima:
1273 949 1556 1004 minimum
1587 957 1670 1004 est
1699 965 1798 1003 au-

241 1062 342 1100 tem
377 1044 614 1098 omnium
647 1042 860 1096 Domini
891 1041 1092 1112 passio,
1126 1049 1182 1096 et
1213 1041 1393 1095 crucis
1437 1055 1603 1100 mors,
1635 1054 1800 1108 quam

243 1138 281 1191 si
301 1136 412 1205 quis
439 1143 696 1204 tanquam
719 1133 1142 1188 erubescendum
1165 1148 1272 1186 non
1301 1131 1668 1196 conﬁtebitur,
1696 1132 1802 1186 erit

242 1224 501 1288 minimus,
532 1221 814 1278 conﬁtenti
836 1237 964 1277 vero
1007 1237 1216 1293 magna:
1247 1223 1300 1275 in
1340 1222 1480 1278 caelo
1502 1222 1801 1278 vocationis

241 1317 446 1386 gloriam
478 1313 782 1383 pollicetur.
825 1310 1095 1382 (Hieron.)
1133 1313 1308 1367 Aliter
1339 1320 1518 1366 autem
1550 1312 1803 1383 suggillat

238 1406 524 1460 Pharisaeos
560 1405 663 1460 hoc
714 1402 972 1473 capitulo,
1023 1402 1140 1471 qui,
1175 1402 1501 1472 contemptis
1531 1403 1801 1458 mandatis

239 1494 346 1557 Dei,
376 1499 682 1548 statuerunt
729 1491 980 1561 proprias
1017 1490 1359 1556 traditiones,
1399 1490 1544 1560 quod
1575 1505 1680 1544 non
1721 1492 1801 1546 eis

239 1585 396 1654 prosit
429 1582 674 1647 doctrina
728 1581 782 1635 in
814 1581 1048 1652 populis,
1102 1581 1149 1636 si
1199 1581 1285 1634 vel
1316 1596 1545 1650 parvum
1576 1579 1718 1650 quod
1748 1581 1802 1633 in

237 1673 343 1744 lege
363 1681 695 1743 praeceptum
722 1678 806 1725 est
839 1669 1136 1725 destruant.
1172 1668 1353 1741 (Aug.)
1386 1669 1638 1725 Mandata
1673 1683 1802 1740 ergo

1912 496 1980 550 ab
2008 499 2321 552 homicidio.
2363 498 2706 570 Quapropter
2735 502 2826 570 qui
2857 501 3016 557 docet
3046 511 3107 558 ut
3139 518 3250 561 non
3279 508 3488 564 irasca-

1909 604 2052 653 mur,
2091 606 2196 643 non
2252 591 2414 644 solvit
2447 590 2619 662 legem
2670 607 2740 646 ne
2785 595 3118 661 occidamus,
3171 599 3268 653 sed
3304 599 3491 669 implet

1907 682 2104 751 potius,
2147 690 2207 736 ut
2237 693 2293 737 et
2326 683 2470 737 foris
2524 684 2650 738 dum
2680 699 2786 738 non
2832 688 3131 743 occidimus
3157 697 3213 744 et
3239 689 3295 744 iu
3325 691 3491 747 corde

1908 789 2016 828 non
2054 774 2374 840 irascamur,
2424 775 2790 830 innocentiam
2830 779 3219 848 custodiamus,
3261 783 3407 838 unde
3434 793 3490 840 et

1907 866 2156 920 subditur
2186 883 2199 919 :

1976 959 2212 1013 Audistis
2259 962 2385 1030 quia
2430 960 2632 1014 dictum
2665 969 2741 1014 est
2777 961 3006 1034 antiquis
3037 979 3056 1018 :
3098 963 3224 1018 Non
3257 967 3482 1022 occides.

1910 1049 2014 1114 Qui
2049 1059 2223 1103 autent
2258 1051 2538 1117 occiderit,
2582 1067 2698 1105 reus
2737 1052 2834 1106 erit
2877 1053 3100 1121 judicio.
3149 1053 3266 1126 Ego
3309 1066 3489 1113 autem

1907 1139 2024 1193 dico
2062 1140 2232 1205 vobis,
2269 1140 2394 1210 quia
2432 1141 2601 1195 omnis
2635 1141 2728 1212 qui
2763 1143 3012 1197 irascitur
3047 1144 3203 1213 fratri
3234 1163 3332 1202 suo
3370 1164 3491 1204 reus

1907 1229 2002 1282 erit
2031 1229 2262 1298 judicio.
2300 1229 2436 1295 Quia
2471 1239 2654 1285 autem
2702 1246 2812 1286 non
2851 1232 3221 1304 intelligebant
3257 1237 3488 1292 homici-

1907 1320 2056 1374 dium
2112 1320 2218 1376 nisi
2273 1323 2704 1392 peremptionem
2761 1325 3005 1394 corporis
3065 1327 3329 1394 humani,
3391 1343 3490 1399 per

1906 1426 2070 1480 quam
2105 1412 2216 1466 vita
2247 1411 2580 1482 privaretur,
2617 1414 2829 1482 aperuit
2854 1415 3114 1470 Dominus
3139 1431 3354 1471 omnem
3383 1417 3490 1470 ini-

1908 1513 2075 1568 quum
2114 1508 2319 1554 motum
2354 1501 2422 1555 ad
2460 1503 2764 1558 nocendum
2804 1501 2960 1556 fratri
2995 1503 3048 1558 in
3079 1505 3356 1560 homicidii
3399 1521 3490 1576 ge-

1908 1604 2040 1645 nere
2093 1591 2420 1659 computari.
2462 1591 2619 1647 Unde
2653 1601 2709 1647 et
2743 1591 2978 1648 Joannes
3027 1594 3198 1648 dicit:
3234 1594 3338 1660 Qui
3382 1596 3493 1650 odit

1911 1684 2131 1753 fratrem
2171 1701 2326 1739 suum
2361 1684 2625 1738 homicida
2661 1693 2736 1739 est
2775 1685 2850 1754 (Ι
2879 1684 3042 1740 Joan.
3076 1701 3136 1740 ut
3165 1687 3204 1756 ).
3254 1685 3370 1756 Ego
3405 1687 3495 1742 hic

238 1765 444 1819 minima
472 1761 846 1834 signiﬁcantur
879 1776 979 1830 per
1006 1777 1170 1815 unum
1205 1761 1335 1827 iota,
1362 1769 1456 1815 aut
1485 1776 1651 1814 unum
1679 1761 1799 1828 api-

1916 1774 2020 1828 iico
2055 1775 2199 1828 vobis
2233 1777 2358 1845 quia
2395 1776 2563 1828 omnis
2600 1776 2690 1844 qui
2723 1776 2975 1828 irascitur
3023 1776 3179 1844 fratri
3227 1793 3323 1831 suo
3373 1795 3493 1833 reus

240 1872 365 1920 cem,
396 1854 535 1910 sicut
562 1868 724 1922 supra
754 1861 1030 1906 ostensum
1058 1861 1160 1906 est.
1194 1850 1296 1918 Qui
1323 1865 1454 1920 ergo
1496 1850 1720 1905 solverit
1747 1859 1805 1904 et

240 1945 466 2000 docuerit
493 1944 595 2006 sic,
631 1943 682 1998 id
708 1951 810 2009 est,
842 1942 1141 1998 secundum
1187 1941 1330 2013 quod
1355 1941 1538 2007 solvit,
1576 1957 1684 1997 non
1716 1956 1804 1996 se-

239 2033 456 2087 cundum
489 2032 634 2102 quod
662 2032 865 2087 invenit
900 2032 953 2086 in
989 2032 1126 2103 lege,
1167 2032 1425 2087 minimus
1446 2031 1728 2088 vocabitur
1753 2031 1808 2085 in

243 2142 394 2196 regno
447 2125 728 2189 cmlorum,
779 2133 834 2178 et
866 2122 1096 2179 fortasse
1141 2123 1262 2178 ideo
1292 2139 1398 2178 non
1423 2123 1529 2177 erit
1558 2123 1612 2176 in
1641 2137 1807 2194 regno

238 2217 508 2282 caelorum,
536 2216 626 2271 ubi
665 2215 768 2270 nisi
795 2215 973 2286 magni
999 2229 1119 2269 esse
1149 2228 1257 2268 non
1285 2223 1532 2284 possunt.

301 2307 588 2378 (iuuans)
604 2307 859 2362 Potestet
881 2307 988 2362 hoc
1001 2306 1280 2361 moraliter
1301 2305 1495 2376 accipi.
1527 2303 1808 2359 Solvitau-

241 2408 336 2454 tem
389 2401 705 2456 mandatum
732 2399 828 2454 Dei
883 2399 929 2452 is
963 2398 1054 2467 qui
1108 2412 1216 2462 non
1253 2397 1462 2465 implet,
1494 2410 1808 2464 quanquam

240 2506 335 2544 non
360 2490 413 2544 in
443 2493 699 2547 mandato
725 2491 1048 2547 solutionem
1075 2489 1258 2555 faciat,
1288 2490 1384 2544 sed
1412 2489 1465 2542 in
1493 2489 1803 2556 semetipso.

236 2581 470 2637 Firmum
495 2592 579 2639 est
603 2583 748 2639 enim
781 2583 872 2637 Dei
901 2582 1234 2647 mandatum,
1273 2589 1327 2635 et
1347 2596 1452 2634 non
1473 2587 1651 2650 potest
1673 2578 1807 2633 solvi

235 2674 515 2744 scriptura.
568 2674 681 2728 Lex
709 2688 838 2744 ergo
893 2672 1293 2741 quodammodo
1337 2679 1421 2726 est
1465 2669 1669 2742 ligatio.
1704 2669 1806 2736 Qui

233 2775 400 2820 autem
427 2765 716 2834 ligationes
741 2765 834 2819 Dei
860 2764 1095 2830 excedit,
1141 2764 1254 2834 ipse
1283 2764 1536 2818 mandata
1561 2763 1732 2818 solvet
1753 2763 1806 2817 in

234 2856 537 2924 semetipso,
589 2863 645 2908 et
671 2870 778 2909 non
823 2853 874 2906 in
907 2853 1055 2922 ipsis.
1112 2852 1258 2907 Talis
1286 2852 1500 2922 quidem
1552 2852 1808 2906 minimus

233 2946 507 3000 vocabitur
536 2945 589 2998 in
638 2959 805 3014 regno
866 2944 1146 3010 caelorum,
1203 2944 1329 3014 quia
1361 2945 1808 3013 despectissimus

231 3044 305 3088 est
351 3036 404 3089 in
447 3033 692 3089 Ecclesia
743 3041 1076 3087 sanctorum.
1109 3031 1244 3086 Nam
1280 3041 1334 3087 et
1375 3047 1600 3103 regnum
1635 3031 1806 3087 coelo-

1907 1866 2005 1918 erit
2043 1865 2273 1934 judicio.
2326 1864 2385 1918 In
2429 1864 2752 1933 quibusdam
2799 1865 3078 1920 codicibus
3124 1865 3339 1920 additur
3379 1868 3493 1922 sine

1907 1970 2088 2007 causa.
2144 1952 2252 2009 Sed
2297 1952 2472 2009 Graeci
2523 1953 2737 2008 codices
2783 1953 2980 2022 quibus
3017 1954 3150 2010 ﬁdes
3188 1956 3490 2012 adhibenda

1907 2053 2026 2110 est,
2059 2060 2166 2099 non
2196 2044 2400 2099 habent
2427 2043 2545 2098 sine
2573 2057 2772 2108 causa,
2805 2043 3056 2112 quamvis
3093 2043 3234 2098 idem
3272 2045 3385 2114 ipse
3423 2046 3496 2100 sit

1908 2148 2122 2187 sensus.

1977 2221 2112 2276 Illud
2152 2222 2384 2276 dicimus
2424 2221 2774 2286 intuendum,
2815 2221 2943 2290 quid
2983 2222 3056 2276 sit
3099 2222 3264 2277 irasci
3315 2223 3492 2278 fratri.

1890 2310 2175 2378 ,Quoniam
2223 2326 2331 2365 non
2381 2309 2536 2364 fratri
2583 2310 2854 2374 irascitur,
2905 2311 2996 2379 qui
3040 2320 3265 2381 peccato
3307 2313 3495 2369 fratris

1909 2402 2182 2457 irascitur.
2238 2401 2341 2468 Qui
2379 2415 2508 2472 ergo
2555 2400 2743 2462 fratri,
2783 2417 2892 2457 non
2941 2411 3165 2472 peccato
3213 2405 3488 2472 irascitur,

1909 2491 2027 2546 sine
2067 2506 2230 2546 causa
2267 2491 2539 2546 irascitur.

1982 2582 2086 2647 Qui
2115 2591 2288 2636 autem
2318 2582 2512 2636 dixerit
2543 2582 2704 2651 fratri
2731 2601 2827 2638 suo
2858 2585 3018 2639 racha
3038 2627 3054 2652 ,
3089 2603 3208 2641 reus
3237 2589 3334 2642 erit
3364 2605 3491 2644 con-

1909 2673 2052 2727 cilio.
2096 2671 2282 2726 Racha
2320 2673 2464 2727 enim
2503 2675 2721 2745 proprie
2756 2673 3061 2742 interiectio
3090 2685 3175 2733 est
3211 2677 3491 2735 Hebraicae

1909 2763 2139 2834 linguae,
2197 2778 2306 2818 non
2361 2779 2496 2820 voce
2554 2765 2760 2835 aliquid
2817 2766 3162 2838 signiﬁcans,
3215 2771 3308 2825 sed
3362 2773 3498 2827 indi-

1909 2855 2128 2925 gnantis
2153 2855 2322 2910 animi
2351 2863 2557 2911 motum
2585 2857 2915 2927 exprimens.
2950 2857 3060 2914 Has
3087 2860 3494 2930 interiectiones

1909 2947 2249 3015 grammatici
2283 2956 2481 3002 vocant
2508 2947 2804 3018 particulas
2831 2950 3097 3006 orationis
3125 2951 3497 3024 significantes

1909 3039 2166 3092 commoti
2203 3037 2370 3093 animi
2408 3037 2692 3104 ail'ectum,
2732 3038 2879 3094 velut
2913 3055 3039 3095 cum
3079 3040 3279 3097 dicitur
3324 3059 3355 3098 a
3399 3045 3497 3099 do-

235 3143 343 3180 rum
397 3127 486 3180 hic
541 3133 863 3194 praesentem
915 3124 1209 3178 Ecclesiam
1254 3123 1542 3194 signiﬁcat,
1591 3124 1732 3180 sicut
1756 3132 1810 3179 et
1837 3128 1881 3190 C
1912 3129 2055 3184 lente
2082 3131 2180 3184 heu
2201 3171 2217 3195 ,
2247 3131 2314 3185 ab
2345 3133 2612 3185 irascente
2639 3130 2790 3194 hem;
2824 3145 2945 3198 quae
2975 3145 3134 3186 voces
3161 3147 3499 3204 quarumque

231 3217 373 3281 alibi,
398 3216 489 3272 ubi
523 3215 785 3285 scriptum
814 3225 898 3269 est
925 3233 937 3269 :
969 3213 1152 3268 Simile
1181 3223 1256 3270 est
1300 3232 1517 3285 regnum
1560 3215 1806 3270 caelorum

234 3323 432 3374 sugente
478 3307 653 3360 missa:
697 3306 752 3358 in
796 3322 940 3358 mare
983 3305 1200 3378 (Matth.
1255 3306 1496 3378 xm);et
1526 3324 1539 3359 :
1568 3305 1802 3376 Regnum

233 3399 320 3451 Dei
345 3400 485 3452 intra
508 3413 594 3452 vos
622 3406 697 3451 est
725 3395 877 3467 (Luc.
911 3396 1066 3463 xm).

301 3488 401 3554 Qui
424 3499 604 3542 autem
634 3489 832 3558 fecerit,
866 3496 913 3542 et
954 3488 1208 3555 docuerit,
1241 3489 1326 3542 hic
1349 3505 1571 3559 magnus
1593 3488 1804 3542 vocabi-

233 3588 313 3632 tur
338 3581 391 3632 in
427 3596 589 3650 regno
625 3580 891 3634 calorum.
924 3580 982 3634 In
1031 3577 1280 3635 faciendo
1323 3581 1466 3634 enim
1497 3579 1631 3651 legis
1654 3595 1808 3634 man-

234 3669 350 3724 data
381 3672 564 3742 magni
594 3687 790 3726 nomen
822 3681 1060 3726 meretur
1089 3672 1178 3728 ille
1205 3673 1298 3742 qui
1322 3673 1498 3728 docet.
1530 3673 1666 3740 Quia
1697 3689 1802 3729 non

235 3761 498 3826 doctores,
534 3775 641 3816 nec
669 3761 967 3828 auditores,
999 3764 1093 3818 sed
1122 3763 1355 3818 factores
1386 3763 1520 3834 legis
1538 3761 1808 3830 justiﬁca-

234 3849 423 3905 buntur
443 3851 591 3921 apud
622 3851 810 3905 Deum.

296 3939 422 3994 Dico
447 3942 592 3996 enim
622 3941 760 3996 vobis
788 3943 910 4013 quia
942 3943 1042 3997 nisi
1081 3943 1422 3997 abundaverit
1461 3944 1678 4014 justitia
1720 3960 1805 3998 ve-

232 4044 336 4088 stra
382 4035 666 4109 plusquam
719 4034 1028 4090 Scribarum
1068 4043 1114 4086 et
1147 4030 1564 4097 Pharisaeorum,
1593 4048 1698 4087 non
1728 4033 1811 4087 in-

232 4125 426 4179 trabitis
473 4127 529 4180 in
581 4141 793 4195 regnum
831 4121 1095 4177 caelorum.
1146 4121 1330 4193 (Aug.)
1361 4121 1418 4176 Id
1443 4130 1546 4186 est,
1575 4122 1681 4176 nisi
1701 4137 1808 4176 non

235 4213 396 4270 solum
428 4215 518 4270 illa
555 4215 782 4270 minima
809 4213 944 4284 legis
966 4220 1234 4283 praecepta
1265 4212 1640 4282 impleveritis,
1687 4229 1809 4284 quae

232 4303 484 4362 inchoant
511 4306 818 4370 hominem,
861 4304 954 4359 sed
1002 4303 1166 4359 etiam
1225 4304 1352 4369 ista,
1381 4319 1503 4374 quae
1532 4320 1564 4358 a
1593 4319 1682 4359 me
1707 4304 1808 4360 ad-

237 4394 444 4463 duntur,
471 4397 564 4468 qui
595 4413 698 4450 non
727 4395 843 4449 veni
894 4393 1089 4448 solvere
1131 4394 1318 4468 legem,
1360 4394 1452 4448 sed
1495 4393 1805 4465 adimplere,

237 4501 329 4539 non
359 4488 623 4542 intrabitis
647 4487 702 4540 in
733 4502 947 4557 regnum
981 4484 1246 4540 caelorum.
1279 4485 1420 4555 Ergo
1443 4485 1534 4555 qui
1566 4500 1672 4540 non
1697 4485 1806 4540 δοι-

235 4577 364 4631 verit
386 4578 474 4632 illa
520 4578 772 4643 minima,
806 4586 862 4632 et
883 4577 962 4632 sic
985 4577 1250 4642 docuerit,
1303 4591 1410 4632 non
1433 4574 1546 4644 jam
1579 4592 1808 4648 magnus

237 4669 505 4726 habendus
527 4679 587 4726 et
617 4671 838 4726 idoneus
873 4685 1039 4739 regno
1067 4669 1350 4735 caelorum,
1377 4670 1468 4724 sed
1499 4676 1674 4724 tamen
1701 4685 1806 4724 non

237 4769 336 4815 tam
365 4764 623 4819 minimus
651 4779 811 4833 quam
836 4763 925 4818 ille
951 4764 1043 4833 qui
1065 4762 1241 4818 solvit.
1283 4762 1355 4818 Ut
1391 4771 1570 4818 autem
1603 4765 1676 4819 sit
1701 4779 1810 4818 ma-

237 4866 362 4919 guus
375 4863 539 4924 atque
572 4855 646 4908 illi
676 4869 843 4925 regno
872 4863 1050 4924 aptus,
1081 4853 1260 4910 facere
1291 4854 1472 4920 debet,
1507 4861 1562 4909 et
1589 4855 1805 4920 docere,

238 4942 369 4998 sicut
388 4943 640 4999 Christus
669 4959 814 4998 nunc
846 4945 1022 5010 docet,
1048 4944 1101 4998 id
1124 4953 1226 5009 est,
1259 4954 1319 4999 ut
1339 4945 1577 5000 abundet
1602 4945 1812 5016 iustitia

236 5030 345 5099 ejus
368 5051 532 5106 super
565 5034 878 5092 Scribarum
907 5049 962 5091 et
990 5036 1404 5090 Pharisreorum.
1433 5035 1649 5090 Justitia
1675 5035 1814 5091 Pha-

241 5126 512 5182 ris-norum
561 5137 664 5192 est,
704 5138 763 5184 ut
805 5145 912 5184 non
947 5129 1238 5194 occidant;
1265 5128 1476 5198 justitia
1501 5142 1693 5183 eorum
1721 5129 1812 5197 qui

241 5217 482 5274 iutraturi
524 5230 651 5276 sunt
703 5238 926 5292 regnum
957 5221 1072 5284 Dei,
1123 5230 1183 5275 ut
1213 5236 1320 5275 non
1349 5222 1677 5276 irascantur.
1707 5221 1808 5275 Mi-

241 5307 437 5364 nimum
465 5320 550 5366 est
579 5327 707 5383 ergo
763 5329 868 5367 non
895 5313 1162 5377 occidere,
1199 5320 1253 5366 et
1275 5311 1367 5380 qui
1418 5311 1545 5366 illud
1585 5311 1810 5366 solverit

239 5401 490 5457 minimus
542 5405 823 5460 vocabitur
867 5405 920 5458 in
958 5420 1126 5475 regno
1177 5404 1459 5459 calorum.
1498 5403 1600 5470 Qui
1631 5413 1810 5459 autem

241 5489 362 5545 illud
393 5492 722 5562 impleverit,
772 5505 831 5550 ut
858 5511 964 5550 non
1013 5495 1244 5559 occidat,
1275 5510 1381 5549 non
1413 5494 1672 5549 continuo
1695 5510 1812 5550 ma-

241 5597 368 5650 gnus
420 5586 530 5640 erit
574 5594 629 5641 et
677 5586 901 5642 idoneus
945 5601 1112 5658 regno
1150 5585 1432 5649 caelorum,
1489 5585 1585 5640 sed
1636 5593 1814 5641 tamen

243 5674 478 5728 ascendit
528 5675 758 5744 aliquem
807 5677 1051 5750 gradum.
1080 5676 1398 5732 Perﬁcietur
1429 5683 1610 5732 autem
1642 5676 1688 5731 si
1715 5692 1816 5732 nec

1909 3219 2212 3289 linguarum
2242 3228 2367 3275 sunt
2392 3220 2642 3290 proprias,
2669 3234 2772 3274 nec
2800 3221 2854 3274 in
2883 3221 3046 3276 aliam
3067 3221 3308 3294 linguam
3335 3223 3496 3280 facile

1911 3307 2334 3364 transferuntur.
2360 3310 2490 3377 Qua:
2517 3324 2680 3365 causa
2707 3310 2896 3380 utique
2915 3313 3095 3383 coegit
3117 3321 3228 3368 tam
3251 3313 3499 3371 Graecum

1908 3417 2070 3470 quam
2111 3402 2364 3457 Latinum
2401 3404 2754 3473 interpretem
2802 3418 2991 3459 vocem
3045 3405 3217 3474 ipsam
3265 3421 3496 3476 ponere,

1909 3511 2031 3550 cum
2063 3496 2335 3565 quomodo
2365 3496 2820 3566 interpretaretur
2849 3513 2955 3553 non
2984 3499 3280 3556 invenitur.

1980 3585 2155 3639 Aliter
2193 3585 2356 3638 racha
2393 3586 2610 3656 proprie
2647 3587 2875 3663 verbum
2907 3587 3258 3645 llebrteorum
3289 3598 3403 3655 est,
3435 3599 3494 3646 et

1907 3676 2299 3745 interpretatur
2325 3677 2480 3736 κοινὸς
2498 3716 2514 3740 ,
2539 3676 2593 3730 id
2620 3683 2732 3741 est,
2761 3677 2937 3731 inanis
2963 3684 3057 3731 aut
3080 3693 3306 3744 vacuus,
3335 3695 3496 3748 quem

1909 3783 2010 3823 nos
2036 3783 2327 3837 possumus
2356 3767 2571 3836 vulgata
2606 3765 2829 3834 injuria,
2863 3766 3056 3835 absque
3084 3767 3326 3832 cerebro,
3360 3785 3499 3823 nuu-

1912 3872 2130 3927 cupare.
2186 3856 2245 3911 Si
2283 3856 2350 3910 de
2387 3856 2566 3910 otioso
2602 3870 2852 3910 sermone
2886 3856 3149 3912 reddituri
3185 3873 3374 3913 sumus
3408 3873 3499 3912 ra-

1910 3949 2143 4012 tionem,
2192 3953 2396 4016 quanto
2439 3947 2613 4017 magis
2657 3946 2725 4001 de
2772 3945 3159 4002 contumeliis?
3194 3946 3302 4004 Sed
3335 3958 3391 4004 et
3427 3950 3504 4004 si-

1911 4053 2140 4116 gnantcr
2195 4043 2392 4099 addit:
2431 4043 2523 4114 qui
2576 4042 2667 4098 hic
2715 4041 2906 4096 dixerit
2959 4041 3115 4112 fratri
3165 4059 3262 4096 suo
3315 4045 3498 4099 racha.

1910 4137 2104 4194 Frater
2131 4136 2275 4191 enim
2308 4135 2487 4190 nullus
2514 4143 2632 4203 est,
2663 4134 2768 4190 nisi
2797 4134 2888 4204 qui
2929 4133 3210 4189 uobiscum
3248 4135 3499 4190 eumdem

1911 4227 2076 4283 habet
2108 4235 2339 4296 patrem.
2373 4225 2509 4281 Cum
2537 4239 2668 4296 ergo
2693 4223 2946 4278 similiter
2974 4223 3164 4278 credat
3193 4223 3248 4278 in
3281 4224 3452 4279 Deum
3478 4264 3495 4289 ,

1911 4323 1967 4371 et
2000 4315 2273 4371 Christum
2309 4314 2404 4369 Dei
2453 4313 2668 4368 noverit
2715 4311 3038 4381 sapientiam
3061 4351 3077 4377 ,
3127 4327 3235 4381 qua
3287 4312 3502 4368 ratione

1914 4407 2158 4463 stultitiae
2183 4405 2359 4477 elogio
2388 4403 2633 4459 denotari
2663 4403 2884 4472 potest?
2909 4401 2928 4473 (
2953 4399 3172 4474 Hilar.)
3202 4401 3306 4469 Qui
3332 4400 3501 4472 igitur

1915 4497 2120 4568 Spiritu
2147 4504 2338 4552 sancto
2361 4495 2578 4565 plenum
2605 4493 2852 4548 convicio
2873 4492 3164 4548 vacuitatis
3189 4493 3501 4562 insimulat,

1914 4589 1977 4645 ﬁt
2010 4605 2138 4645 reus
2169 4587 2400 4644 concilio
2433 4594 2747 4641 sanctorum
2773 4625 2790 4650 ,
2830 4583 3214 4640 contumeliam
3265 4583 3502 4654 Spiritus

1912 4681 2089 4738 sancti
2126 4689 2440 4736 sanctorum
2473 4676 2716 4746 iudicum
2745 4675 3215 4730 animadversione
3243 4673 3496 4731 luiturus.

1989 4774 2093 4840 Qui
2126 4783 2302 4827 autem
2338 4771 2531 4826 dixerit
2566 4769 2744 4840 fatue,
2777 4787 2896 4824 reus
2932 4771 3028 4824 erit
3064 4768 3310 4840 gehenua:
3338 4769 3509 4838 ignis.

1919 4866 1940 4937 (
1967 4864 2189 4920 Hieron.
2213 4862 2234 4935 )
2265 4861 2366 4929 Qui
2385 4861 2542 4916 enim
2571 4875 2725 4929 atque
2750 4860 2804 4913 in
2831 4858 2999 4914 Deum
3027 4858 3270 4913 credenti
3300 4856 3498 4912 dixerit

1917 4957 2094 5021 fatue,
2126 4955 2324 5024 impius
2349 4961 2434 5008 est
2464 4951 2519 5006 in
2552 4950 2890 5021 religionem.
2927 4949 3105 5019 Magni
3131 4946 3329 5017 piaculi
3355 4946 3498 5014 peri-

1915 5048 2094 5104 culum
2127 5053 2211 5100 est
2237 5059 2400 5113 quem
2431 5042 2597 5098 salem
2627 5042 2770 5097 Deus
2800 5039 3193 5110 nuncupaverit
3219 5052 3342 5091 cum
3369 5051 3496 5091 con-

1918 5137 2135 5192 tumelia
2195 5133 2449 5190 infatuati
2504 5148 2694 5188 sensus
2748 5132 3050 5193 lacessere,
3103 5136 3161 5183 et
3211 5126 3497 5182 stultorum

1913 5225 2328 5297 intelligentiam
2356 5223 2640 5278 salientem
2669 5223 2847 5278 stulta:
2879 5218 3246 5288 intelligentiae
3273 5231 3500 5287 exaspe-

1913 5331 2036 5372 rare
2082 5313 2389 5371 maledicto.
2439 5312 2747 5369 Istiusmodi
2794 5325 2924 5381 ergo
2970 5307 3160 5362 aeterni
3205 5305 3346 5377 ignis
3391 5307 3499 5362 erit

1910 5404 2186 5475 pabulum.
2233 5402 2464 5471 Quidam
2513 5412 2691 5458 autem
2739 5398 3085 5470 quaerendum
3129 5404 3321 5466 putant
3367 5396 3494 5465 quid

1912 5494 2128 5551 intersit
2154 5493 2298 5549 inter
2327 5511 2474 5549 reum
2501 5493 2710 5565 judicio
2731 5532 2746 5557 ,
2778 5497 2832 5546 et
2860 5505 3005 5543 reum
3032 5486 3254 5541 concilio
3275 5527 3289 5552 ,
3324 5503 3496 5540 reum-

1913 5604 2010 5660 que
2055 5592 2304 5658 gehennae
2347 5587 2504 5657 ignis.
2555 5585 2689 5640 Nam
2737 5585 2842 5638 hoc
2873 5589 3206 5652 postremum
3244 5579 3492 5649 gravissi-

1915 5692 2062 5731 mum
2113 5685 2271 5732 sonat
2317 5686 2373 5731 et
2421 5678 2674 5732 admonet
2722 5672 2921 5742 gradus
2957 5672 3218 5742 (ιιιυδιεεωι
3255 5672 3494 5745 [οςωεβι
