3986 6192
471 305 582 364 8οἸ

1120 301 1175 357 Β.
1215 300 1469 357 RABANI
1509 297 1725 353 MAURI
1763 290 2080 351 ARCHIEP.
2123 288 2432 347 MOGUNT.
2474 282 2761 344 OPERUM
2800 283 2980 340 PARS
3016 282 3056 337 l.

3624 278 3738 335 89.8

476 414 769 470 levioribus
815 417 883 471 ad
932 411 1215 482 graviora,
1255 411 1427 465 donec
1464 409 1532 463 ad
1571 408 1873 480 gehennam
1915 405 2054 475 ignis
2083 410 2128 469 Α
2159 417 2328 473 quere
2356 409 2483 457 ante
2515 401 2687 455 altare
2716 398 2980 468 jubcaris.
3023 397 3081 452 Si
3120 410 3251 469 ergo
3286 397 3353 452 de
3388 396 3614 451 absente
3652 411 3701 449 cz
3726 436 3741 454 .

477 506 775 561 veniretur.
815 501 1030 557 Gradus
1064 502 1246 570 itaque
1284 507 1411 555 sunt
1449 500 1502 553 in
1543 499 1662 552 istis
1688 496 1965 568 peccatis,
1997 500 2058 547 nt

480 601 659 672 primo
697 598 928 669 quisque
977 595 1262 659 irascatur,
1311 603 1365 649 ct
1410 608 1535 648 eum
1577 598 1781 646 motum
1830 588 2061 643 retineat

482 692 646 747 corde
698 696 1036 758 conceptum.
1086 685 1205 740 Jam
1254 686 1299 741 si
1348 684 1642 739 extorserit
1684 696 1872 736 vocem
1926 680 1979 732 in
2003 680 2063 731 Ei-

481 781 666 853 gnanti
712 794 827 850 ipsa
871 777 1195 841 commotio,
1242 792 1348 830 non
1395 774 1792 845 significantem
1830 768 2060 839 aliquid,

485 872 578 925 sed
617 869 767 925 illum
805 868 971 922 animi
1011 876 1218 920 motum
1254 866 1367 935 ipsa
1405 864 1687 934 eruptione
1740 868 2061 921 testantem,

484 977 591 1031 qua
618 960 847 1014 feriatur
874 957 963 1013 ille
991 958 1077 1013 cui
1108 956 1407 1019 irascimur,
1439 955 1559 1025 plus
1584 960 1669 1008 est
1694 953 1881 1021 utique
1904 964 2066 1018 quam

488 1053 535 1108 si
581 1065 806 1122 surgens
855 1050 934 1103 ira
985 1048 1200 1102 silentio
1247 1054 1608 1116 premeretur.
1662 1043 1721 1098 Si
1776 1056 1909 1095 vero
1959 1054 2067 1094 non

488 1143 668 1199 solum
693 1156 797 1196 vox
828 1139 1157 1210 indignantis
1189 1137 1460 1201 audiatur,
1489 1133 1583 1189 sed
1612 1134 1778 1189 etiam
1808 1131 2029 1186 verbum
2051 1168 2066 1194 ,

489 1233 635 1303 quod
685 1239 892 1287 certam
944 1228 1061 1298 ejus
1113 1227 1570 1299 vituperatin
1622 1225 1679 1279 iu
1734 1238 1894 1293 quem
1948 1237 2073 1292 pro-

496 1323 670 1378 fertur
708 1322 956 1393 designet
993 1329 1049 1374 et
1090 1328 1272 1383 notet,
1309 1317 1431 1387 quis
1470 1315 1678 1372 dubitet
1708 1312 1940 1383 amplius
1968 1312 2073 1366 hoc

489 1428 612 1470 esse
637 1427 797 1482 quam
827 1412 873 1466 si
901 1410 1048 1466 solus
1073 1408 1459 1479 indignationis
1480 1422 1646 1462 sonus
1673 1405 1947 1461 ederetur.
1967 1403 2073 1457 ita-

491 1520 600 1574 que
630 1504 685 1559 in
712 1503 891 1573 primo
920 1517 1084 1556 unum
1116 1510 1231 1565 est,
1262 1500 1317 1555 id
1348 1507 1433 1555 est
1461 1500 1538 1553 ira
1569 1498 1681 1553 sola
1704 1536 1717 1560 ,
1754 1496 1808 1550 in
1836 1494 2075 1551 secundo

496 1595 632 1658 duo,
670 1603 727 1649 et
763 1594 840 1647 ira
876 1600 931 1647 et
971 1606 1105 1658 vox,
1140 1606 1260 1660 qua:
1296 1591 1431 1645 iram
1472 1588 1773 1661 significat,
1820 1588 1874 1641 in
1917 1587 2076 1641 tertio

499 1687 599 1740 tria
618 1725 635 1750 ,
665 1692 722 1739 et
750 1686 829 1739 ira
857 1693 913 1739 et
941 1699 1066 1748 vos,
1095 1697 1216 1752 qua:
1266 1682 1401 1736 iram
1443 1676 1741 1750 significat,
1775 1686 1831 1732 et
1861 1677 1915 1731 in
1946 1689 2077 1731 voce

2163 494 2305 563 quod
2351 491 2467 547 fieri
2515 499 2730 562 potest,
2781 500 2933 545 trans
2977 504 3128 544 mare
3174 488 3503 554 constituto,
3541 487 3745 556 aliquid

2166 584 2270 640 tale
2298 584 2479 639 veniat
2510 583 2563 637 in
2596 590 2831 637 mentem
2857 621 2872 646 ,
2909 579 3204 635 absurdum
3239 588 3323 634 est
3357 577 3579 633 credere
3618 587 3746 631 ante

2166 676 2336 730 altare
2385 689 2580 728 munus
2632 670 3081 741 relinquendum,
3126 668 3271 739 quod
3314 676 3435 738 post
3477 678 3651 722 terras
3694 677 3749 721 et

2168 763 2338 818 maria
2369 768 2648 832 pererrata
2676 759 2875 815 offeras
2916 759 3045 813 Deo.
3086 759 3155 813 Et
3189 757 3311 812 ideo
3342 773 3564 828 prorsus
3603 756 3750 811 intro

2169 858 2237 912 ad
2272 855 2538 927 spiritalia
2578 852 2829 924 refugere
2856 854 3122 924 cogimur,
3153 859 3212 905 ut
3240 850 3344 905 hoc
3372 850 3514 918 quod
3542 848 3750 904 dictum

2170 958 2255 1005 est
2302 950 2418 1003 sine
2465 947 2799 1003 absurditate
2849 944 3020 1015 possit
3058 943 3304 1015 intelligi.
3342 942 3527 996 Altare
3563 941 3754 1010 itaque

2172 1040 2488 1112 spiritaliter
2520 1038 2573 1093 in
2617 1038 2876 1092 interiore
2910 1035 3005 1090 Dei
3042 1035 3240 1106 templo
3278 1034 3450 1105 ipsam
3476 1032 3639 1090 fidem
3668 1050 3756 1088 ac-

2173 1137 2352 1205 cipere
2401 1147 2716 1204 possumus,
2761 1131 2914 1201 cujus
2956 1130 3169 1199 signum
3209 1137 3293 1184 est
3325 1129 3494 1183 altare
3521 1127 3753 1182 visibile.

2174 1226 2462 1295 Quodlibet
2498 1226 2643 1281 enim
2684 1238 2882 1278 munus
2912 1221 3191 1278 offerimus
3225 1221 3370 1286 Deo,
3400 1221 3512 1276 sive
3544 1220 3753 1276 doctri‘

2176 1338 2299 1378 nam
2320 1363 2335 1387 ,
2365 1323 2477 1378 sive
2505 1319 2843 1391 prophetiam
2869 1361 2884 1386 ,
2921 1318 3035 1374 sive
3068 1318 3369 1374 orationem
3398 1358 3413 1381 ,
3451 1318 3566 1372 sive
3605 1318 3757 1388 bym-

2177 1428 2305 1468 num
2338 1453 2353 1478 ,
2386 1412 2501 1466 sive
2534 1409 2801 1480 psalmum
2823 1448 2837 1472 ,
2874 1416 2930 1463 ct
2961 1408 3005 1462 si
3041 1407 3172 1477 quid
3210 1406 3316 1461 tale
3351 1405 3496 1461 aliud
3534 1407 3757 1477 spiritao

2178 1506 2309 1560 lium
2335 1503 2597 1560 bonorum
2623 1501 2805 1555 animo
2831 1499 3161 1564 occurrerit,
3191 1505 3473 1568 acceptum
3501 1512 3628 1553 esse
3654 1513 3756 1551 non

2178 1605 2359 1669 potest
2382 1595 2527 1661 Deo,
2556 1593 2659 1649 nisi
2689 1590 2823 1648 fidei
2844 1590 3160 1646 sinceritate
3184 1588 3472 1655 fulciatur,‘
3488 1596 3542 1643 et
3572 1588 3626 1642 ei
3659 1588 3758 1643 fixe

2181 1699 2342 1759 atque
2392 1686 2741 1743 immobiliter
2795 1685 3124 1756 imponatur,
3163 1691 3222 1738 ut
3265 1682 3438 1754 possit
3489 1683 3758 1754 integrum

500 1779 615 1846 ipsa
641 1783 788 1830 certa
810 1773 1225 1843 vituperationis
1246 1771 1544 1841 expressio.
1571 1769 1723 1826 Unde
1744 1783 1889 1823 nunc
1913 1767 2075 1824 etiam

2198 1758 2344 1849 itque
2397 1777 2660 1834 illibatum
2711 1792 2834 1833 esse
2880 1776 3024 1847 quod
3075 1775 3362 1846 loquimur.
3419 1773 3555 1829 Nam
3613 1770 3759 1828 mnl;i

502 1880 614 1923 tres
646 1874 859 1932 reatus,
887 1864 1109 1937 judicii,
1141 1863 1355 1918 concilii
1384 1871 1440 1916 et
1467 1863 1728 1933 gehennae
1754 1862 1911 1931 ignis.
1944 1857 2079 1913 Nam

502 1960 557 2013 in
587 1957 794 2027 judicio
822 1958 996 2013 adhuc
1032 1955 1330 2011 defensioni
1363 1955 1522 2009 datur
1548 1953 1735 2018 locus;
1771 1953 1824 2007 in
1853 1950 2083 2007 concilio

501 2062 687 2105 autem
730 2063 1038 2120 quanquam
1088 2056 1143 2102 et
1184 2047 1447 2117 judicium
1489 2060 1610 2101 esse
1655 2045 1853 2109 soleat,
1900 2052 2083 2099 tamen

505 2145 630 2213 quia
672 2143 932 2196 interesse
966 2140 1167 2209 aliquid
1204 2139 1306 2193 hoc
1337 2139 1453 2193 loco
1493 2137 1645 2192 fateri
1684 2137 1827 2207 cogit
1855 2137 1969 2206 ipsa
1999 2136 2082 2191 di-

505 2231 756 2295 stinctio,
795 2232 1010 2285 videtur
1048 2230 1117 2284 ad
1151 2228 1442 2285 concilium
1483 2228 1758 2298 pertinere
1804 2228 2087 2283 sententia:

507 2323 758 2395 prolatio,
783 2326 997 2391 quando
1018 2335 1122 2374 non
1145 2318 1258 2388 jam
1284 2334 1407 2374 cum
1436 2319 1553 2389 ipso
1582 2333 1678 2375 reo
1703 2319 1882 2390 agitur
1905 2326 2089 2373 utrum

506 2413 850 2470 dannmndus
885 2412 985 2477 sit,
1017 2412 1112 2467 sed
1147 2410 1292 2466 inter
1317 2426 1380 2466 se
1407 2410 1501 2481 qui
1524 2409 1772 2479 judicant
1803 2410 2091 2466 conferunt

509 2521 617 2576 quo
651 2505 910 2576 supplicio
949 2502 1194 2558 damnari
1229 2509 1479 2572 oporteat
1512 2516 1674 2573 quem
1708 2509 1925 2557 constat
1970 2514 2093 2558 esse

510 2596 893 2652 damnandum.
930 2594 1187 2650 Gebenna
1221 2609 1352 2648 vero
1383 2593 1523 2665 ignis
1560 2608 1660 2650 nec
1688 2593 2092 2649 damnationem

510 2689 673 2743 habet
700 2686 916 2742 dubiam
934 2725 949 2751 ,
978 2685 1121 2740 sicut
1143 2681 1408 2753 judicium
1425 2725 1441 2750 ,
1469 2698 1570 2740 nec
1600 2683 1838 2739 damnati
1873 2694 2093 2753 ptenam

509 2781 651 2836 sicut
698 2777 1010 2833 concilium.
1062 2775 1122 2830 in
1168 2775 1414 2846 gebenna
1463 2774 1609 2829 enim
1654 2773 1794 2846 ignis
1826 2781 1976 2828 certa
2010 2779 2094 2827 est

511 2869 788 2925 damnatio
831 2877 889 2923 et
930 2880 1092 2938 paena
1135 2864 1399 2922 damnati.
1449 2863 1717 2922 Videntur
1758 2879 1887 2936 ergo
1929 2862 2095 2934 aliqui

511 2961 712 3032 gradus
748 2961 802 3014 in
837 2959 1107 3030 peccatis,
1144 2965 1201 3014 et
1238 2959 1291 3013 in
1330 2965 1504 3012 reatu.
1546 2956 1654 3012 Sed
1693 2956 1890 3029 quibus
1921 2955 2096 3010 modis

514 3051 856 3106 invisibiliter
902 3049 1262 3105 exbibeantur
1311 3048 1524 3105 meritis
1574 3048 1917 3113 animarum,
1972 3046 2096 3118 quis

2183 1871 2422 1927 haeretici
2458 1885 2564 1926 non
2599 1870 2861 1925 habentes
2898 1868 3100 1933 altare,
3138 1867 3192 1922 id
3226 1875 3311 1923 est
3340 1882 3528 1922 veram
3569 1864 3759 1929 fidem,

2183 1962 2549 2033 blasphemias
2583 1977 2682 2032 pro
2721 1961 2879 2016 laude
2916 1961 3201 2025 dixerunt,
3242 1957 3478 2012 terrenis
3513 1955 3765 2011 videlicet

2183 2050 2527 2123 opinionibus
2556 2049 2833 2122 aggravati
2860 2057 3045 2104 votum
3071 2063 3227 2103 suum
3259 2056 3512 2117 tanquam
3541 2045 3596 2100 in
3627 2053 3762 2099 terra

2186 2142 2554 2213 projicientcs.
2608 2139 2715 2196 Sed
2755 2140 2914 2196 debet
2954 2155 3075 2196 esse
3113 2155 3243 2194 sana
3280 2140 3445 2195 etiam
3491 2137 3764 2193 oderentis

2188 2232 2443 2288 intentio.
2480 2231 2554 2287 Et
2585 2241 2872 2303 propterea
2908 2245 3030 2285 cum
3062 2230 3168 2286 tale
3193 2229 3396 2301 aliquid
3423 2229 3664 2285 oblaturi
3690 2245 3768 2282 su-

2189 2341 2311 2380 mus
2339 2325 2392 2379 in
2417 2322 2581 2380 corde
2606 2331 2811 2388 nostro,
2842 2322 2894 2379 id
2923 2331 3007 2378 est
3032 2322 3086 2377 in
3118 2322 3376 2377 interiore
3406 2321 3503 2375 Dei
3530 2319 3764 2391 templo;

2194 2414 2462 2487 Templum
2488 2414 2626 2469 enim
2652 2422 2889 2469 sanctum
2915 2423 3021 2479 est,
3051 2413 3256 2483 inquit,
3280 2412 3422 2484 quod
3445 2412 3572 2466 estis
3594 2428 3685 2465 vos
3708 2408 3765 2481 (1

2192 2506 2315 2562 Cor.
2349 2522 2408 2561 ιιι
2435 2505 2486 2579 ),
2518 2513 2609 2559 et:
2641 2503 2709 2559 In
2735 2504 2981 2559 interiore
3007 2504 3213 2558 homine
3237 2503 3476 2557 habitare
3504 2500 3771 2556 Christum

2192 2614 2286 2669 per
2307 2597 2467 2667 [idem
2493 2596 2547 2651 in
2574 2594 2817 2650 cordibus
2848 2594 3037 2648 nostris
3060 2610 3081 2660 ;
3105 2593 3152 2648 si
3168 2593 3233 2668 in
3267 2600 3505 2648 mentem
3534 2591 3772 2656 venerit,

2194 2688 2338 2758 quod
2368 2687 2571 2757 aliquid
2608 2686 2806 2741 habeat
2842 2686 3126 2741 adversum
3163 2700 3263 2741 nos
3297 2685 3489 2751 frater,
3526 2684 3581 2740 id
3619 2694 3704 2739 est
3732 2683 3773 2738 si

2196 2795 2296 2835 nos
2320 2794 2443 2835 eum
2465 2779 2521 2833 in
2542 2777 2723 2848 aliquo
2744 2777 3010 2843 hesimus;
3041 2788 3169 2833 tunc
3192 2777 3336 2832 enim
3361 2777 3475 2847 ipse
3497 2775 3665 2832 habet
3686 2776 3775 2831 ad-

2196 2884 2415 2925 versum
2435 2883 2565 2935 nos;
2589 2883 2716 2923 nam
2737 2882 2837 2923 nos
2856 2867 3115 2923 adversus
3140 2865 3289 2921 illum
3310 2865 3595 2931 habemus,
3620 2866 3667 2921 si
3692 2863 3776 2920 ille

2197 2975 2296 3016 nos
2323 2959 2553 3027 iusserit,
2580 2958 2671 3013 ubi
2700 2976 2806 3015 non
2833 2974 2968 3029 opus
2996 2966 3081 3015 est
3107 2973 3333 3030 pergere
3360 2958 3431 3013 ad
3459 2957 3777 3014 reconcilia-

2202 3050 2435 3117 tionem,
2466 3065 2575 3105 non
2603 3049 2749 3105 enim
2779 3049 2992 3104 veniam
3022 3047 3320 3119 postulabis
3356 3048 3427 3103 ab
3454 3062 3523 3104 eo
3553 3048 3651 3119 qui
3685 3048 3778 3103 tibi

514 3149 691 3211 potest
736 3141 961 3196 dicere?
996 3139 1317 3194 Gebennam
1351 3153 1566 3210 quoque
1602 3138 1690 3193 hic
1728 3109 2099 3193 Salvator-in-
2125 3109 2169 3174 θ
2202 3140 2332 3198 fecit
2358 3109 2642 3212 injuriam,
2674 3141 2769 3196 sed
2819 3109 3041 3195 tantum
3071 3140 3342 3206 dimittes,
3379 3140 3524 3195 sicut
3562 3109 3664 3195 tibi
3700 3139 3779 3195 di-

517 3234 653 3289 fcrni
683 3233 983 3288 cruciatum
1015 3232 1348 3297 nominavit,
1381 3231 1469 3286 ubi
1507 3240 1823 3301 peccatores
1859 3238 1915 3284 et
1947 3229 2098 3300 impii

517 3324 677 3381 simul
723 3337 847 3378 cum
898 3321 1114 3378 diabolo
1160 3329 1214 3376 et
1262 3321 1467 3393 angelis
1516 3322 1633 3392 ejus
1680 3320 1734 3375 in
1782 3327 2102 3391 perpetuum

519 3413 934 3477 damnabantur,
968 3428 1127 3483 quem
1159 3412 1259 3467 soli
1290 3411 1364 3467 illi
1395 3412 1637 3466 dei-itare
1666 3419 1828 3479 atque
1871 3409 2105 3465 evadere

518 3511 754 3574 queunt,
785 3504 878 3573 qui
908 3517 1006 3573 per
1034 3504 1262 3574 gratiam
1294 3503 1501 3559 Christi
1540 3500 1802 3571 redempti
1832 3516 1995 3571 opera
2017 3499 2106 3570 ju-

520 3595 684 3649 stitize
713 3593 985 3661 fecerunt,
1018 3608 1112 3649 seu
1145 3596 1236 3663 qui
1271 3603 1393 3664 post
1419 3602 1725 3664 perpetrata
1764 3600 1987 3664 peccata
2019 3595 2104 3649 di-

521 3702 656 3757 gnos
704 3686 1036 3755 pmnitentize
1070 3684 1281 3740 fructus
1326 3685 1573 3754 egerint,
1622 3700 1686 3739 ac
1719 3700 1778 3741 se
1817 3700 1919 3755 per
1962 3685 2105 3739 bona

517 3790 684 3844 opera
713 3788 1035 3847 recuperare
1061 3776 1386 3830 studuerint.
1417 3774 1622 3831 Nomen
1650 3790 1778 3847 ergo
1806 3776 2106 3847 gehennam

522 3866 749 3920 traxisse
780 3873 973 3935 putant
1000 3879 1032 3917 a
1066 3864 1203 3919 valle
1240 3865 1398 3919 idolis
1434 3873 1754 3920 consecrata
1788 3866 1944 3935 juxta
1986 3881 2105 3919 mu—

524 3971 645 4010 rum
679 3954 978 4015 Jerusalem
1006 3996 1021 4018 ,
1063 3955 1267 4026 repleta
1305 3956 1436 4011 olim
1470 3956 1825 4012 cadaveribus
1864 3966 2106 4012 mortuo-

523 4063 674 4112 rum,
707 4061 870 4116 quam
897 4055 955 4101 et
979 4044 1160 4102 Josias
1190 4062 1286 4101 rex
1318 4048 1719 4103 contaminasse
1754 4049 1808 4101 in
1839 4048 1977 4103 libro
2003 4048 2110 4103 Re-

520 4154 648 4210 gum
678 4138 891 4210 legitur.

596 4233 733 4306 [Ν]
774 4232 832 4289 Si
860 4250 983 4306 ergo
1009 4234 1203 4304 offeras
1232 4250 1423 4289 manus
1452 4243 1599 4287 tuum
1630 4234 1700 4288 ad
1728 4234 1926 4300 altare,
1964 4244 2011 4288 et
2039 4234 2111 4288 ibi

522 4328 829 4382 recordatus
856 4328 1022 4398 {ueris
1042 4329 1167 4398 quia
1194 4326 1358 4397 frater
1383 4336 1502 4381 tuus
1527 4326 1678 4382 habet
1704 4326 1903 4398 aliquid
1930 4326 2113 4381 adrer-

522 4435 640 4473 sum
667 4429 716 4472 te
733 4460 747 4483 ,
774 4418 1006 4490 relinque
1031 4419 1102 4471 ibi
1131 4435 1323 4472 munus
1350 4428 1495 4471 tuum
1528 4427 1649 4471 ante
1675 4418 1844 4471 altare
1865 4458 1879 4482 ,
1908 4428 1957 4471 et
1982 4417 2111 4472 rade

523 4509 672 4579 prius
708 4510 1039 4563 reconciliari
1084 4508 1239 4578 fratri
1275 4518 1401 4573 tuo,
1434 4517 1484 4563 et
1520 4520 1645 4562 tunc
1681 4508 1886 4562 veniens
1924 4510 2110 4578 oﬂ'eres

527 4613 720 4651 munus
750 4608 918 4651 tamn.
947 4598 1115 4668 Igitur
1141 4599 1187 4652 si
1220 4599 1377 4653 irasci
1410 4614 1514 4652 non
1542 4605 1628 4652 est
1662 4596 1744 4652 fas
1785 4597 1939 4653 fratri
1974 4615 2107 4663 suo,

524 4690 711 4744 dicere
740 4689 937 4753 racha,
970 4697 1065 4742 aut
1094 4689 1274 4743 dicere
1302 4689 1481 4754 fatue,
1515 4688 1681 4743 multo
1711 4689 1889 4744 minus
1917 4688 1999 4745 fas
2026 4700 2110 4745 est

524 4780 718 4834 animo
755 4787 941 4833 tenere
978 4778 1178 4847 aliquid
1200 4819 1215 4844 ,
1248 4787 1309 4833 ut
1338 4780 1390 4833 in
1427 4779 1609 4834 odium
1645 4779 1943 4851 indignatio
1979 4796 2110 4836 oon-

527 4877 793 4926 vertatur.
821 4870 904 4925 Ad
931 4870 1035 4924 hoc
1062 4871 1300 4940 pertinet
1328 4870 1491 4925 etiam
1521 4870 1663 4941 quod
1693 4871 1800 4926 alio
1828 4872 1948 4927 loco
1979 4873 2112 4927 dici-

529 4972 668 5019 tur:
732 4962 855 5017 Non
911 4963 1114 5017 occidat
1168 4963 1246 5018 sol
1301 4981 1460 5035 super
1508 4966 1839 5020 iracundiam
1892 4984 2112 5022 vestram

528 5054 767 5125 (Ephes.
799 5055 915 5124 tv).
956 5053 1219 5109 Jubemur
1252 5069 1381 5126 ergo
1426 5055 1633 5110 illatum
1681 5072 1878 5112 munus
1928 5058 1994 5112 ad
2039 5059 2114 5111 al-

530 5156 681 5211 tare,
729 5148 775 5201 si
824 5146 1090 5201 recordati
1139 5145 1399 5201 fuerimus
1441 5148 1725 5202 adversum
1770 5162 1867 5202 nos
1913 5147 2113 5216 aliquid

534 5238 737 5291 habere
776 5236 1032 5301 fratrem,
1064 5251 1259 5292 munus
1299 5245 1425 5291 ante
1468 5237 1639 5292 altare
1682 5237 2017 5307 relinquere,
2061 5244 2115 5292 et

531 5341 792 5399 pergere,
844 5343 907 5382 ac
963 5327 1303 5384 reconciliari
1356 5325 1540 5393 fratri,
1582 5327 1777 5382 deinde
1829 5328 2014 5381 venire
2062 5334 2117 5381 et

534 5433 736 5473 munus
764 5416 980 5473 offerre.

610 5508 767 5577 Quod
806 5511 852 5564 si
893 5512 1190 5581 accipiatur
1229 5513 1297 5566 ad
1339 5511 1610 5575 litteram,
1660 5510 1892 5565 fortasse
1920 5507 2118 5579 aliquis

536 5599 728 5654 credat
768 5602 841 5655 ita
881 5600 995 5656 fieri
1035 5611 1288 5671 oportere
1326 5602 1370 5657 si
1402 5601 1567 5656 frater
1592 5616 1832 5672 praesens
1863 5609 1978 5665 est,
2012 5615 2119 5654 non

538 5687 685 5741 enim
713 5689 917 5744 diutius
942 5689 1145 5745 differri
1171 5700 1378 5760 potest,
1407 5706 1528 5746 cum
1558 5706 1754 5745 munus
1779 5700 1929 5745 tuum
1959 5689 2122 5743 relin-

2202 3238 2341 3293 mitti
2370 3253 2402 3293 a
2432 3236 2661 3291 Domino
2691 3234 2877 3305 cupis,
2907 3235 3051 3305 quod
3088 3234 3203 3305 ipse
3239 3233 3623 3299 commiseris;
3659 3248 3777 3305 pero

2203 3328 2439 3401 gendum
2465 3336 2550 3383 est
2579 3341 2708 3397 ergo
2737 3342 2842 3381 non
2870 3325 3100 3396 pedibus
3130 3325 3396 3395 corporis,
3424 3322 3521 3379 sed
3546 3324 3779 3378 motibus

2204 3417 2403 3483 animi,
2450 3424 2512 3471 ut
2552 3426 2607 3471 te
2650 3415 2841 3470 humili
2890 3412 3082 3470 affectu
3127 3423 3439 3485 prosternas
3481 3412 3674 3479 fratri,
3716 3410 3778 3467 ad

2204 3526 2365 3583 quem
2417 3510 2581 3566 chara
2629 3507 2958 3580 cogitatione
3004 3506 3342 3573 cucurreris,
3388 3506 3447 3561 in
3487 3514 3780 3577 conspectu

2203 3606 2321 3677 ejus
2346 3604 2434 3661 cui
2459 3618 2657 3658 munus
2684 3601 2963 3657 oblaturus
2993 3616 3073 3656 es.
3104 3598 3180 3654 Ita
3208 3600 3353 3654 enim
3381 3599 3547 3654 etiam
3572 3599 3619 3654 si
3651 3614 3780 3669 prte-

2205 3712 2331 3752 sens
2364 3696 2466 3760 sit,
2496 3694 2703 3765 poteris
2751 3708 2874 3749 cum
2911 3707 3015 3747 non
3053 3690 3308 3746 simulato
3351 3690 3536 3744 animo
3576 3688 3783 3752 lenire,

2208 3793 2366 3855 atque
2403 3785 2456 3839 in
2494 3783 2724 3855 gratiam
2777 3795 3062 3845 revocare,
3097 3780 3307 3834 veniam
3346 3778 3708 3848 postulando,
3742 3779 3781 3832 si

2208 3878 2311 3931 hoc
2335 3876 2488 3945 prius
2508 3888 2692 3929 coram
2718 3873 2829 3928 Deo
2854 3870 3046 3927 feceris
3067 3885 3297 3940 pergens
3324 3870 3390 3924 ad
3420 3883 3545 3924 eum
3577 3884 3687 3924 non
3714 3869 3787 3939 pi-

2208 3982 2306 4039 gro
2336 3973 2483 4021 motu
2506 3964 2772 4035 corporis,
2798 3962 2892 4020 sed
2917 3961 3198 4018 celerrimo
3225 3960 3533 4015 dilectionis
3560 3958 3751 4016 affectu
3769 4000 3783 4024 ,

2209 4066 2371 4129 atque
2408 4057 2535 4113 inde
2574 4056 2828 4122 veniens,
2874 4046 2927 4109 id
2972 4066 3089 4118 est,
3132 4052 3487 4108 intentionem
3526 4066 3786 4107 revocans

2211 4152 2278 4207 ad
2310 4149 2361 4205 id
2390 4150 2533 4221 quod
2562 4163 2705 4220 aegre
2733 4160 3011 4219 cmperas,
3042 4144 3239 4202 offeres
3280 4159 3479 4199 munus
3505 4153 3684 4198 tuum.

2286 4241 2414 4296 Esto
2444 4241 2769 4296 consentiens
2799 4238 3101 4293 adversario
3130 4245 3221 4290 tuo
3252 4236 3353 4288 cito
3385 4234 3513 4288 dum
3546 4250 3603 4288 es
3630 4233 3688 4287 in
3713 4232 3787 4285 ria

2214 4351 2331 4388 cum
2366 4350 2426 4387 eo
2445 4373 2459 4398 ,
2492 4348 2555 4386 ne
2585 4330 2718 4399 {orte
2746 4329 2919 4383 tradat
2948 4337 2995 4382 te
3022 4326 3356 4381 adversarius
3386 4323 3565 4394 judici
3585 4362 3601 4387 ,
3630 4332 3681 4376 et
3701 4321 3790 4390 ju-

2214 4425 2315 4478 dea:
2340 4423 2515 4477 tradat
2548 4431 2598 4475 te
2626 4420 2885 4485 ministro,
2915 4428 2963 4472 et
2992 4418 3046 4471 in
3072 4432 3331 4470 carcerem
3360 4412 3615 4478 mittaris,
3641 4427 3791 4464 amen

2214 4517 2330 4569 dico
2353 4515 2466 4579 tibi,
2486 4530 2587 4568 non
2607 4513 2747 4569 exies
2767 4510 2889 4566 inde
2909 4511 3074 4564 donec
3094 4508 3285 4563 reddas
3307 4507 3649 4562 novissimum
3668 4522 3793 4576 quac

2213 4606 2474 4659 drantem.
2510 4602 2618 4659 Pro
2641 4618 2709 4659 eo
2735 4602 2878 4672 quod
2911 4615 3007 4655 nos
3046 4600 3099 4654 in
3126 4598 3337 4654 Latinis
3362 4595 3641 4653 codicibus
3676 4610 3793 4649 con-

2212 4697 2436 4751 sentiens
2460 4694 2739 4761 habemus,
2758 4693 2810 4748 in
2825 4692 3031 4750 Graecis
3051 4692 3311 4763 scriptum
3333 4696 3419 4744 est
3436 4687 3638 4753 εὔνους,
3656 4684 3792 4758 quod

2216 4789 2608 4858 interpretatur
2636 4785 2909 4840 benevolus
2938 4792 3000 4839 ει·
3021 4782 3293 4854 benignus.
3328 4782 3406 4835 Ex
3437 4778 3788 4852 praecedenti-

2215 4878 2316 4932 bus
2345 4887 2526 4932 autem
2558 4885 2612 4931 et
2642 4876 3093 4946 consequentibus
3125 4873 3443 4928 manifestus
3471 4883 3559 4929 est
3588 4885 3790 4931 sensus

2216 4968 2360 5038 quod
2409 4984 2508 5024 nos
2548 4968 2806 5024 Dominus
2850 4976 3010 5037 atque
3050 4965 3320 5027 Salvator,
3365 4965 3492 5018 dum
3542 4964 3599 5018 in
3647 4963 3795 5017 istius

2217 5057 2399 5112 szeculi
2442 5059 2527 5111 via
2569 5058 2871 5122 currimus,
2906 5056 2970 5111 ad
3016 5069 3203 5125 pacem
3233 5062 3289 5111 et
3316 5052 3664 5109 concordiam
3705 5066 3793 5105 co-

2217 5151 2486 5221 hortetur,
2509 5150 2664 5220 juxta
2691 5149 3005 5219 Apostolum
3030 5149 3293 5204 dicentem
3322 5166 3334 5201 :
3368 5145 3428 5203 Si
3455 5148 3576 5216 ﬁeri
3600 5153 3791 5217 potest.

2218 5249 2473 5309 quantum
2504 5241 2557 5293 in
2584 5239 2726 5295 vobis
2756 5249 2830 5294 est
2862 5257 2980 5293 cum
3012 5238 3250 5293 omnibus
3278 5238 3577 5292 hominibus
3620 5249 3791 5308 parm

2220 5334 2463 5387 habentes
2495 5331 2689 5404 (Rom.
2717 5348 2796 5387 xu
2819 5331 2860 5404 ).
2896 5331 3028 5387 Nam
3056 5341 3111 5387 et
3143 5333 3195 5386 in
3222 5331 3544 5402 praecedenti
3570 5326 3795 5400 capitulo

2222 5423 2431 5477 dixerat
2458 5441 2471 5478 :
2506 5423 2567 5479 Si
2593 5424 2786 5494 o/Ieras
2815 5441 3005 5477 manus
3032 5434 3182 5477 tuum
3212 5424 3281 5477 ad
3306 5422 3477 5477 altare
3497 5463 3513 5489 ,
3536 5432 3585 5476 et
3612 5421 3684 5475 ibi
3724 5434 3808 5471 ηε

2223 5513 2468 5568 cordatus
2510 5513 2674 5584 {ueris
2704 5515 2829 5586 quia
2861 5514 3027 5585 frater
3054 5526 3175 5569 tuus
3205 5515 3356 5581 habet
3388 5511 3591 5584 aliquid
3618 5510 3800 5564 adver-

2224 5618 2340 5656 sum
2368 5614 2436 5657 te.
2471 5603 2538 5657 Et
2565 5605 2673 5660 hoc
2704 5606 2858 5660 ﬁnito
2886 5606 3067 5661 statim
3098 5604 3263 5661 infert
3292 5625 3304 5659 :
3340 5604 3469 5659 Esto
3493 5601 3765 5658 benevolus
3784 5638 3800 5665 ο

2227 5703 2320 5749 aut
2360 5692 2623 5765 benignus
2666 5696 2968 5751 adversaria
2997 5706 3117 5761 tuo,
3147 5703 3203 5750 et
3233 5695 3386 5763 reliq.
3418 5694 3486 5750 Et
3516 5694 3567 5748 in
3608 5704 3803 5746 conse-
