3986 6192
431 287 524 341 Sil

1075 285 1132 338 Β.
1179 284 1434 356 ΒΑΒΑΝΙ
1474 283 1691 342 MAURI
1731 279 2048 337 ARCHIEP.
2092 276 2400 334 MOGUNT.
2445 278 2728 335 OPERL‘M
2769 278 2947 333 PARS
2987 279 3026 332 l.

3572 287 3679 339 812

424 418 537 454 eam
574 403 630 454 in
673 401 827 453 corde
872 413 987 453 suo.
1027 400 1196 469 (Aug.
1226 397 1244 468 )
1279 396 1492 450 iustitia
1531 411 1659 465 ergo
1697 394 1873 448 minor
1909 400 1989 446 est
2019 394 2066 452 Α
2095 399 2141 441 et
2182 389 2379 458 projice
2427 389 2518 444 abs
2547 399 2616 444 te.
2660 389 2879 459 Expedit
2906 392 3041 444 enim
3076 393 3166 444 tibi
3204 402 3259 446 ut
3298 407 3472 462 pereat
3518 412 3680 449 utut»;

385 550 402 562 ί
425 504 530 544 non
569 488 830 542 mtechari
878 501 1162 556 corporum
1199 486 1576 555 conjunctione
1600 525 1616 551 ,
1651 484 1858 556 justitia
1894 499 1992 537 au-

427 586 532 631 tem
581 577 754 646 major
794 585 877 632 est
919 576 1068 646 regni
1115 576 1210 631 Dei
1258 590 1363 632 non
1408 576 1673 630 mmchari
1718 575 1772 628 in
1812 574 1992 628 corde.

426 667 592 722 Multo
641 665 850 720 facilius
895 665 1132 720 custodit
1174 679 1244 719 ne
1293 665 1594 721 mmcbetur
1644 665 1698 718 in
1737 677 1994 732 corpore,

426 757 670 825 quisquis
698 771 802 816 non
833 756 1137 812 moechatur
1175 756 1226 808 in
1265 755 1447 808 corde.
1479 754 1613 810 lllud
1646 768 1774 822 ergo
1801 751 1997 807 contir-

431 846 598 900 mavit
669 845 760 914 qui
801 844 904 906 hoc
936 844 1233 913 praecepit:
1276 843 1397 897 Non
1433 845 1546 897 veni
1575 843 1734 912 legem
1765 842 1993 906 solvere,

426 937 515 990 sed
551 935 854 1005 adimplere.
896 935 1041 991 Sane
1075 935 1523 992 considerandum
1558 943 1668 998 est,
1707 935 1850 1003 quod
1889 949 1994 988 non

428 1027 603 1081 dixit:
639 1025 828 1084 Omnis
862 1026 953 1096 qui
1005 1026 1337 1094 concupierit
1386 1025 1668 1078 mulierem
1696 1064 1710 1088 ,
1763 1024 1856 1078 sed
1893 1023 1996 1088 Qui

429 1116 612 1170 viderit
654 1115 924 1170 mulierem
969 1115 1038 1169 ad
1081 1113 1544 1184 concupiscendum
1587 1129 1734 1177 eam,
1783 1112 1836 1166 id
1881 1121 1994 1177 est,

429 1210 534 1265 hoc
584 1209 690 1266 lino
739 1217 796 1264 ct
843 1208 1026 1264 animo
1075 1206 1399 1268 attenderit,
1454 1213 1512 1259 ut
1563 1219 1684 1260 eam
1738 1203 1994 1272 concupi-

427 1305 562 1352 scat.
595 1297 746 1363 Quod
769 1295 884 1365 jam
910 1311 1015 1352 non
1041 1306 1127 1354 est
1154 1296 1357 1350 titillari
1387 1295 1746 1350 delectatione
1785 1294 1993 1360 carnis,

429 1387 522 1440 sed
555 1387 716 1454 plane
744 1385 1050 1442 consentire
1084 1385 1324 1449 libidini,
1358 1385 1430 1438 ita
1457 1393 1518 1438 ut
1545 1399 1653 1438 non
1696 1382 1998 1438 refrenetur

431 1476 647 1532 illicitus
686 1475 985 1545 appetitus,
1024 1475 1118 1530 sed
1155 1475 1201 1529 si
1242 1473 1469 1529 facultas
1503 1473 1628 1527 data
1668 1472 1862 1538 fuerit,
1903 1487 1998 1542 pa-

433 1566 618 1620 rietur.
656 1565 712 1619 ln
750 1565 835 1619 bis
864 1572 1041 1619 autem
1083 1564 1292 1618 duobus
1321 1563 1482 1620 talem
1510 1561 1868 1616 diﬂ‘erentiam
1898 1576 1993 1615 ve-

425 1667 568 1711 teres
600 1663 922 1726 posuerunt,
953 1655 1096 1725 quod
1136 1655 1364 1709 alterum
1396 1653 1801 1724 propassionem
1821 1692 1836 1718 ,
1865 1653 1997 1706 alte-

2098 479 2442 533 membrorum
2468 489 2676 534 tuorum
2716 497 2876 552 quam
2897 492 3064 536 totum
3101 499 3290 553 corpus
3313 494 3460 538 tuum
3503 489 3682 540 mitta-

2097 580 2186 624 tur
2202 571 2260 624 in
2280 571 2585 640 gehennam.
2613 571 2750 638 Quia
2793 587 2954 640 supra
2985 573 3053 628 de
3075 575 3514 643 concupiscentia
3556 594 3679 631 mu-

2099 661 2244 716 lieris
2263 662 2494 727 dixerat,
2541 671 2686 717 recte
2713 671 2856 717 nunc
2877 663 3259 733 cogitationem
3283 675 3338 720 et
3372 683 3594 723 sensum
3624 671 3678 724 in

2097 755 2310 810 diversa
2336 755 2648 810 volitantem
2687 755 3015 823 nuncupavit
3056 756 3290 810 oculum.
3340 757 3441 811 Per
3485 761 3681 814 dexte-

2095 857 2212 897 ram
2245 852 2423 898 autem
2445 852 2502 898 et
2527 854 2753 900 caeteras
2777 846 3022 914 corporis
3044 855 3246 915 partes,
3273 849 3569 904 voluntatis
3598 862 3683 904 at-

2097 949 2204 1006 que
2248 934 2533 990 all'ectuum
2563 935 2711 988 initia
2741 935 3202 1001 demonstrantur,
3230 946 3289 990 ut
3311 941 3453 1007 quod
3503 952 3682 996 mente

2097 1029 2440 1098 concepimus
2463 1042 2531 1080 ne
2555 1041 2720 1095 opere
2750 1026 3138 1096 compleamus,
3167 1030 3464 1082 cavendum
3488 1040 3587 1092 est,
3615 1049 3684 1086 ne

2098 1119 2242 1188 quod
2266 1120 2317 1172 in
2341 1117 2497 1172 nobis
2516 1118 2777 1186 optimum
2813 1127 2895 1170 est
2921 1117 3031 1171 cito
3059 1117 3276 1172 labatur
3301 1119 3352 1172 in
3379 1120 3591 1172 vitiuzn.
3622 1122 3681 1176 Si

2098 1210 2244 1264 enim
2286 1211 2476 1270 tlexter
2497 1207 2686 1263 oculus
2724 1216 2780 1262 et
2813 1208 3034 1263 dextera
3059 1223 3251 1263 manus
3291 1210 3678 1277 scandalizant,

2097 1307 2300 1369 quanto
2329 1299 2502 1369 magis
2523 1312 2588 1353 ea
2627 1312 2748 1367 qua:
2774 1299 2826 1352 in
2855 1299 3008 1352 nobis
3043 1298 3264 1354 sinistra
3292 1300 3453 1353 sunt?
3479 1300 3537 1354 Si
3564 1302 3682 1354 aui-

2099 1406 2185 1444 ma
2230 1389 2452 1453 labitur,
2479 1396 2679 1458 quanto
2703 1389 2823 1458 plus
2871 1403 3086 1458 corpus,
3111 1388 3256 1458 quod
3304 1390 3372 1444 ad
3395 1399 3680 1459 peccatum

2094 1479 2419 1548 proclivius?
2444 1478 2624 1547 (Αίιῃ.)
2643 1478 2863 1540 Videtur
2891 1478 3017 1531 mibi
3046 1493 3150 1532 non
3177 1478 3474 1547 incongrue
3502 1481 3677 1550 accipi

2098 1572 2293 1626 debere
2317 1571 2419 1625 hoc
2444 1569 2561 1625 loco
2581 1569 2813 1630 oculum,
2831 1568 3234 1623 dileetissimum
3261 1570 3517 1625 amicum.
3546 1571 3678 1624 Nam

2100 1664 2203 1718 hoc
2247 1671 2334 1717 est
2370 1661 2554 1730 utique
2597 1659 2740 1730 quod
2766 1660 3070 1714 membrum
3113 1668 3257 1716 recte
3282 1663 3553 1730 possimus
3577 1679 3679 1733 ap-

426 1761 544 1800 rum
573 1760 702 1799 vero
730 1744 1035 1816 passionem
1067 1744 1482 1798 nominaverint.
1515 1743 1659 1798 Inter
1689 1741 1994 1811 passionem
2027 1735 2070 1796 Β
2098 1753 2320 1824 venare,
2347 1753 2492 1823 quod
2516 1752 2860 1807 vehementer
2900 1751 3188 1822 diligimus,
3213 1761 3267 1806 ει
3295 1753 3470 1822 ipsum
3504 1757 3682 1809 ροηδε-

425 1848 604 1893 autem
627 1847 681 1894 et
704 1837 1106 1908 propassionem
1133 1837 1235 1891 hoc
1257 1837 1484 1890 interest
1504 1876 1522 1900 ,
1542 1836 1682 1904 quod
1706 1836 1886 1904 passio
1913 1851 1993 1890 re-

424 1939 644 2000 putatur
675 1931 726 1986 in
755 1931 912 1994 vitio,
943 1930 1250 2000 propassio,
1283 1929 1409 1983 licet
1429 1927 1640 1997 culpam
1664 1927 1882 1991 habeat,
1916 1925 2004 1982 ta-'

429 2036 551 2074 men
593 2035 695 2074 non
736 2027 947 2074 tenetur
975 2019 1028 2072 in
1058 2018 1306 2073 crimine.
1348 2017 1488 2087 Ergo
1519 2018 1608 2086 qui
1648 2018 1842 2072 viderit
1879 2033 1993 2071 mu-

425 2114 608 2170 lierem
633 2121 686 2169 et
710 2112 889 2168 anima
920 2111 1035 2182 ejus
1063 2108 1224 2165 fuerit
1257 2107 1464 2162 titillata
1484 2149 1498 2173 ,
1532 2109 1619 2162 hic
1647 2109 1996 2178 propassione

423 2220 708 2274 percussus
734 2215 836 2259 est.
866 2203 922 2259 Si
950 2218 1078 2258 vero
1105 2201 1469 2262 consenserit,
1499 2206 1568 2255 et'
1581 2201 1647 2254 de
1674 2201 1996 2272 cogitatione

425 2293 678 2349 allectum
701 2293 921 2357 fecerit,
946 2293 1086 2348 sicut
1109 2291 1368 2362 scriptum
1391 2291 1548 2345 estin
1572 2290 1735 2344 David
1760 2307 1774 2344 :
1804 2290 1996 2345 Trans-

423 2390 592 2442 ierunt
631 2389 685 2441 in
729 2388 972 2455 a/fectum
1003 2385 1174 2440 cordis
1206 2385 1223 2455 (
1249 2381 1395 2438 Psal.
1424 2399 1570 2438 Lxxu
1593 2383 1611 2454 )
1636 2425 1650 2448 ,
1683 2384 1750 2438 de
1775 2399 1995 2454 propas-

424 2483 575 2536 sione
612 2479 861 2534 transivit
895 2479 963 2532 ad
991 2478 1317 2548 passionem.
1359 2477 1423 2530 Et
1455 2477 1581 2531 huic
1610 2491 1716 2531 non
1748 2475 1996 2530 voluntas

426 2571 630 2641 peccati
662 2571 840 2632 deest,
873 2569 968 2624 sed
997 2568 1231 2623 occasio.
1265 2567 1581 2636 Quicunque
1607 2565 1771 2635 igitur
1801 2565 1996 2620 viderit

426 2662 704 2715 mulierem
737 2661 802 2715 ad
832 2659 1355 2727 concupiscendum,
1396 2658 1448 2711 id
1485 2664 1603 2722 est,
1643 2657 1689 2710 si
1723 2657 1804 2710 sic
1841 2669 1996 2723 aspe-

422 2751 592 2814 xerit,
622 2759 678 2804 ut
701 2732 1082 2818 concupiscat,
1113 2755 1172 2802 ut
1202 2746 1384 2802 facere
1409 2746 1689 2816 disponat,
1720 2745 1822 2801 iste
1851 2755 1996 2802 recte

420 2843 699 2898 "imitatus
745 2859 858 2896 eam
901 2842 1102 2896 dicitur
1143 2841 1198 2896 in
1239 2839 1395 2894 corde
1435 2855 1552 2894 suo.
1594 2837 1813 2911 (Δίες.)
1845 2838 1997 2894 Sicut

2099 1845 2331 1908 liarium,
2358 1842 2484 1912 quia
2519 1840 2706 1897 oculus
2735 1850 2819 1897 est
2866 1851 3120 1910 tanquam
3142 1841 3520 1897 demonstrans
3555 1845 3678 1898 iter.

2099 1934 2164 1987 Et
2185 1933 2238 1988 in
2267 1933 2430 1988 rebus
2453 1932 2668 1997 divinis,
2691 1932 2820 2000 quia
2847 1932 3038 1986 dexter
3061 1940 3149 1986 est
3171 1973 3184 1995 ,
3241 1941 3298 1986 ut
3344 1933 3568 1988 sinisler
3613 1938 3685 1989 sit

2095 2026 2326 2080 dilectus
2353 2025 2569 2094 quidem
2611 2023 2973 2088 consiliarius,
3002 2024 3094 2078 sed
3137 2025 3192 2077 in
3245 2025 3407 2079 rebus
3451 2028 3684 2080 termnis

2097 2116 2162 2172 ad
2186 2114 2560 2171 necessitatem
2583 2113 2823 2184 corporis
2847 2112 3264 2184 pertinentibus.
3295 2112 3369 2168 De
3395 2129 3504 2182 quo
3526 2130 3683 2168 scan-

2096 2207 2362 2262 dalizante
2383 2203 2709 2276 superﬂuum
2737 2212 2853 2260 erat
2878 2204 3077 2266 dicere,
3105 2203 3545 2274 quandoquidem
3577 2220 3678 2258 nec

2097 2299 2284 2352 dextro
2312 2295 2640 2365 parcendum
2665 2294 2754 2350 sit.
2799 2295 2852 2348 In
2885 2295 3045 2349 rebus
3071 2303 3251 2348 autem
3277 2295 3474 2348 divinis
3500 2297 3680 2349 consi-

2097 2388 2281 2443 liarius
2307 2385 2675 2444 scandalizans
2715 2394 2816 2449 est,
2842 2386 2885 2439 si
2944 2385 2993 2438 in
3039 2384 3274 2453 aliquam
3321 2386 3680 2454 perniciosam

2098 2481 2344 2536 haeresim
2373 2479 2589 2536 nomine
2629 2477 2903 2549 religionis
2947 2486 3110 2547 atque
3159 2478 3416 2532 doctrina:
3455 2490 3683 2532 conatur

2097 2571 2369 2626 inducere.

2169 2662 2234 2716 Et
2259 2663 2306 2717 si
2350 2662 2533 2716 dextra
2561 2676 2748 2715 manus
2775 2668 2867 2713 tua
2895 2658 3247 2722 scandalizat,
3272 2657 3518 2712 abscinde
3540 2676 3676 2720 eam,

2094 2766 2140 2808 et
2175 2754 2370 2824 projice
2392 2754 2483 2808 abs
2526 2764 2595 2806 te.
2628 2752 2853 2822 Expedit
2891 2754 3028 2808 enim
3074 2753 3168 2805 tibi
3209 2762 3260 2806 ut
3305 2762 3480 2821 pereat
3517 2770 3677 2805 unum

2094 2845 2437 2900 membrorum
2463 2855 2694 2909 litorum,
2718 2860 2875 2914 quam
2915 2853 3080 2896 totum
3107 2860 3293 2912 corpus
3335 2853 3485 2896 tuum
3511 2856 3592 2897 eat
3626 2845 3678 2896 in

419 2949 548 3005 ergo
580 2934 752 2990 tribus
781 2934 1036 3004 gradibus
1084 2933 1148 2988 ad
1192 2940 1473 3002 peccatum
1518 2931 1833 3002 pervenitur
1872 2946 1994 3001 sug-
2091 2935 2395 3006 gehennam.
2426 2936 2566 3004 Ergo
2601 2944 2654 2989 et
2701 2935 2922 2990 dextera
2947 2949 3137 2990 manus
3165 2934 3428 3002 accipitur
3452 2934 3680 2990 dilectus

422 3023 664 3096 gestione
687 3064 702 3089 ,
736 3023 1092 3078 delectatione
1111 3063 1126 3084 ,
1155 3021 1542 3084 consensione,
1576 3020 1653 3074 ita
1685 3019 1840 3075 istius
1867 3035 1986 3091 pec-

2093 3025 2333 3096 atljulor,
2350 3015 2414 3082 et
2438 3029 2686 3083 minister
2711 3028 2765 3082 in
2792 3027 2990 3082 divinis
3015 3027 3286 3096 operibus.
3321 3026 3454 3080 Nam
3484 3043 3680 3096 quem-

418 3114 524 3170 cati
571 3122 681 3169 tres
728 3122 854 3168 sunt
899 3111 1252 3167 dill‘erentim:
1301 3112 1356 3166 in
1399 3111 1592 3177 corde,
1623 3111 1678 3166 in
1720 3109 1862 3167 facto
1888 3152 1902 3177 ,
1933 3112 1990 3168 in
2016 3088 2060 3150 C
2091 3117 2380 3174 admodum
2405 3119 2459 3172 in
2486 3118 2644 3174 oculo
2693 3117 3099 3188 contemplatio,
3127 3117 3208 3171 sic
3251 3118 3303 3170 in
3342 3133 3508 3170 manu
3537 3119 3680 3172 actio

419 3207 834 3267 consuetudine,
880 3216 1132 3274 tanquam
1174 3216 1282 3259 tres
1317 3213 1538 3260 mortes.
1584 3203 1699 3260 Una
1742 3204 1896 3273 quasi
1935 3205 1988 3258 in

422 3297 615 3363 domo,
647 3297 698 3352 id
729 3304 843 3363 est,
893 3311 1016 3351 cum
1066 3296 1122 3350 in
1168 3295 1331 3351 corde
1375 3295 1708 3352 consentitur
1758 3295 1986 3350 libidini.

418 3389 637 3453 Altera,
676 3386 787 3456 jam
831 3387 1036 3457 prolata
1080 3388 1234 3457 quasi
1275 3394 1433 3442 extra
1473 3395 1718 3457 portam,
1765 3402 1887 3442 cum
1933 3387 1988 3441 in

422 3481 622 3535 factum
661 3479 904 3550 procedit
940 3479 1204 3534 assensio.
1243 3478 1426 3533 Tertio
1464 3492 1588 3532 cum
1617 3477 1669 3530 vi
1699 3486 1988 3532 consuetu-

416 3575 558 3632 dinis
587 3573 742 3628 mala:
772 3581 1028 3642 tanquam
1055 3571 1195 3628 mole
1222 3579 1435 3626 terrena
1460 3569 1726 3638 premitur
1753 3567 1983 3628 animus,

412 3668 567 3738 quasi
600 3667 652 3722 in
684 3667 931 3737 sepulcro
950 3665 1062 3735 jam
1093 3673 1308 3737 puteus.
1340 3661 1466 3731 Qum
1495 3662 1596 3714 tria
1623 3675 1820 3730 genera
1849 3675 1990 3714 mor-

415 3768 629 3816 tuorum
655 3758 823 3816 Deum
850 3758 1197 3814 resuscimsse
1219 3756 1463 3827 quisquis
1488 3752 1840 3824 Evangelium
1862 3751 1989 3823 legit

415 3852 681 3924 agnoscit.
733 3851 799 3905 Et
845 3849 1075 3906 fortasse
1121 3849 1430 3905 considerat
1474 3863 1610 3918 quas
1655 3842 1988 3903 dill'ereutias

411 3943 613 3999 habeat
635 3942 800 3998 etiam
828 3942 944 4012 ipsa
967 3954 1072 3998 vox
1099 3940 1488 4004 resuscitaatis,
1517 3954 1639 3994 cum
1663 3937 1790 3993 alibi
1815 3938 1944 3992 dicit
1969 3953 1984 3992 :

414 4031 630 4100 Puella,
662 4049 818 4104 surge
859 4031 1076 4103 (Matth.
1105 4030 1201 4102 lx).
1233 4029 1374 4085 Alibi
1403 4048 1413 4082 :
1446 4029 1682 4094 Junenis,
1711 4029 1830 4082 dico
1856 4029 1984 4093 tibi,

416 4140 570 4194 surge
608 4121 780 4194 (Luc.
808 4137 883 4178 vu
905 4121 946 4194 ).
983 4119 1122 4176 Alibi
1159 4119 1436 4176 infremuit.
1459 4119 1516 4174 in
1548 4120 1740 4188 spiritu
1759 4159 1774 4185 ,
1804 4128 1863 4175 et
1894 4119 1985 4176 fle-

412 4217 524 4280 vit,
563 4223 620 4274 et
655 4230 844 4271 rursus
875 4213 1122 4278 freuit,
1159 4221 1216 4268 et
1248 4220 1371 4282 post
1399 4211 1594 4268 deinde
1625 4227 1755 4267 voce
1787 4227 1981 4284 magna

411 4305 774 4359 exclamavit:
821 4303 1052 4368 Lazare,
1093 4304 1206 4358 veni
1247 4303 1390 4372 {erat
1436 4300 1638 4374 (latin.
1670 4302 1788 4375 x1
1841 4302 1983 4368 Qua-

409 4405 626 4465 propter
686 4397 901 4452 nomine
955 4397 1381 4460 mteciiantium,
1437 4395 1529 4466 qui
1582 4396 1684 4450 boc
1741 4396 1976 4466 capitulo

409 4494 918 4550 cntnmenmranttn‘,
967 4501 1182 4541 omnem
1225 4486 1494 4544 carnalent
1538 4495 1593 4540 et
1631 4486 1971 4541 libidinosam

408 4574 901 4642 concupiscentiam
953 4585 1166 4644 oportet
1215 4577 1456 4646 intelligi.
1510 4576 1644 4631 Cum
1683 4577 1824 4632 enim
1863 4587 1970 4633 tam

411 4663 627 4718 assidue
658 4661 1016 4720 idololatriam,
1047 4663 1455 4719 fornicationem
1485 4665 1762 4734 Scriptura
1793 4667 1970 4732 dicat,

409 4751 606 4806 I'aulus
646 4760 825 4808 autem
868 4752 1141 4822 apostolus
1188 4754 1468 4809 avaritiam
1519 4756 1834 4812 idololatria:
1878 4773 1975 4814 no-

408 4843 552 4898 mine
581 4841 840 4912 appellet,
873 4843 996 4912 quis
1023 4843 1227 4899 dubitet
1252 4858 1465 4898 omnem
1497 4845 1691 4900 malam
1721 4847 1974 4918 concupi-

403 4941 662 4988 scentiam
691 4941 834 4990 recte
857 4932 1271 4992 fornicationem
1295 4936 1504 5000 vocari,
1531 4937 1744 5005 (plaudo
1770 4939 1968 5004 anima,

403 5021 645 5093 neglecta
697 5023 974 5093 superiore
1022 5024 1170 5093 lege,
1224 5041 1326 5095 qua
1381 5023 1968 5098 regittrr,"inferiorum

400 5124 717 5172 naturarum
750 5115 890 5185 turpi
930 5114 1203 5169 voluntate
1223 5156 1238 5181 ,
1269 5117 1423 5186 quasi
1455 5116 1742 5181 mercede,
1775 5123 1974 5187 prosti-

403 5212 516 5260 tuta
543 5203 951 5276 corrumpitur?
981 5202 1197 5268 Etgideo
1234 5205 1489 5274 quisquis‘
1503 5205 1790 5259 carnalem
1827 5205 1970 5260 dele-

397 5291 694 5348 ctationem
723 5293 979 5350 adversus
999 5303 1228 5356 rectam:
1243 5283 1572 5349 voluntatem
1602 5309 1755 5350 suam
1799 5295 1972 5349 rebel-

398 5380 512 5436 lare
535 5383 728 5445 sentit,
759 5383 1026 5446 exclamet
1049 5383 1309 5454 lugendo,
1340 5384 1589 5454 imploret
1614 5384 1970 5440 consolatoris

397 5472 509 5526 veri
561 5472 770 5541 Domini
792 5474 1022 5544 :Clgristi
1068 5474 1348 5528 auxilium.
1399 5473 1507 5529 Nec
1541 5490 1740 5544 parvus
1775 5484 1859 5531 est
1896 5476 1967 5530 ad

398 5558 1089 5632 beatitudinsmaccessps,
1120 5564 1355 5630 cognitio
1383 5562 1711 5621 infelicitatis
1739 5581 1870 5620 suae.

469 5651 617 5712 Quod
642 5653 688 5704 si
711 5647 1036 5718 eratingenti
1062 5653 1244 5712 dexter
1264 5651 1684 5723 scandalizime,
1702 5673 1826 5712 erue
1845 5673 1963 5711 eum

863 5780 938 5815 ιζ

2004 4445 2055 4505 D

2094 3219 2237 3262 reete
2264 3207 2594 3278 intelligitur.
2627 3207 2695 3263 Ut
2725 3207 2943 3262 sinistra
2991 3221 3186 3260 manus
3237 3206 3572 3277 intelligatur
3616 3208 3671 3262 in

2089 3297 2359 3365 operibus,
2379 3314 2498 3368 qua:
2520 3298 2647 3352 buic
2670 3297 2793 3353 vita:
2814 3297 3024 3366 corpori
3041 3305 3167 3352 sunt
3195 3297 3527 3352 necessaria.
3553 3297 3683 3351 Pos-

2090 3403 2274 3442 sumus
2299 3403 2512 3458 quoque
2538 3388 2593 3442 in
2617 3389 2807 3443 dextro
2839 3387 3015 3451 oculo,
3041 3395 3094 3441 et
3124 3388 3313 3442 dextra
3344 3402 3534 3446 manu,
3561 3387 3675 3440 fra-

2091 3487 2254 3543 trum,
2278 3487 2332 3533 ct
2357 3479 2560 3541 uxoris,
2590 3488 2645 3534 et
2668 3478 2980 3542 liberorum,
3007 3487 3168 3547 atque
3192 3476 3429 3532 affinium
3456 3487 3511 3532 et
3548 3495 3675 3548 prn-

2087 3569 2411 3640 pinquornm
2442 3569 2740 3639 intelligere
2778 3567 3022 3630 allectus.
3067 3568 3216 3636 Quos
3246 3569 3291 3624 si
3319 3570 3385 3622 ad
3432 3579 3677 3624 contem-

2087 3662 2346 3732 plandam
2367 3677 2547 3717 veram
2572 3661 2745 3718 lucem
2770 3662 2925 3717 nobis
2950 3662 3334 3731 impedimento
3358 3676 3481 3716 esse
3499 3663 3679 3714 cerni-

2087 3768 2227 3819 mus,
2244 3754 2504 3809 debemus
2531 3762 2781 3809 truncare
2807 3754 3109 3810 istiusmodi
3140 3755 3435 3824 portiones,
3454 3768 3523 3806 ne
3546 3754 3677 3806 dum

2088 3847 2332 3906 volumus
2361 3853 2585 3902 caeteros
2615 3845 2952 3913 lucrifacere,
2981 3845 3077 3915 ipsi
3106 3845 3452 3900 in-aeteruum
3478 3860 3674 3914 perea-

2086 3957 2226 3996 mus.
2270 3939 2422 3996 Unde
2462 3938 2659 3995 dicitur
2698 3947 2752 3994 et
2789 3937 2855 3993 de
2901 3935 3180 3992 sacerdote
3219 3949 3416 4004 magno
3447 3974 3464 3998 ,
3521 3932 3676 4000 cujus

2085 4034 2267 4087 anima
2300 4031 2392 4085 Dei
2430 4029 2596 4085 cultui
2642 4029 2890 4084 dedicata
2943 4037 3061 4083 est:
3094 4028 3269 4097 Supra
3315 4037 3578 4090 matrem,
3623 4035 3674 4078 et

2082 4121 2301 4194 patrem,
2328 4131 2375 4174 et
2413 4120 2573 4189 ﬁlios,
2600 4136 2701 4173 non
2727 4118 2991 4190 polluetur
3033 4117 3218 4189 (Lavit.
3255 4115 3368 4185 ut)
3397 4157 3412 4180 ,
3461 4117 3514 4170 id
3563 4126 3672 4179 est,

2084 4212 2283 4266 nullum
2310 4207 2558 4265 allectum
2589 4210 2745 4275 sciet,
2773 4209 2877 4264 nisi
2910 4209 3029 4279 ejus
3063 4207 3214 4277 cujus
3249 4207 3415 4262 cultui
3463 4207 3681 4262 dedica-

2086 4312 2172 4358 ωε
2203 4311 2304 4358 εει.

2156 4393 2358 4446 Dictum
2402 4401 2476 4450 est
2511 4401 2704 4468 cautem
2732 4407 2750 4444 :
2789 4389 3096 4460 Quicunque
3141 4390 3398 4443 dimiserit
3447 4405 3664 4443 uxorem

2077 4503 2250 4544 suam.
2275 4469 2748 4540 det“ilt‘i"libellum
2780 4483 3003 4552 repudii.
3056 4481 3326 4550 Scriptum
3352 4481 3538 4550 itaque
3580 4490 3662 4534 est

2076 4577 2154 4631 sic
2181 4575 2232 4629 in
2263 4573 2675 4629 Denteronomio
2705 4591 2718 4625 :
2753 4571 2814 4626 Si
2840 4571 3094 4641 acceperit
3140 4570 3294 4623 homo
3322 4585 3572 4632 uxorem,
3618 4582 3666 4622 et

2077 4666 2314 4720 habuerit
2333 4681 2468 4728 eam,
2493 4674 2541 4719 et
2563 4680 2665 4717 non
2682 4663 2933 4717 invenerit
2956 4663 3179 4732 gratiam
3203 4670 3322 4714 ante
3341 4661 3524 4714 oculos
3549 4662 3666 4726 eius

2074 4769 2284 4827 propter
2305 4755 2533 4828 aliquam
2564 4756 2864 4819 foeditatem,
2895 4754 3080 4808 scribet
3112 4752 3342 4806 libellum
3363 4753 3593 4822 repudii,
3616 4765 3664 4806 et

2075 4848 2219 4901 dabit
2255 4849 2310 4902 in
2345 4864 2501 4902 manu
2532 4846 2702 4911 illius,
2749 4856 2796 4900 et
2826 4846 3052 4900 dimittet
3101 4861 3217 4898 eam
3256 4843 3326 4898 de
3356 4843 3516 4897 domo
3542 4862 3661 4908 sua,

2074 4947 2179 4993 etc.
2211 4939 2388 5010 (Deut.
2416 4937 2585 5008 xxw).
2640 4936 2697 4998 In
2748 4935 3029 5006 posteriori
3058 4949 3182 4989 vero
3209 4941 3361 5004 parte
3393 4933 3555 4987 istum
3585 4933 3667 4987 lo-

2073 5046 2196 5084 cum
2224 5030 2433 5098 plenius
2461 5028 2710 5082 Salvator
2736 5026 2974 5096 exponit.
3001 5025 3152 5092 Quod
3183 5023 3391 5094 Moyses
3417 5023 3655 5078 libellum

2076 5121 2280 5189 repudii
2325 5119 2440 5173 dari
2485 5117 2710 5185 jusserit
2740 5125 2951 5186 propter
2988 5114 3239 5168 duritiam
3283 5113 3457 5166 cordis
3489 5115 3659 5166 mari-

2075 5220 2271 5276 torum,
2298 5224 2404 5262 non
2425 5207 2709 5262 discidium
2739 5205 3058 5266 concedens,
3085 5203 3178 5258 sed
3211 5201 3463 5257 auferens
3488 5203 3669 5256 homi-

2078 5301 2296 5355 cidium.
2328 5300 2490 5354 Multo
2510 5299 2654 5353 enim
2672 5298 2861 5353 melius
2885 5307 2990 5356 est,
3013 5297 3139 5350 licet
3181 5293 3492 5365 lugubrem,
3523 5308 3659 5347 eve-

2077 5389 2196 5442 nire
2222 5389 2568 5454 discordialn,
2587 5399 2761 5456 quam:
2784 5402 2881 5456 per
2912 5385 3092 5440 odiltm
3123 5384 3438 5454 sanguinem
3478 5382 3651 5435 lundi.

2148 5480 2258 5550 Ego
2287 5473 2596 5534 mttem'dico
2618 5480 2759 5533 vobis
2783 5480 2906 5548 quia
2931 5477 3097 5530 omnis
3119 5477 3208 5546 qui
3237 5476 3491 5528 dimiserit
3523 5491 3651 5526 uxo-

2074 5584 2177 5622 rem
2197 5585 2366 5630 suam,
2395 5567 2608 5637 arrepta
2637 5567 2994 5636 fornicationis
3022 5582 3203 5628 causa,
3235 5565 3362 5634 facit
3381 5581 3496 5617 eam
3523 5578 3652 5615 niur-

2073 5657 2246 5722 cltari,
2269 5668 2313 5710 et
2357 5658 2443 5727 qui
2501 5656 2769 5711 dimissam
2817 5657 3062 5720 duxerit,
3117 5655 3396 5709 adulterat.
3463 5656 3650 5725 (ειυς.)
