3978 6190
370 305 475 365 815

1018 300 1080 355 s.
1123 297 1377 354 uanam
1416 296 1636 354 suum
1676 292 1995 351 ARCiitEP.
2040 290 2349 353 uocum.
2389 291 2674 351 orsnuu
2712 292 2891 350 mus
2927 295 2965 350 ι.
3542 289 3677 350 sis-

367 427 592 492 possunt
610 417 753 490 quod
778 415 1021 479 laudant,
1045 429 1151 468 non
1180 422 1236 469 ut
1278 413 1367 468 hic
1410 408 1563 483 pute't
1613 412 1815 495 aliquid
1851 410 1952 465 sibi
1983 413 2029 473 Α
2056 412 2177 467 erit.
2208 411 2444 484 Simplex
2472 421 2653 469 autem
2680 414 2947 485 quomodo
2988 413 3114 479 erit,
3144 413 3189 469 si
3235 413 3445 469 tinnitus
3479 413 3652 471 domi-

368 527 461 566 eos
488 509 741 582 prodesse
770 520 926 577 quem
960 504 1193 558 laudant.
1226 502 1521 573 Sequitur:

358 644 367 652 ,
441 601 574 655 Cum
603 615 724 669 ergo
746 598 880 668 facis
903 595 1305 664 cleemosynam,
1333 594 1442 647 noli
1477 593 1599 647 tuba
1622 610 1809 648 cancre
1834 602 1956 647 ante

370 703 441 758 te,
468 692 601 745 sicut
632 687 914 758 hypocritrc
943 684 1143 754 faciunt
1171 684 1227 737 in
1256 681 1553 753 synagogis,
1578 689 1633 735 et
1650 682 1705 735 in
1728 682 1873 746 vicis,
1897 687 1957 734 ut

370 781 780 849 honori/iocatur
800 777 865 830 ab
894 772 1207 829 hominibus.
1242 774 1405 828 Amen
1441 773 1559 826 dico
1606 772 1746 826 vobis
1768 813 1784 838 ,
1818 787 1955 825 rece-

369 879 554 943 perunt
571 868 853 923 mercedem
867 882 1035 920 suum.
1061 864 1199 930 Noli,
1216 865 1411 934 inquit,
1431 861 1569 918 velle
1596 862 1952 926 innotescere,

372 972 430 1016 ut
454 959 745 1031 hypocritae
772 956 1143 1020 simulatores,
1194 964 1453 1025 tauquam
1500 952 1956 1021 prmnuntiatores

372 1065 721 1124 personarum
777 1049 1071 1103 aiienarum
1101 1089 1115 1112 ,
1164 1047 1303 1101 sicut
1331 1046 1381 1099 in
1411 1043 1693 1098 theatricis
1740 1038 1953 1097 fabulis.

375 1145 490 1199 Non
524 1142 666 1198 enim
697 1140 788 1210 qui
815 1140 924 1211 agit
952 1146 1136 1209 partes
1155 1135 1573 1207 Agamemnonis
1610 1133 1664 1188 in
1694 1131 1957 1200 tragoedia

376 1236 548 1302 (verbi
577 1231 796 1305 gratia),
822 1231 937 1285 sive
966 1228 1193 1298 alicujus
1217 1227 1441 1283 alterius
1467 1226 1531 1280 ad
1565 1224 1844 1279 historiam
1875 1221 1957 1277 vel

378 1327 610 1382 fabulam
637 1338 756 1395 qua!
785 1323 964 1395 agitur
990 1319 1329 1391 pertinentis,
1362 1330 1487 1372 vere
1532 1314 1646 1385 ipse
1678 1320 1779 1368 ‘est
1802 1352 1816 1376 ,
1864 1308 1957 1367 sed

377 1416 593 1470 simulat
621 1428 764 1474 eum,
805 1420 859 1465 et
905 1409 1182 1482 hypocrita
1211 1407 1428 1462 dicitur.
1462 1404 1554 1459 Sic
1593 1404 1645 1457 in
1679 1401 1954 1465 Ecclesiis,

376 1519 426 1556 ct
463 1504 515 1559 in
539 1502 683 1556 omni
716 1501 823 1555 vita
856 1499 1110 1564 hmnana,
1131 1497 1376 1567 quisquis
1399 1495 1513 1549 vult
1536 1509 1595 1549 se
1622 1492 1792 1547 uideri
1815 1490 1959 1560 quod

382 1610 486 1647 non
520 1601 623 1657 est,
662 1591 939 1662 hypocrita
979 1597 1084 1652 est,
1115 1586 1330 1643 simulat
1359 1586 1502 1640 enim
1551 1585 1755 1655 justum
1783 1623 1797 1646 ,
1853 1596 1958 1636 non

380 1684 620 1745 exhibet,
674 1682 796 1751 quia
854 1689 1020 1734 totum
1066 1678 1300 1734 fructum
1366 1677 1418 1731 in
1474 1674 1630 1728 laude
1682 1672 1958 1755 hominum

2060 500 2143 556 nis
2185 503 2405 570 serviet,
2437 519 2535 559 nec
2583 520 2686 558 una
2723 504 3022 559 intentione
3085 518 3268 559 rerum
3318 514 3650 560 aeternorum

2057 589 2304 660 purificet
2328 593 2499 648 aciem
2527 608 2679 647 suam
2706 635 2721 658 ,
2765 594 2859 648 sed
2908 592 3041 647 eam‘
3084 593 3390 649 mortalium
3435 612 3654 667 quoque

2057 680 2435 755 fragiliumque
2458 700 2641 741 rerum
2674 700 2858 740 amore
2886 685 3182 742 obnubilet.
3278 692 3281 695 ’

2130 777 2197 833 Et
2227 796 2344 833 cum
2372 772 2532 835 oratis
2559 797 2660 835 non
2689 780 2833 834 eritis
2860 772 2992 834 sicut
3018 780 3326 850 hypocrita”,
3356 784 3446 850 qui
3470 792 3654 837 amant

2056 868 2110 919 in
2132 867 2410 937 synagogis
2438 876 2486 921 et
2515 868 2568 921 in
2606 867 2813 938 ungulis
2841 867 3133 939 platearum
3161 878 3356 922 stantes
3387 887 3561 933 orare,
3595 882 3652 925 ut

2057 958 2331 1013 rideantur
2365 959 2431 1013 ab
2480 960 2810 1023 hominibus;
2858 979 3008 1015 umcn
3039 961 3153 1015 dico
3184 962 3323 1016 vobis
3354 971 3655 1033 receperunt

2061 1048 2349 1101 mercedem
2377 1064 2548 1102 suam.
2588 1049 2815 1121 (Mica)
2842 1050 3041 1124 Anguli
3069 1052 3364 1120 platearum
3399 1062 3541 1118 suat,
3560 1056 3652 1111 ubi

2060 1139 2144 1193 via
2166 1153 2264 1208 per
2285 1147 2651 1195 transversum
2671 1140 2891 1197 alterius
2915 1142 3014 1196 viae
3038 1144 3205 1209 vadit,
3228 1150 3281 1197 et
3310 1128 3651 1214 quali-Iviqu

2062 1229 2254 1285 reddit.
2272 1228 2387 1285 Non
2402 1224 2548 1285 enim
2571 1238 2625 1285 te
2654 1231 2821 1286 videri
2841 1232 2906 1287 ab
2936 1232 3243 1288 hominibus
3270 1235 3465 1290 alicubi
3494 1252 3652 1291 oran~

2062 1330 2169 1377 tem
2200 1321 2351 1377 nefas
2373 1331 2477 1388 est,
2504 1321 2597 1377 sed
2628 1310 2748 1379 ideo
2772 1323 2876 1379 hoc
2906 1304 3084 1396 agere,
3113 1335 3174 1381 ut
3200 1327 3431 1383 videaris
3463 1327 3530 1381 ab
3558 1330 3653 1382 lm-

2060 1411 2314 1467 minibus.
2338 1411 2402 1465 Et
2426 1410 2697 1483 superﬂuo
2728 1413 2886 1468 toties
2918 1415 3106 1469 eadem
3138 1414 3415 1482 dicuntur,
3443 1433 3564 1472 cum
3586 1418 3656 1471 sit

2059 1517 2164 1556 una
2182 1500 2292 1571 jam
2326 1501 2505 1574 regula
2539 1503 2887 1559 custodienda
2912 1546 2926 1571 ,
2970 1521 3075 1577 qua
3107 1508 3381 1577 cognitum
3409 1517 3513 1574 est,
3546 1526 3651 1563 non

2062 1594 2162 1651 sibi
2190 1603 2249 1648 ut
2302 1594 2417 1649 haec
2459 1595 2633 1650 sciant
2684 1596 2931 1653 homines
2966 1595 3389 1663 formidandum,
3439 1610 3532 1655 aut
3575 1600 3655 1654 fu—

2062 1686 2316 1758 giendum
2343 1700 2486 1753 esse,
2512 1688 2604 1743 sed
2647 1687 2693 1743 si
2730 1689 2833 1744 hoc
2856 1688 3038 1743 animo
3065 1689 3216 1756 ﬁant,
3248 1698 3305 1744 ut
3351 1690 3556 1746 fructus
3603 1693 3652 1747 in

384 1774 556 1842 ponit,
584 1787 743 1841 quam
768 1778 991 1841 possunt
1011 1770 1174 1823 etiam
1204 1766 1520 1823 simulantes
1548 1762 1963 1833 accipere,4lum

2073 1777 2149 1832 eis
2197 1761 2543 1846 exspectetur
2586 1776 2833 1850 placendi
2876 1775 3206 1833 hominibus.
3263 1778 3458 1835 Servat
3492 1781 3664 1835 etiam

385 1862 575 1916 fallunt
600 1875 695 1915 eos
718 1858 915 1929 quibus
950 1858 1199 1913 videntur
1234 1855 1359 1911 boni
1409 1855 1477 1908 ab
1512 1853 1704 1922 eisque
1741 1852 1966 1907 laudan-

386 1965 495 2008 tur.
524 1953 664 2024 Ergo
690 1950 826 2005 tales
854 1949 922 2004 ab
954 1950 1255 2018 inspectore
1287 1946 1464 2000 cordis
1502 1947 1610 2000 Deo
1658 1945 1964 1999 mercedem

388 2062 493 2100 non
524 2040 882 2113 eapiuut,-sed
911 2039 1132 2097 fallacia:
1178 2037 1518 2108 supplicium.
1547 2036 1628 2088 Ab
1656 2034 1968 2097 hominibus

394 2141 598 2196 autem,
623 2130 813 2200 inquit,
851 2134 1206 2200 perceperunt
1226 2126 1527 2181 mercedem
1556 2138 1727 2179 suam.
1753 2122 1966 2178 Rectis-

392 2227 633 2293 simeque
658 2223 724 2276 de
759 2221 845 2277 his
872 2220 1069 2276 dicitur
1093 2237 1104 2272 :
1138 2217 1392 2274 Recedite
1423 2233 1453 2271 a
1473 2231 1580 2281 me,
1604 2214 1839 2286 operarii
1873 2213 1969 2269 do-

386 2317 505 2381 losi,
540 2329 734 2370 nomen
766 2328 943 2369 meum
968 2311 1254 2377 habuistis,
1282 2311 1375 2366 sed
1409 2324 1571 2380 opera
1597 2322 1716 2363 mea
1758 2322 1862 2363 non
1892 2305 1970 2362 fc-

385 2408 556 2461 cistis.
582 2405 662 2460 illi
711 2418 840 2474 ergo
878 2409 1233 2473 perceperunt
1284 2401 1589 2456 mercedem
1633 2414 1824 2464 suam,
1877 2401 1969 2468 qui

386 2514 491 2553 non
526 2497 595 2552 ob
623 2496 767 2551 aliud
793 2494 1189 2564 eleemosynam
1211 2490 1435 2556 faciunt,
1464 2490 1647 2545 nisiut
1671 2488 1949 2560 gloriticen

387 2601 471 2642 tur
500 2589 568 2643 ab
587 2585 911 2641 hominibus.
1368 2578 1385 2599 ⁸

456 2679 527 2733 Te
559 2674 732 2733 autem
782 2677 1005 2747 faciente
1046 2678 1456 2745 etcentosynam,
1511 2674 1711 2727 nesciat
1754 2671 1968 2735 sinistra

384 2781 475 2823 tua
497 2769 619 2841 quid
645 2767 808 2838 faciat
857 2765 1070 2821 dextera
1102 2774 1214 2819 tua.
1245 2763 1349 2818 Alii
1376 2778 1508 2836 ergo
1529 2764 1808 2819 sinistram
1836 2760 1965 2816 iull-

383 2860 529 2915 dclcs
553 2858 661 2915 dici
690 2857 998 2922 credebant,
1037 2855 1125 2911 alii
1168 2855 1468 2921 inimicum,
1513 2855 1607 2911 sed
1646 2855 1778 2909 mihi
1831 2853 1969 2909 nihil

387 2950 803 3021 consequentius
829 2948 1048 3003 sinistra
1093 2946 1307 3001 videtur
1328 2946 1651 3018 signiﬁcare,
1682 2954 1843 3017 quam
1890 2946 1968 3017 ip-

386 3055 501 3094 sam
534 3037 945 3093 delectationem
988 3035 1181 3091 laudis.
1232 3034 1465 3092 Dextera
1492 3034 1967 3115 autem‘signiﬁcat

2070 1868 2184 1938 ipse
2214 1868 2471 1923 Dominus
2493 1869 2679 1923 eadem
2719 1869 2900 1933 verba,
2941 1882 3061 1923 cum
3086 1869 3327 1941 adiungit
3362 1872 3612 1926 similiter
3641 1892 3652 1926 ς

2068 1956 2232 2010 Amen
2278 1956 2396 2011 dico
2430 1956 2570 2011 vobis
2607 1966 2906 2028 receperunt
2964 1959 3253 2014 mercedem
3306 1978 3479 2016 suum.
3522 1962 3657 2017 llinc

2068 2047 2357 2102 ostendens
2401 2047 2515 2117 ipse
2543 2046 2852 2119 prohibere,
2885 2056 2945 2103 ut
2987 2050 3047 2105 ea
3091 2064 3303 2107 merces
3351 2061 3653 2121 appetatur,

2068 2150 2173 2205 qua
2204 2136 2355 2191 stulti
2384 2137 2637 2209 gaudent,
2665 2145 2723 2191 ut
2745 2136 3031 2192 laudentur
3054 2139 3122 2193 ab
3146 2140 3475 2197 hominibus.

2143 2225 2222 2281 Tu
2251 2237 2425 2281 autem
2456 2234 2573 2282 cum
2612 2228 2787 2282 orabis
2825 2228 2963 2282 intra
3002 2229 3056 2283 in
3088 2230 3383 2284 cubiculum
3416 2241 3585 2295 tuum,
3612 2244 3657 2287 ct

2070 2318 2249 2372 clauso
2278 2319 2409 2372 ostio
2430 2327 2542 2383 tuo,
2572 2334 2668 2372 ora
2692 2315 2906 2375 Patrem
2929 2329 3075 2374 tuum
3104 2321 3157 2381 in
3180 2321 3456 2385 absconso,
3484 2332 3533 2375 ct
3562 2319 3659 2375 Pu-

2070 2418 2150 2463 tcr
2172 2417 2316 2473 tuus,
2338 2410 2427 2480 qui
2475 2408 2609 2464 videt
2656 2408 2710 2464 in
2738 2410 3065 2477 abscondito,
3093 2411 3271 2466 reddet
3311 2413 3426 2466 tibi.
3457 2411 3656 2485 (Iliam)

2070 2498 2197 2555 llaec
2247 2501 2465 2571 quidem
2522 2502 2793 2556 sententia
2844 2503 3094 2558 similiter
3148 2494 3423 2560 intellecta
3485 2506 3660 2560 erudit

2067 2590 2430 2658 auditorem;
2458 2600 2517 2646 ut
2563 2607 2758 2647 vanam
2809 2595 2995 2647 mundi
3040 2593 3267 2675 gioriam
3316 2594 3502 2666 higiut;
3553 2594 3656 2649 Sed

2068 2682 2202 2737 mihi
2232 2682 2446 2738 videtur
2489 2683 2593 2738 hoc
2631 2682 2804 2755 magis
2832 2698 2951 2739 esse
2982 2694 3329 2756 praeceptum,
3363 2676 3655 2742 ut'inclusa

2065 2771 2302 2843 pectoris
2340 2771 2699 2843 cogitatione,
2756 2772 3019 2843 lahiisque
3066 2775 3411 2844 compressis,
3442 2789 3656 2829 oremus

2068 2859 2374 2916 Dominum.
2393 2858 2547 2928 Quod
2559 2860 2835 2916 etAnnam
2864 2861 2917 2915 in
2932 2860 3139 2933 Regum
3156 2858 3438 2919 volumine
3469 2862 3657 2920 fecisse

2066 2951 2332 3024 legimus:
2363 2951 2546 3016 Labiu,
2571 2953 2773 3022 inquit,
2822 2953 2938 3023 ejus
2975 2963 3180 3009 tantum
3216 2956 3574 3026 movebantur,
3604 2962 3651 3012 ct

2070 3061 2169 3099 rex
2192 3043 2335 3099 illius
2366 3060 2468 3098 non
2494 3044 2808 3099 audiebatur
2830 3045 2879 3117 (I
2912 3045 3035 3116 Reg.
3070 3045 3131 3118 ι).
3172 3047 3280 3102 ista
3305 3049 3472 3103 etiam
3510 3049 3651 3103 cubi-

386 3130 734 3187 imcmionem
778 3127 1032 3199 implendi
1062 3135 1332 3197 precem
1372 3127 1574 3183 divina.
1620 3125 1753 3182 Cum
1789 3129 1970 3196 itaque
1996 3124 2043 3188 C
2073 3135 2189 3191 cuia
2220 3136 2273 3190 in
2306 3134 2513 3206 psalmo
2557 3137 2950 3208 significantur,
2978 3139 3069 3193 ubi
3105 3136 3302 3195 dicitur
3333 3158 3346 3194 ε
3380 3140 3511 3208 Qum
3531 3143 3652 3196 diri-

384 3221 729 3279 conscientize
766 3219 1013 3275 facientis
1040 3218 1435 3291 eleemosyuam
1458 3219 1655 3275 miscet
1700 3233 1760 3274 se
1801 3232 1966 3289 appe-

386 3318 502 3372 titio
528 3314 700 3369 laudis
732 3310 999 3376 inimame,
1028 3309 1087 3364 ﬁt
1115 3310 1334 3365 sinistra
1362 3311 1576 3366 conscia
1625 3311 1807 3381 operis
1830 3310 1968 3365 de:-

387 3420 535 3463 terre.
575 3404 787 3460 Nesciet
839 3416 968 3472 ergo
1006 3401 1219 3455 sinistra
1268 3409 1361 3454 tuo
1389 3401 1515 3472 quid
1543 3401 1705 3471 faciat
1746 3402 1964 3456 dextera

384 3509 501 3563 tua,
525 3498 577 3550 id
603 3503 687 3550 est
711 3535 725 3559 ,
771 3507 876 3547 non
912 3507 972 3545 se
1009 3491 1235 3565 misceat
1263 3491 1610 3546 conscientia:
1644 3501 1750 3546 tuae
1799 3490 1970 3547 laudis

386 3591 637 3643 humanm
677 3582 957 3655 appetitio,
989 3597 1113 3659 cum
1155 3582 1209 3636 in
1233 3581 1573 3653 elecmosyua
1610 3581 1855 3637 facienda
1890 3583 1971 3638 die

387 3679 570 3733 vinum
600 3685 926 3748 praeceptum
964 3674 1248 3729 contendis
1280 3672 1522 3743 implere.
1558 3672 1626 3727 Ut
1662 3674 1730 3728 sit
1755 3673 1971 3729 etcentu-

389 3788 518 3841 sgnn
554 3779 644 3823 tua
673 3767 728 3821 in
752 3764 1247 3853 abscondito..Quid
1280 3774 1363 3822 est
1390 3766 1446 3820 in
1490 3765 1825 3849 abscondito,
1867 3766 1971 3822 nisi

387 3863 440 3915 iu
470 3860 581 3930 ipsa
605 3859 742 3912 bona
765 3855 1116 3921 conscientia,
1138 3848 1258 3926 quin
1281 3852 1535 3913 humanis
1553 3848 1722 3913 oculis
1745 3858 1971 3914 demou-

388 3952 551 4005 ξηρή
573 3964 677 4004 non
702 3955 896 4018 potest,
931 3943 1029 4002 nec
1062 3946 1259 4023 verbis
1289 3948 1507 4018 aperiri,
1539 3949 1970 4020 quandoquidem

392 4044 545 4107 multi
572 4040 739 4097 multa
768 4040 1136 4095 mentiuntur?
1372 4036 1375 4039 λ

461 4139 800 4207 Quapropter
823 4132 867 4190 si
897 4132 1119 4191 dextera
1147 4133 1467 4189 intrinsecus
1497 4134 1606 4205 agit
1634 4135 1689 4189 in
1740 4132 1972 4190 abscon-

389 4229 525 4292 dito,
553 4227 621 4280 ad
659 4226 937 4280 sinistram
984 4224 1262 4294 pertinent
1301 4222 1483 4279 omnia
1508 4222 1821 4290 exteriora,
1853 4238 1972 4294 quae

386 4328 511 4374 suat
540 4317 771 4373 visibilia
808 4327 861 4373 et
894 4312 1226 4387 temporalia.
1257 4315 1340 4371 Sit
1368 4330 1496 4389 ergo
1518 4316 1856 4390 elecmosyna
1880 4326 1971 4373 tua

388 4414 440 4466 in
470 4412 584 4482 ipsa
608 4410 937 4467 conscientia
962 4450 978 4475 ,
1018 4410 1109 4465 ubi
1140 4411 1293 4465 mstiti
1330 4410 1726 4483 eleemo‘syuam
1769 4408 1972 4465 faciunt

387 4503 525 4555 bona
552 4500 847 4567 voluntate,
871 4500 1037 4555 etiam
1070 4501 1114 4555 si
1145 4502 1548 4570 pecuuiam,vel
1580 4503 1626 4557 si
1648 4502 1776 4572 quid
1798 4502 1965 4569 aliud,

334 4570 341 4577 ’
384 4591 528 4661 quod
559 4590 704 4660 inopi
726 4590 1060 4661 largiendum
1083 4600 1187 4655 est,
1220 4594 1325 4644 n‘ou
1358 4591 1580 4646 habent.
1608 4570 1758 4645 Multi
1787 4602 1967 4648 autem

385 4684 517 4738 foris
544 4679 767 4748 faciunt,
792 4689 848 4735 et
869 4680 1016 4735 intus
1044 4696 1149 4735 non
1179 4680 1403 4748 faciunt,
1419 4681 1509 4752 qui
1544 4682 1629 4738 vel
1650 4684 1966 4752 ambitione,

382 4774 464 4827 vel
497 4773 724 4844 alicujus
747 4773 826 4828 rei
872 4773 1182 4843 temporalis
1212 4772 1390 4844 gratia
1427 4770 1613 4828 volunt
1663 4773 1970 4832 misericor-

384 4868 479 4921 des
509 4866 702 4922 videri.
754 4865 811 4921 ln
851 4864 1047 4937 quibus
1089 4865 1200 4922 sola
1251 4866 1467 4921 sinistra
1520 4868 1734 4939 operari
1783 4869 1969 4923 existi-

388 4956 579 5011 manda
621 4964 721 5011 est.
758 4956 888 5011 item
939 4955 1207 5027 aliiNquasi
1252 4957 1485 5011 medimu
1540 4958 1680 5012 inter
1708 4966 1968 5027 utrosque

384 5047 559 5102 locum
601 5056 806 5113 leuent,
845 5055 903 5103 ut
940 5055 995 5103 et
1046 5048 1381 5116 intentione,
1441 5066 1562 5121 quas
1611 5050 1663 5104 in
1717 5050 1826 5105 Deo
1862 5060 1963 5114 est,

383 5138 780 5207 eleemosynam
806 5135 1026 5200 faciant,
1061 5145 1116 5191 et
1147 5142 1322 5191 tamen
1352 5137 1555 5192 inserat
1583 5153 1640 5193 se
1666 5138 1788 5193 huic
1812 5137 1966 5193 bona:

382 5237 435 5280 et
467 5227 681 5296 ομίὶιιιισι
734 5226 993 5300 voluntati
1034 5226 1286 5282 nonnulla
1335 5230 1497 5283 etiam
1548 5228 1967 5309 laudis‘yelkcu-

378 5319 692 5390 juscunquc
718 5320 791 5393 rei
830 5310 1036 5391 fragilis
1070 5307 1132 5374 ’ἐι
1170 5320 1480 5391 temporalis
1526 5302 1963 5391 cupiditiis,"—S'ed

391 5410 646 5463 thimiuus
675 5395 1058 5492 nmit‘erumult'o
1091 5411 1468 5466 vehementius
1514 5402 1967 5481 prohibetsolam

391 5499 758 5559 siuish‘am‘iti
786 5490 948 5575 luditis
994 5503 1206 5573 operari
1240 5544 1254 5569 ,
1308 5502 1523 5572 quando
1569 5502 1733 5557 etiam
1757 5503 1971 5558 misceri

389 5603 511 5642 eam
532 5601 679 5647 vetat
708 5574 961 5665 (ipsiihus
1005 5596 1259 5650 dexterze.
1309 5594 1501 5665 Agitur
1528 5595 1670 5647 enim
1716 5594 1782 5649 de
1811 5596 1975 5649 corde

2071 3227 2137 3282 tis
2168 3229 2226 3282 in
2259 3227 2503 3282 cordibus
2541 3230 2748 3293 reatris,
2789 3239 2851 3283 rt'
2885 3231 2939 3283 in
2987 3229 3235 3285 cubilibus
3288 3233 3467 3286 vestris
3513 3249 3650 3285 com-

2069 3318 2362 3389 pungimini
2387 3317 2559 3389 (Paul.
2591 3318 2685 3391 tv).
2720 3318 2783 3372 Et
2810 3319 2988 3374 clauso
3019 3321 3151 3375 ustio
3179 3337 3303 3386 ora,
3322 3323 3417 3389 ait,
3442 3321 3651 3378 Patrem

2070 3419 2218 3464 tuum
2254 3411 2309 3465 in
2344 3411 2637 3466 absconsu.’

2146 3498 2339 3555 Parum
2369 3510 2452 3556 est
2475 3502 2680 3557 intrare
2713 3503 2765 3557 in
2794 3503 3037 3560 cubicula
3066 3505 3110 3560 si
3137 3504 3334 3561 ostium
3359 3517 3535 3578 pateat
3560 3510 3651 3563 im-

2071 3590 2315 3663 portunis
2347 3593 2780 3664 cogitationibus,
2815 3610 2913 3664 per
2938 3597 3080 3666 quod
3110 3598 3307 3652 oStium
3336 3613 3397 3652 ea
3420 3582 3545 3668 quae
3573 3599 3649 3651 fu-

2073 3682 2148 3737 ris
2173 3690 2297 3737 sunt
2327 3683 2570 3753 improbe
2614 3694 2671 3739 se
2715 3686 3061 3758 immergunt,
3095 3686 3149 3742 e't
3188 3689 3445 3743 interiora
3478 3700 3651 3744 nostra

2072 3781 2348 3844 appetunt.
2388 3774 2541 3830 Foris
2563 3785 2740 3831 autem
2765 3777 2999 3832 diximus
3031 3795 3153 3836 esse
3181 3780 3358 3835 omnia
3393 3790 3654 3852 tempora-

2072 3864 2141 3920 lia
2177 3872 2233 3920 et
2261 3859 2517 3932 visibilla,
2540 3882 2660 3938 qum
2689 3882 2787 3939 per
2808 3868 3024 3935 ostium,
3057 3870 3113 3925 id
3138 3878 3239 3937 est,
3268 3887 3367 3943 per
3384 3873 3651 3927 carnalem

2072 3970 2287 4011 sensum
2321 3956 2373 4012 in
2420 3958 2771 4029 cogitationes
2812 3968 3025 4016 nostras
3064 3971 3372 4032 penetrant,
3398 3973 3455 4019 ct
3491 3965 3651 4018 turbze

2074 4062 2332 4103 vanorum
2357 4049 2793 4119 phantasmatum
2826 4051 3107 4107 orantibus
3136 4051 3478 4123 obstrepunt.
3496 4054 3650 4109 Clau—

2074 4139 2307 4196 dendum
2330 4148 2412 4195 est
2453 4157 2581 4212 ergo
2607 4142 2803 4198 ostium
2823 4184 2837 4209 ,
2870 4142 2921 4197 id
2967 4155 3051 4200 est
3089 4145 3291 4201 carnali
3320 4147 3372 4201 vi
3410 4147 3650 4203 rcsistcn

2076 4230 2223 4297 dum,
2270 4239 2331 4286 ut
2353 4232 2528 4287 oratio
2561 4231 2820 4303 spiritalis
2851 4234 3114 4306 dirigatur
3147 4232 3212 4290 ad
3255 4235 3469 4292 Patrem
3489 4280 3504 4302 ,
3541 4254 3651 4306 quze

2076 4322 2146 4376 sit
2173 4322 2228 4376 in
2257 4322 2460 4377 intimis
2488 4324 2687 4389 cordis,
2721 4324 2811 4379 ubi
2839 4310 3212 4382 o’ratur‘l’ater
3238 4328 3292 4381 in
3318 4329 3648 4384 abscondito.
3716 4392 3733 4401 κ

2076 4408 2147 4465 Et
2186 4411 2366 4480 Pater,
2396 4414 2591 4484 inquit,
2614 4424 2795 4480 vester,
2826 4417 2916 4486 qui
2951 4417 3086 4471 ridet
3118 4418 3173 4472 in
3194 4418 3522 4483 abscondito,
3550 4420 3653 4473 red-

2074 4503 2159 4559 det
2196 4506 2358 4559 vobis.
2384 4505 2585 4561 Et'hoc
2618 4506 2798 4562 decuit
2824 4506 2923 4561 tali
2957 4507 3194 4563 clausula
3233 4510 3646 4564 terminandum.

2074 4595 2190 4651 Non
2229 4597 2372 4652 enim
2406 4598 2510 4653 hoc
2536 4607 2718 4654 monet
2746 4615 2889 4654 nunc
2915 4607 2975 4655 ut
2997 4601 3233 4664 oremus,
3266 4602 3362 4656 sed
3391 4601 3651 4671 quomodo

2073 4699 2311 4751 oremus,
2348 4699 2542 4756 neque,
2576 4695 2635 4742 ut
2677 4688 2958 4763 superius,
3003 4694 3063 4743 u‘t
3116 4688 3377 4743 faciamus
3428 4690 3653 4745 elecmo-

2074 4789 2284 4847 synam,
2307 4774 2400 4830 sed
2423 4791 2529 4845 quo
2554 4778 2736 4831 animo
2777 4776 3054 4834 facitl'lbus.
3087 4778 3366 4846 Quomodo
3394 4782 3461 4836 de
3499 4782 3653 4837 corde

2076 4865 2385 4920 mandando
2400 4868 2668 4937 praecipit,
2693 4868 2833 4938 quod
2864 4882 2970 4924 non
3020 4870 3274 4936 mundat,
3309 4871 3415 4925 nisi
3451 4887 3555 4926 una
3601 4880 3651 4925 et

2072 4954 2297 5023 Simplex
2354 4957 2579 5011 intentio
2622 4958 2672 5012 in
2725 4967 2985 5013 asteruam
3041 4958 3229 5026 vitam,
3263 4959 3379 5016 solo
3430 4970 3485 5015 et
3525 4976 3650 5033 puro

2071 5058 2256 5099 amore
2276 5046 2589 5115 sapientiae?

2138 5134 2359 5190 Orontes
2412 5147 2582 5191 autem
2614 5137 2771 5195 nolite
2796 5140 3014 5194 multum
3040 5142 3217 5212 loqui,
3271 5141 3406 5196 sicut
3448 5142 3648 5195 ethnici.

2071 5224 2267 5281 Putant
2316 5228 2451 5281 enim
2490 5228 2627 5299 quod
2678 5230 2729 5283 in
2780 5222 3105 5301 multiloquio
3149 5246 3245 5285 suo
3280 5232 3647 5284 exaudiat-itur.

2070 5315 2249 5370 Nolite
2285 5332 2405 5387 ergo
2448 5317 2732 5373 assimilari
2767 5319 2892 5374 illis.
2946 5318 3097 5375 Sicut
3126 5308 3534 5392 hypocritarum
3573 5328 3647 5373 cst

2067 5407 2308 5478 prmliere
2331 5424 2391 5463 se
2425 5410 2490 5463 ad
2512 5398 2842 5479 ‘spcctandos
2868 5412 2921 5466 in
2958 5413 3233 5477 oratione,
3268 5426 3501 5482 quorum
3549 5411 3649 5464 fru-

2070 5504 2189 5551 ctus
2225 5509 2307 5551 est
2345 5499 2555 5567 placere
2593 5500 2933 5567 hominibus,
2976 5501 3047 5556 ita
3088 5502 3447 5567 ethnicorum,
3479 5502 3531 5557 id
3555 5512 3645 5563 est,

2071 5588 2451 5660 gentilium,'in
2481 5592 2822 5662 multiloquio
2857 5610 2952 5649 suo
2987 5590 3261 5664 se‘putare
3291 5596 3554 5649 exaudiri.
3594 5594 3645 5647 Et

394 5682 887 5753 numdaudo,’mtod
929 5688 1028 5741 nisi
1064 5686 1222 5740 fuerit
1260 5685 1518 5757 simplex,
1566 5680 1822 5741 mundum
1870 5700 1975 5739 non
2045 5695 2261 5736 Jerera
2315 5696 2473 5737 omne
2528 5685 2922 5755 multiloquium
2962 5688 3303 5758 agentililius
3353 5689 3526 5751 venit,
3572 5687 3651 5757 qui
