3986 6192
361 250 464 310 817

1227 281 1231 285 ι
1301 239 1657 299 ΕΟΜΜΕΝΤ.
1698 239 1766 297 lN
1803 235 2242 296 MATTHJEUM.
2282 266 2355 277 -—
2391 234 2520 291 LIB.
2554 233 2625 290 All.

3543 229 3651 291 8i8

359 361 678 419 exercenda:
732 359 929 431 lingua:
965 358 1144 430 potius
1196 371 1357 427 quam
1413 356 1721 412 mandando
1776 354 1960 410 animo
1987 362 2036 425 Α
2061 359 2177 407 stus
2222 366 2253 406 c
2304 350 2581 407 contrario
2616 346 2720 407 dici
2770 356 2968 423 potest.
3019 345 3189 407 Justis
3231 348 3381 431 enim
3421 349 3650 406 dicitur:

362 456 494 511 dant
522 440 777 523 operam,
831 460 886 507 ct
921 451 1024 506 hoc
1071 449 1337 521 nugatorii
1376 447 1538 504 studii
1574 462 1748 519 genus
1790 446 1958 505 etiam

360 542 430 599 ad
464 541 753 596 Dominum
780 555 941 611 pgcce
972 537 1299 595 ﬂectendum
1337 537 1634 595 transferre
1671 544 1957 603 conantur,

360 632 691 687 arbitrantes
738 632 878 687 sicut
924 630 1196 686 hominem
1239 629 1498 700 judicem,
1554 629 1628 684 ita
1672 627 1958 683 Dominum

360 721 545 777 verbis
586 720 781 777 adduci
829 721 880 776 in
932 722 1277 777 sententiam.
1346 719 1524 775 Nolite
1574 720 1758 790 itaque
1805 718 1975 779 simi-.

360 813 441 869 les
472 828 605 869 .esse
654 812 779 882 illis,
812 813 941 869 dicit
988 829 1126 869 unus
1166 821 1223 870 et
1264 828 1425 867 verus
1470 811 1749 884 magister.

432 900 546 957 Scit
561 904 700 959 enim
733 901 896 959 Pater
923 904 1087 981 vester
1104 903 1231 974 quid
1255 920 1384 971 opus
1395 914 1471 959 est
1494 902 1653 968 vobis,
1679 893 1961 974 antequam

360 993 550 1065 petatis
585 1011 724 1049 eum.
773 994 1067 1067 Consurgit
1087 996 1141 1049 iu
1175 986 1279 1050 hoc
1301 994 1425 1049 loco
1441 994 1687 1065 quadam
1715 994 1960 1060 haeresis,

362 1083 916 1156 philosophorumque
941 1087 1131 1157 dogma
1164 1102 1502 1158 perversum,
1530 1085 1856 1145 dicentium:
1903 1085 1962 1141 Si

365 1178 517 1233 novit
567 1178 709 1233 Deus
756 1178 884 1247 quid
941 1193 1183 1244 oremus,
1230 1185 1287 1232 et
1343 1187 1634 1249 antequam
1690 1184 1960 1248 petamus,

365 1273 471 1329 scit
517 1273 713 1342 quibus
761 1273 1119 1343 indigeamus,
1168 1272 1368 1328 frustra
1415 1266 1609 1328 scienti
1666 1270 1959 1343 loquimur.

365 1364 576 1433 Quibus
623 1363 860 1419 breviter
909 1365 1340 1433 respondendum
1392 1372 1475 1420 cst
1521 1378 1622 1419 nos
1675 1379 1783 1419 non
1833 1380 1961 1420 nar-

366 1466 582 1511 ratores
626 1468 769 1521 esse,
793 1454 889 1510 sed
918 1463 1217 1525 rogatores.
1277 1454 1436 1509 Aliud
1465 1463 1548 1511 est
1566 1470 1790 1511 narrare
1819 1456 1968 1527 igno—

367 1548 533 1611 ranti,
587 1546 733 1601 aliud
780 1546 1041 1602 scientem
1068 1546 1539 1628 rogareslnillo
1575 1547 1835 1603 indicium
1858 1556 1965 1614 est,

366 1637 459 1692 hic
505 1636 846 1709 obsequium.
892 1636 969 1691 lbi
1019 1637 1251 1692 ﬁdeliter
1294 1632 1626 1719 iudicaitfy‘s,
1674 1639 1765 1694 hic
1802 1640 1965 1695 mise-

2064 439 2331 511 Templum
2358 440 2496 507 enim
2521 438 2616 496 Dei
2641 448 2881 494 sanctum
2904 446 3003 504 est,
3026 437 3167 509 quod
3192 440 3316 493 eruis
3340 427 3426 497 vos
3456 437 3509 507 (Ι
3527 436 3652 494 Cor.

2061 530 2167 603 tu).
2207 530 2547 601 Quapropter
2583 531 2629 584 si
2665 529 2721 586 in
2759 530 2958 600 templo
3003 545 3101 585 suo
3134 528 3343 586 habitat
3388 528 3552 595 Deus,
3602 538 3659 584 et

2061 621 2238 679 sancti
2270 621 2528 691 templum
2570 618 2686 689 ejus
2711 628 2857 686 sunt,
2906 628 3053 677 recte
3101 620 3301 676 dicitur
3347 619 3436 689 qui
3473 618 3527 672 in
3553 634 3656 674 caa-

2060 713 2126 769 lis
2159 730 2234 780 es,
2268 711 2362 784 qui
2401 727 2461 768 es
2498 712 2550 767 in
2602 712 2827 768 sanctis.
2857 712 2925 768 Et
2951 708 3513 773 accommodatissima
3555 708 3657 764 ista

2061 803 2358 861 similitudo
2398 813 2503 868 est,
2554 812 2613 858 ut
2654 800 2968 872 spiritaliter
3012 808 3220 855 tantum
3268 799 3533 855 interesse
3576 798 3659 851 vi-

2060 896 2256 955 deatur
2293 895 2442 949 inter
2478 893 2657 965 justus
2684 901 2741 948 et
2764 898 3102 962 peccatores,
3154 899 3418 961 quantum
3466 904 3661 959 corpo-

2062 987 2253 1042 raliter
2282 985 2425 1041 inter
2444 984 2645 1041 omium
2689 992 2744 1039 et
2769 992 2992 1039 terram.
3041 979 3206 1050 Cujus
3240 980 3319 1036 rei
3345 980 3660 1052 signiﬁcan-

2061 1080 2142 1135 da:
2170 1079 2346 1151 gratia
2387 1093 2512 1134 cum
2550 1077 2616 1132 ad
2647 1077 2948 1133 orationem
2985 1083 3216 1142 stamus,
3270 1076 3338 1130 ad
3382 1075 3659 1131 Orientem

2060 1171 2347 1236 vertimur,
2386 1185 2493 1225 non
2543 1178 2797 1241 tanquam
2828 1168 2901 1225 ibi
2931 1169 3003 1224 sit
3046 1168 3227 1247 Deus,
3266 1175 3322 1223 et
3364 1166 3524 1239 quasi
3553 1181 3662 1222 ca:—

2064 1270 2209 1319 teras
2252 1261 2437 1319 mundi
2485 1269 2669 1332 partes
2711 1261 3011 1317 deseruerit
3036 1260 3151 1332 (qui
3182 1259 3382 1331 ubique
3419 1274 3664 1330 praesens

2063 1362 2166 1419 est,
2214 1369 2322 1410 non
2364 1354 2606 1413 locorum
2658 1353 2874 1424 spatiis,
2919 1353 3018 1409 sed
3042 1350 3327 1422 majestate
3357 1350 3660 1422 potentiai),

2064 1448 2160 1505 sed
2183 1448 2537 1503 admoneatur
2569 1447 2784 1503 animus
2826 1446 2895 1502 ad
2927 1453 3178 1502 naturam
3223 1442 3665 1500 excellentiorem

2066 1560 2127 1601 se
2174 1551 2533 1610 convertere,
2595 1543 2651 1599 id
2692 1551 2779 1599 est
2826 1543 2896 1599 ad
2935 1541 3251 1608 Dominum,
3320 1555 3446 1597 cum
3484 1540 3665 1609 ipsum

2067 1650 2266 1705 corpus
2300 1634 2438 1704 eius,
2492 1635 2639 1705 quod
2691 1642 2964 1690 terrenum
3007 1640 3109 1699 est,
3143 1632 3209 1687 ad
3238 1645 3439 1701 corpus
3486 1629 3659 1687 excelo

368 1728 617 1783 rabiliter
664 1731 1028 1787 obsecramus.
1080 1727 1198 1784 Non
1251 1729 1397 1783 enim
1434 1724 1626 1806 prbis
1662 1743 1821 1800 agere
1867 1729 1966 1784 de-
1996 1718 2047 1779 Β
2070 1725 2289 1793 lentius,
2341 1726 2394 1781 id
2424 1733 2510 1782 est
2553 1740 2757 1795 corpus
2780 1724 3026 1789 casleste,
3062 1723 3402 1780 convertitur

367 1821 563 1877 bemus
598 1821 739 1893 apud
766 1821 1051 1876 Dominum
1072 1861 1086 1886 ,
1118 1830 1179 1876 ut
1227 1822 1581 1897 impetremus
1625 1822 1770 1894 quod
1813 1822 1964 1879 volu-

368 1927 512 1979 mus,
554 1912 649 1967 sed
687 1912 851 1968 rebus
892 1918 1013 1985 quae
1057 1912 1245 1970 animo
1268 1913 1526 1983 gerimus,
1566 1921 1624 1969 et
1664 1913 1969 1970 intentione

368 2002 714 2072 cogitationis
753 2018 879 2058 cum
919 1990 1205 2071 dilectione
1236 2019 1369 2074 pura
1405 2012 1461 2060 et
1488 2003 1719 2075 simplici
1746 2002 1962 2061 all‘ectu.

370 2095 483 2149 Sed
530 2109 621 2149 res
645 2093 792 2164 ipsas
818 2080 1018 2171 pyerb‘ts
1062 2109 1163 2151 nos
1207 2095 1778 2152 docuisseDominum
1808 2112 1969 2167 opor-

372 2189 543 2253 tebat,
592 2171 1110 2265 quibus'memoriae
1160 2189 1455 2257 mandatis,
1509 2204 1603 2246 eas
1645 2193 1715 2247 ad
1758 2197 1969 2261 tempus

370 2266 581 2341 orandi
612 2280 1046 2337 recordaremur.

446 2370 539 2429 Sic
564 2389 807 2443 ergouos
848 2372 1065 2427 ambitis
1097 2389 1118 2430 :
1136 2370 1305 2429 Pater
1333 2382 1509 2429 noster
1532 2375 1623 2445 qui
1647 2390 1702 2430 es
1719 2374 1776 2429 in
1802 2374 1967 2431 cretis.

374 2460 652 2532 Nusquam
683 2462 956 2518 invenitur
996 2471 1327 2534 praeceptum
1366 2463 1563 2535 populo
1591 2464 1755 2521 Israel
1800 2473 1859 2520 ut
1891 2466 1973 2521 di-

376 2564 528 2612 ceret
565 2553 731 2609 Pater
785 2564 980 2622 noster,
1029 2565 1124 2611 aut
1167 2564 1353 2619 oraret
1394 2537 1613 2613 Patrem
1660 2552 1973 2615 Dominum

376 2647 474 2703 sed
510 2646 769 2702 Dominus
815 2647 896 2703 eis
925 2647 1228 2704 insinuatus
1252 2658 1368 2715 est,
1417 2658 1679 2721 tanquam
1726 2650 1971 2706 servien-

377 2738 546 2803 tibus,
592 2739 647 2793 id
684 2746 787 2804 est,
832 2741 1127 2796 secundum
1161 2755 1382 2797 carnem
1429 2740 1604 2796 adhuc
1644 2742 1970 2799 viventibus.

377 2829 665 2900 Propbeuc
693 2837 873 2887 tamen
894 2846 1038 2901 smpe
1066 2831 1357 2887 ostendunt
1382 2832 1631 2888 eumdem
1662 2833 1973 2900 Dominum,
2040 2858 2045 2863 α

377 2920 549 2975 Deum
593 2921 757 2977 ctiam
794 2936 861 2977 eo
897 2920 1114 2978 Patrem
1160 2925 1475 2980 eorumdem
1533 2938 1655 2981 esse
1712 2925 1973 2997 potuisse,

378 3014 427 3068 si
462 3014 530 3069 ab
576 3012 694 3082 ejus
730 3014 999 3072 mandatis
1049 3031 1157 3073 nou
1210 3017 1548 3077 aberraan
1611 3017 1764 3075 Sicut
1799 3019 1977 3075 estit-

380 3103 504 3159 lud:
562 3071 729 3173 Filios
763 3105 923 3177 geniti
956 3117 1005 3161 et
1045 3071 1426 3180 σέαιιαιξὶξὶρξέ
1444 3071 1972 3181 luminosarum
2002 3071 2049 3136 Ο

380 3192 755 3277 incusem).
808 3192 891 3261 De
926 3193 1107 3255 futuro
1157 3206 1340 3254 autem
1387 3199 1586 3271 populo
1641 3200 1974 3270 Christiano,

381 3287 509 3358 quia
550 3286 837 3345 Dominum
862 3286 1081 3347 Patrem
1106 3298 1252 3347 esset
1276 3292 1582 3360 habiturus,
1627 3300 1682 3349 et
1700 3296 1980 3367 prophetae

381 3383 768 3453 praedixerant,
796 3391 852 3441 et
878 3383 1227 3455 Evangelium
1250 3393 1507 3453 testatur,
1548 3387 1775 3446 dicens:
1822 3389 1978 3446 Dedit

382 3473 459 3523 eis
488 3480 791 3539 potestatem
833 3472 973 3541 ﬁlios
1005 3473 1106 3527 Dei
1139 3475 1258 3544 ﬁeri
1288 3475 1469 3549 (Joan.
1493 3475 1568 3549 ι);
1630 3487 1686 3534 et
1708 3479 1980 3549 apostolus

386 3560 590 3616 Paulus
614 3604 626 3615 .
677 3561 950 3631 Quandiu,
1000 3564 1204 3636 inquit,
1233 3566 1400 3622 Ita'res
1433 3567 1683 3639 parvulus
1713 3576 1812 3635 est,
1848 3569 1979 3625 nihil

386 3651 566 3721 di/fert
591 3670 624 3705 a
651 3669 798 3707 servo
830 3651 971 3724 (Gal.
994 3653 1094 3726 tv).
1150 3654 1220 3711 Et
1246 3654 1507 3727 Spiritum
1549 3659 1856 3733 adoptionis
1879 3676 1980 3718 nos

388 3745 665 3817 accepisse
727 3741 1173 3815 commemorat:
1197 3750 1253 3805 in
1284 3767 1388 3822 quo
1438 3749 1727 3806 clamamus
1760 3766 1780 3807 :
1836 3751 1981 3807 Abba

392 3835 555 3892 Pater
585 3835 758 3909 (Rom.
805 3838 946 3912 vui).
971 3838 1223 3913 Magnum
1244 3856 1374 3912 ergo
1395 3842 1594 3898 donum
1628 3856 1728 3913 per
1748 3842 1985 3915 gratiam

391 3928 486 3984 Dei
552 3930 860 4000 accepimus
886 3972 901 3998 ,
959 3931 1103 4002 quod
1152 3931 1398 3988 sinamur
1434 3933 1544 3989 Deo
1583 3934 1764 3991 dicere
1801 3952 1815 3988 :
1870 3932 1985 3988 Pa-

390 4029 471 4074 m
498 4031 692 4076 uoster.
744 4021 884 4091 Quid
922 4023 1064 4079 enim
1101 4022 1212 4093 jam
1259 4010 1369 4080 non
1411 4022 1503 4080 det
1563 4024 1689 4080 filiis
1749 4025 1984 4097 petenti-

390 4112 513 4178 bus,
562 4128 686 4169 cum
719 4115 825 4173 hoc
854 4116 1029 4185 ipsum
1069 4123 1195 4173 ante
1236 4114 1477 4181 dederit,
1530 4125 1588 4171 ut
1645 4116 1741 4173 ﬁlii
1780 4125 1984 4173 essent.

391 4201 678 4260 Postremo
725 4214 926 4276 quanta
972 4222 1104 4265 cura
1147 4208 1389 4264 animum
1441 4208 1633 4281 tangit,
1669 4217 1730 4264 ut
1770 4209 1862 4280 qui
1908 4209 1990 4264 di-

393 4297 469 4353 cit
503 4294 667 4353 Pater
696 4304 889 4366 noster,
915 4308 1063 4357 tanto
1098 4310 1255 4372 patre
1284 4316 1390 4356 non
1415 4300 1489 4359 sit
1520 4300 1770 4372 indignus
1797 4318 1811 4355 :
1847 4301 1991 4359 Deus

2136 1817 2507 1888 Sanctiﬁcetur
2519 1833 2705 1875 nomen
2716 1827 2888 1872 tuum.
2911 1816 3065 1885 Quod
3077 1830 3185 1871 non
3202 1815 3281 1871 sic
3292 1815 3517 1887 petitur,
3533 1828 3667 1884 qua-

2065 1911 2243 1967 sinon
2287 1910 2360 1968 sit
2403 1919 2653 1967 sanctum
2695 1910 2793 1967 Dei
2824 1924 3044 1977 nomen,
3075 1909 3170 1965 sed
3193 1915 3533 1974 utsanctum
3572 1906 3667 1963 ha-

2065 2004 2261 2061 beatur
2288 2003 2360 2063 ab
2384 2003 2718 2071 hominibus,
2748 2002 2802 2057 id
2839 2010 2944 2069 est,
2992 2000 3100 2058 illis
3142 2001 3450 2059 innotescat
3492 1997 3659 2064 Deus,

2066 2107 2129 2155 ut
2198 2114 2305 2154 non
2376 2096 2689 2153 existiment
2757 2094 2962 2164 aliquid
3005 2092 3249 2149 sanctius
3327 2091 3475 2162 quod
3541 2105 3661 2146 ma-

2068 2193 2152 2264 gis
2195 2191 2469 2249 oﬂ'endere
2500 2189 2745 2245 timeant.
2783 2172 2990 2261 (ϐνρν.)
3042 2186 3215 2243 Aliter
3254 2184 3403 2245 enim
3449 2183 3506 2241 id
3527 2184 3666 2254 peti-

2069 2300 2211 2352 mus,
2265 2292 2322 2341 et
2359 2297 2629 2355 rogamus,
2676 2280 2820 2352 quod
2852 2293 3049 2335 nomen
3085 2276 3180 2334 Dei
3209 2275 3579 2333 sanctiﬁcetur
3607 2275 3663 2330 in

2072 2379 2251 2445 nobis,
2321 2386 2380 2434 ut
2426 2377 2518 2447 qui
2561 2376 2617 2432 in
2661 2374 2931 2445 baptismo
2974 2371 3298 2430 sanctiﬁcati
3347 2384 3559 2435 summ,
3610 2368 3666 2423 in

2071 2484 2138 2527 eo
2165 2469 2307 2541 quod
2336 2482 2460 2525 esse
2501 2466 2768 2537 cupimus
2796 2477 3229 2536 perseveremus.
3275 2461 3343 2517 Et
3384 2461 3489 2517 hoc
3530 2472 3667 2530 quo-

2074 2560 2205 2618 tidie
2260 2574 2568 2632 precamur.
2616 2556 2770 2629 Opus
2819 2565 2905 2613 est
2942 2554 3089 2612 enim
3132 2552 3291 2612 nobis
3353 2552 3669 2624 quotidiana

2075 2651 2526 2719 sanctiﬁcatione,
2565 2658 2628 2706 ut
2650 2650 2745 2721 qui
2776 2646 3019 2720 quotidie
3054 2644 3419 2716 delinquimus
3470 2641 3683 2699 delicta.

2075 2754 2262 2804 nostra
2292 2743 2727 2801 sanctiﬁcatione
2754 2741 2971 2798 assidua
3020 2752 3391 2812 repurgemus.

2148 2834 2400 2892 Adveniet
2432 2849 2651 2905 regnum
2676 2845 2847 2887 nunc.
2876 2830 3125 2902 Regnum
3152 2828 3317 2885 etiam
3350 2826 3444 2883 Dei
3478 2840 3670 2897 reprzr-

2078 2928 2284 2987 sentari
2312 2927 2468 2985 nobis
2514 2926 2773 2998 petimus,
2833 2925 2976 2981 sicut
3024 2931 3080 2980 et
3117 2935 3316 2979 nomen
3353 2918 3471 2990 ejus
3506 2926 3566 2976 ut
3614 2919 3670 2973 in

2079 3020 2236 3077 nobis
2284 3016 2653 3075 sanctiﬁcatur
2689 3015 3045 3087 postulamus.
3094 3011 3280 3089 (Aug)
3344 3011 3481 3067 Nam
3527 3010 3672 3067 Deus

2078 3114 2298 3186 quando
2354 3128 2461 3169 non
2510 3119 2741 3183 regnat,
2801 3118 2895 3167 aut
2958 3107 3101 3180 apud
3159 3122 3285 3163 eum
3336 3104 3553 3177 quando
3591 3103 3674 3159 in-

2078 3205 2207 3277 cipit
2239 3201 2383 3277 quod
2424 3217 2640 3274 semper
2666 3200 2769 3261 fuit
2811 3207 2869 3257 et
2906 3214 3028 3256 esse
3073 3213 3184 3255 non
3229 3195 3469 3255 desinit?
3508 3195 3674 3253 Adve-

2080 3298 2190 3353 niet
2245 3311 2375 3367 ergo
2411 3293 2786 3364 accipiendum
2827 3300 2934 3358 est,
3005 3289 3383 3348 manifestetur
3436 3288 3675 3345 homini-

2080 3390 2199 3445 bus.
2254 3386 2719 3457 Quemadmodum
2767 3385 2913 3442 enim
2953 3398 3192 3456 praesens
3238 3383 3330 3439 lux
3368 3382 3565 3438 absens
3592 3391 3678 3436 est

2081 3481 2262 3548 caecis,
2302 3488 2358 3538 et
2401 3481 2484 3538 eis
2516 3480 2608 3552 qui
2632 3478 2819 3537 oculos
2844 3476 3123 3544 claudunt,
3174 3478 3251 3533 ita
3286 3476 3384 3532 Dei
3428 3488 3677 3546 regnum,

2082 3575 2327 3646 quamvis
2378 3588 2654 3643 nunquam
2718 3571 2963 3628 discedat
3012 3569 3081 3626 de
3105 3569 3288 3636 terris,
3353 3576 3534 3623 tamen
3579 3566 3687 3622 tib--

2083 3682 2209 3723 sens
2248 3674 2332 3723 est
2358 3664 2754 3735 ignorantibus.
2802 3660 2945 3717 Nulli
2976 3667 3159 3716 autem
3204 3658 3388 3716 licebit
3428 3657 3687 3729 ignorare

2084 3758 2183 3815 Dei
2232 3772 2478 3827 regnum,
2523 3771 2648 3811 cum
2698 3753 2818 3825 ejus
2865 3751 3178 3824 unigenitus
3215 3765 3325 3808 non
3367 3748 3542 3807 solum
3598 3750 3680 3805 in-

2086 3847 2455 3920 telligibiliter,
2501 3847 2596 3901 sed
2636 3845 2803 3900 etiam
2843 3843 3128 3902 visibiliter
3194 3843 3252 3899 in
3292 3841 3514 3901 homine
3571 3840 3680 3898 Do-

2086 3939 2285 3995 minico
2328 3938 2395 3994 de
2440 3936 2578 3994 cmlo
2629 3936 2843 3997 venerit
2882 3934 3225 4005 indicaturus
3265 3932 3419 3991 viios
3444 3948 3509 3990 sc
3535 3947 3682 3989 mor-

2089 4043 2228 4089 tuos.
2259 4030 2466 4105 (Cypra)
2496 4029 2753 4087 Nostrum
2789 4030 3007 4101 quidem
3033 4045 3263 4102 regnum
3304 4027 3538 4103 petimus
3582 4026 3681 4081 ad-

2088 4124 2294 4191 venire,
2330 4138 2363 4178 n
2392 4123 2503 4180 Deo
2547 4122 2704 4180 nobis
2756 4120 3174 4192 repromissum,
3226 4118 3431 4177 Christi
3465 4116 3683 4190 sangui-

2090 4231 2159 4273 ne
2202 4223 2258 4270 et
2301 4213 2559 4287 passione
2596 4211 2905 4283 quaesitum,
2962 4219 3026 4265 ut
3079 4209 3174 4282 qui
3211 4209 3268 4265 in
3304 4207 3507 4265 saeculo
3557 4215 3687 4263 ante

2092 4305 2434 4371 servivimus,
2491 4302 2833 4375 postmodum
2880 4301 3100 4359 Christo
3142 4300 3456 4357 dominante
3488 4314 3682 4371 regne-

390 4400 576 4446 autem
616 4391 673 4445 in
723 4389 973 4449 sordidos
1013 4407 1193 4450 mores
1220 4408 1497 4466 nunquam
1545 4393 1728 4460 cadit,
1768 4400 1824 4448 et
1862 4410 1984 4465 gra-
2019 4431 2071 4492 Β
2096 4412 2236 4462 mus,
2264 4397 2408 4455 sicut
2436 4394 2551 4466 ipse
2577 4392 2877 4465 pollicetur,
2920 4402 2978 4451 et
3008 4392 3141 4449 dicit
3178 4410 3192 4447 :
3238 4389 3440 4456 Venite,
3477 4390 3687 4446 benedi-

392 4483 498 4538 tias
554 4482 942 4541 misericordiae
970 4484 1169 4556 ipsius,
1233 4484 1331 4556 qui
1363 4485 1466 4541 hoc
1507 4501 1538 4541 a
1593 4485 1750 4542 nobis
1800 4486 1988 4556 exigit,

390 4580 455 4627 ut
509 4572 583 4627 sit
611 4570 772 4628 Pater
809 4581 1018 4640 noster,
1069 4573 1213 4644 quod
1259 4573 1407 4630 nullo
1453 4583 1691 4646 sumptu,
1734 4576 1828 4631 sed
1877 4574 1993 4631 sola

388 4663 535 4721 bona
558 4664 837 4722 voluntate
873 4666 1177 4737 comparari
1215 4674 1408 4738 potest.
1432 4665 1806 4724 Admonentur
1826 4667 1995 4722 etiam

388 4757 486 4813 hic
535 4756 729 4813 divites
754 4799 770 4826 ,
842 4757 926 4814 vel
971 4773 1169 4831 genere
1224 4759 1436 4816 nobiles
1491 4759 1789 4816 secundum
1833 4774 2001 4816 saecu-

389 4847 528 4914 lum,
590 4863 713 4904 cum
762 4846 1057 4905 Christiani
1106 4846 1233 4905 facti
1275 4848 1497 4916 fuerint,
1555 4865 1663 4905 non
1713 4849 2000 4919 superbire

389 4940 660 4995 adversus
692 4955 959 5011 pauperes
990 4949 1046 4996 et
1096 4940 1387 5014 ignobiles,
1417 4940 1673 5013 quoniam
1724 4940 1885 4996 simul
1917 4940 1997 4996 di.-

390 5040 528 5089 cunt
572 5031 682 5088 Deo
716 5029 883 5087 Pater
925 5042 1118 5090 noster.
1173 5032 1326 5103 Quod
1374 5048 1479 5089 non
1515 5034 1743 5103 possunt
1776 5046 1903 5087 vere
1931 5046 1995 5088 ac

391 5128 485 5198 pie
532 5125 734 5192 dicere,
792 5126 890 5182 nisi
922 5142 982 5183 se
1011 5125 1209 5182 fratres
1248 5140 1368 5182 esse
1409 5132 1756 5198 cognoscant.
1800 5122 1999 5179 Utatur

392 5234 529 5291 ergo
553 5234 688 5274 voce
716 5218 851 5274 Novi
880 5218 1211 5275 Testamenti
1251 5219 1477 5289 populus
1512 5234 1705 5284 novus,
1746 5216 1813 5272 ad
1833 5226 1993 5272 aeter-

398 5318 526 5368 nam
565 5313 936 5369 lucreditatem
974 5323 1216 5379 vocatus,
1266 5323 1323 5369 et
1363 5313 1547 5368 dicat:
1581 5312 1742 5367 Pater
1791 5320 1991 5375 noster,

397 5405 494 5473 qui
522 5419 577 5457 es
605 5405 660 5461 in
690 5403 850 5469 caelis,
883 5404 937 5459 id
964 5412 1072 5471 est,
1100 5404 1153 5458 in
1184 5404 1388 5459 sanctis
1421 5411 1475 5459 et
1499 5402 1677 5474 justis.
1705 5400 1823 5457 Non
1848 5402 1995 5457 enim

398 5496 576 5565 spatio
599 5494 839 5551 locorum
860 5496 1165 5552 continetur
1196 5495 1338 5552 Deus
1360 5536 1375 5561 ,
1421 5496 1515 5550 sed
1542 5494 1994 5565 quemadmodqu

402 5591 456 5642 in
493 5599 637 5641 terra
660 5588 959 5659 appellatus
995 5598 1079 5644 est
1108 5599 1378 5660 peccator,
1412 5602 1531 5644 cum
1566 5588 1615 5641 ei
1647 5586 1849 5641 dictum
1873 5595 1990 5641 est:

405 5680 571 5737 Terra
605 5700 675 5743 cs,
715 5694 759 5737 ct
790 5685 841 5738 in
873 5696 1063 5741 terram
1094 5683 1193 5738 ibis
1230 5680 1381 5738 (Gen.
1410 5681 1514 5747 tu);
1564 5680 1640 5737 sic
1688 5677 1882 5736 cmlum
1911 5676 1997 5748 ju-

2096 4489 2166 4544 cti
2199 4483 2380 4542 Patris
2410 4484 2532 4551 mei,
2569 4484 2816 4556 pmipite
2858 4499 3074 4555 regnum
3103 4481 3243 4554 quod
3270 4481 3413 4562 vobis
3440 4490 3688 4553 paratum

2099 4588 2173 4634 est
2200 4579 2266 4634 ab
2305 4578 2503 4650 origine
2539 4575 2723 4632 mundi
2758 4572 2974 4648 (Matth.
3002 4574 3167 4647 xxv).

2172 4669 2298 4724 Fiat
2334 4669 2575 4727 voluntas
2609 4677 2703 4723 tua
2729 4668 2865 4725 sicut
2898 4666 2953 4721 in
2983 4664 3110 4723 coelo
3146 4675 3197 4722 et
3224 4666 3282 4723 in
3310 4674 3473 4722 terra.
3503 4666 3695 4738 (Aug)

2104 4764 2162 4821 ιιι
2206 4771 2311 4829 est,
2366 4762 2507 4817 sicut
2546 4761 2612 4816 in.
2645 4759 2851 4832 angelis
2879 4759 2974 4857 qui
2999 4769 3149 4834 ‘sunt
3188 4759 3244 4815 in
3293 4759 3451 4815 caelis
3493 4760 3699 4816 volun-

2108 4864 2192 4912 tas
2228 4862 2322 4909 tua
2365 4862 2450 4908 est
2480 4860 2540 4906 ut
2588 4853 2809 4908 omnino
2856 4851 2955 4908 tibi
2989 4851 3319 4918 adhaereant,
3375 4857 3537 4922 teque
3562 4866 3692 4921 per-

2099 4948 2348 5003 fruantur
2392 4943 2538 5000 nullo
2584 4957 2774 4999 errore
2823 4942 3175 4999 obnubilante
3223 4943 3544 5012 sapientiam
3598 4955 3691 4998 eo-

2100 5056 2241 5106 rum,
2274 5037 2420 5094 nulla
2449 5036 2667 5093 miseria
2703 5036 3033 5107 impediente
3056 5034 3444 5092 beatitudinem
3472 5048 3685 5100 eorum,

2098 5133 2174 5189 ita
2220 5131 2315 5187 ﬁat
2363 5132 2416 5186 in
2465 5128 2669 5186 sanctis
2717 5128 2846 5193 tuis,
2910 5128 3004 5198 qui
3057 5128 3109 5182 in
3142 5135 3291 5183 terra
3322 5133 3470 5195 sunt,
3520 5137 3578 5183 et
3622 5128 3694 5183 de

2098 5236 2266 5292 terra,
2308 5225 2453 5297 quod
2483 5224 2551 5279 ad
2583 5237 2782 5292 corpus
2810 5220 3025 5285 attinet,
3061 5218 3188 5275 facti
3230 5227 3377 5284 sunt,
3415 5228 3473 5276 et
3502 5234 3695 5290 quam-

2094 5322 2177 5377 vis
2203 5320 2270 5374 ad
2301 5317 2574 5375 cmlestem
2610 5313 2992 5371 habitationem
3031 5320 3196 5391 atque
3236 5312 3690 5377 immutationem,

2096 5411 2381 5479 tamen,de
2408 5419 2552 5465 terra
2589 5404 2897 5464 assumendi
2944 5412 3090 5460 sunt.
3158 5402 3291 5459 Item
3328 5401 3424 5472 ﬁat
3456 5399 3694 5457 voluntas

2098 5512 2188 5557 tua
2230 5507 2375 5554 recte
2405 5496 2722 5567 intelligitur
2742 5536 2757 5559 ,
2788 5492 3074 5549 obetliatur
3106 5491 3390 5562 praeceptis
3420 5490 3549 5552 tuis.
3586 5493 3697 5544 sit:-

2098 5602 2153 5646 ιιι
2188 5592 2242 5645 in
2290 5589 2414 5645 creto
2450 5599 2496 5643 et
2528 5589 2582 5642 in
2613 5598 2775 5654 term,
2825 5586 2878 5640 id
2913 5592 3014 5650 est,
3053 5585 3193 5640 sicut
3224 5585 3294 5640 ab
3337 5584 3565 5655 angelis,
3620 5584 3699 5638 ita

2101 5683 2168 5737 ab
2200 5680 2525 5739 hominibus.
2571 5679 2828 5737 Voluntas
2863 5686 3042 5734 autem
3085 5676 3181 5733 Dei
3211 5688 3293 5733 cst.
3335 5691 3497 5747 quam
3534 5674 3707 5729 (Ιιιισίεκ
