3978 6190
360 342 470 404 Sl9

1044 335 1104 391 Β.
1147 335 1400 391 ΚᾹΒᾹΝΙ
1437 334 1656 391 MAURI
1696 330 2018 388 AllClliEP.
2064 328 2373 389 MOGUNT.
2411 331 2701 389 OPERUM
2737 333 2919 390 PARS
2959 335 3000 389 l.

3552 342 3659 398 820

266 425 273 431 '
359 466 477 509 stus
514 457 569 506 et
609 446 834 505 lecit'et
867 445 1051 502 docuit
1088 465 1103 502 :
1155 446 1437 503 humilitas
1475 446 1530 502 in
1577 445 1947 502 conversatio-
1978 444 2205 509 Acent,
2259 456 2382 499 cum
2434 441 2538 499 iste
2584 443 2740 513 panis
2786 442 3134 515 quotidianus
3182 444 3360 504 dictus
3401 458 3506 505 est.
3556 448 3661 508 lle-

358 558 447 606 ne,
497 539 762 597 stabilitas
802 539 857 593 in
887 537 1011 604 ﬁde,
1064 536 1387 594 vereamdia
1425 537 1482 593 in
1531 536 1732 603 verbis,
1780 535 1837 589 in
1868 533 1950 590 fa-

360 635 466 690 ctis
504 632 735 702 iustitia,
796 630 850 685 in
879 630 1135 700 operibus
1186 628 1580 695 miseriwrdia,
1622 629 1677 684 in
1710 628 1954 684 moribus

364 724 685 795 disciplina,
733 719 986 792 injuriam
1037 720 1219 775 facere
1261 734 1369 775 non
1413 734 1595 786 nosse;
1654 726 1709 774 et
1755 718 1954 773 factam

360 830 522 885 posse
561 814 816 878 tolerare,
848 827 971 867 cum
1000 809 1263 865 fratribus
1294 825 1481 881 pacem
1513 816 1719 875 tenere,
1764 808 1952 866 Domi-

358 922 490 961 num
520 913 632 961 toto
666 905 827 961 corde
857 900 1100 973 diligere,
1160 902 1215 956 in
1248 901 1338 957 illo
1372 902 1515 972 quod
1564 912 1723 970 pater
1746 908 1849 967 est,
1880 900 1953 955 ti-

357 1012 528 1065 mere,
561 998 704 1067 quod
734 997 876 1053 Deus
905 1003 1006 1053 est.
1056 994 1272 1051 Christo
1303 996 1437 1050 nihil
1478 996 1699 1051 omnino
1738 1008 1952 1066 pracpo-

359 1104 490 1145 ncre
519 1089 797 1155 debemus,
848 1087 975 1158 quia
1005 1100 1107 1142 nec
1153 1086 1310 1142 nobis
1341 1086 1435 1141 ille
1474 1085 1768 1157 quidquam
1808 1098 1952 1155 prro-

358 1181 557 1251 posuit.
593 1179 860 1236 Charitati
895 1176 1012 1248 ejus
1040 1176 1473 1249 inseparabiliter
1506 1178 1801 1243 adhaerere,
1828 1190 1955 1233 eru-

336 1271 410 1327 ,ci
439 1270 558 1341 ejus
606 1268 821 1324 fortiter
862 1284 929 1324 ac
985 1267 1218 1323 ﬁdenter
1260 1267 1535 1324 assistere.
1610 1266 1838 1335 Quando
1887 1268 1955 1324 de

357 1358 477 1428 cius
524 1359 743 1414 nomine
787 1365 843 1414 et
892 1357 1103 1414 honore
1149 1350 1425 1413 certamen
1461 1363 1565 1423 est,
1609 1357 1867 1413 exhibere
1898 1356 1953 1412 in

358 1466 610 1509 sermone
655 1450 1040 1518 constantiam,
1077 1466 1182 1522 qua
1231 1450 1576 1515 conﬁtemur,
1610 1451 1668 1504 in
1702 1450 1957 1519 quaestio-

364 1559 434 1600 ne
476 1542 728 1600 liduciam
755 1585 770 1609 ,
816 1556 923 1613 qua
971 1534 1378 1612 congredimur,
1431 1542 1487 1596 in
1532 1549 1705 1596 morte
1744 1541 1956 1610 patien-

360 1635 637 1705 tiam,qua
655 1633 1120 1699 c‘oronamur,lioc
1148 1640 1234 1687 est
1262 1631 1599 1687 eohteredem
1624 1628 1824 1687 Christi
1851 1630 1956 1684 vel.

359 1726 410 1781 ie
438 1738 581 1791 esse,
616 1725 725 1779 hoc
749 1733 835 1779 est
860 1731 1191 1796 praeceptum
1220 1723 1317 1779 Del
1363 1722 1564 1788 facere,
1608 1723 1710 1778 hoc
1738 1730 1823 1779 est
1858 1738 1954 1780 vo-

2057 541 2166 589 stat
2214 542 2276 587 ut
2323 533 2697 603 quotidianum
2749 536 3305 607 panemaccipiamus
3336 539 3659 610 spiritalem.

2055 622 2332 693 Praecepta
2370 621 2577 683 scilicet
2624 623 2829 691 divina,
2882 638 3003 695 quae
3048 626 3288 695 quotidie
3315 637 3529 700 oportet
3553 646 3664 689 me-

2054 714 2219 771 ditari
2268 720 2326 770 et
2370 716 2606 786 operari.
2673 715 2808 772 Nam
2869 716 2936 773 de
2980 718 3112 788 ipsis
3183 720 3443 777 Dominus
3498 722 3630 779 dicit

2055 803 2370 876 Operamini
2418 820 2601 863 escam
2640 822 2762 878 qua:
2798 822 2908 865 non
2948 812 3344 882 corrumpitur;
3394 814 3665 883 quotidia-

2055 913 2161 953 nus
2204 906 2388 953 autem
2432 899 2536 954 iste
2582 899 2736 955 cibus
2780 916 2927 956 nunc
2971 900 3193 969 dicitur,
3257 905 3501 974 quandlu
3559 906 3661 961 ista

2055 989 2165 1045 vita
2224 990 2540 1061 temporalis
2589 1006 2688 1063 per
2740 992 2857 1048 dies
2911 993 3235 1050 decedentes
3286 997 3665 1054 Succedenteso

2054 1095 2161 1152 que
2212 1081 2510 1153 peragitur.
2585 1082 2654 1137 Et
2712 1098 2904 1139 revera
2950 1085 3189 1155 quamdiu
3247 1086 3303 1141 in
3360 1090 3663 1158 superiora,

2056 1189 2200 1229 nime
2243 1173 2299 1228 in
2346 1172 2627 1243 interim,
2681 1173 2736 1229 id
2783 1183 2887 1241 est,
2944 1175 3170 1232 nuncin
3203 1177 3488 1247 epiritalia,
3515 1192 3671 1236 nunc

2055 1266 2111 1320 in
2163 1262 2423 1329 carnalia,
2478 1265 2642 1319 animi
2694 1264 2921 1322 allectus
2969 1266 3227 1334 alternat,
3303 1277 3562 1341 tanquam
3611 1272 3670 1327 ei

2056 1359 2147 1430 qui
2183 1357 2475 1429 aliquando
2517 1360 2761 1429 pascitur
2803 1360 2945 1426 cibo,
3001 1360 3294 1433 aliquando
3344 1360 3540 1419 famem
3570 1381 3667 1435 pa-

2059 1451 2209 1516 titur,
2264 1448 2508 1519 quotidie
2562 1449 2719 1520 panis
2778 1451 3119 1507 necessarius
3163 1461 3248 1508 est
3292 1467 3399 1523 quo
3447 1455 3663 1511 reﬁcia-

2057 1549 2147 1595 tur
2197 1538 2465 1606 esuriens,
2516 1548 2573 1594 et
2622 1540 2875 1597 relabens
2919 1542 3182 1614 erigatur.
3261 1543 3415 1611 Quod
3469 1555 3657 1601 autem

2054 1643 2242 1702 partem
2286 1629 2842 1700 supersubstantialem
2886 1632 2941 1686 in
2987 1632 3108 1688 aliis
3144 1635 3545 1705 exemplaribus
3595 1635 3667 1692 le

2057 1720 2253 1791 gimus,
2317 1720 2401 1775 vel
2448 1719 2801 1790 peculiarem,
2852 1720 2938 1775 vel
2987 1722 3317 1793 praecipuum
3364 1722 3515 1779 illum
3566 1741 3663 1796 pa-

358 1817 621 1872 luntatcm
648 1814 829 1871 Patris
876 1814 1119 1885 implere.
1172 1813 1363 1869 Potest
1388 1820 1445 1868 et
1488 1813 1646 1869 aliter
1680 1814 1795 1869 inec
1826 1828 1952 1869 sen-
1985 1806 2033 1866 Β
2059 1830 2183 1872 nem
2238 1813 2490 1871 similiter
2540 1814 2830 1887 signiﬁcat,
2870 1815 2962 1884 qui
3008 1815 3185 1871 dicit:
3243 1814 3358 1888 Ego
3402 1830 3521 1873 sum
3569 1836 3664 1889 pa-

361 1908 531 1967 tentia
561 1908 810 1978 intelligi,
842 1917 903 1963 ut
937 1907 1013 1963 ita
1047 1906 1121 1961 sit
1155 1907 1378 1973 dictum,
1412 1904 1538 1960 Fiat
1571 1905 1811 1961 voluntas
1839 1915 1954 1973 tua,

359 2005 494 2059 sicut
533 2002 589 2058 in
618 2000 747 2057 creto
774 2009 822 2057 et
855 2001 911 2056 in
952 2008 1113 2065 terra,
1147 2008 1404 2080 laminam
1433 1998 1480 2053 si
1511 1998 1819 2054 diceretur:
1850 1997 1958 2055 Fa-

362 2096 510 2150 ciant
537 2094 876 2150 voluntatem
918 2100 1064 2147 tuam
1095 2092 1237 2147 sicut
1261 2091 1394 2164 justi
1430 2090 1502 2145 ita
1534 2091 1699 2147 etiam
1746 2098 1801 2147 ct
1827 2106 1955 2161 pec-

360 2194 593 2252 catores,
632 2196 694 2241 ut
726 2186 794 2241 ad
825 2193 877 2240 te
918 2190 1326 2248 convertantur,
1372 2182 1489 2239 sive
1536 2182 1611 2237 ita
1638 2183 1736 2252 ﬁat
1772 2183 1960 2239 volans

361 2288 443 2333 tas
474 2288 565 2332 tua
594 2279 655 2331 in
688 2276 824 2332 eicio
870 2285 921 2331 et
947 2277 1005 2331 in
1032 2284 1195 2340 terra,
1250 2286 1312 2330 ut
1352 2288 1452 2331 sua
1478 2276 1677 2346 cuique
1706 2276 1957 2331 tribuat!»

363 2378 470 2424 tur.
522 2365 677 2436 Quod
724 2366 786 2422 lit
809 2374 1057 2423 extremo
1081 2364 1306 2436 judicio,
1341 2374 1401 2420 ut
1442 2364 1607 2435 iustis
1651 2369 1953 2437 praemium,

360 2459 741 2530 peccatoribus
786 2458 1063 2513 damnatio
1103 2459 1397 2524 tribuatur,
1441 2473 1569 2515 cum
1597 2459 1725 2531 agni
1752 2460 1822 2515 ab
1849 2459 1959 2515 bte-

360 2551 445 2606 dis
488 2549 905 2620 separnlmntur.
957 2548 1051 2604 ille
1090 2549 1255 2604 etiam
1298 2562 1406 2605 non
1434 2550 1726 2617 absurdus,
1773 2552 1885 2608 imo
1904 2562 1961 2608 et

364 2641 510 2707 ﬁdei,
550 2650 607 2696 et
630 2642 745 2712 spei
786 2648 991 2698 om
1029 2641 1574 2698 eonvenientissimus
1618 2651 1704 2699 est
1748 2644 1969 2700 intelle-v

360 2744 503 2801 ctus,
549 2744 609 2789 ut
637 2736 833 2791 coelum
875 2742 931 2789 et
979 2744 1178 2789 terrain
1229 2734 1577 2805 accipiamus
1608 2736 1859 2807 spiritum
1902 2745 1960 2793 et

361 2843 600 2881 carnem.
660 2827 727 2882 Et
766 2826 1038 2897 quomodo
1068 2826 1198 2883 dicit
1225 2826 1555 2897 Apostolus:
1601 2827 1772 2883 Mente
1794 2830 1959 2885 servio

362 2918 462 2990 legi
496 2917 614 2985 Dei,
647 2933 805 2974 came
832 2930 1007 2975 autem
1046 2914 1150 2991 legi
1174 2921 1373 2990 peccati
1412 2920 1604 2993 (Rom.
1634 2921 1757 2991 vn),
1811 2924 1959 2979 vide-

360 3027 482 3067 mus
529 3010 727 3067 factam
775 3011 1106 3068 voluntatem
1142 3012 1237 3067 Dei
1286 3013 1341 3067 in
1384 3021 1582 3069 mente.
1615 3012 1685 3069 Et
1718 3014 1769 3069 id
1801 3031 1958 3071 oran-

361 3102 489 3156 dum
538 3109 641 3165 est,
699 3109 761 3157 ut
817 3101 959 3157 sicut
982 3102 1038 3157 in
1065 3103 1225 3169 cmlo,
1272 3102 1349 3158 ita
1382 3104 1519 3158 etin
1563 3112 1710 3160 terra
1741 3104 1835 3160 ﬁat
1862 3122 1956 3161 vo.

360 3192 541 3246 lunias
592 3161 715 3258 Dei,
763 3191 818 3246 id
862 3199 967 3259 est,
1017 3200 1080 3247 ut
1120 3161 1575 3262 quemadmodum
1623 3198 1791 3252 corde
1818 3161 2031 3254 ἀριθηο

362 3292 575 3338 clamor
636 3283 741 3355 legi
800 3285 1099 3340 secundum
1139 3286 1453 3344 interiorem
1502 3290 1817 3360 hominem,
1882 3293 1959 3349 ita

362 3373 529 3428 etiam
574 3374 818 3444 corporis
858 3375 1232 3431 immutatione
1264 3376 1427 3445 faeta,
1466 3379 1593 3435 huic
1622 3391 1822 3437 nostrae
1862 3383 1959 3439 de-

365 3465 637 3520 lectationi
687 3465 835 3520 nulla
884 3479 1015 3537 pars
1039 3475 1226 3523 nostra
1275 3470 1507 3525 terrenis
1545 3470 1824 3530 doloribus
1864 3490 1959 3531 seu

361 3555 727 3626 voluptatibus
770 3556 1106 3613 adversetur.
1164 3556 1276 3614 Nec
1318 3559 1449 3613 illud
1496 3575 1528 3616 a
1576 3563 1804 3619 veritate
1860 3564 1958 3621 ab-

364 3646 570 3713 horret,
619 3656 681 3703 ut
736 3648 1066 3719 accipiamus
1139 3646 1268 3704 Fiat
1298 3650 1541 3708 solrmtas
1578 3662 1694 3720 tua,
1730 3654 1866 3710 sicut
1904 3658 1959 3712 in

367 3740 494 3795 melo
522 3752 570 3796 et
600 3742 655 3796 in
683 3751 846 3807 terra,
902 3741 1056 3799 sicut
1084 3744 1136 3797 in
1193 3744 1314 3815 ipso
1355 3744 1589 3801 Domino
1633 3757 1824 3805 nostro
1871 3750 1961 3806 Ie»

367 3849 431 3887 su
475 3832 713 3899 Christo,
763 3834 839 3889 ita
866 3840 922 3889 et
945 3833 1001 3889 in
1030 3834 1292 3901 Ecclesia,
1335 3845 1592 3908 tanquam
1624 3838 1695 3893 in‘
1717 3841 1834 3896 viro
1865 3843 1961 3912 qui

362 3926 532 3995 patris
589 3926 922 3982 voluntatem
970 3926 1233 3997 implevit,
1284 3928 1358 3983 ita
1387 3938 1443 3983 et
1487 3930 1540 3983 in
1589 3929 1811 3999 femina,
1834 3948 1960 4005 quae

364 4018 441 4072 illi
475 4018 801 4089 desponsata
850 4028 956 4076 est.
1041 4019 1253 4077 Caium
1283 4023 1431 4077 enim
1476 4031 1529 4078 et
1569 4032 1714 4079 terra
1764 4034 1960 4084 Conve-

362 4112 578 4169 nienter
603 4113 920 4185 intelligitur
940 4114 1095 4184 quasi
1118 4115 1204 4169 vir
1229 4122 1286 4170 et
1310 4114 1530 4183 femina,
1566 4118 1823 4189 quoniam
1853 4128 1961 4175 ter-

364 4220 424 4259 ra
455 4205 598 4260 cmio
620 4204 943 4261 fecundante
958 4204 1240 4263 fructifera
1259 4214 1361 4262 est.
1391 4206 1597 4274 Quarta
1624 4210 1815 4279 petitio
1835 4220 1921 4266 est
1943 4228 1957 4265 :

285 4286 301 4309 ‘
439 4296 640 4353 Panem
675 4307 911 4353 nostrum
939 4299 1307 4371 quotidianum
1330 4299 1423 4369 ida
1468 4302 1620 4356 nobis
1647 4302 1821 4357 hodie.
1857 4301 1959 4359 Pa-

361 4389 448 4444 nis
481 4389 827 4460 quotidianus
854 4399 950 4445 aut
975 4404 1073 4460 pro
1113 4390 1198 4446 his
1234 4392 1486 4449 erunibus
1514 4394 1694 4450 dictus
1728 4404 1811 4451 est
1838 4412 1959 4468 quae

2059 1908 2162 1975 nis,
2201 1907 2292 1979 qui
2341 1906 2407 1961 de
2453 1905 2581 1961 creto
2629 1902 2895 1972 descendi,
2944 1892 3057 1977 qui
3087 1904 3336 1963 videlicet
3364 1917 3451 1963 est
3500 1922 3669 1978 super

2057 2013 2248 2056 omnes
2290 1997 2657 2063 substantias,
2700 2005 2759 2052 et
2797 1997 3080 2053 universas
3107 2006 3328 2067 superat
3355 2006 3663 2054 creaturas.

2134 2086 2204 2143 Et
2231 2089 2434 2143 dimitte
2462 2087 2612 2142 nobis
2635 2087 2812 2143 debita
2841 2097 3047 2154 nostra,
3074 2089 3216 2143 sicut
3244 2099 3292 2144 et
3321 2102 3417 2144 nos
3439 2090 3663 2144 dimitti-

2058 2196 2174 2238 mus
2208 2181 2527 2237 debitoribus
2555 2183 2749 2236 nostris
2779 2178 2986 2255 (Cypr.)
3027 2178 3158 2237 Post
3200 2181 3502 2237 subsidium
3552 2184 3657 2238 cibi

2058 2275 2260 2348 petitur
2304 2282 2360 2330 et
2404 2273 2561 2330 venia
2590 2272 2796 2341 delicti,
2838 2282 2902 2328 ut
2929 2273 3018 2345 qui
3067 2286 3098 2327 a
3145 2272 3257 2329 Deo
3302 2273 3566 2344 pascitur,
3605 2274 3661 2328 in

2060 2369 2170 2424 Deo
2213 2367 2380 2433 vivat,
2428 2382 2531 2423 nec
2578 2375 2787 2422 tantum
2830 2366 3088 2438 prasenti
3125 2352 3183 2422 et
3222 2366 3509 2437 temporali
3542 2367 3669 2423 vltro

2060 2460 2393 2526 consulatur,
2448 2460 2544 2515 sed
2591 2468 2831 2525 mternze,
2897 2459 2965 2513 ad
3016 2471 3181 2530 quam
3232 2456 3405 2514 veniri
3464 2468 3666 2529 potest,

2061 2550 2107 2606 si
2152 2560 2387 2621 peccata,
2418 2551 2704 2605 donentur.
2760 2548 2892 2616 Qua:
2944 2548 3124 2605 debita
3173 2547 3435 2604 Dominus
3482 2548 3668 2619 appel-

2059 2638 2136 2695 lat
2185 2641 2326 2696 sicut
2381 2640 2432 2694 in
2479 2639 2773 2711 Evangelia
2809 2656 2907 2695 suo
2954 2639 3131 2695 dicit:
3165 2638 3355 2695 Dimisi
3394 2640 3488 2694 tibi
3516 2656 3669 2696 omne

2060 2732 2313 2797 debitam,
2358 2734 2484 2803 quia
2526 2747 2609 2786 me
2651 2732 2847 2803 rogasti
2878 2730 3093 2805 (Matth.
3127 2735 3307 2802 xvm).
3372 2732 3545 2799 Quam
3579 2747 3671 2786 ne-

2061 2825 2295 2882 cessarie
2345 2832 2548 2888 autem,
2606 2836 2788 2895 ‘quam
2846 2824 3203 2895 providenter
3259 2832 3312 2879 et
3377 2824 3667 2879 salubriter

2061 2918 2418 2974 admonemur
2464 2917 2607 2987 quod
2634 2923 2952 2986 peccatores
3001 2898 3207 2983 smnus,
3260 2917 3351 2987 qui
3398 2931 3496 2987 pro
3544 2932 3669 2987 pec-

2061 3012 2197 3068 eatis
2244 3020 2439 3081 rogare
2488 3009 2897 3081 compellimur!
2937 3007 3038 3077 Qui
3084 3024 3249 3064 orare
3299 3024 3397 3065 nos
3445 3025 3544 3080 pro
3569 3011 3661 3065 de-

2052 3103 2189 3159 .bitis
2235 3112 2290 3157 et
2338 3101 2576 3174 peccatis
2631 3102 2836 3167 docuit,
2878 3110 3179 3174 .paternam
3238 3101 3666 3157 misericordiam

2062 3194 2334 3266 promisit,
2390 3203 2446 3249 et
2487 3194 2703 3249 veniam
2728 3201 3041 3249 secuturam
3098 3191 3364 3261 adjunxit,
3419 3192 3578 3263 plane
3611 3202 3665 3247 et

2062 3284 2267 3341 addidit
2317 3284 2513 3356 legem,
2561 3291 2711 3339 certa
2764 3297 2865 3338 nos
2903 3282 3213 3338 conditione
3274 3292 3327 3336 et
3374 3281 3666 3351 sponsione

2061 3377 2478 3449 constringens,
2518 3384 2578 3431 ut
2625 3375 2707 3431 sic
2757 3374 2913 3431 nobis
2963 3374 3161 3429 dimitti
3205 3374 3382 3430 debita
3424 3376 3662 3451 postule-

2061 3482 2183 3523 mus
2214 3467 2507 3523 secundum
2548 3466 2692 3537 quod
2724 3472 2801 3521 “et
2838 3465 2939 3537 ipsi
2970 3465 3303 3521 debitoribus
3348 3467 3551 3520 nostris
3583 3465 3665 3519 di-

2062 3561 2346 3615 mittimus.
2414 3559 2661 3615 Scientes
2706 3558 2986 3629 impetrari
3027 3572 3132 3614 non
3185 3575 3347 3631 posse
3376 3560 3519 3629 quod
3570 3576 3666 3628 pro

2061 3652 2303 3722 peccatis
2350 3651 2740 3743 petimus/uisi
2779 3659 2833 3705 et
2876 3648 2979 3722 ipsi
3030 3651 3176 3705 circa
3228 3659 3543 3721 peccatores
3575 3667 3668 3704 no-

2062 3754 2206 3800 stros
2275 3745 2426 3817 paria
2501 3744 2809 3801 fecerimus.
2903 3745 3112 3801 Idcirco
3162 3755 3218 3800 ct
3279 3745 3384 3802 alio
3444 3747 3494 3800 in
3549 3746 3665 3800 loco

2061 3840 2234 3897 dicit:
2275 3840 2393 3906 Qua
2436 3856 2683 3895 mensura
2726 3840 2891 3893 mensi
2919 3838 3148 3909 fueritis,
3194 3839 3378 3895 eadem
3420 3848 3469 3894 ct
3510 3855 3668 3892 reme-

2060 3935 2219 3990 tielur
2240 3935 2378 3990 vobis
2416 3932 2622 4006 (Marc.
2648 3946 2731 4000 tv;
2774 3930 2904 3987 Luc.
2926 3932 3023 4003 vi).
3052 3930 3207 3987 Nulla
3234 3932 3379 3988 enim
3402 3932 3506 3986 alia
3547 3949 3668 3987 seu-

2063 4025 2230 4080 tentia
2280 4024 2360 4082 sic
2411 4038 2651 4090 oramus,
2698 4031 2761 4077 ut
2806 4022 2963 4095 quasi
3000 4025 3350 4093 paciscamur
3399 4038 3521 4077 cum
3566 4023 3668 4077 Do-

2060 4119 2227 4172 mino.
2296 4112 2354 4171 In
2405 4132 2510 4187 qua
2557 4115 2806 4187 pactione
2866 4116 2911 4171 si
2960 4116 3270 4179 mentimur,
3336 4117 3504 4171 totius
3547 4132 3667 4170 ora-

2060 4208 2226 4264 tionis
2274 4207 2453 4263 nullus
2499 4216 2581 4261 est
2626 4204 2854 4262 fruetus.

2132 4299 2198 4353 Et
2233 4315 2296 4353 ne
2319 4314 2410 4353 nos
2445 4297 2665 4353 inducas
2694 4298 2748 4353 in
2771 4300 3126 4353 tentationcm.
3156 4299 3339 4371 (Λαὶς.)
3376 4294 3493 4355 Non
3520 4302 3664 4356 enim

2059 4404 2157 4462 per
2195 4390 2434 4461 seipsum
2478 4389 2685 4444 inducit
2732 4387 2893 4455 Deus,
2942 4389 3034 4445 sed
3071 4390 3253 4445 induci
3294 4392 3500 4460 patitur
3540 4406 3663 4445 cum

362 4480 522 4550 huius
545 4483 669 4537 vita:
691 4482 1071 4540 necessitatem
1095 4491 1422 4549 sustentant,
1455 4484 1524 4540 de
1550 4498 1660 4555 quo
1677 4500 1799 4540 cum
1822 4502 1959 4556 ριξη-
1990 4514 2039 4578 D
2062 4496 2223 4552 quem
2252 4495 2352 4536 suo
2386 4478 2589 4534 auxilio
2618 4479 2921 4536 deseruerit
2942 4520 2956 4545 ,
2990 4480 3180 4535 ordine
3206 4480 3574 4535 occultissimo
3603 4496 3665 4535 ae

361 4575 514 4644 cipit,
546 4574 623 4629 ait
650 4592 663 4627 :
705 4572 882 4628 Nolite
912 4574 1141 4644 cogitare
1161 4574 1226 4628 de
1254 4573 1502 4629 crastino.
1530 4575 1597 4630 Et
1624 4576 1744 4632 ideo
1772 4577 1843 4632 sit
1864 4574 1959 4632 ade

362 4668 533 4720 «litum
567 4684 579 4719 :
622 4662 705 4719 Da
737 4664 882 4719 nobis
910 4664 1084 4727 hodie,
1109 4675 1201 4720 aut
1224 4680 1324 4734 pro
1344 4677 1688 4722 sacramento
1715 4669 1960 4738 corporis

360 4758 586 4823 Christi,
616 4757 760 4828 quod
788 4757 1027 4827 quotidie
1047 4755 1364 4826 accipimus,
1395 4766 1488 4811 aut
1511 4772 1611 4828 pro
1636 4758 1865 4829 spiritali
1886 4762 1964 4816 ci-

360 4851 451 4915 bo,
476 4851 543 4905 de
570 4862 682 4919 quo
704 4847 849 4902 idem
868 4847 1125 4903 Dominus
1141 4847 1300 4903 dicit:
1319 4847 1624 4919 ()peramini
1649 4868 1820 4905 escam
1842 4870 1959 4925 qua:

362 4955 465 4995 non
508 4938 881 5011 corrumpitur.
912 4938 981 4993 Et
1010 4938 1177 4994 illud:
1212 4938 1324 5011 Ego
1366 4952 1481 4995 sum
1521 4944 1674 5013 panis
1701 4943 1836 5009 vim,
1867 4942 1960 5016 qui

360 5036 425 5089 de
452 5032 578 5088 coelo
598 5032 841 5089 ducendi
864 5030 1046 5102 (locis.
1074 5031 1173 5105 vi).
1198 5031 1304 5090 Sed
1332 5034 1523 5091 horum
1547 5037 1708 5091 trium
1734 5039 1862 5108 quid
1887 5042 1960 5094 sit

361 5124 798 5196 probatissimum
846 5123 1182 5180 considerari
1225 5135 1421 5197 potest.
1472 5127 1611 5182 Nam
1639 5127 1776 5184 forte
1811 5131 1957 5201 quis-

360 5218 505 5286 piam
534 5224 815 5273 timeatur
841 5231 941 5271 cur
966 5230 1187 5273 oremus
1214 5232 1313 5287 pro
1340 5217 1425 5273 his
1451 5219 1814 5289 adipiscendis
1837 5238 1959 5290 qum

363 5309 489 5363 huic
531 5309 654 5363 vitm
696 5314 828 5362 sunt
870 5309 1202 5375 necessaria,
1249 5309 1414 5366 veluti
1464 5319 1552 5366 est
1594 5313 1768 5367 victus
1797 5321 1853 5368 et
1880 5321 1957 5368 te-

361 5407 700 5467 gumentum,
759 5416 873 5454 .um
926 5400 1041 5470 ipse
1085 5399 1349 5455 Dominus
1394 5400 1567 5456 dicit:
1601 5402 1779 5457 Nolite
1815 5404 1960 5458 solii-

363 5498 450 5546 citl
479 5507 590 5547 esse
620 5495 745 5563 quid
778 5493 968 5558 citatis,
1000 5500 1094 5547 aut
1121 5492 1247 5563 quid
1280 5493 1574 5546 induamini
1617 5493 1833 5575 (Matth.
1861 5497 1957 5567 vt);

363 5582 428 5635 de
479 5590 822 5638 sacramento
843 5591 1025 5639 autem
1056 5582 1300 5652 corporis
1341 5583 1575 5648 Domini,
1629 5593 1688 5638 ut
1735 5585 1808 5639 illi
1853 5602 1960 5641 non

366 5682 617 5726 moveant
665 5676 1033 5740 quaestionem,
1080 5674 1183 5743 qui
1224 5672 1439 5743 plurimi
1497 5674 1548 5728 in
1597 5673 1963 5733 Orientalibus

371 5759 631 5826 tartibus,
684 5777 790 5815 non
830 5763 1066 5828 qumidie
1109 5780 1276 5817 caena:
1326 5764 1617 5820 Dominicae
1656 5771 1960 5825 communi-

2064 4577 2290 4633 meritis.
2339 4575 2531 4632 Causis
2576 4574 2741 4631 etiam
2793 4589 2936 4648 saepe
2974 4572 3276 4631 manifestis
3316 4576 3540 4649 dignum
3568 4575 3660 4644 ju-
3742 4625 3749 4632 .

2063 4668 2209 4726 dicat
2256 4667 2405 4723 illum
2469 4682 2632 4741 quem
2699 4666 2912 4723 deserat
2962 4666 3020 4722 'ct
3060 4668 3113 4721 in
3174 4668 3531 4723 tentationem
3586 4667 3667 4720 in-

2064 4761 2185 4817 duci
2240 4760 2401 4816 sinat.
2452 4758 2611 4813 Aliud
2657 4767 2741 4814 est
2769 4767 2949 4815 autem
2998 4758 3179 4813 induci
3211 4759 3266 4812 in
3288 4758 3662 4816 tentationem.

2065 4853 2211 4908 aliud
2257 4850 2475 4908 tentari.
2555 4847 2692 4907 Nam
2744 4851 2862 4908 sine
2904 4850 3203 4906 tentatlon‘e
3259 4849 3521 4921 probatus
3548 4867 3670 4906 esse

2066 4945 2243 5001 nullus
2291 4952 2488 5015 poteSt.
2537 4942 2653 4999 Non
2694 4957 2823 5015 ergo
2876 4943 2965 4999 hic
2995 4952 3187 4999 oratur
3226 4950 3286 4997 ut
3338 4960 3447 4998 non
3506 4950 3669 4998 tente-

2064 5050 2209 5102 mnr,
2260 5036 2354 5091 sed
2403 5043 2461 5090 ut
2512 5051 2623 5090 non
2670 5033 2970 5091 inferantur
3019 5034 3074 5088 lu
3117 5035 3500 5097 tentationem,
3551 5045 3669 5089 tan-

2064 5143 2224 5197 quan
2278 5128 2325 5181 si
2367 5127 2632 5197 quispiam
2681 5128 2767 5181 cui
2819 5141 3040 5182 necesse
3083 5126 3312 5197 estigne
3342 5129 3666 5189 examinari,

2065 5232 2171 5271 non
2194 5226 2309 5273 oret
2327 5228 2385 5272 ut
2407 5219 2530 5287 igne
2544 5234 2648 5272 non
2674 5218 3036 5289 contingatur,
3065 5219 3158 5273 sed
3191 5228 3250 5272 ut
3265 5234 3370 5273 non
3385 5229 3665 5273 exuratur.

2075 5308 2216 5364 Vasa
2245 5310 2383 5363 enim
2407 5308 2557 5379 ﬁguli
2578 5309 2765 5379 probat
2788 5309 3001 5378 [οι-παπ,
3021 5320 3070 5363 et
3096 5310 3331 5364 homines
3346 5311 3523 5380 justas
3550 5322 3661 5363 ten-

2067 5402 2197 5456 ratio
2225 5401 2578 5456 tribulationis
2608 5401 2798 5471 (Eccli.
2839 5399 3013 5470 xum).
3052 5401 3201 5455 Multi
3236 5413 3419 5457 autem
3470 5404 3521 5458 in
3544 5419 3663 5473 prc-

2065 5497 2240 5550 cando
2273 5495 2345 5549 ita
2375 5494 2599 5549 dicunt:
2630 5493 2708 5548 Ne
2731 5506 2829 5549 nos
2851 5494 3075 5565 patiaris
3113 5495 3293 5549 induci
3328 5495 3381 5549 in
3413 5496 3666 5550 tentatio-

2063 5600 2208 5650 nem,
2256 5592 2586 5655 exponentes
2634 5584 2881 5640 videlicet
2910 5584 3180 5655 quomodo
3227 5585 3430 5639 dictum
3477 5585 3544 5639 sit
3585 5585 3664 5636 ἱκ-

2061 5679 2244 5733 ducas.
2311 5679 2426 5747 Qua
2477 5678 2528 5733 in
2574 5687 2727 5747 parte
2780 5679 3083 5734 ostenditur
3138 5677 3272 5733 nihil
3323 5686 3510 5733 contra
3563 5690 3668 5731 nos

2063 5770 2431 5826 adversarium
2484 5785 2662 5841 posse,
2709 5771 2815 5826 nisi
2869 5769 3009 5827 Deus
3061 5780 3185 5826 ante
3234 5770 3561 5841 permiserit.
3604 5779 3665 5823 ut
