3978 6190
292 324 386 381 821

1275 304 1627 370 ΕΟΜΜΕΝΤ.
1665 308 1730 365 ΙΝ
1764 301 2216 373 ΜΑΤΤΙΙιΕυΜ.
2256 334 2326 344 --
2363 302 2491 360 LI'B.
2531 302 2593 360 ll.

3444 292 3593 363 829';

291 435 460 492 otnnis
510 433 672 487 timor
704 439 894 486 noster
940 437 994 485 et
1020 428 1231 484 devotio
1261 437 1421 497 atque
1470 423 1775 482 observatio
1796 424 1862 477 ad
1897 426 1948 485 Α
1977 432 2096 473 rum
2143 416 2533 487 signiﬁcantes,
2581 418 2679 474 sed
2708 416 2947 488 puritate
2992 416 3191 477 mentis
3228 418 3557 485 haurientes,

289 526 573 581 Dominum
625 529 989 586 convertatur,
1022 519 1237 589 quando
1260 519 1317 573 in
1347 515 1735 573 tentationibus
1769 528 1875 568 no-

289 620 413 679 stris
434 616 573 671 nihil
594 615 737 669 malo
765 614 943 680 liceat,
971 608 1073 667 nisi
1120 619 1359 683 potestas
1401 609 1525 663 inde
1573 608 1870 663 tribuatur.

358 708 458 764 Sed
487 706 648 760 libera
674 721 766 759 nos
795 720 828 758 α
854 702 1010 768 malo,
1050 719 1221 757 amen.
1272 700 1497 769 Quando
1525 707 1703 753 autem
1733 696 1873 753 dici-

289 816 422 863 mus,
477 797 811 853 tiberauosa
843 793 1004 860 malo,
1052 793 1185 847 nihil
1233 799 1477 846 remanet
1527 789 1673 858 quod
1722 787 1860 841 ultra

288 890 459 948 adhuc
504 891 698 945 debeat
755 886 1032 958 postulari,
1083 885 1298 954 quando
1345 881 1511 937 semel
1571 881 1871 950 protectio-

286 996 405 1037 nem
472 980 568 1035 Dei
634 977 891 1032 adversus
942 974 1141 1030 malum
1180 974 1431 1044 petimus.
1489 969 1713 1044 (Meum)
1748 970 1862 1037 Qua

286 1075 588 1142 impetrata,
640 1074 827 1124 contra
865 1065 1045 1123 omnia
1089 1078 1211 1136 quas
1249 1061 1491 1118 diabolus
1535 1069 1591 1113 et
1633 1061 1865 1116 mundus

285 1170 577 1233 operantur
617 1159 793 1214 securi
822 1166 1031 1213 stamus
1074 1165 1131 1211 ct
1174 1154 1296 1209 tuti.
1347 1150 1457 1209 Sed
1502 1153 1603 1208 hoc
1646 1152 1700 1205 id
1728 1165 1871 1220 prae-

285 1253 419 1309 senti
464 1252 544 1316 fit,
572 1256 830 1320 quantum
866 1243 1105 1303 divinum
1136 1258 1370 1300 examen
1404 1241 1561 1297 nobis
1585 1241 1716 1295 utile
1742 1254 1860 1296 esse

282 1340 635 1412 prospexerit.
681 1337 835 1392 Unde
861 1337 993 1392 dicit
1020 1332 1342 1404 Apostolus:
1374 1331 1567 1386 Fidelis
1594 1340 1668 1384 est
1698 1329 1866 1397 Deus,

282 1434 367 1503 qui
411 1449 517 1486 non
560 1431 883 1502 patitur‘vos
923 1427 1115 1482 tentari
1160 1441 1321 1496 supra
1354 1424 1416 1479 id
1461 1422 1601 1494 quod
1628 1422 1866 1492 potestis,

280 1521 367 1576 sed
394 1520 523 1589 facit
551 1535 671 1572 cum
697 1516 980 1571 tentatione
1006 1521 1331 1585 proventum,
1357 1512 1433 1565 ἰιι
1463 1511 1670 1581 possitis
1704 1511 1835 1564 sueti
1854 1541 1871 1551 -

283 1628 399 1665 nere
452 1609 502 1682 (Ι
518 1608 640 1663 Cor.
683 1611 762 1680 χ).
795 1606 1069 1663 Orandum
1116 1612 1202 1658 est
1247 1603 1392 1657 enim
1436 1609 1496 1656 ut
1542 1614 1649 1655 non
1686 1601 1863 1655 solum

282 1716 385 1754 non
414 1700 732 1753 inducamur
759 1696 811 1749 in
842 1694 1042 1749 malum
1082 1706 1190 1764 quo
1230 1706 1476 1748 caremus
1521 1689 1687 1762 (quod
1705 1698 1858 1749 sexto

1978 504 2110 562 Nam
2149 506 2383 563 fortasse
2421 515 2478 563 et
2521 516 2808 578 propterea
2850 506 3009 577 panis
3062 505 3240 562 dictus
3279 515 3400 573 est,
3452 520 3563 561 tum

1974 608 2153 681 potus,
2198 597 2323 667 quia
2353 598 2507 667 panis
2538 596 2835 668 frangendo
2858 606 3021 667 atque
3050 596 3351 652 mandendo
3379 597 3433 651 in
3466 598 3552 653 ali-

1975 703 2216 750 mentum
2264 695 2617 762 convertitur,
2665 695 2809 752 sicut
2844 694 3138 766 Scriptura:
3180 696 3471 768 aperiendo
3507 707 3562 752 et

1975 786 2289 843 disserendo
2332 786 2568 841 animam
2611 794 2857 857 pascunt.
2903 786 3070 842 Potus
3098 796 3275 842 autem
3319 798 3557 859 paratus,

1975 878 2133 934 sicuti
2170 887 2272 944 est,
2320 879 2517 933 transit
2546 879 2598 933 in
2630 893 2847 948 corpus,
2893 887 2954 933 ut
2999 878 3104 934 isto
3129 870 3370 950 tempore
3409 881 3562 951 panis

1975 967 2045 1024 sit
2084 968 2326 1035 veritas,
2373 983 2496 1024 cum
2562 968 2911 1038 quotidianus
2959 970 3114 1039 panis
3155 971 3383 1037 dicitur;
3435 982 3564 1025 tunc

1976 1070 2154 1116 autem
2182 1070 2363 1131 potus,
2383 1060 2704 1117 cumlabore
2733 1060 2879 1115 nullo
2896 1060 3201 1131 disputandi
3230 1069 3287 1117 et
3300 1065 3563 1117 sermoci-

1974 1151 2157 1216 nandi,
2189 1152 2340 1221 quasi
2375 1151 2654 1224 frangendi
2699 1158 2860 1221 atque
2889 1153 3194 1217 mandandi,
3244 1167 3380 1223 opus
3429 1154 3557 1218 erit,
3610 1226 3613 1229 _

1974 1244 2068 1298 sed
2104 1243 2217 1298 solo
2252 1245 2445 1298 haustu
2497 1245 2721 1299 sincerae
2750 1259 2814 1298 ac
2849 1244 3145 1315 perspicua:
3183 1245 3442 1299 veritatis.
3495 1242 3585 1311 Et

1972 1340 2190 1400 peccata
2239 1348 2383 1388 nunc
2439 1332 2595 1388 nobis
2623 1332 2984 1398 dimittuntur,
3048 1342 3103 1387 et
3147 1346 3292 1389 nunc
3336 1325 3558 1389 dimitti-

1971 1436 2111 1487 mus,
2155 1438 2274 1494 qute
2316 1423 2509 1479 harum
2559 1432 2792 1493 quatuor
2832 1425 3161 1495 reliquarum
3204 1426 3439 1481 secunda
3466 1439 3561 1496 pe-

1974 1513 2094 1568 titio
2125 1521 2239 1580 est;
2290 1522 2418 1570 tunc
2465 1523 2646 1570 autem
2689 1515 2833 1569 nulla
2865 1516 2969 1571 erit
3000 1516 3159 1571 venia
3186 1526 3560 1586 peccatorum,

1972 1604 2097 1674 quia
2128 1604 2274 1658 nulla
2301 1612 2543 1675 peccata.
2593 1605 2661 1660 Et
2680 1606 3001 1662 tentationes
3028 1605 3376 1677 temporalem
3398 1607 3558 1662 istam

1971 1695 2136 1750 vitam
2184 1695 2459 1763 infestant,
2513 1711 2618 1752 non
2667 1705 2851 1752 autem
2898 1706 3056 1754 erunt
3089 1712 3216 1754 cum
3261 1697 3559 1768 perfectum

247 1791 397 1846 “'loco
437 1788 713 1861 petimus),
744 1787 839 1843 sed
893 1786 963 1841 ab
994 1776 1091 1840 illo
1135 1785 1299 1840 etiam
1366 1768 1681 1850 libet-emitr,
1756 1798 1863 1853 quo
1898 1770 1944 1831 Β
1970 1785 2135 1842 fuerit
2164 1788 2306 1856 quod
2337 1787 2537 1840 dictum
2565 1794 2649 1841 est
2680 1804 2694 1841 :
2726 1786 3021 1842 Abscondes
3044 1803 3132 1843 eos
3164 1789 3221 1842 in
3246 1788 3423 1844 abdito
3447 1788 3562 1845 uul-

273 1886 405 1956 jam-
427 1883 629 1939 inducti
676 1894 881 1937 sumus.
943 1879 1095 1946 Quod
1139 1893 1273 1933 eum
1310 1876 1509 1933 factum
1553 1878 1735 1943 fuerit,
1782 1879 1871 1933 ni-

279 1975 351 2030 hil
395 1973 696 2028 remanebit
727 1969 1153 2033 formidolosum,
1194 1980 1309 2023 nee-
1325 1968 1546 2022 omnino
1576 1967 1864 2023 metuenda

277 2066 379 2120 erit
430 2064 539 2119 ulla
585 2062 829 2117 tentatio.
896 2061 1049 2127 Quod
1114 2065 1294 2115 tamen
1338 2059 1410 2113 'in
1467 2058 1571 2114 hac
1621 2060 1751 2114 vita.
1807 2064 1864 2112 et

278 2155 515 2225 quandiu
585 2154 742 2209 istam
807 2152 1193 2207 mortalitatem
1234 2148 1701 2213 "'circumferimus,
1771 2148 1859 2204 ubi

276 2246 582 2316 serpentina
625 2243 974 2315 persuasione
1013 2241 1217 2296 inducti
1239 2250 1447 2305 sumus,
1501 2253 1609 2293 non
1636 2253 1866 2307 speran-

276 2337 400 2390 dum
452 2350 607 2405 posse
637 2333 751 2390 ﬁeri
770 2375 785 2400 ,
815 2335 909 2389 sed
938 2342 1116 2388 tamen
1143 2331 1434 2401 aliquando
1468 2329 1708 2385 futurum
1736 2346 1863 2400 spe-

277 2425 504 2481 randum
546 2434 650 2481 est.
698 2424 1014 2495 Opportuna
1042 2431 1222 2478 autem
1266 2429 1507 2490 tempore
1554 2417 1867 2487 perﬁcietur

274 2514 573 2581 beatitudo,
605 2529 725 2584 qua:
752 2515 807 2568 in
836 2515 939 2568 hac
981 2512 1095 2566 vita
1136 2510 1386 2565 inchoata
1429 2517 1531 2573 est,
1579 2517 1633 2563 et
1659 2507 1743 2564 cui
1772 2522 1865 2563 ea-

242 2591 554 2675 pessendm
597 2614 759 2675 atque
819 2603 1123 2660 obtinendae
1162 2601 1452 2671 aiiquando
1504 2610 1649 2655 nunc
1687 2599 1863 2656 omnis

270 2708 501 2754 conatus
527 2699 870 2768 impenditur.
922 2695 1027 2751 Sed
1051 2697 1240 2750 harum
1271 2702 1502 2763 quatuor
1544 2693 1864 2764 petitionum

268 2788 666 2844 consideranda
709 2796 764 2842 et
803 2787 1221 2842 commendanda
1270 2785 1544 2839 distinctio
1577 2793 1677 2839 est.
1726 2783 1861 2838 Nam

266 2896 395 2934 CIIII)
463 2879 572 2933 vita
617 2889 804 2932 nostra
846 2877 1225 2947 'tcmporaliter
1270 2888 1415 2930 nunc
1469 2876 1647 2947 agitur
1701 2884 1861 2945 atque

267 2978 517 3040 speratur
577 2977 796 3032 acterna,
834 2976 888 3023 et
915 2985 1037 3023 eum
1081 2973 1281 3023 interna
1305 2968 1486 3037 priora
1537 2975 1663 3022 sunt
1690 2967 1860 3038 digni-

270 3070 404 3124 tate,
440 3059 690 3128 quamvis
718 3057 1098 3128 temporalibus
1126 3057 1277 3126 prius
1304 3057 1440 3111 actis
1454 3056 1528 3110 ad
1556 3055 1645 3109 illa
1676 3064 1856 3111 trans-

269 3124 473 3213 eatur;
516 3148 676 3201 trium
722 3124 1019 3216 primarum
1058 3124 1377 3216 petitionum
1428 3144 1852 3214 impetrationes,
1884 3124 1928 3187 [ἶ

270 3256 585 3312 quanquam
631 3240 683 3295 in
735 3241 836 3294 hac
882 3240 1030 3317 vita,_
1090 3255 1210 3310 quae
1256 3241 1361 3295 isto
1413 3239 1608 3295 sacculo
1659 3240 1856 3310 agitur,

271 3332 555 3388 exordium
592 3333 806 3401 capiant
833 3330 989 3404 (nam
1013 3341 1067 3387 et
1100 3331 1457 3387 sanctificatio
1482 3331 1718 3386 nominis
1738 3332 1856 3399 Dei,

269 3425 339 3477 ab
371 3423 490 3492 ipso
520 3422 726 3476 Domini
771 3422 1069 3477 nativitatis
1098 3423 1328 3477 adventu
1358 3421 1445 3493 agi
1470 3422 1654 3492 coepit,
1685 3433 1743 3477 et
1766 3422 1860 3477 ad-

270 3523 470 3567 ventus
499 3512 645 3582 regni
680 3511 794 3579 ejus
822 3527 929 3582 quo
972 3512 1025 3566 in
1071 3511 1317 3568 claritate
1340 3520 1599 3567 venturus
1628 3520 1712 3567 est
1749 3526 1857 3567 non

263 3602 377 3671 jam
427 3603 581 3658 [inito
622 3604 837 3669 saeculo,
882 3604 974 3658 sed
1006 3604 1060 3658 in
1089 3603 1194 3658 line
1235 3603 1436 3668 Steculi,
1485 3601 1859 3659 manifestabi-

269 3704 379 3762 tur,
429 3703 486 3749 et
514 3694 772 3764 perfectio
817 3696 1106 3750 voluntatis
1133 3693 1249 3763 ejus
1287 3695 1428 3749 sicut
1466 3695 1523 3749 in
1550 3682 1688 3750 casio
1714 3703 1770 3748 et
1803 3696 1857 3750 in

270 3796 437 3848 terra,
481 3787 595 3841 sive
628 3787 803 3856 jostos
845 3794 899 3841 et
950 3795 1263 3855 peceatores
1313 3785 1510 3840 coelum
1548 3794 1610 3839 ’et
1657 3792 1858 3839 terram

268 3879 562 3948 intelligas,
611 3878 725 3932 sive
753 3878 999 3947 spiritum
1043 3887 1095 3932 et
1125 3891 1364 3942 carnem,
1418 3877 1531 3930 sive
1574 3876 1857 3931 Dominum

267 3979 322 4025 et
347 3966 671 4034 Eecicsiam,
697 3970 811 4025 sive
843 3969 1024 4025 omnia
1054 3968 1233 4035 simul,
1274 3968 1387 4038 ipsa
1414 3966 1740 4036 perfectione
1763 3976 1861 4023 no-

266 4072 395 4117 stra:
432 4063 804 4128 beatitudinis,
844 4070 900 4117 et
931 4063 1051 4117 ideo
1080 4061 1259 4116 saeculi
1307 4061 1685 4116 terminatione
1706 4074 1857 4116 com-

266 4146 567 4227 plebitur),
613 4166 794 4213 tamen
847 4157 1028 4211 omnia
1082 4155 1182 4209 tria
1230 4156 1284 4209 in
1349 4162 1613 4210 aeternum
1674 4166 1861 4208 mane-

266 4247 422 4302 bunt.
476 4247 611 4301 Nam
655 4256 710 4302 et
728 4245 1092 4319 sanctiﬁcatio
1138 4245 1372 4300 nominis
1410 4244 1503 4299 Dei
1532 4245 1860 4313 sempiterna

268 4335 398 4400 erit,
448 4343 507 4389 et
550 4335 704 4405 regni
733 4335 850 4405 ejus
887 4350 994 4390 non
1033 4335 1138 4390 erit
1168 4334 1308 4400 linis,
1360 4343 1415 4389 ct
1460 4331 1712 4403 perfectae
1758 4347 1859 4387 no-

168 4425 179 4429 ’
268 4439 395 4482 sine
446 4426 766 4481 beatitudini
801 4433 1003 4481 aeterna
1033 4426 1139 4480 vita
1182 4421 1530 4495 promittitur.
1572 4424 1861 4479 Permane—

267 4515 404 4573 bunt
440 4533 575 4589 ergo
602 4517 707 4573 ista
743 4517 847 4572 tria
900 4523 1272 4572 consummata
1306 4522 1467 4586 atque
1492 4514 1756 4569 cumulata
1804 4513 1859 4569 in

269 4606 360 4661 illa
397 4608 513 4662 vita
560 4622 681 4677 quae
725 4607 882 4662 nobis
909 4606 1262 4676 promittitur.
1310 4605 1535 4676 Reliqua
1561 4616 1694 4661 vero
1728 4620 1864 4675 qua-

270 4705 415 4763 tuor,
447 4712 568 4767 quae
592 4697 846 4767 petimus,
877 4696 945 4752 ad
971 4697 1317 4768 temporalem
1344 4698 1503 4753 istam
1537 4697 1702 4752 vitam
1742 4712 1864 4767 per-

265 4787 451 4843 tinere
479 4788 619 4842 mihi
641 4788 909 4843 videntur.
955 4784 1194 4855 Quorum
1226 4788 1462 4857 primum
1498 4796 1583 4845 est
1620 4807 1632 4841 :
1662 4785 1865 4844 Panem

269 4888 511 4932 nostrum
537 4869 896 4950 quotidianum
924 4878 994 4932 da
1021 4878 1169 4933 nobis
1192 4879 1365 4934 hodie.
1406 4879 1518 4936 Hoc
1563 4881 1682 4951 ipso
1719 4880 1863 4935 enim

269 4968 419 5039 quod
457 4969 634 5025 dictus
668 4976 755 5024 est
781 4968 1143 5039 quotidianus,
1183 4969 1339 5040 panis
1365 4954 1623 5041 spiritalis
1652 4972 1860 5043 signifi-

271 5067 454 5126 catur,
483 5060 600 5117 sive
630 5062 685 5116 in
713 5068 1075 5127 sacramento,
1108 5069 1202 5116 aut
1226 5061 1278 5118 in
1307 5063 1450 5118 victu
1479 5063 1583 5119 isto
1611 5062 1856 5130 visibilis,

269 5149 339 5205 ad
371 5151 479 5207 hoc
516 5158 725 5222 tempus
751 5154 1003 5223 pertinet,
1033 5154 1177 5223 quod
1210 5154 1497 5225 appellavit
1523 5155 1677 5210 hodie
1700 5170 1719 5209 :
1751 5162 1857 5211 non

269 5245 399 5313 quia
432 5246 693 5315 spiritalis
730 5247 882 5302 cibus
910 5263 1015 5303 non
1042 5257 1126 5302 est
1170 5247 1553 5317 sempiternus,
1597 5246 1693 5302 sed
1732 5246 1858 5316 quia

271 5337 401 5402 iste,
451 5341 541 5409 qui
587 5341 934 5410 quotidianus
985 5341 1160 5396 dictus
1187 5341 1357 5395 estin
1388 5339 1704 5409 Seripturis,
1747 5340 1861 5393 sive

270 5429 326 5484 in
374 5430 605 5501 strepitu
648 5435 937 5499 sermunis,
982 5433 1096 5490 sive
1143 5432 1444 5503 quibusque
1481 5432 1867 5503 temporalibus

266 5524 448 5596 signis
498 5527 788 5583 exhibetur
831 5524 1043 5584 animae.
1101 5526 1231 5594 Quae
1281 5525 1462 5582 omnia
1506 5528 1636 5580 tunc
1682 5526 1869 5596 utique

268 5629 381 5669 non
437 5624 616 5681 erunt,
661 5628 783 5672 cum
821 5631 1007 5673 omnes
1035 5624 1195 5672 erunt
1223 5615 1480 5672 docibilcs
1522 5612 1641 5679 Dei,
1688 5623 1745 5670 et
1787 5616 1867 5684 ip-

268 5722 391 5762 sam
448 5705 774 5771 iucil'abiiea1
819 5708 994 5766 lucem
1042 5707 1288 5765 veritatis
1319 5723 1424 5762 non
1473 5714 1620 5761 motu
1673 5721 1862 5774 corpo-

1963 1886 2053 1932 tus
2078 1886 2152 1931 tm
2194 1875 2367 1948 (Psal.
2406 1875 2559 1947 xxx).
2632 1877 2701 1932 Et
2729 1878 2928 1933 malum
2958 1893 2990 1933 a
3017 1894 3128 1951 quo
3151 1879 3372 1937 liberari
3410 1889 3562 1952 opta-

1967 1986 2110 2037 mus,
2157 1979 2212 2025 ct
2238 1970 2354 2041 ipsa
2388 1970 2637 2027 liberatio
2665 1987 2697 2026 a
2726 1971 2868 2028 malo
2894 1971 2961 2027 ad
2993 1973 3135 2029 hanc
3167 1974 3355 2046 utique
3392 1954 3561 2031 vitam

1964 2062 2220 2133 pertinet,
2267 2077 2428 2132 quam
2463 2069 2517 2117 et
2534 2060 2745 2132 iustitia
2791 2062 2886 2117 Dei
2928 2064 3210 2119 mortalem
3239 2065 3558 2132 meruimus,

1962 2162 2020 2208 et
2065 2154 2209 2209 unde
2258 2153 2429 2224 ipsius
2466 2152 2841 2210 misericordia
2891 2152 3263 2211 liberabimur.
3329 2154 3556 2214 Videtur

1964 2247 2130 2302 etiam
2186 2245 2319 2301 mihi
2366 2246 2703 2317 septenarius
2738 2245 2843 2301 iste
2882 2260 3140 2301 numerus
3183 2246 3377 2302 harum
3417 2249 3556 2320 peti-

1965 2340 2172 2395 tionum
2202 2353 2503 2410 congruere
2527 2338 2601 2394 illi
2630 2337 2937 2410 septenario
2961 2353 3207 2408 numero,
3230 2353 3299 2394 ex
3342 2354 3451 2411 quo
3476 2349 3559 2397 ιο-
3624 2403 3629 2407 ,

1966 2442 2053 2488 tus
2096 2434 2197 2488 iste
2241 2445 2423 2489 sermo
2474 2431 2734 2487 manavit.
2806 2429 2865 2486 Si
2910 2431 3055 2487 enim
3102 2432 3266 2489 timor
3307 2432 3404 2489 Dei
3450 2440 3555 2501 est,

1963 2537 2070 2594 quo
2115 2521 2253 2576 beati
2291 2530 2414 2578 sunt
2462 2538 2715 2593 pauperes
2768 2524 2981 2593 spiritu,
3037 2526 3286 2597 quoniam
3321 2526 3554 2596 ipsorum

1961 2621 2035 2667 est
2065 2628 2278 2683 regnum
2303 2611 2545 2667 calorum
2573 2610 2790 2686 (Matth.
2825 2612 2904 2682 v),
2926 2619 3172 2684 petamus
3210 2623 3275 2668 ut
3316 2615 3555 2684 sanctiﬁ-

1962 2711 2109 2757 cetur
2154 2702 2211 2756 in
2253 2701 2563 2757 hominibus
2611 2719 2798 2758 nomen
2842 2702 2961 2769 Dei,
3006 2702 3198 2760 timore
3244 2712 3397 2760 casto
3433 2717 3558 2774 per-

1960 2808 2215 2854 manente
2264 2799 2319 2853 in
2368 2797 2562 2854 smeula
2609 2797 2950 2854 seculorum.
3000 2796 3075 2854 Si
3100 2797 3279 2870 pietas
3324 2806 3411 2855 est
3449 2813 3556 2870 qua

1958 2888 2100 2943 beati
2142 2895 2269 2944 sunt
2314 2888 2485 2955 mites,
2520 2889 2767 2959 quoniam
2805 2887 2904 2960 ipsi
2948 2889 3281 2959 possidebunt
3337 2899 3550 2954 tetram,

1956 2983 2207 3053 petamus
2248 2988 2308 3036 ut
2347 2981 2517 3036 veniat
2571 2996 2786 3051 regnum
2814 2978 2952 3050 ejus,
3001 2981 3115 3037 sive
3158 2981 3212 3036 in
3244 2994 3349 3038 nos
3387 2983 3557 3052 ipsos,

1960 3079 2021 3125 ut
2050 3071 2418 3217 mitesca‘gus,
2464 3079 2567 3129 nec
2611 3074 2660 3130 ei
2688 3075 3027 3139 resistamus,
3079 3077 3194 3132 sive
3224 3077 3471 3134 de'cmlo
3495 3078 3550 3133 in

1960 3171 2135 3216 terras
2162 3155 2217 3215 in
2246 3172 2277 3217 c
2335 3162 2495 3217 ritate
2531 3163 2793 3217 adventus
2843 3167 3073 3217 Domini.
3122 3180 3231 3217 uno
3275 3183 3375 3217 nos.
3414 3183 3549 3217 nau-

1959 3171 2135 3216 terras
2162 3155 2217 3215 in
2246 3155 2495 3219 cldritate
2531 3163 2793 3221 adventus
2842 3167 3073 3233 Domini,
3122 3180 3231 3237 quo
3275 3183 3375 3224 nos
3414 3183 3549 3241 gau-

1959 3248 2206 3307 debimus
2248 3259 2303 3307 et
2332 3252 2655 3320 iactabimur,
2678 3254 2891 3311 dicente
2919 3255 3048 3311 illo:
3100 3253 3297 3323 Venite,
3340 3256 3548 3312 benedi-

1956 3345 2025 3398 cti
2061 3342 2239 3398 Patris
2276 3346 2400 3412 mei,
2445 3354 2500 3401 et
2528 3347 2733 3418 reliqua
2762 3346 2975 3420 (Matth.
3006 3346 3157 3419 xxv).
3202 3347 3269 3403 In
3320 3348 3547 3404 Domina

1956 3434 2121 3501 enim,
2171 3436 2348 3507 inquit
2384 3435 2676 3509 Propheta,
2726 3438 3033 3495 laudabitur
3069 3440 3250 3495 anima
3286 3454 3423 3507 utea;
3451 3458 3551 3495 au-

1956 3524 2106 3581 diant
2160 3528 2422 3583 mansueti
2479 3539 2532 3585 et
2574 3529 2936 3600 jucundam”
2993 3527 3166 3603 (Psal.
3216 3530 3432 3603 sunt).
3493 3530 3550 3586 Si

1956 3615 2179 3671 scientia
2225 3626 2309 3672 est
2348 3633 2454 3688 qua
2497 3619 2633 3673 beati
2672 3628 2799 3675 sunt
2842 3621 2930 3692 qui
2953 3620 3151 3692 lugent,
3177 3622 3425 3692 quoniam
3448 3623 3557 3695 ipsi

1957 3707 2385 3775 consolabuntur,
2426 3720 2646 3765 oremus
2687 3719 2750 3765 ut
2784 3710 2881 3778 ﬁat
2920 3709 3159 3765 uoluntas
3184 3711 3299 3781 ejus
3320 3713 3455 3767 sicut
3491 3713 3548 3768 in

1924 3793 2084 3860 ,εωιο
2124 3803 2173 3847 et
2213 3795 2267 3847 in
2301 3803 2460 3859 terra,
2500 3796 2630 3865 quia
2677 3810 2801 3851 cum
2839 3810 3056 3867 corpus,
3104 3805 3362 3867 tanquam
3403 3808 3548 3856 terra

1957 3884 2190 3956 spiritui,
2246 3893 2503 3957 tanquam
2550 3886 2709 3954 coelo,
2756 3897 3046 3945 summaet
3091 3896 3203 3945 tota
3253 3904 3388 3961 pace
3423 3906 3551 3948 con-

1959 3975 2210 4041 senserit,
2242 3990 2349 4030 non
2400 3976 2725 4047 lugebimus.

2032 4065 2166 4121 Nam
2200 4067 2378 4123 nullus
2408 4068 2544 4124 alius
2566 4069 2730 4140 hujus
2772 4071 3032 4141 temporis
3077 4071 3252 4128 luctus
3278 4072 3363 4130 est
3390 4115 3404 4140 ,
3436 4076 3541 4133 nisi

1963 4171 2088 4211 cum
2129 4158 2388 4213 adverSus
2427 4172 2487 4213 se
2534 4158 2639 4213 ista
2668 4157 2980 4229 conﬂigunt,
3003 4167 3061 4217 et
3096 4169 3298 4235 cogunt
3339 4177 3441 4222 nos
3466 4165 3550 4221 di-

1960 4261 2090 4304 cere
2125 4268 2137 4303 :
2186 4247 2343 4304 Video
2371 4249 2533 4306 aliam
2567 4250 2727 4323 legem
2755 4251 2811 4308 in
2835 4254 3078 4310 membris
3100 4254 3228 4311 meis
3252 4272 3547 4329 repugnan-

1962 4348 2062 4391 tem
2090 4338 2192 4411 legi
2216 4342 2405 4396 mentis
2438 4354 2612 4409 mete;
2639 4351 2695 4398 et
2726 4343 2929 4398 luctum
2972 4353 3217 4401 nostrum
3245 4338 3562 4419 lacrymosa

1964 4442 2097 4484 voce
2127 4432 2313 4486 testari
2344 4450 2356 4486 :
2396 4430 2561 4487 Μίδαν
2590 4446 2682 4504 ego
2709 4434 2885 4500 homo,
2928 4435 3044 4505 quis
3081 4446 3162 4490 nte
3200 4435 3438 4492 liberabit
3486 4440 3552 4496 de

1965 4538 2180 4593 corpore
2224 4525 2406 4587 mortis
2435 4523 2592 4595 hujus
2626 4523 2799 4596 (Rom.
2831 4523 2967 4598 vn)?
3007 4524 3067 4582 Si
3116 4525 3377 4586 fortitudo
3415 4539 3501 4587 est
3531 4572 3548 4598 ,

1965 4630 2069 4686 qua
2099 4615 2235 4671 beati
2263 4618 2503 4689 suntqui
2529 4617 2783 4682 esuriant,
2814 4627 2863 4672 et
2902 4619 3085 4673 s'tiunt
3102 4619 3392 4690 justitiam,
3415 4639 3550 4695 quo-

1966 4706 2107 4760 niam
2133 4707 2233 4777 ipsi
2266 4708 2669 4775 saturabuntur,
2700 4723 2917 4765 oremus
2938 4717 3001 4764 ut
3039 4710 3193 4782 panis
3223 4722 3400 4768 noster
3420 4730 3551 4787 quo-

1966 4797 2203 4852 tidiantts
2224 4798 2378 4853 detur
2401 4801 2549 4854 nobis
2583 4799 2738 4854 hodie
2755 4840 2769 4866 ,
2795 4814 2905 4870 quo
2931 4798 3051 4856 fulti
3078 4810 3240 4872 atque
3263 4808 3548 4861 sustentati

1969 4886 2038 4941 ad
2085 4886 2453 4956 plenissimam
2484 4888 2632 4943 illam
2661 4890 3000 4944 saturitatem
3029 4891 3219 4947 venire
3256 4892 3544 4963 possimus.

1968 4974 2029 5031 Si
2056 4975 2338 5031 consilium
2361 4984 2447 5031 est
2460 4991 2573 5047 quo
2592 4976 2727 5032 beati
2748 4984 2876 5033 sunt
2891 4978 3273 5045 misericordes,
3298 4982 3548 5051 quoniam

1965 5065 2199 5136 ipsorum
2230 5064 2591 5133 miserebitur,
2621 5066 2959 5123 dimittamus
2996 5069 3175 5124 debita
3214 5069 3547 5128 debitoribus

1967 5158 2170 5213 nostris
2192 5198 2208 5224 ,
2256 5164 2314 5213 et
2345 5172 2565 5214 oremus
2591 5166 2653 5213 ut
2677 5159 2833 5216 nobis
2860 5167 3048 5215 nostra
3092 5159 3452 5215 dimittantur.
3487 5160 3547 5218 Si

1966 5247 2270 5304 intellectus
2293 5256 2397 5314 est,
2429 5264 2538 5319 quo
2564 5249 2700 5305 beati
2727 5256 2851 5305 sunt
2873 5248 3069 5303 mundo
3094 5246 3268 5311 corde,
3298 5250 3546 5319 quoniam

1966 5339 2069 5408 ipsi
2107 5338 2391 5393 Dominum
2419 5340 2681 5407 videbunt,
2712 5353 2930 5395 oremus
2954 5352 3062 5392 non
3088 5335 3267 5391 induci
3295 5337 3349 5392 in
3377 5346 3547 5393 tenta-

1966 5429 2181 5484 tionem.
2229 5429 2308 5485 Ne
2335 5431 2632 5487 habeamus
2664 5429 2863 5501 duplex
2911 5445 3044 5495 cor,
3090 5444 3198 5484 non
3231 5437 3546 5500 appetentes

1967 5518 2194 5590 simplex
2226 5522 2424 5577 bonum
2457 5562 2473 5587 ,
2509 5536 2620 5592 quo
2648 5520 2947 5577 referamus
2974 5520 3157 5577 omnia
3183 5535 3304 5590 quae
3349 5534 3543 5589 operav

1968 5626 2120 5677 mur,
2168 5614 2262 5669 sed
2307 5614 2470 5670 simul
2516 5613 2831 5684 temporalia
2871 5622 2928 5668 et
3000 5621 3214 5669 terrena
3265 5613 3541 5670 sectanda.

1966 5703 2311 5761 ’i‘cntationes
2338 5706 2483 5762 enim
2509 5720 2577 5761 cx
2605 5705 2691 5761 his
2717 5705 2879 5761 rebus
2917 5719 3036 5775 qua:
3063 5719 3257 5776 graves
3296 5713 3351 5760 et
3370 5760 3375 5765 ,
3395 5702 3543 5760 cala-
