3978 6190
395 240 502 298 825

1042 238 1102 295 Β.
1143 238 1398 296 RABANI
1438 238 1655 297 MAUR]
1694 243 2014 302 ARCHIEP.
2056 246 2361 306 MOGUNT.
2398 248 2686 308 OPERUI
2720 250 2901 308 PARS
2935 251 2976 306 Ι.

3545 255 3651 321 εει

393 357 606 411 ιιιίιοεω
634 356 886 411 videntur
916 352 1226 411 hominibus
1248 393 1263 419 ,
1296 369 1404 410 non
1450 354 1507 408 in
1550 371 1652 411 nos
1700 357 1900 425 valent,
1929 359 1975 415 si
2002 383 2052 442 Α
2078 361 2308 417 cationis
2326 363 2603 432 permittat
2624 365 2820 421 dimitti
2847 382 3094 435 uxorem,
3121 383 3391 441 quatenus
3408 372 3516 430 hoc
3536 374 3655 432 loco

392 454 500 498 non
548 442 765 497 valeant
791 442 893 500 illae
924 457 1046 513 qua
1060 442 1345 515 blanditiis
1373 459 1562 499 earum
1599 461 1780 503 rerum
1826 449 1971 504 acci-

393 536 528 589 dunt
552 574 568 600 ,
599 548 735 604 quas
761 534 1008 589 homines
1032 533 1203 592 bonas
1226 543 1282 588 et
1308 533 1645 592 hetabundas
1673 545 1879 607 putant.
1914 540 1972 601 Si

393 623 656 692 sapientia
686 620 808 685 est’,
842 615 963 692 “qua
991 622 1129 676 beati
1158 631 1283 679 smit
1311 624 1550 694 paciﬁci,
1577 628 1828 696 quoniam
1868 628 1972 696 ﬁlii

393 714 492 769 Dei
520 716 841 769 vocabuntur
866 754 880 779 ,
928 728 1145 769 oremus
1186 721 1244 768 ut
1287 712 1568 768 liberemur
1603 733 1635 769 α
1663 717 1822 771 malo.
1852 718 1973 788 ipsa

397 806 537 860 enim
578 804 825 859 liberatio
851 804 1051 860 liberos
1080 819 1178 860 nos
1205 802 1360 870 facit,
1394 804 1448 859 id
1491 812 1574 859 est
1599 804 1741 879 filios
1765 805 1886 871 Dei,
1913 814 1973 861 ut

392 897 586 969 spiritu
636 896 943 967 adoptionis
983 897 1333 967 clamemus,:
1374 895 1518 953 Abba
1551 906 1719 966 pater.
1769 897 1969 970 (Ηὶεν.)

394 985 563 1041 Amen
586 995 762 1041 autem
789 987 932 1056 quod
962 986 1015 1040 in
1047 986 1152 1041 ﬁne
1177 994 1390 1042 constat
1409 988 1698 1058 scriptum,
1716 990 1968 1061 signacu-

395 1081 504 1134 lum
533 1090 618 1135 est
640 1079 931 1134 Dominica:
956 1080 1217 1134 orationis
1243 1120 1258 1145 ,
1309 1080 1453 1149 quod
1480 1078 1671 1149 Aquila
1710 1080 1972 1150 interpre-

396 1181 536 1225 tatus
577 1178 661 1225 est
712 1168 976 1238 ﬁdeliter,
1026 1178 1080 1224 et
1129 1184 1229 1224 nos
1272 1154 1387 1223 vere
1428 1184 1717 1239 possumus
1767 1170 1965 1232 dicere.

393 1258 617 1331 (Μιιιιιι.)
650 1258 930 1329 Signiﬁcat
958 1260 1065 1315 hoc
1089 1251 1147 1314 in
1170 1260 1421 1315 omnibus
1464 1261 1819 1330 petitionibus
1850 1262 1970 1317 istis

390 1351 733 1421 purissimam
755 1351 1053 1406 consistere
1080 1352 1450 1416 veritatem,et
1474 1349 1837 1405 indubitanter
1862 1351 1968 1405 illis

389 1441 679 1497 aDomino
725 1440 960 1497 conferri
1006 1443 1186 1498 omnia
1236 1458 1357 1512 qua:
1388 1443 1488 1496 ere
1515 1442 1826 1512 postulant,
1875 1444 1967 1513 qui

389 1534 712 1591 conditionis
766 1534 968 1591 ultimm
1020 1550 1236 1592 servare
1263 1544 1480 1605 pactum
1515 1549 1622 1590 non
1669 1534 1961 1605 negligant.

394 1628 543 1684 Unde
579 1636 635 1684 et
662 1628 911 1684 subditur
934 1646 947 1683 :
1354 1614 1361 1623 ’

2076 452 2417 523 intelligenda
2447 454 2517 510 sit
2560 453 2867 521 fornicatio,
2911 464 3093 513 utrum
3121 473 3403 530 quousque
3451 462 3653 519 intelli—

2076 553 2209 614 gnat
2234 560 2442 613 omnes,
2474 546 2527 601 id
2561 555 2669 613 est,
2693 556 2755 602 ut
2775 564 2896 603 eam
2926 548 3333 607 fornicationem
3368 555 3657 611 credamus

2077 636 2299 701 dictam,
2331 653 2451 705 quae
2494 637 2548 692 in
2597 640 2802 709 stupris
2848 642 3224 709 coxmnittitur,
3282 659 3351 700 an
3395 649 3655 717 quemad-

2076 728 2295 782 modum
2322 727 2615 798 Scriptura:
2641 730 2817 785 solent
2836 729 3248 800 fornicationem
3270 751 3491 803 uocare,
3516 738 3652 794 sicut

2075 832 2238 887 supra
2284 821 2488 875 dictum
2538 829 2641 886 est,
2698 836 2911 887 omnem
2966 824 3210 880 illicitum
3261 830 3653 899 concupiscen-

2076 910 2227 976 tiam,
2286 912 2426 969 sicut
2466 921 2550 968 est
2599 913 2922 979 idololatria,
2974 917 3058 983 vel
3104 920 3357 987 avaritia,
3407 930 3463 983 et
3493 939 3559 979 ex
3589 942 3655 979 eo

2067 997 2179 1067 jam
2224 1001 2401 1054 omnis
2434 1002 2787 1071 transgressio
2822 1004 2957 1075 legis
2980 1018 3202 1077 propter
3227 992 3471 1067 illicitam
3524 1028 3656 1068 con-

2072 1094 2481 1163 cupiscentiam.
2542 1093 2676 1160 Quis
2726 1096 2869 1151 enim
2906 1095 3018 1165 jam
3054 1080 3648 1173 quamlibgbillieitam

2072 1185 2559 1275 concupiscentiam
2601 1196 2781 1256 potest
2806 1198 2951 1244 recte
2980 1206 3011 1245 a
3042 1190 3411 1250 fornicationis
3449 1212 3649 1268 genere

2071 1291 2346 1346 separare,
2391 1278 2436 1333 si
2464 1278 2687 1332 avaritia
2714 1277 2996 1335 fornicatio
3028 1292 3113 1336 est
3141 1283 3163 1337 ?
3209 1283 3286 1338 Ex
3318 1300 3426 1354 quo
3450 1286 3649 1341 intelli-

2069 1367 2212 1438 gitur
2242 1376 2464 1436 propter
2511 1367 2727 1423 illicitas
2756 1372 3239 1439 concupiscentias,
3288 1390 3396 1430 non
3438 1386 3646 1429 tantum

2068 1473 2188 1527 quae
2227 1458 2281 1532 in
2308 1457 2512 1528 stupris
2553 1474 2676 1513 cum
2699 1459 2889 1515 alienis
2925 1462 3072 1528 viris,
3114 1470 3208 1517 aut
3234 1463 3456 1520 feminis
3500 1483 3648 1521 con:-

2070 1550 2377 1613 tuittuntur,
2423 1547 2517 1603 sed
2546 1548 2768 1609 omnino
2793 1550 3080 1618 qnaslibct,
3112 1569 3233 1623 qua:
3262 1554 3501 1609 animum
3528 1573 3647 1610 cor-

2068 1651 2199 1705 pore
2220 1635 2366 1690 male
2396 1644 2634 1692 utentem
2655 1653 2686 1693 a
2706 1637 2826 1709 lege
2848 1639 3105 1694 aberrare
3133 1640 3357 1709 faciunt,
3386 1652 3442 1698 et
3462 1645 3643 1713 perni-

459 1718 517 1772 Si
542 1719 680 1774 enim
707 1718 1011 1779 dimiseritis
1043 1719 1343 1774 hominibus
1357 1729 1567 1790 peccata
1615 1736 1819 1785 eorum,
1881 1719 1965 1773 di—
1995 1729 2037 1789 B
2065 1727 2212 1782 ciose
2241 1728 2576 1800 turpiterque,
2616 1731 2909 1801 cog-rumpi,
2961 1733 3131 1802 p055“
3177 1734 3294 1790 sine
3314 1735 3542 1792 crimine
3592 1746 3648 1793 ει

388 1812 549 1864 mittet
594 1820 641 1864 et
670 1809 812 1866 nobis
842 1807 1005 1863 Pater
1027 1819 1187 1863 vester
1215 1809 1431 1865 scelestis
1460 1808 1684 1875 delirta';
1714 1809 1761 1864 si
1788 1819 1959 1864 autem

386 1924 489 1960 non
515 1905 817 1960 dimiseritis
854 1903 1168 1967 hominibus,
1220 1920 1312 1959 nec
1347 1913 1496 1974 pater
1533 1912 1698 1957 vester
1738 1902 1960 1957 dimittet

383 2006 593 2067 peccata
621 2005 805 2050 vestra.
825 1992 1095 2066 (Iliorum)
1120 1992 1177 2048 Si
1206 2008 1310 2048 non
1328 1992 1962 2048 dimiseritisbominibus

386 2089 536 2154 dicit,
585 2087 740 2158 quasi
756 2102 874 2152 non
905 2085 1152 2141 homines
1171 2086 1280 2140 sint
1308 2084 1402 2153 qui
1430 2083 1733 2149 dimittunt,
1773 2084 1827 2137 il
1855 2092 1961 2149 est,

356 2175 492 2243 ’.ιιοιι
534 2177 782 2243 humani,
836 2190 1010 2246 neque
1059 2175 1278 2231 terreni.
1329 2173 1442 2229 Hoc
1488 2182 1574 2228 est
1623 2175 1768 2229 enim
1820 2173 1962 2244 quod

383 2272 646 2341 seniptum
666 2278 750 2326 est
779 2288 791 2323 :
818 2269 929 2339 Ego
952 2268 1064 2322 disi
1094 2284 1112 2322 :
1140 2268 1229 2322 Dii
1251 2269 1396 2333 estis,
1431 2277 1478 2320 et
1509 2265 1610 2335 ﬁlii
1627 2266 1815 2321 excelsi
1852 2283 1964 2320 σηιε-

384 2379 493 2417 ues.
514 2381 519 2387 ’
541 2359 638 2430 Vos
666 2371 843 2414 autem
882 2368 940 2412 ut
975 2359 1211 2413 homines
1232 2357 1548 2422 moriemini,
1576 2366 1622 2410 et
1649 2358 1801 2427 quasi
1826 2372 1960 2411 unus

383 2456 448 2510 de
473 2452 794 2524 principibus
829 2451 1025 2505 cadetis
1074 2450 1245 2521 (Psal.
1274 2447 1480 2522 Lxxn).
1531 2448 1612 2503 Ad
1638 2463 1733 2504 eos
1763 2448 1963 2503 dicitur

383 2544 472 2612 qui
496 2550 716 2613 propter
732 2547 953 2612 peccata
978 2540 1222 2595 homines
1249 2554 1314 2594 ex
1346 2539 1450 2594 diis
1478 2552 1597 2595 esse
1623 2544 1957 2594 meruerunt.

382 2632 551 2688 Recte
578 2648 709 2704 ergo
748 2639 803 2686 et
832 2631 888 2687 hi
915 2630 1112 2701 quibus
1171 2639 1393 2701 peccata
1467 2628 1814 2685 dimittuntur
1866 2630 1963 2685 ho-

383 2731 558 2786 mines
617 2729 866 2801 appellati
904 2738 1049 2783 sunt.
1106 2725 1289 2800 (Aug.)
1339 2724 1597 2795 Sequitur
1648 2724 1715 2778 de
1756 2721 1961 2793 jejunio

380 2830 708 2893 prtcceptum
739 2822 809 2876 ad
841 2821 1087 2877 eamdem
1118 2818 1395 2889 pertinens
1422 2816 1604 2873 cordis
1650 2813 1959 2870 mundatio—

377 2929 525 2979 nem,
551 2912 620 2969 de
649 2928 756 2983 qua
777 2927 918 2967 nunc
957 2910 1151 2982 agitur.
1208 2907 1345 2962 Nam
1370 2914 1423 2964 et
1458 2907 1513 2961 in
1541 2908 1647 2963 hoc
1673 2919 1836 2975 opere
1865 2919 1959 2960 ca-
2016 2982 2019 2983 ν

381 3006 609 3061 vendum
634 3013 720 3062 est
756 3020 825 3060 ne
850 3004 1106 3074 subrepat
1129 3002 1309 3072 aliqua
1338 3000 1651 3067 ostentatio,
1697 3007 1754 3053 et
1798 3012 1960 3070 appe-

2006 1832 2027 1859 \
2064 1818 2147 1873 vir
2170 1834 2391 1874 uxorem
2422 1818 2712 1885 dimittere,
2733 1829 2790 1875 et
2811 1836 2946 1876 uxor
2973 1822 3168 1890 virum,
3215 1825 3342 1895 quia
3364 1836 3647 1897 exceptam

2060 1906 2193 1964 facit
2244 1907 2505 1964 Dominus
2532 1923 2751 1964 causam
2772 1907 3167 1968 fornicationis.
3216 1913 3388 1981 Quam
3412 1914 3648 1971 fornica-

2063 1999 2267 2054 tionem
2315 1999 2478 2071 (sicut
2500 2016 2665 2072 supra
2697 2016 3181 2060 commemoratum
3206 2005 3316 2079 est)
3339 2008 3643 2078 generalem

2061 2098 2117 2146 et
2150 2089 2509 2146 universalem
2534 2091 2833 2163 intelligere
2859 2094 3122 2165 cogimur.
3173 2093 3311 2151 Cum
3340 2105 3525 2151 autem
3568 2099 3644 2151 ait

2060 2192 2283 2253 excepta
2312 2197 2476 2239 causa
2498 2181 2892 2251 fornicationis,
2917 2200 3022 2239 non
3050 2184 3205 2252 dixit,
3230 2185 3381 2254 cujus
3404 2186 3643 2258 ipsorum

2061 2275 2184 2341 viri,
2213 2292 2282 2330 an
2311 2274 2544 2331 feminae.
2578 2274 2701 2332 Non
2720 2277 2863 2333 enim
2891 2287 3095 2333 tantum
3123 2278 3482 2335 fornicantem
3510 2298 3644 2336 uxo-

2061 2379 2176 2419 rem
2198 2364 2472 2420 dimittere
2503 2366 2839 2432 conceditur,
2879 2368 2974 2422 sed
2996 2369 3240 2439 quisquis
3278 2384 3397 2424 eam
3427 2386 3641 2442 quoque

2061 2472 2285 2512 uxorem
2319 2458 2564 2526 dimittit,
2593 2474 2622 2515 a
2653 2475 2761 2531 qua
2781 2461 2897 2531 ipse
2923 2463 3134 2532 cogitur
3161 2462 3441 2531 fornicari,
3480 2482 3642 2520 causa

2060 2546 2434 2604 fornicationis
2457 2550 2644 2620 utique
2672 2550 2914 2607 dimittit.
2970 2552 3122 2608 Velut
3147 2554 3193 2610 si
3220 2554 3455 2625 aliquem
3484 2567 3639 2627 cogat

2060 2655 2198 2694 uxor
2218 2639 2526 2695 sacriﬁcare
2562 2640 2739 2708 idolis,
2762 2641 2853 2713 qui
2885 2642 3044 2698 talem
3071 2645 3309 2711 dimittit,
3344 2662 3509 2703 causa
3530 2647 3641 2703 for-

2060 2729 2346 2786 niwtionis
2376 2730 2622 2797 dimittit,
2660 2747 2769 2788 non
2792 2741 2999 2788 tantum
3048 2734 3207 2802 illius,
3256 2737 3352 2792 sed
3402 2745 3456 2792 et
3483 2754 3633 2790 sum;
3698 2794 3711 2799 μ

2060 2819 2224 2886 illius,
2289 2821 2416 2892 quia
2443 2820 2781 2890 fornicatur;
2811 2840 2939 2887 suae,
2971 2841 3041 2882 ne
3066 2825 3380 2882 fornicetur.
3436 2826 3635 2882 Iterum

2061 2908 2285 2965 audistis
2335 2912 2462 2983 quia
2486 2911 2691 2966 dictum
2728 2922 2803 2969 est
2854 2915 3122 2985 antiquis:
3150 2914 3273 2970 Non
3297 2917 3637 2986 perjumbis;

2064 3000 2245 3056 reddes
2271 3012 2444 3057 autem
2463 3001 2690 3057 Domino
2714 3004 3022 3073 jurameuta
3041 3016 3155 3061 tua.
3187 3006 3298 3078 Ego
3319 3017 3491 3065 autem
3516 3008 3637 3061 dico

380 3098 509 3151 titus
542 3096 717 3152 laudis
742 3097 1011 3160 humanae,
1054 3095 1147 3164 qui
1178 3093 1415 3164 duplicet
1458 3107 1555 3148 cor
1584 3098 1852 3156 nostrum,
1899 3098 1953 3146 et
1980 3077 2027 3141 C
2056 3090 2198 3146 vobis
2252 3107 2355 3147 non
2389 3091 2580 3163 jurare
2620 3094 2852 3163 omnino,
2901 3111 3064 3167 neque
3110 3113 3206 3167 per
3236 3077 3454 3162 fartum,
3511 3099 3631 3169 quia

376 3205 485 3244 non
510 3188 653 3257 sinat
688 3186 947 3242 mundum
982 3194 1038 3240 et
1064 3183 1292 3255 simplex
1314 3199 1434 3240 esse
1454 3183 1524 3239 ad
1548 3181 1951 3254 intelligendum

375 3281 682 3337 Dominum.
732 3279 870 3335 Dicit
890 3278 1033 3333 enim
1068 3294 1083 3331 :

447 3374 578 3427 Cum
623 3380 797 3427 autem
828 3370 1111 3441 jejunatis,
1155 3371 1313 3425 nolite
1347 3368 1468 3438 ﬁeri
1496 3370 1631 3423 sicut
1670 3366 1954 3437 hypocrin

367 3466 543 3520 tristes
572 3478 592 3518 .°
620 3461 963 3517 exterminant
1011 3460 1146 3517 enim
1184 3459 1344 3530 [acies
1383 3474 1531 3524 suos,
1583 3466 1639 3510 ut
1666 3464 1952 3527 appareant

371 3553 667 3610 liminibus
682 3553 1010 3624 jejuuantes.
1067 3550 1232 3605 Amen
1256 3550 1373 3604 dico
1401 3548 1562 3615 vobis,
1601 3548 1726 3616 quia
1754 3562 1954 3617 recepe-

372 3656 491 3702 runt
519 3645 805 3701 mercedem
824 3661 996 3699 suam.
1051 3641 1186 3716 [ιιι]
1231 3642 1385 3709 Quod
1405 3642 1496 3712 qui
1522 3655 1627 3696 non
1659 3640 1791 3705 odit,
1820 3653 1949 3696 nec-

369 3740 497 3793 dum
527 3746 673 3792 amat
692 3735 839 3793 illam
866 3736 1052 3801 vitam,
1104 3734 1196 3790 ubi
1226 3733 1375 3789 nulla
1401 3733 1511 3789 erit
1563 3732 1802 3789 conditio
1848 3748 1947 3787 na-

367 3830 553 3885 scendi
594 3836 756 3898 atque
778 3826 1063 3889 moriendi,
1109 3840 1231 3896 quae
1260 3824 1513 3896 copulant
1565 3832 1779 3880 terrena
1818 3838 1947 3879 con-

363 3920 514 3991 jugia
544 3936 558 3984 ;
603 3919 815 3975 odimus
853 3917 998 3973 enim
1045 3918 1161 3972 sine
1190 3916 1352 3972 dubio
1385 3917 1529 3985 quod
1557 3923 1704 3971 certe
1736 3924 1796 3971 ut
1841 3915 1947 3969 ali-

365 4011 583 4083 quando
632 4024 738 4067 nou
769 4010 842 4066 sit
873 4016 1139 4079 optamus.
1191 4006 1283 4064 Sic
1306 4007 1490 4078 itaque
1536 4006 1806 4061 invenitur
1854 4021 1943 4062 se-

364 4104 600 4161 cundum
634 4110 924 4174 utrumque
955 4100 1165 4158 Domini
1210 4103 1545 4167 mandatum,
1593 4099 1766 4155 bonus
1790 4098 1946 4155 Chri-

364 4196 574 4250 stianus
592 4193 817 4264 diligere
843 4192 897 4246 in
928 4207 1033 4248 una
1061 4191 1261 4249 femina
1288 4197 1589 4248 creaturam
1620 4189 1735 4256 Dei,
1780 4205 1942 4260 quam

363 4283 686 4353 performari
709 4291 764 4340 et
785 4282 1037 4338 renovari
1060 4281 1368 4347 desiderat;
1403 4281 1583 4337 odisse
1606 4288 1786 4337 autem
1807 4295 1939 4336 cou-

360 4372 715 4441 junctionem,
761 4372 1270 4443 copulatitmemque
1314 4370 1718 4441 corruptibilem
1776 4378 1939 4439 atque

363 4463 667 4529 mortalem,
724 4464 829 4521 hoc
848 4471 934 4518 est
977 4463 1199 4534 diligere
1254 4463 1311 4518 in
1349 4478 1418 4519 eo
1444 4463 1588 4533 quod
1638 4463 1801 4518 homo
1833 4470 1935 4529 est,

359 4556 538 4610 odisse
585 4553 729 4623 quod
770 4569 907 4607 uxor
934 4562 1036 4608 est.
1085 4554 1163 4608 Ita
1207 4554 1367 4608 etiam
1421 4552 1593 4621 diligit
1641 4552 1937 4618 inimicum,

358 4661 464 4698 non
496 4645 549 4699 in
582 4650 844 4712 quantum
873 4643 1121 4698 inimicus
1143 4650 1247 4708 est,
1277 4643 1369 4698 sed
1408 4642 1461 4696 in
1486 4624 1749 4710 quantum
1779 4642 1940 4697 homo

357 4747 461 4801 est,
522 4743 582 4790 ut
621 4735 725 4790 hoc
750 4735 800 4789 ei
830 4735 955 4790 velit
988 4734 1273 4805 provenire
1298 4735 1443 4804 quod
1470 4735 1595 4798 sibi,
1644 4735 1696 4790 id
1720 4744 1821 4801 est,
1879 4746 1937 4790 ut

357 4832 423 4885 ad
464 4846 687 4901 regnum
717 4829 979 4884 cmlorum
1002 4838 1279 4885 correctus
1322 4841 1717 4900 renovatusqu
1742 4846 1935 4901 perve-

355 4926 488 4978 niat.
515 4923 630 4978 Hoc
654 4931 709 4978 et
728 4923 795 4978 de
817 4933 988 4993 patre,
1017 4922 1160 4977 etde
1187 4931 1358 4978 matre
1386 4932 1441 4978 et
1469 4924 1682 4980 caneris
1705 4924 1932 4981 vinculis

353 5016 633 5087 sanguinis
652 5014 1057 5086 intelligendum
1089 5021 1193 5079 est,
1226 5023 1283 5069 ut
1305 5015 1357 5069 in
1385 5016 1467 5071 eis
1495 5015 1770 5071 oderimus
1791 5019 1932 5087 quod

353 5126 520 5179 genus
560 5111 856 5165 humanum
915 5106 1186 5162 nascendo
1251 5115 1306 5161 et
1350 5107 1634 5162 moriendo
1679 5108 1931 5162 sortitum

350 5216 457 5267 est,
510 5202 796 5274 diligamus
839 5212 1017 5256 autem
1056 5202 1198 5272 quod
1226 5200 1501 5255 nobiscum
1528 5206 1709 5270 potest
1754 5200 1821 5254 ad
1841 5199 1933 5255 illa

336 5313 511 5365 regna
540 5295 785 5365 perduci,
818 5295 908 5348 ubi
934 5309 1094 5349 nemo
1128 5293 1264 5348 dicit
1277 5292 1441 5348 Pater
1473 5308 1647 5357 meus,
1695 5292 1790 5347 sed
1814 5307 1931 5347 om-

349 5401 444 5439 nes
469 5384 688 5439 omnino
718 5386 808 5439 nni
840 5384 948 5438 Deo
975 5403 987 5436 :
1017 5382 1178 5437 Pater
1199 5393 1413 5445 noster;
1452 5397 1552 5436 nec
1587 5381 1759 5436 Mater
1787 5397 1926 5446 mea,

351 5475 444 5530 sed
473 5490 662 5532 omnes
682 5475 757 5530 illi
786 5473 1085 5529 Jerusalem
1115 5491 1127 5525 :
1153 5472 1322 5527 Mater
1356 5478 1542 5526 nostra
1567 5487 1582 5537 ;
1616 5486 1717 5527 nec
1740 5470 1930 5524 Frater

352 5581 520 5627 meus,
564 5564 659 5620 sed
686 5580 876 5620 omnes
897 5564 966 5618 de
986 5564 1234 5619 omnibus
1268 5582 1280 5616 :
1320 5563 1510 5617 Frater
1534 5571 1739 5617 noster.
1792 5562 1930 5617 Exo-

360 5653 492 5707 ritur
513 5654 603 5709 hic
649 5657 820 5712 altera
856 5655 1079 5724 quaestio
1110 5671 1231 5711 cum
1258 5654 1517 5710 Dominus
1562 5670 1727 5710 causa
1753 5654 1927 5711 forni-

1970 4417 2022 4479 Ι)

2058 3179 2275 3235 thronus
2322 3181 2420 3235 Dei
2454 3192 2575 3251 sst,_
2614 3199 2778 3253 neque
2824 3200 2916 3253 per
2939 3193 3153 3252 terram,
3192 3187 3316 3257 quia
3349 3186 3629 3242 scabellnm

2055 3280 2131 3326 est
2152 3272 2341 3340 pedum
2363 3272 2512 3343 ejus;
2554 3290 2715 3344 neque
2742 3290 2833 3344 per
2867 3273 3309 3346 Hierosolymam,
3352 3277 3479 3348 quia
3505 3278 3630 3331 ciri-

2054 3371 2134 3418 tas
2165 3371 2237 3417 est
2265 3364 2441 3435 magni
2466 3365 2633 3435 regis;
2657 3381 2818 3434 neque
2863 3382 2956 3436 per
2984 3377 3137 3437 caput
3173 3376 3316 3421 tuum
3335 3368 3629 3435 jurareris,

2052 3457 2178 3527 quia
2225 3472 2330 3510 non
2378 3465 2521 3528 potes
2569 3473 2730 3511 unum
2769 3456 3016 3527 capillum
3071 3456 3247 3512 album
3304 3457 3478 3527 facere
3537 3468 3627 3512 ait

2051 3549 2277 3619 nigrum.

2123 3638 2273 3694 Haiic
2298 3655 2396 3711 per
2414 3639 2681 3697 elementa
2705 3639 2923 3711 iurandi
2952 3643 3241 3712 pessimam
3273 3642 3619 3699 consuetudi-

2049 3744 2175 3785 nem
2190 3745 2405 3802 semper
2426 3732 2661 3787 habuere
2683 3731 2879 3799 Judaai,
2899 3733 3039 3789 sicut
3055 3734 3389 3805 prophetalis
3413 3749 3504 3789 eos
3521 3735 3626 3788 fre-

2048 3830 2276 3892 quenter
2295 3822 2473 3894 arguit
2489 3838 2689 3879 sermo.
2736 3824 2871 3891 Quia
2899 3824 2989 3894 qui
3008 3825 3183 3896 iurat,
3203 3834 3299 3880 aut
3316 3834 3627 3889 veneratur,

2046 3924 2143 3969 aut
2180 3914 2355 3987 diligit
2395 3930 2519 3971 eum
2552 3932 2653 3987 per
2693 3931 2853 3987 quem
2894 3915 3060 3986 jurat.
3106 3917 3379 3989 (Hirtam)
3422 3919 3479 3974 lu
3513 3919 3625 3988 lege

2043 4016 2369 4078 prmceptum
2400 4016 2486 4063 est
2527 4017 2587 4067 ut
2630 4023 2735 4063 non
2780 4008 3025 4079 juremus
3055 4009 3159 4065 nisi
3208 4025 3308 4082 per
3343 4010 3624 4067 Dominum

2012 4106 2291 4155 .nostrum
2344 4108 2400 4154 et
2454 4100 2644 4155 Deum.
2710 4098 2844 4155 Nam
2913 4099 3082 4159 Judaei
3143 4116 3242 4173 per
3291 4103 3512 4173 angelos
3568 4113 3621 4157 et

2043 4190 2233 4249 urbem
2252 4190 2574 4258 Jerusalem,
2602 4200 2655 4247 et
2681 4192 2958 4264 templum,
2982 4202 3039 4248 et
3060 4193 3325 4249 elementa
3351 4196 3618 4266 jurantes,

2044 4290 2328 4339 creaturas
2356 4298 2552 4354 resque
2577 4284 2822 4341 carnales
2864 4274 3282 4352 venerabantur,
3315 4286 3519 4342 honore
3566 4299 3621 4339 et

2046 4372 2306 4442 obsequio
2359 4372 2453 4429 Dei
2483 4382 2808 4443 contempto.
2866 4372 3106 4443 Denique
3144 4375 3431 4430 considera
3478 4376 3617 4444 quod

2046 4462 2137 4517 hic
2163 4460 2412 4518 Salvator
2458 4478 2563 4517 non
2591 4478 2689 4532 per
2712 4462 2881 4519 Deum
2905 4462 3096 4531 jurare
3123 4463 3481 4534 prohibuerit,
3526 4463 3616 4517 sed

2044 4567 2143 4622 per
2163 4553 2452 4620 ccelum,et
2469 4562 2693 4621 terram,
2709 4562 2766 4608 et
2784 4553 3230 4626 Hierosolymam,
3257 4563 3316 4610 et
3333 4571 3435 4625 per
3458 4562 3615 4623 caput

2045 4652 2216 4698 tuum.
2271 4642 2334 4697 Et
2362 4644 2465 4700 hoc
2488 4643 2642 4714 quasi
2671 4643 2907 4714 parvulis
2934 4644 3111 4700 fuerat
3133 4645 3251 4716 lege
3276 4662 3612 4709 concessum,

2042 4744 2104 4790 ut
2131 4736 2401 4806 quomodo
2436 4735 2682 4790 victimas
2714 4735 3063 4791 immolabant
3093 4736 3225 4801 Deo,
3251 4751 3322 4792 ne
3341 4753 3437 4792 eas
3466 4736 3613 4791 idolii

2040 4825 2403 4888 immolarent,
2451 4824 2530 4880 sic
2555 4831 2610 4880 et
2634 4824 2816 4895 iurare
2862 4825 3305 4893 permitterentur
3353 4825 3409 4879 in
3435 4826 3611 4880 Domi-

2042 4935 2195 4981 num,
2250 4934 2354 4973 non
2381 4932 2488 4987 quo
2515 4926 2660 4973 recte
2689 4914 2947 4982 lacerent,
2992 4916 3087 4971 sed
3118 4931 3225 4985 quo
3258 4916 3453 4972 melius
3477 4926 3610 4970 esset

2043 5012 2153 5066 Deo
2190 5010 2242 5065 id
2271 5010 2546 5074 exhibere,
2590 5025 2753 5078 quam
2787 5009 3137 5063 diemonibus.
3171 5008 3495 5079 Evangelica
3521 5023 3608 5060 au-

2040 5114 2146 5158 tem
2176 5104 2375 5158 veritas
2396 5117 2500 5157 non
2532 5103 2735 5170 recepit
2758 5100 3144 5170 juramentum,
3162 5116 3286 5155 cum
3308 5101 3487 5157 omnis
3505 5115 3607 5154 seu

2039 5211 2129 5250 mo
2145 5195 2317 5249 ﬁdelis
2337 5193 2795 5264 projurejurando
2819 5194 2910 5248 sit.
2930 5193 3082 5248 Sicut
3097 5192 3243 5247 enim
3263 5193 3455 5248 falsum
3471 5193 3605 5262 loqui

2034 5302 2141 5341 non
2172 5293 2348 5355 potest
2376 5286 2468 5357 qui
2491 5302 2595 5342 non
2620 5286 2877 5356 loquitur,
2919 5286 2999 5340 sic
3017 5285 3265 5355 peierare
3300 5302 3408 5339 non
3438 5294 3605 5356 poteSt

2030 5379 2120 5447 qui
2154 5394 2258 5434 non
2279 5378 2445 5447 jurat.
2479 5380 2660 5450 (.iug.)
2705 5379 2808 5434 Sed
2842 5388 3018 5433 tamen
3063 5378 3321 5448 quoniam
3342 5377 3495 5447 jurat
3523 5376 3600 5444 qui

2030 5469 2252 5524 adhibet
2281 5480 2471 5525 testem
2510 5470 2697 5533 Deuni,
2735 5470 3017 5539 diligenter
3050 5468 3501 5524 considerandum
3531 5475 3601 5521 est

2030 5560 2134 5615 hoc
2159 5560 2475 5629 capitulum,
2499 5576 2566 5614 ne
2587 5569 2772 5615 contra
2796 5567 3121 5631 praeceptum
3151 5559 3365 5615 Domini
3388 5559 3601 5630 Aposto-

2030 5650 2113 5705 lus
2161 5649 2357 5707 l'ecisse
2390 5650 2655 5717 videatur,
2707 5652 2797 5721 qui
2846 5667 2987 5722 saepe
3040 5653 3142 5708 hoc
3176 5652 3335 5709 modo
3386 5655 3599 5722 iuravit.
