3978 6190
252 318 355 376 8Ξῦ

1219 309 1572 387 ωιωιιεΝτ.
1612 308 1683 366 ιιι
1719 308 2162 369 duramen.
2206 344 2273 354 -
2309 279 2442 370 uti.
2482 315 2551 371 ιι.

3426 320 3541 378 826

252 449 374 492 cum
403 428 535 487 dicit
562 449 578 486 :
611 428 744 496 Qui:
773 436 947 483 autem
971 427 1140 482 scribo
1163 426 1324 491 vobis,
1351 443 1471 483 ecce
1491 442 1671 483 coram
1698 424 1841 492 Deo,
1863 432 1914 494 Α
1940 426 2170 493 ratione,
2219 442 2341 497 qua:
2370 429 2474 485 etsi
2506 444 2612 486 non
2644 429 2807 497 bona,
2860 438 3041 487 tamen
3070 433 3381 490 necessaria
3426 451 3535 496 (ξεί,

250 522 373 594 quia
409 536 515 575 non
551 518 775 573 mentior
809 514 955 589 (Cal.
988 515 1049 587 ι).
1083 516 1149 570 Et
1174 514 1371 571 iterum
1404 532 1417 569 :
1448 513 1593 569 Deus
1622 523 1673 567 et
1692 522 1846 584 pater

252 610 465 668 Domini
489 608 653 666 nostri
671 606 800 663 Jesu
828 603 1043 671 Christi,
1067 606 1156 675 qui
1187 615 1261 660 est
1289 602 1583 659 benedictus
1599 602 1652 657 in
1678 618 1847 656 saecu-

253 700 326 766 la,
353 699 452 755 scit
476 696 599 769 quia
620 713 724 750 non
745 695 968 769 mentior
990 693 1075 766 (II
1106 692 1228 747 Cor.
1261 691 1362 768 xi).
1391 688 1522 746 Tale
1550 700 1733 744 autem
1762 695 1846 744 est

254 780 383 851 illud
413 810 427 847 :
457 791 623 848 Testis
647 792 783 845 enim
814 790 939 843 mihi
966 800 1040 843 est
1075 788 1237 851 Deus,
1269 788 1354 840 cui
1379 785 1545 840 servio
1574 784 1625 837 in
1655 783 1843 853 spiritu

254 903 368 941 meo
397 886 451 940 in
479 881 766 953 Evangelia
814 879 946 935 Filii
976 882 1109 951 ejus,
1141 878 1401 951 quomodo
1434 878 1547 930 sine
1576 873 1841 928 intermis-

254 979 400 1032 sione
453 975 764 1030 memoriam
804 973 958 1027 vestri
1008 972 1147 1041 facio
1176 986 1377 1040 semper
1415 969 1469 1022 in
1516 964 1841 1020 orationibus

254 1071 382 1124 meis
412 1067 584 1140 (Rom.
624 1069 684 1139 ι).
738 1066 816 1120 Ita
845 1080 974 1136 ergo
1011 1065 1324 1134 intelligitur
1362 1062 1682 1132 praecopisse
1740 1060 1843 1114 Do-

256 1159 461 1215 minum
486 1174 553 1212 ne
570 1156 804 1227 jurctur,
836 1172 903 1210 ne
924 1156 1208 1224 quisquam
1233 1154 1375 1208 sicut
1399 1155 1597 1207 bonum
1623 1159 1843 1220 appetat

234 1250 646 1324 jusjurandum,
678 1259 734 1304 et
753 1248 1070 1305 assiduitate
1093 1246 1313 1317 jurandi
1340 1247 1390 1299 in
1418 1243 1717 1319 perjurium
1742 1258 1842 1313 per

255 1343 698 1400 consuetudinem
745 1340 1045 1397 delabatur.
1079 1340 1419 1410 Quapropter
1468 1336 1560 1407 qui
1590 1335 1842 1405 intelligit

256 1451 363 1490 non
388 1435 444 1490 in
472 1432 648 1498 bonis,
699 1433 795 1487 sed
816 1431 872 1486 in
899 1431 1227 1487 necessariis
1251 1430 1583 1501 juratiouem
1627 1426 1832 1482 haben--

256 1528 405 1592 dum,
431 1525 665 1581 refrenet
697 1539 757 1581 se
787 1531 1047 1593 quantum
1082 1531 1281 1591 potest,
1329 1529 1387 1574 ut
1412 1535 1517 1587 non
1542 1534 1606 1573 ea
1633 1526 1837 1581 utatur,

256 1616 361 1670 nisi
392 1631 516 1669 cum
539 1613 883 1678 necessitate,
912 1627 1035 1667 cum
1062 1611 1207 1665 videt
1240 1611 1419 1680 pigros
1442 1622 1561 1663 esse
1591 1606 1841 1662 homines

258 1709 323 1762 al
344 1706 672 1762 credendum
688 1705 827 1776 quod
840 1706 919 1760 eis
943 1704 1072 1759 utile
1093 1717 1174 1759 est
1188 1706 1432 1765 credere,
1452 1699 1554 1755 nisi
1568 1698 1840 1768 juratione

1950 525 2009 571 ut
2038 516 2195 573 alteri
2221 521 2553 593 persuadeas
2586 520 2733 590 quod
2764 520 2972 585 utiliter
3008 524 3326 593 persuades.
3360 522 3467 581 Sed
3495 545 3532 582 α

1947 605 2088 661 malo
2106 616 2204 673 est,
2228 609 2296 663 ab
2324 609 2468 665 illius
2491 609 2744 665 videlicet
2774 609 3111 678 infirmitate,
3142 627 3173 666 a
3206 626 3314 682 quo
3341 612 3531 682 jurare

1947 697 2179 769 cogeris.
2235 696 2342 753 Sed
2380 714 2577 773 nemo,
2622 700 2727 755 nisi
2787 702 2879 770 qui
2925 712 3183 772 expertus
3225 711 3333 769 cst,
3384 706 3534 760 novit

1945 800 2109 855 quam
2153 787 2225 841 sit
2255 786 2469 844 ditlieile
2507 799 2564 847 et
2590 791 3035 847 consuetudinem
3071 792 3291 863 jurandi
3331 796 3535 851 exstin-

1945 891 2127 945 guere,
2155 884 2210 933 et
2231 894 2506 948 nunquam
2534 874 2737 936 temere
2762 880 2964 950 facere,
2993 885 3137 953 quod
3150 900 3532 956 nonnunquam

1944 969 2242 1025 necessitas
2293 970 2455 1043 cogit.
2832 988 2837 993 ‘

2016 1059 2249 1115 Audistis
2315 1062 2441 1132 quia
2493 1062 2690 1117 dictum
2732 1074 2833 1131 est,
2879 1065 3088 1120 oculum
3137 1085 3232 1138 pro
3270 1071 3442 1133 oculo,
3484 1078 3535 1123 et

1944 1152 2145 1206 dentem
2182 1170 2277 1223 pro
2303 1154 2476 1209 dente.
2516 1154 2630 1226 Ego
2654 1164 2826 1210 autem
2849 1157 2965 1211 dico
2990 1158 3128 1214 vobis
3174 1176 3279 1213 non
3301 1160 3537 1214 resistere

1941 1240 2102 1296 malo.
2127 1242 2397 1315 (Uieron.)
2421 1245 2523 1311 Qui
2551 1246 2682 1301 dicit
2710 1246 2919 1301 oculum
2946 1265 3043 1318 pro
3066 1248 3240 1314 oculo,
3263 1265 3371 1304 non
3394 1250 3530 1304 alte-

1942 1350 2063 1388 rum
2087 1335 2198 1388 vult
2220 1334 2458 1402 auferre,
2484 1337 2578 1392 sed
2605 1347 2892 1409 utrumque
2907 1354 3148 1394 servare.
3172 1339 3429 1395 Dominus
3446 1358 3540 1395 no.

1942 1435 2054 1482 ster
2073 1428 2499 1485 vicissitudinem
2520 1430 2731 1491 tollens.
2762 1433 3142 1487 truncatinitia
3167 1443 3537 1504 peccatorum,

1941 1518 2067 1587 quia
2110 1518 2162 1572 in
2190 1519 2305 1589 lege
2339 1520 2626 1577 retributio
2652 1531 2756 1587 cst,
2800 1523 2852 1577 in
2881 1524 3170 1596 Evangelio
3192 1540 3320 1581 vero
3342 1526 3536 1597 gratia.

1943 1610 2127 1683 (Aug.)
2147 1611 2222 1665 lbi
2254 1612 2410 1683 culpa
2435 1615 2778 1681 emendatur,
2798 1615 2885 1670 hic
2918 1624 3264 1686 peccatorum
3286 1615 3540 1671 auferun-

1946 1709 2036 1756 tur
2076 1702 2328 1758 exordia.
2363 1704 2666 1761 Notandum
2705 1716 2886 1762 autem
2913 1710 3056 1778 quod
3080 1716 3313 1778 quatuor
3339 1709 3539 1781 gradus

260 1800 529 1853 firmetur.
579 1797 760 1867 Itaque
780 1796 1041 1852 Dominus
1076 1796 1235 1852 docet
1262 1792 1396 1847 nihil
1429 1805 1549 1847 esse
1595 1799 1702 1844 tam
1732 1788 1841 1843 vile
1873 1809 1920 1868 Β
1947 1790 2223 1858 vindiCtze,
2274 1808 2370 1848 seu
2401 1795 2800 1861 retributionis,
2840 1797 3163 1866 quibusdam
3192 1812 3313 1853 esse
3356 1797 3541 1853 viden-

258 1892 313 1946 in
351 1889 617 1946 creaturis
643 1889 762 1954 Dei,
786 1897 845 1943 ut
873 1904 971 1961 per
997 1888 1101 1944 hoc
1128 1886 1356 1957 quisque
1382 1883 1730 1956 pcjerandum
1758 1896 1846 1934 ar-

257 1983 515 2047 bitretur,
558 1981 773 2050 quando
795 1996 824 2033 a
857 1977 1086 2035 summis
1134 1991 1306 2049 usque
1342 1975 1409 2030 ad
1444 1972 1632 2030 infima
1660 1972 1846 2026 divina

257 2071 604 2140 providentia
654 2077 836 2125 creata
897 2075 1237 2143 regerentur.
1268 2064 1536 2135 Incipiens
1584 2078 1615 2118 a
1647 2063 1846 2117 throno

258 2162 362 2216 Dei
412 2176 583 2230 usque
609 2161 677 2215 ad
717 2160 968 2231 capillum
997 2158 1175 2214 album
1216 2164 1309 2212 aut
1332 2156 1567 2227 nigrum,
1600 2153 1720 2208 ideo
1753 2150 1846 2220 ju-

260 2262 567 2308 ramcntum
593 2261 760 2318 vetat,
786 2267 853 2307 ne
877 2262 925 2306 te
957 2251 1237 2306 arbitreris
1266 2263 1375 2305 non
1398 2248 1596 2304 debere
1618 2245 1848 2315 Domino

249 2342 631 2413 jusjurandum
652 2352 822 2411 tuum,
848 2359 975 2399 eum
1000 2358 1099 2413 per
1135 2358 1259 2401 eum
1275 2341 1463 2411 jurare
1484 2336 1844 2400 convinceris,

255 2436 416 2506 cujus
441 2436 635 2493 cmlum
669 2438 897 2492 thronus
925 2444 1033 2503 est,
1086 2442 1142 2488 et
1172 2432 1326 2502 cujus
1355 2442 1502 2488 terra
1554 2429 1851 2486 scabellum

256 2537 368 2592 est,
423 2525 578 2597 cujus
622 2536 677 2582 et
708 2528 884 2582 omnis
941 2534 1191 2580 creatura
1237 2524 1447 2578 factura
1494 2529 1598 2578 est.
1653 2520 1851 2576 Verum

254 2634 371 2672 non
401 2626 615 2688 oportet
655 2617 867 2688 opinari
920 2618 974 2671 in
1012 2632 1077 2672 eo
1099 2616 1241 2686 quod
1276 2616 1479 2673 dictum
1501 2622 1607 2679 est,
1658 2613 1798 2669 ccelu
1821 2620 1903 2666 :1“

257 2712 497 2765 thronus
523 2709 619 2765 Dei
658 2716 714 2762 et
757 2718 900 2763 terra
937 2707 1232 2763 scabellum
1282 2707 1477 2779 pedum
1523 2703 1659 2774 ejus,
1710 2703 1854 2774 quod

252 2800 337 2854 sic
363 2799 565 2854 habeat
588 2798 730 2853 Deus
750 2797 1008 2853 collocata
1032 2798 1273 2853 membra
1301 2798 1356 2852 in
1378 2796 1517 2854 coelo
1542 2798 1666 2863 etin
1690 2804 1851 2861 terra,
1886 2838 1893 2845 .

251 2895 313 2942 ut
345 2902 472 2952 nos,
521 2903 661 2961 cunr
693 2886 964 2953 sedemus,
1011 2888 1105 2942 sed
1134 2887 1223 2941 illa
1251 2889 1410 2944 sedes
1454 2888 1551 2943 Dei
1587 2884 1854 2956 judicium

252 2978 553 3051 significat.
614 2977 682 3031 Et
707 2978 962 3048 quoniam
998 2979 1052 3033 in
1089 2979 1194 3034 hoc
1231 2979 1485 3033 universo
1514 2976 1696 3033 mundi
1738 2989 1858 3030 cor-

253 3084 420 3141 pore,
474 3067 768 3122 maximam
823 3068 1060 3138 speciem
1098 3067 1296 3124 cmlum
1345 3068 1561 3132 habeat,
1612 3073 1671 3121 et
1713 3073 1856 3120 terra

1948 1889 2054 1936 tur.
2093 1882 2332 1950 Quorum
2372 1885 2584 1955 primus
2611 1895 2713 1947 est,
2766 1878 2825 1941 ut
2853 1903 2977 1942 cum
3005 1888 3205 1958 aliquis
3231 1889 3390 1945 laesus
3416 1888 3557 1944 fue—'

1948 1976 2042 2042 rit,
2081 1978 2303 2048 gravius
2327 1978 2519 2034 ulcisci
2547 1979 2857 2047 desideret;
2905 1995 3010 2035 non
3036 1981 3182 2035 enim
3206 1980 3363 2037 facile
3393 1982 3543 2036 inve—

1949 2067 2095 2122 nitur
2121 2068 2233 2138 qui,
2279 2084 2459 2140 pugno
2480 2079 2723 2141 accepto,
2776 2086 3014 2143 pugnum
3044 2073 3270 2129 reddere
3291 2073 3440 2139 velit,
3488 2080 3545 2128 et

1952 2174 2058 2214 uno
2093 2175 2124 2213 a
2155 2160 2493 2216 eonvieiante
2522 2163 2690 2218 verbo
2715 2164 2919 2229 audito,
2972 2167 3306 2221 tantumdem
3330 2165 3538 2222 referre

1952 2257 2236 2305 contentus
2277 2250 2367 2315 sit,
2404 2251 2496 2306 sed
2526 2253 2742 2309 siveira
2763 2256 3110 2324 perturbatus
3131 2257 3541 2313 immoderatius

1955 2340 2220 2407 vindicat,
2267 2342 2383 2398 sive
2425 2344 2557 2413 quia
2600 2342 2808 2413 justum
2852 2330 3006 2417 putat
3054 2362 3177 2403 eum
3215 2349 3307 2419 qui
3345 2348 3543 2405 laeserit

1954 2433 2123 2500 prior,
2172 2434 2392 2502 gravius
2419 2433 2536 2490 laedi
2564 2451 2729 2508 quam
2762 2435 2920 2493 laasus
2942 2445 3027 2494 est
3044 2439 3142 2508 qui
3174 2454 3279 2492 non
3304 2438 3537 2494 Iusserat.

1956 2517 2143 2576 Talem
2185 2521 2382 2592 quippe
2419 2524 2659 2580 animum
2702 2540 2898 2596 magna
2925 2538 3168 2596 exparte
3230 2525 3545 2592 refrenavit,
3597 2578 3621 2597 ρ

1956 2621 2014 2669 et
2038 2613 2324 2683 quemdam
2352 2614 2579 2685 gradum
2606 2617 2790 2687 posuit
2808 2617 2914 2683 lex,
2940 2618 2995 2672 in
3011 2633 3117 2687 qua
3146 2618 3407 2687 scriptum
3430 2625 3546 2673 est:

1961 2701 2187 2759 Oculum
2204 2721 2299 2775 pro
2328 2704 2503 2772 oculo,
2521 2716 2569 2761 et
2601 2706 2807 2767 dentem
2832 2724 2928 2779 pro
2948 2692 3122 2764 dente.
3152 2708 3361 2776 Quibus
3377 2707 3547 2764 nomi-

1958 2795 2123 2849 nibus
2156 2794 2494 2866 significatur
2535 2797 2751 2866 modus,
2813 2808 2874 2854 ut
2898 2798 3151 2869 injuriam
3178 2799 3413 2855 vindicta
3438 2814 3546 2854 non

1961 2892 2218 2943 transeat.
2253 2886 2318 2941 Et
2346 2888 2461 2943 haec
2485 2896 2569 2944 est
2593 2888 2743 2959 pacis
2768 2889 3061 2946 inchoatio.
3088 2889 3334 2946 Perfecta
3369 2898 3549 2946 autem

1965 2991 2071 3047 pax
2094 2986 2200 3045 est,
2256 2977 2418 3034 talem
2459 2979 2676 3049 penitus
2700 2978 2844 3035 nolle
2890 2980 3212 3035 vindictam.
3253 2979 3337 3035 Ad
3385 2994 3549 3051 quam

1967 3065 2382 3136 perveniendam
2408 3066 2515 3122 duo
2538 3067 2738 3138 gradus
2776 3068 2956 3135 adhuc
2980 3075 3207 3134 restant,
3265 3068 3319 3124 id
3347 3077 3453 3136 est,
3492 3076 3552 3123 ut

258 3164 568 3228 minimam,
633 3169 888 3232 tanquam
940 3162 1258 3233 prmsentior
1307 3162 1377 3217 sit
1409 3158 1694 3217 excellenti
1737 3157 1855 3228 pul-
1882 3158 1929 3222 C
1961 3172 2068 3211 non
2105 3157 2293 3211 reddat
2319 3164 2551 3222 tantum,
2581 3158 2675 3213 sed
2705 3158 2904 3225 minus,
2951 3158 3103 3214 verbi
3132 3159 3329 3230 gratia,
3370 3168 3430 3213 ut
3453 3175 3552 3230 pro

256 3255 559 3313 chritudini
583 3255 667 3309 vis
680 3254 882 3320 divina,
908 3254 1185 3309 minimam
1210 3269 1341 3312 vero
1362 3254 1578 3310 ordinet
1596 3253 1649 3307 in
1674 3259 1859 3309 extre-

258 3349 374 3404 mis
395 3357 558 3417 atque
585 3346 638 3400 in
666 3346 884 3411 intimis,
919 3346 1110 3401 sedere
1133 3346 1186 3401 in
1212 3346 1350 3401 coelo
1379 3344 1598 3409 dicitur,
1630 3354 1859 3398 terram~

262 3453 379 3509 que
407 3436 642 3492 calcare.
696 3435 1028 3508 Spiritalitcr
1055 3444 1236 3492 autem
1263 3444 1480 3491 sanctas
1500 3432 1709 3488 animas
1731 3432 1856 3488 coeli

264 3531 491 3597 nomine
514 3529 804 3601 significat,
854 3537 908 3583 et
937 3537 1094 3584 terra:
1117 3528 1469 3599 peccatrices.
1507 3526 1573 3581 Et
1602 3525 1857 3596 quoniam

264 3622 536 3694 spiritalis
572 3621 763 3676 omnia.
788 3618 1018 3691 iudicat,
1072 3621 1186 3690 ipse
1213 3627 1394 3673 autem
1422 3634 1452 3672 a
1478 3616 1694 3672 nemine
1713 3615 1857 3687 judi-

265 3724 445 3781 catur,
513 3711 897 3769 convenienter
941 3710 1141 3766 dicitur
1205 3710 1360 3765 sedes
1414 3709 1545 3776 Dei;
1605 3718 1860 3778 peccator

263 3820 400 3862 vero
447 3803 533 3859 cui
591 3803 791 3858 dictum
831 3808 953 3858 est:
984 3800 1146 3856 Terra
1194 3817 1289 3866 es,
1323 3808 1369 3854 et
1420 3800 1476 3853 in
1502 3809 1693 3853 terram
1737 3799 1856 3864 ibis,

263 3895 398 3967 quia
426 3909 525 3966 per
544 3892 812 3965 justitiam
866 3891 1076 3946 meritis
1094 3878 1264 3963 digna
1301 3889 1644 3953 tribuentem,
1694 3887 1746 3941 in
1779 3887 1860 3941 in-

265 3974 417 4041 limis
449 3985 754 4050 ordinatur,
820 3991 875 4039 et
898 3984 993 4054 qui
1024 3982 1078 4037 in
1109 3981 1224 4052 lege
1252 3993 1472 4035 manere
1513 3979 1704 4045 noluit,
1759 3979 1859 4034 sub

264 4078 388 4149 lege
418 4077 657 4148 ponitur,
699 4076 1062 4146 congruenter
1098 4072 1362 4144 accipitur
1408 4070 1706 4127 scabellum
1761 4084 1858 4139 pe-

267 4170 402 4223 dum
432 4164 575 4224 ’Dei.
645 4165 725 4223 Sit
772 4175 948 4237 autem
978 4181 1147 4220 sermo
1194 4174 1381 4230 vester,
1433 4170 1529 4228 est,
1590 4170 1686 4226 est,
1731 4176 1858 4226 non,

268 4277 397 4324 non,
439 4259 579 4331 quod
621 4269 795 4313 autent
843 4258 925 4313 Itis
974 4255 1327 4311 abundantius
1370 4263 1464 4320 est,
1508 4271 1540 4308 ιι
1571 4251 1711 4307 malo
1762 4261 1859 4307 est.

272 4350 482 4423 (Maus.
515 4348 534 4422 )
564 4350 663 4418 Qui
688 4350 874 4422 jurare
905 4364 1014 4404 non
1042 4347 1341 4418 prohibuit,
1398 4344 1667 4416 quomodo
1714 4343 1862 4414 loqui

269 4450 493 4514 Oportet
528 4442 731 4498 docuit.
784 4439 888 4506 Sit,
939 4439 1136 4509 inquit,
1176 4454 1343 4492 sermo
1377 4445 1559 4502 vester,
1610 4444 1707 4500 est,
1761 4442 1857 4499 est,

1963 3248 2179 3305 duobus
2219 3264 2383 3304 unum
2414 3249 2628 3316 reddat,
2675 3259 2771 3307 aut
2816 3265 2913 3322 pro
2942 3250 3128 3307 avulso
3163 3250 3319 3307 oculo
3363 3266 3551 3306 aurem

1959 3340 2235 3410 praecidat.
2267 3339 2406 3396 Hinc
2431 3341 2730 3397 ascendens
2758 3342 2849 3413 qui
2890 3342 3112 3397 omnino
3148 3343 3282 3398 nihil
3307 3343 3433 3397 mali
3465 3356 3552 3396 re-

1957 3430 2223 3502 penderit,
2272 3429 2382 3485 imo
2405 3430 2608 3486 bonum
2655 3446 2756 3503 pro
2785 3433 2927 3487 malo
2954 3433 3266 3500 reddiderit,
3329 3434 3553 3504 propin-

1958 3528 2088 3591 quat
2141 3521 2394 3591 prresenti
2445 3531 2714 3593 praeepto
2744 3522 2976 3588 Domini,
3019 3539 3120 3579 nec
3158 3531 3345 3579 tamen
3375 3524 3551 3578 adhuc

1959 3609 2033 3666 ibi
2069 3623 2170 3667 est.
2216 3610 2449 3667 Parvum
2477 3613 2624 3668 enim
2657 3614 2835 3669 adhuc
2859 3615 3071 3669 videtur
3105 3614 3351 3679 Domino,
3378 3613 3422 3668 si
3456 3629 3556 3683 pro

1961 3701 2104 3756 malo
2136 3703 2282 3771 quod
2322 3703 2623 3773 acceperis,
2675 3703 2808 3757 nihil
2838 3704 3032 3758 reddas
3061 3704 3209 3769 mali,
3252 3704 3355 3758 nisi
3384 3705 3550 3759 etiam

1912 3810 1917 3817 σ
1959 3793 2191 3861 amplius
2228 3794 2304 3872 sis
2328 3801 2551 3864 paratus
2589 3793 2857 3863 accipere.
2908 3793 3250 3863 Quapropter
3292 3794 3549 3866 nonait:

1959 3883 2075 3955 Ego
2103 3892 2276 3937 autem
2298 3883 2416 3937 dico
2439 3883 2597 3950 vobis,
2631 3900 2738 3939 non
2769 3883 2996 3940 reddere
3026 3884 3226 3939 malum
3259 3900 3356 3956 pro
3385 3884 3547 3951 malo,

1960 3986 2268 4042 quanquam
2321 3972 2425 4028 hoc
2456 3972 2620 4041 etiam
2676 3988 2929 4045 magnum
2965 3984 3292 4045 praeceptum
3321 3976 3414 4041 sit,
3457 3977 3551 4032 sed

1960 4063 2038 4118 ait
2081 4080 2229 4118 :non
2270 4065 2506 4118 resistere
2552 4064 2800 4120 adversus
2829 4065 3067 4132 malum;
3119 4075 3180 4120 ut
3219 4083 3326 4121 non
3375 4066 3547 4122 solum

1962 4169 2069 4209 non
2103 4155 2368 4225 rependas
2396 4156 2539 4226 quod
2571 4157 2665 4211 tibi
2691 4154 2855 4212 fuerit
2881 4157 3195 4229 irrogatum,
3241 4158 3335 4214 sed
3386 4160 3550 4213 etiam

1961 4261 2067 4299 non
2098 4245 2340 4311 resistas,
2392 4262 2499 4316 quo
2524 4242 2702 4301 minus
2724 4248 2871 4302 aliud
2914 4248 3201 4318 irrogctur.
3257 4248 3372 4303 lloc
3407 4249 3552 4304 enim

1962 4345 2047 4391 est
2071 4338 2212 4406 quod
2241 4338 2406 4392 etiam
2434 4347 2827 4409 consequenter
2852 4339 3090 4410 exponit.

2036 4430 2139 4487 Sed
2178 4432 2224 4485 si
2248 4432 2366 4502 quis
2402 4442 2450 4486 te
2496 4414 2809 4503 percusserit
2864 4434 2919 4488 in
2946 4433 3218 4487 dexteram
3255 4432 3552 4497 maxillam,

272 4508 400 4596 non,
427 4549 574 4598 non;
611 4532 765 4602 quasi
801 4508 1039 4586 dicerer:
1073 4528 1217 4599 quod
1244 4539 1350 4595 est,
1390 4526 1625 4583 sufficiat
1659 4527 1860 4592 dicere,
1895 4508 1943 4566 D
1968 4525 2138 4597 prwbe
2176 4524 2253 4578 illi
2273 4534 2321 4579 et
2348 4524 2589 4579 alteram.
2637 4524 2817 4597 (.4ug.)
2864 4523 2979 4580 Non
3007 4526 3153 4579 enim
3200 4525 3296 4591 ait,
3328 4524 3388 4581 Si
3434 4530 3558 4595 quis

269 4631 396 4689 est;
431 4623 575 4692 quod
623 4637 729 4677 non
776 4630 876 4687 est,
922 4618 1151 4676 sulliciat
1194 4619 1394 4682 dicere,
1445 4633 1553 4673 non
1593 4626 1713 4698 est;
1752 4616 1866 4672 sive

272 4719 399 4773 ideo
430 4718 512 4772 bis
538 4717 758 4781 dicitur,
786 4725 883 4781 est,
910 4724 1005 4781 cst,
1041 4732 1167 4781 non,
1192 4732 1317 4781 non,
1349 4723 1407 4770 ut
1435 4713 1577 4784 quod
1607 4727 1703 4769 ore
1726 4710 1867 4767 θωτ-

272 4827 416 4874 mes,
467 4810 720 4883 operibus
743 4810 956 4879 probes,
1023 4817 1078 4865 et
1106 4809 1250 4879 quod
1272 4808 1451 4864 verbis
1473 4824 1655 4881 neges,
1708 4807 1867 4864 factis

275 4918 385 4956 non
412 4902 726 4956 confirmes.
759 4899 873 4956 Hoc
900 4902 1043 4956 enim
1066 4901 1267 4956 bonum
1295 4909 1351 4955 et
1376 4900 1736 4970 appetendum
1759 4907 1863 4964 est,

275 5000 339 5045 ut
385 4992 753 5047 lCSlllllOlllllﬂl
802 4992 1070 5048 honorum
1111 5008 1336 5062 operum
1367 4992 1670 5046 orationem
1714 5006 1864 5045 com-

276 5083 501 5138 mendet
547 5083 798 5139 dicentis.
874 5082 1011 5140 Cum
1063 5099 1193 5153 ergo
1241 5081 1507 5137 subinfert
1539 5102 1552 5135 :
1586 5081 1739 5147 Quod
1786 5080 1867 5134 his

278 5173 641 5228 abundantius
671 5185 767 5240 est,
801 5192 833 5229 a
856 5163 993 5228 ιηαῶ
1017 5183 1112 5240 est,
1160 5174 1234 5227 ita
1278 5171 1503 5242 intelligi
1528 5180 1763 5242 oportet,
1810 5179 1872 5225 ut

279 5263 450 5327 scias,
501 5263 545 5317 si
565 5263 756 5332 jurare
784 5264 1019 5336 cogaris,
1074 5262 1207 5317 illud
1235 5263 1300 5318 dc
1333 5261 1656 5317 necessitate
1687 5260 1870 5314 venire

276 5350 619 5408 infirmitatis
666 5370 855 5410 eorum
906 5354 1103 5423 quibus
1143 5351 1343 5424 aliquid
1393 5352 1711 5422 persuades,
1752 5368 1871 5421 qua:

276 5445 470 5516 utique
495 5445 775 5502 infirmitas
822 5447 1020 5503 malum
1046 5455 1147 5502 est.
1216 5445 1367 5502 Unde
1389 5461 1488 5500 nos
1521 5445 1761 5515 quotidie
1811 5445 1871 5500 li-

278 5535 468 5589 berari
522 5536 901 5606 deprecamur,

242 5616 447 5681 ~nmio.
482 5627 668 5698 Itaque
709 5644 817 5684 non
841 5627 978 5683 dixit
1013 5647 1024 5682 :
1056 5626 1209 5694 Quod
1247 5625 1479 5696 amplius
1515 5632 1619 5687 est,
1671 5624 1871 5679 malum

277 5725 387 5773 est.
424 5717 503 5773 ’l'u
525 5729 705 5775 autem
738 5735 845 5776 non
873 5722 1074 5776 malum
1112 5717 1267 5788 facis,
1321 5718 1410 5790 qui
1434 5718 1570 5775 bene
1598 5716 1762 5771 uteris
1788 5716 1875 5786 ju-

975 5552 1096 5592 cum
1152 5535 1383 5591 dicimus
1415 5553 1426 5589 :
1462 5534 1647 5589 Libera
1699 5552 1787 5591 nos
1843 5558 1877 5594 α

1974 4627 2025 4670 te
2053 4616 2401 4684 percusserit,
2435 4615 2544 4670 noli
2567 4623 2620 4669 tu
2643 4625 2948 4685 percutere,
2974 4615 3068 4670 sed
3098 4629 3112 4668 :
3138 4613 3274 4670 Para
3306 4624 3359 4670 te
3379 4617 3558 4670 adhuc

1970 4708 2198 4778 percuti.
2257 4706 2409 4773 Quod
2449 4707 2516 4760 ad
2536 4698 2979 4761 miscricordiam
3018 4707 3294 4776 pertinere
3342 4707 3396 4762 hi
3444 4723 3556 4761 ma-
3634 4700 3641 4705 “

1972 4799 2118 4854 xime
2149 4797 2413 4863 sentiunt,
2450 4798 2541 4868 qui
2572 4797 2653 4853 eis
2681 4813 2817 4867 quos
2856 4797 3083 4852 multqu
3128 4798 3377 4867 diligunt,
3437 4806 3555 4852 tan-

1971 4905 2133 4961 quam
2158 4889 2303 4955 filiis,
2350 4888 2432 4943 vel
2459 4889 2786 4959 quibuslibet
2822 4889 3187 4946 dilectissimis
3219 4892 3333 4946 suis
3386 4906 3577 4959 διέξιθι

1972 4982 2231 5048 tantibus,
2274 4981 2533 5047 serviunt,
2576 4981 2660 5036 vel
2698 4982 2955 5050 parvulis,
3007 4983 3090 5037 vel
3117 4982 3470 5052 phreneticis,
3521 4997 3551 5033 a

1972 5073 2167 5146 quibus
2213 5072 2382 5127 multa
2409 5086 2550 5142 saepe
2588 5070 2885 5141 patiuntur,
2927 5072 3055 5131 etsi
3089 5086 3277 5126 eorum
3320 5070 3465 5124 salus
3499 5069 3551 5124 id

1971 5163 2175 5234 exigat,
2222 5163 2465 5234 prtebent
2492 5177 2552 5217 se
2578 5162 2743 5217 etiam
2772 5171 2832 5217 ut
2864 5162 3018 5233 plura
3048 5162 3345 5231 patiantur,
3384 5159 3555 5216 donec

1974 5254 2058 5308 vel
2082 5252 2277 5320 natalis,
2308 5251 2393 5306 vel
2425 5250 2599 5308 morbi
2624 5252 2911 5307 infirmitas
2936 5259 3192 5305 transeat.
3246 5248 3391 5316 Quos
3426 5255 3555 5318 er‘go

1977 5343 2239 5401 Dominus
2272 5342 2515 5398 medicus
2542 5343 2847 5397 animarum
2875 5339 3132 5397 curandis
3166 5338 3431 5408 proximis
3471 5339 3556 5393 in-

1978 5435 2245 5499 struebat,
2298 5435 2426 5505 quid
2452 5450 2547 5490 cos
2567 5434 2711 5489 aliud
2741 5435 2936 5489 docere
2978 5431 3182 5497 debuit,
3231 5430 3336 5485 nisi
3381 5438 3439 5484 ut
3471 5445 3561 5485 eo-

1979 5543 2119 5593 rum,
2148 5541 2375 5596 quorum
2401 5527 2558 5581 saluti
2597 5525 2878 5581 consulere
2902 5522 3120 5588 vellent,
3161 5522 3557 5580 imbecillitatcs

1977 5636 2131 5691 atquo
2165 5619 2348 5673 animo
2380 5618 2712 5674 tolerarent?
2753 5616 2942 5673 Omnis
2983 5630 3214 5685 namque
3241 5615 3558 5688 improbitas

1978 5725 2042 5765 ex
2079 5709 2448 5767 imbecillitate
2477 5708 2643 5764 animi
2677 5707 2840 5765 venit.
2893 5707 3027 5775 Quia
3056 5707 3190 5764 nihil
3216 5706 3559 5765 innocentius
