  <div class='ocr_page' id='page_1' title='image "/cluster/home/n/w/nwhite01/storage/ocr_20150623/107/hvd.32044054759725/419.png"; bbox 0 0 3978 6190; ppageno 0'>
   <div class='ocr_carea' id='block_1_1' title="bbox 403 308 508 365">
    <p class='ocr_par' dir='ltr' id='par_1_1' title="bbox 403 308 508 365">
     <span class='ocr_line' id='line_1_1' title="bbox 403 308 508 365; baseline -0.038 0"><span class='ocrx_word' id='word_1_1' title='bbox 403 308 508 365; x_wconf 69' lang='lat'><strong>827</strong></span> 
     </span>
    </p>
   </div>
   <div class='ocr_carea' id='block_1_2' title="bbox 1048 286 2998 357">
    <p class='ocr_par' dir='ltr' id='par_1_2' title="bbox 1048 286 2998 357">
     <span class='ocr_line' id='line_1_2' title="bbox 1048 286 2998 357; baseline -0.007 0"><span class='ocrx_word' id='word_1_2' title='bbox 1048 304 1107 357; x_wconf 87' lang='lat' dir='ltr'><strong>B.</strong></span> <span class='ocrx_word' id='word_1_3' title='bbox 1151 301 1403 355; x_wconf 60' lang='lat' dir='ltr'><strong>RABAKI</strong></span> <span class='ocrx_word' id='word_1_4' title='bbox 1444 294 1663 353; x_wconf 66' lang='lat' dir='ltr'><strong>MAUlil</strong></span> <span class='ocrx_word' id='word_1_5' title='bbox 1698 292 2015 350; x_wconf 71' lang='lat' dir='ltr'><strong>AllCli‘lEl‘.</strong></span> <span class='ocrx_word' id='word_1_6' title='bbox 2057 286 2370 349; x_wconf 62' lang='lat' dir='ltr'><strong>MOGUNT.</strong></span> <span class='ocrx_word' id='word_1_7' title='bbox 2412 289 2698 346; x_wconf 68' lang='lat' dir='ltr'><strong>UPL’liUM</strong></span> <span class='ocrx_word' id='word_1_8' title='bbox 2740 288 2919 344; x_wconf 77' lang='lat' dir='ltr'><strong>PARS</strong></span> <span class='ocrx_word' id='word_1_9' title='bbox 2958 289 2998 343; x_wconf 90' lang='lat' dir='ltr'><strong>l.</strong></span> 
     </span>
    </p>
   </div>
   <div class='ocr_carea' id='block_1_3' title="bbox 3574 300 3679 353">
    <p class='ocr_par' dir='ltr' id='par_1_3' title="bbox 3574 300 3679 353">
     <span class='ocr_line' id='line_1_3' title="bbox 3574 300 3679 353; baseline -0.019 0"><span class='ocrx_word' id='word_1_10' title='bbox 3574 300 3679 353; x_wconf 66' lang='lat'><strong>8&#39;23</strong></span> 
     </span>
    </p>
   </div>
   <div class='ocr_carea' id='block_1_4' title="bbox 402 400 3690 492">
    <p class='ocr_par' dir='ltr' id='par_1_4' title="bbox 402 400 3690 492">
     <span class='ocr_line' id='line_1_4' title="bbox 402 400 3690 492; baseline -0.005 -14"><span class='ocrx_word' id='word_1_11' title='bbox 402 432 571 479; x_wconf 85' lang='lat' dir='ltr'><strong>esteo</strong></span> <span class='ocrx_word' id='word_1_12' title='bbox 601 420 694 492; x_wconf 83' lang='lat' dir='ltr'><strong>qui</strong></span> <span class='ocrx_word' id='word_1_13' title='bbox 726 420 779 475; x_wconf 87' lang='lat' dir='ltr'><strong>in</strong></span> <span class='ocrx_word' id='word_1_14' title='bbox 809 419 1007 473; x_wconf 84' lang='lat' dir='ltr'><strong>virtute</strong></span> <span class='ocrx_word' id='word_1_15' title='bbox 1031 414 1300 485; x_wconf 76' lang='lat' dir='ltr'><strong>perfectus</strong></span> <span class='ocrx_word' id='word_1_16' title='bbox 1335 419 1438 466; x_wconf 85' lang='lat' dir='ltr'><strong>est.</strong></span> <span class='ocrx_word' id='word_1_17' title='bbox 1490 409 1604 464; x_wconf 85' lang='lat' dir='ltr'><strong>Hac</strong></span> <span class='ocrx_word' id='word_1_18' title='bbox 1635 410 1764 476; x_wconf 61' lang='lat' dir='ltr'><strong>ergo</strong></span> <span class='ocrx_word' id='word_1_19' title='bbox 1811 402 1991 460; x_wconf 80' lang='lat' dir='ltr'><strong>Evan-</strong></span> <span class='ocrx_word' id='word_1_20' title='bbox 2024 411 2068 471; x_wconf 71' lang='grc' dir='ltr'><strong>Α</strong></span> <span class='ocrx_word' id='word_1_21' title='bbox 2095 400 2719 492; x_wconf 41' lang='grc' dir='ltr'>ρεπιῂιιιιηειιῖιιιιιιὶιοι·</span> <span class='ocrx_word' id='word_1_22' title='bbox 2762 408 2941 492; x_wconf 85' lang='lat' dir='ltr'><strong>autem</strong></span> <span class='ocrx_word' id='word_1_23' title='bbox 2984 400 3162 456; x_wconf 73' lang='lat' dir='ltr'><strong>otmiis</strong></span> <span class='ocrx_word' id='word_1_24' title='bbox 3208 402 3401 457; x_wconf 83' lang='lat' dir='ltr'><strong>doctor</strong></span> <span class='ocrx_word' id='word_1_25' title='bbox 3450 405 3690 461; x_wconf 83' lang='lat' dir='ltr'><strong>tunicam</strong></span> 
     </span>
    </p>
   </div>
   <div class='ocr_carea' id='block_1_5' title="bbox 405 496 1997 589">
    <p class='ocr_par' dir='ltr' id='par_1_5' title="bbox 405 496 1997 589">
     <span class='ocr_line' id='line_1_5' title="bbox 405 496 1997 589; baseline -0.014 -17"><span class='ocrx_word' id='word_1_26' title='bbox 405 516 529 589; x_wconf 85' lang='lat' dir='ltr'><strong>gelii</strong></span> <span class='ocrx_word' id='word_1_27' title='bbox 557 513 823 571; x_wconf 83' lang='lat' dir='ltr'><strong>sententia</strong></span> <span class='ocrx_word' id='word_1_28' title='bbox 857 508 1256 565; x_wconf 77' lang='lat' dir='ltr'><strong>ecclesiasticus</strong></span> <span class='ocrx_word' id='word_1_29' title='bbox 1280 506 1361 558; x_wconf 78' lang='lat' dir='ltr'><strong>vir</strong></span> <span class='ocrx_word' id='word_1_30' title='bbox 1399 500 1724 557; x_wconf 74' lang='lat' dir='ltr'><strong>describitur</strong></span> <span class='ocrx_word' id='word_1_31' title='bbox 1754 496 1997 589; x_wconf 83' lang='lat' dir='ltr'><strong>imitator</strong></span> 
     </span>
    </p>
   </div>
   <div class='ocr_carea' id='block_1_6' title="bbox 403 587 2002 673">
    <p class='ocr_par' dir='ltr' id='par_1_6' title="bbox 403 587 2002 673">
     <span class='ocr_line' id='line_1_6' title="bbox 403 587 2002 673; baseline -0.013 -14"><span class='ocrx_word' id='word_1_32' title='bbox 403 587 521 673; x_wconf 79' lang='lat' dir='ltr'><strong>ejus</strong></span> <span class='ocrx_word' id='word_1_33' title='bbox 548 606 638 673; x_wconf 79' lang='lat' dir='ltr'><strong>qui</strong></span> <span class='ocrx_word' id='word_1_34' title='bbox 664 602 795 657; x_wconf 93' lang='lat' dir='ltr'><strong>dicit</strong></span> <span class='ocrx_word' id='word_1_35' title='bbox 828 619 840 654; x_wconf 92' lang='lat'>:</span> <span class='ocrx_word' id='word_1_36' title='bbox 872 598 1065 653; x_wconf 82' lang='lat' dir='ltr'><strong>Discite</strong></span> <span class='ocrx_word' id='word_1_37' title='bbox 1103 610 1134 649; x_wconf 80' lang='grc' dir='ltr'>η</span> <span class='ocrx_word' id='word_1_38' title='bbox 1176 608 1278 659; x_wconf 85' lang='lat' dir='ltr'><strong>me,</strong></span> <span class='ocrx_word' id='word_1_39' title='bbox 1308 594 1431 664; x_wconf 86' lang='lat' dir='ltr'><strong>quia</strong></span> <span class='ocrx_word' id='word_1_40' title='bbox 1458 593 1596 646; x_wconf 77' lang='lat' dir='ltr'><strong>mitis</strong></span> <span class='ocrx_word' id='word_1_41' title='bbox 1646 600 1760 643; x_wconf 71' lang='lat' dir='ltr'><strong>sum</strong></span> <span class='ocrx_word' id='word_1_42' title='bbox 1806 596 1852 641; x_wconf 83' lang='lat' dir='ltr'><strong>et</strong></span> <span class='ocrx_word' id='word_1_43' title='bbox 1903 587 2002 640; x_wconf 80' lang='lat' dir='ltr'><strong>liu-</strong></span> 
     </span>
    </p>
   </div>
   <div class='ocr_carea' id='block_1_7' title="bbox 405 681 1995 764">
    <p class='ocr_par' dir='ltr' id='par_1_7' title="bbox 405 681 1995 764">
     <span class='ocr_line' id='line_1_7' title="bbox 405 681 1995 764; baseline -0.013 -15"><span class='ocrx_word' id='word_1_44' title='bbox 405 694 546 748; x_wconf 82' lang='lat' dir='ltr'><strong>milis</strong></span> <span class='ocrx_word' id='word_1_45' title='bbox 598 692 754 747; x_wconf 85' lang='lat' dir='ltr'><strong>corde</strong></span> <span class='ocrx_word' id='word_1_46' title='bbox 810 689 1024 764; x_wconf 80' lang='lat' dir='ltr'><strong>(Matth.</strong></span> <span class='ocrx_word' id='word_1_47' title='bbox 1076 686 1176 760; x_wconf 72' lang='grc' dir='ltr'>ιιι).</span> <span class='ocrx_word' id='word_1_48' title='bbox 1230 685 1295 739; x_wconf 87' lang='grc' dir='ltr'>Ει</span> <span class='ocrx_word' id='word_1_49' title='bbox 1339 681 1780 757; x_wconf 75' lang='lat' dir='ltr'><strong>pollicitationem</strong></span> <span class='ocrx_word' id='word_1_50' title='bbox 1842 688 1995 732; x_wconf 85' lang='lat' dir='ltr'><strong>snam</strong></span> 
     </span>
    </p>
   </div>
   <div class='ocr_carea' id='block_1_8' title="bbox 407 770 1996 854">
    <p class='ocr_par' dir='ltr' id='par_1_8' title="bbox 407 770 1996 854">
     <span class='ocr_line' id='line_1_8' title="bbox 407 770 1996 854; baseline -0.011 -17"><span class='ocrx_word' id='word_1_51' title='bbox 407 798 697 854; x_wconf 88' lang='lat' dir='ltr'><strong>percussus</strong></span> <span class='ocrx_word' id='word_1_52' title='bbox 726 781 877 852; x_wconf 88' lang='lat' dir='ltr'><strong>alapa</strong></span> <span class='ocrx_word' id='word_1_53' title='bbox 903 779 1239 849; x_wconf 87' lang='lat' dir='ltr'><strong>comprobat,</strong></span> <span class='ocrx_word' id='word_1_54' title='bbox 1274 776 1459 831; x_wconf 87' lang='lat' dir='ltr'><strong>dicens</strong></span> <span class='ocrx_word' id='word_1_55' title='bbox 1489 792 1502 827; x_wconf 90' lang='lat'><strong>:</strong></span> <span class='ocrx_word' id='word_1_56' title='bbox 1536 772 1596 828; x_wconf 86' lang='lat' dir='ltr'><strong>Si</strong></span> <span class='ocrx_word' id='word_1_57' title='bbox 1622 770 1759 825; x_wconf 86' lang='lat' dir='ltr'><strong>male</strong></span> <span class='ocrx_word' id='word_1_58' title='bbox 1791 770 1996 823; x_wconf 82' lang='lat' dir='ltr'><strong>locatus</strong></span> 
     </span>
    </p>
   </div>
   <div class='ocr_carea' id='block_1_9' title="bbox 408 859 1994 943">
    <p class='ocr_par' dir='ltr' id='par_1_9' title="bbox 408 859 1994 943">
     <span class='ocr_line' id='line_1_9' title="bbox 408 859 1994 943; baseline -0.01 -15"><span class='ocrx_word' id='word_1_59' title='bbox 408 891 545 939; x_wconf 75' lang='lat' dir='ltr'><strong>simi,</strong></span> <span class='ocrx_word' id='word_1_60' title='bbox 580 889 772 943; x_wconf 80' lang='lat' dir='ltr'><strong>argue;</strong></span> <span class='ocrx_word' id='word_1_61' title='bbox 801 873 881 925; x_wconf 74' lang='lat' dir='ltr'><strong>sin</strong></span> <span class='ocrx_word' id='word_1_62' title='bbox 926 878 1099 924; x_wconf 83' lang='lat' dir='ltr'><strong>autem</strong></span> <span class='ocrx_word' id='word_1_63' title='bbox 1136 868 1282 932; x_wconf 81' lang='lat' dir='ltr'><strong>bene,</strong></span> <span class='ocrx_word' id='word_1_64' title='bbox 1319 882 1414 920; x_wconf 85' lang='lat' dir='ltr'><strong>cur</strong></span> <span class='ocrx_word' id='word_1_65' title='bbox 1455 881 1534 919; x_wconf 87' lang='lat' dir='ltr'><strong>me</strong></span> <span class='ocrx_word' id='word_1_66' title='bbox 1587 862 1784 917; x_wconf 66' lang='lat' dir='ltr'><strong>cladis?</strong></span> <span class='ocrx_word' id='word_1_67' title='bbox 1813 859 1994 930; x_wconf 83' lang='lat' dir='ltr'><strong>(Joan.</strong></span> 
     </span>
    </p>
   </div>
   <div class='ocr_carea' id='block_1_10' title="bbox 411 947 1997 1035">
    <p class='ocr_par' dir='ltr' id='par_1_10' title="bbox 411 947 1997 1035">
     <span class='ocr_line' id='line_1_10' title="bbox 411 947 1997 1035; baseline -0.011 -17"><span class='ocrx_word' id='word_1_68' title='bbox 411 961 592 1035; x_wconf 75' lang='lat' dir='ltr'><strong>xvttt.)</strong></span> <span class='ocrx_word' id='word_1_69' title='bbox 627 961 757 1016; x_wconf 85' lang='lat' dir='ltr'><strong>Tale</strong></span> <span class='ocrx_word' id='word_1_70' title='bbox 790 960 917 1030; x_wconf 88' lang='lat' dir='ltr'><strong>quid</strong></span> <span class='ocrx_word' id='word_1_71' title='bbox 941 967 995 1014; x_wconf 90' lang='lat' dir='ltr'><strong>et</strong></span> <span class='ocrx_word' id='word_1_72' title='bbox 1024 958 1191 1012; x_wconf 86' lang='lat' dir='ltr'><strong>David</strong></span> <span class='ocrx_word' id='word_1_73' title='bbox 1222 956 1545 1025; x_wconf 75' lang='lat' dir='ltr'><strong>loquebatur</strong></span> <span class='ocrx_word' id='word_1_74' title='bbox 1571 952 1625 1006; x_wconf 89' lang='lat' dir='ltr'><strong>in</strong></span> <span class='ocrx_word' id='word_1_75' title='bbox 1655 950 1903 1022; x_wconf 86' lang='lat' dir='ltr'><strong>psalmo:</strong></span> <span class='ocrx_word' id='word_1_76' title='bbox 1938 947 1997 1001; x_wconf 82' lang='lat' dir='ltr'><strong>Si</strong></span> 
     </span>
    </p>
   </div>
   <div class='ocr_carea' id='block_1_11' title="bbox 411 1038 2001 1117">
    <p class='ocr_par' dir='ltr' id='par_1_11' title="bbox 411 1038 2001 1117">
     <span class='ocr_line' id='line_1_11' title="bbox 411 1038 2001 1117; baseline -0.009 -9"><span class='ocrx_word' id='word_1_77' title='bbox 411 1055 616 1109; x_wconf 78' lang='lat' dir='ltr'><strong>reddidi</strong></span> <span class='ocrx_word' id='word_1_78' title='bbox 644 1051 1042 1107; x_wconf 84' lang='lat' dir='ltr'><strong>retribuentibus</strong></span> <span class='ocrx_word' id='word_1_79' title='bbox 1068 1050 1194 1104; x_wconf 83' lang='lat' dir='ltr'><strong>mihi</strong></span> <span class='ocrx_word' id='word_1_80' title='bbox 1236 1047 1377 1102; x_wconf 83' lang='lat' dir='ltr'><strong>mala</strong></span> <span class='ocrx_word' id='word_1_81' title='bbox 1442 1044 1614 1117; x_wconf 79' lang='lat' dir='ltr'><strong>(Psal.</strong></span> <span class='ocrx_word' id='word_1_82' title='bbox 1638 1044 1755 1115; x_wconf 85' lang='lat' dir='ltr'><strong>vn).</strong></span> <span class='ocrx_word' id='word_1_83' title='bbox 1810 1042 1876 1096; x_wconf 81' lang='lat' dir='ltr'><strong>Et</strong></span> <span class='ocrx_word' id='word_1_84' title='bbox 1911 1038 2001 1094; x_wconf 75' lang='lat' dir='ltr'><strong>Je-</strong></span> 
     </span>
    </p>
   </div>
   <div class='ocr_carea' id='block_1_12' title="bbox 411 1126 1999 1199">
    <p class='ocr_par' dir='ltr' id='par_1_12' title="bbox 411 1126 1999 1199">
     <span class='ocr_line' id='line_1_12' title="bbox 411 1126 1999 1199; baseline -0.009 0"><span class='ocrx_word' id='word_1_85' title='bbox 411 1145 610 1199; x_wconf 87' lang='lat' dir='ltr'><strong>remias</strong></span> <span class='ocrx_word' id='word_1_86' title='bbox 651 1146 704 1198; x_wconf 89' lang='lat' dir='ltr'><strong>in</strong></span> <span class='ocrx_word' id='word_1_87' title='bbox 729 1126 1227 1197; x_wconf 53' lang='lat' dir='ltr'><strong>‘lamentationibus</strong></span> <span class='ocrx_word' id='word_1_88' title='bbox 1261 1153 1276 1192; x_wconf 89' lang='lat'><strong>:</strong></span> <span class='ocrx_word' id='word_1_89' title='bbox 1312 1134 1519 1192; x_wconf 86' lang='lat' dir='ltr'><strong>Bonum</strong></span> <span class='ocrx_word' id='word_1_90' title='bbox 1560 1146 1632 1191; x_wconf 83' lang='lat' dir='ltr'><strong>est</strong></span> <span class='ocrx_word' id='word_1_91' title='bbox 1668 1134 1864 1188; x_wconf 83' lang='lat' dir='ltr'><strong>homini</strong></span> <span class='ocrx_word' id='word_1_92' title='bbox 1889 1173 1904 1198; x_wconf 92' lang='lat'><strong>,</strong></span> <span class='ocrx_word' id='word_1_93' title='bbox 1954 1131 1999 1186; x_wconf 83' lang='lat' dir='ltr'><strong>si</strong></span> 
     </span>
    </p>
   </div>
   <div class='ocr_carea' id='block_1_13' title="bbox 410 1225 2002 1297">
    <p class='ocr_par' dir='ltr' id='par_1_13' title="bbox 410 1225 2002 1297">
     <span class='ocr_line' id='line_1_13' title="bbox 410 1225 2002 1297; baseline -0.006 -10"><span class='ocrx_word' id='word_1_94' title='bbox 410 1234 698 1287; x_wconf 70' lang='lat' dir='ltr'><strong>consederit</strong></span> <span class='ocrx_word' id='word_1_95' title='bbox 743 1233 806 1286; x_wconf 87' lang='lat' dir='ltr'><strong>ab</strong></span> <span class='ocrx_word' id='word_1_96' title='bbox 846 1231 1194 1286; x_wconf 78' lang='lat' dir='ltr'><strong>adolescentia</strong></span> <span class='ocrx_word' id='word_1_97' title='bbox 1242 1245 1361 1294; x_wconf 85' lang='lat' dir='ltr'><strong>sua,</strong></span> <span class='ocrx_word' id='word_1_98' title='bbox 1414 1228 1557 1282; x_wconf 84' lang='lat' dir='ltr'><strong>dabit</strong></span> <span class='ocrx_word' id='word_1_99' title='bbox 1596 1225 1901 1297; x_wconf 77' lang='lat' dir='ltr'><strong>percutienti</strong></span> <span class='ocrx_word' id='word_1_100' title='bbox 1948 1236 2002 1277; x_wconf 82' lang='lat' dir='ltr'><strong>se</strong></span> 
     </span>
    </p>
   </div>
   <div class='ocr_carea' id='block_1_14' title="bbox 411 1314 2003 1392">
    <p class='ocr_par' dir='ltr' id='par_1_14' title="bbox 411 1314 2003 1392">
     <span class='ocr_line' id='line_1_14' title="bbox 411 1314 2003 1392; baseline -0.006 -15"><span class='ocrx_word' id='word_1_101' title='bbox 411 1324 709 1388; x_wconf 73' lang='lat' dir='ltr'><strong>maxillam,</strong></span> <span class='ocrx_word' id='word_1_102' title='bbox 747 1323 1073 1376; x_wconf 71' lang='lat' dir='ltr'><strong>saturabitur</strong></span> <span class='ocrx_word' id='word_1_103' title='bbox 1125 1319 1413 1392; x_wconf 76' lang='lat' dir='ltr'><strong>opprobriis</strong></span> <span class='ocrx_word' id='word_1_104' title='bbox 1462 1316 1678 1390; x_wconf 82' lang='lat' dir='ltr'><strong>(Thren.</strong></span> <span class='ocrx_word' id='word_1_105' title='bbox 1726 1316 1829 1386; x_wconf 83' lang='lat' dir='ltr'><strong>nt).</strong></span> <span class='ocrx_word' id='word_1_106' title='bbox 1889 1314 2003 1369; x_wconf 79' lang='lat' dir='ltr'><strong>lloc</strong></span> 
     </span>
    </p>
   </div>
   <div class='ocr_carea' id='block_1_15' title="bbox 413 1405 2005 1485">
    <p class='ocr_par' dir='ltr' id='par_1_15' title="bbox 413 1405 2005 1485">
     <span class='ocr_line' id='line_1_15' title="bbox 413 1405 2005 1485; baseline -0.007 -16"><span class='ocrx_word' id='word_1_107' title='bbox 413 1416 700 1470; x_wconf 85' lang='lat' dir='ltr'><strong>adversum</strong></span> <span class='ocrx_word' id='word_1_108' title='bbox 752 1429 847 1470; x_wconf 89' lang='lat' dir='ltr'><strong>eos</strong></span> <span class='ocrx_word' id='word_1_109' title='bbox 882 1415 972 1485; x_wconf 91' lang='lat' dir='ltr'><strong>qui</strong></span> <span class='ocrx_word' id='word_1_110' title='bbox 999 1419 1193 1483; x_wconf 89' lang='lat' dir='ltr'><strong>putant</strong></span> <span class='ocrx_word' id='word_1_111' title='bbox 1211 1408 1443 1465; x_wconf 88' lang='lat' dir='ltr'><strong>alterum</strong></span> <span class='ocrx_word' id='word_1_112' title='bbox 1475 1407 1686 1463; x_wconf 85' lang='lat' dir='ltr'><strong>Domini</strong></span> <span class='ocrx_word' id='word_1_113' title='bbox 1718 1406 1870 1475; x_wconf 84' lang='lat' dir='ltr'><strong>legis,</strong></span> <span class='ocrx_word' id='word_1_114' title='bbox 1919 1405 2005 1459; x_wconf 53' lang='lat' dir='ltr'><strong>ala</strong></span> 
     </span>
    </p>
   </div>
   <div class='ocr_carea' id='block_1_16' title="bbox 414 1497 2003 1576">
    <p class='ocr_par' dir='ltr' id='par_1_16' title="bbox 414 1497 2003 1576">
     <span class='ocr_line' id='line_1_16' title="bbox 414 1497 2003 1576; baseline -0.007 -15"><span class='ocrx_word' id='word_1_115' title='bbox 414 1516 592 1561; x_wconf 90' lang='lat' dir='ltr'><strong>terum</strong></span> <span class='ocrx_word' id='word_1_116' title='bbox 640 1504 936 1576; x_wconf 82' lang='lat' dir='ltr'><strong>Evangelii,</strong></span> <span class='ocrx_word' id='word_1_117' title='bbox 1010 1502 1151 1573; x_wconf 88' lang='lat' dir='ltr'><strong>quod</strong></span> <span class='ocrx_word' id='word_1_118' title='bbox 1196 1510 1250 1557; x_wconf 84' lang='lat' dir='ltr'><strong>et</strong></span> <span class='ocrx_word' id='word_1_119' title='bbox 1284 1500 1354 1555; x_wconf 91' lang='lat' dir='ltr'><strong>ibi</strong></span> <span class='ocrx_word' id='word_1_120' title='bbox 1402 1510 1456 1554; x_wconf 91' lang='lat' dir='ltr'><strong>ct</strong></span> <span class='ocrx_word' id='word_1_121' title='bbox 1502 1500 1593 1554; x_wconf 89' lang='lat' dir='ltr'><strong>hic</strong></span> <span class='ocrx_word' id='word_1_122' title='bbox 1645 1497 2003 1552; x_wconf 71' lang='lat' dir='ltr'><strong>mansuetudo</strong></span> 
     </span>
    </p>
   </div>
   <div class='ocr_carea' id='block_1_17' title="bbox 415 1593 2002 1666">
    <p class='ocr_par' dir='ltr' id='par_1_17' title="bbox 415 1593 2002 1666">
     <span class='ocr_line' id='line_1_17' title="bbox 415 1593 2002 1666; baseline -0.004 -16"><span class='ocrx_word' id='word_1_123' title='bbox 415 1598 692 1652; x_wconf 85' lang='lat' dir='ltr'><strong>doceatur.</strong></span> <span class='ocrx_word' id='word_1_124' title='bbox 751 1596 1065 1653; x_wconf 85' lang='lat' dir='ltr'><strong>Secundum</strong></span> <span class='ocrx_word' id='word_1_125' title='bbox 1103 1596 1365 1666; x_wconf 81' lang='lat' dir='ltr'><strong>mysticus</strong></span> <span class='ocrx_word' id='word_1_126' title='bbox 1394 1593 1698 1649; x_wconf 72' lang='lat' dir='ltr'><strong>intellectas</strong></span> <span class='ocrx_word' id='word_1_127' title='bbox 1745 1605 2002 1662; x_wconf 86' lang='lat' dir='ltr'><strong>percussa</strong></span> 
     </span>
    </p>
   </div>
   <div class='ocr_carea' id='block_1_18' title="bbox 413 1682 2003 1756">
    <p class='ocr_par' dir='ltr' id='par_1_18' title="bbox 413 1682 2003 1756">
     <span class='ocr_line' id='line_1_18' title="bbox 413 1682 2003 1756; baseline -0.005 -13"><span class='ocrx_word' id='word_1_128' title='bbox 413 1688 633 1743; x_wconf 79' lang='lat' dir='ltr'><strong>dextera</strong></span> <span class='ocrx_word' id='word_1_129' title='bbox 692 1695 898 1753; x_wconf 85' lang='lat' dir='ltr'><strong>nostra,</strong></span> <span class='ocrx_word' id='word_1_130' title='bbox 958 1700 1065 1742; x_wconf 88' lang='lat' dir='ltr'><strong>non</strong></span> <span class='ocrx_word' id='word_1_131' title='bbox 1110 1686 1366 1756; x_wconf 73' lang='lat' dir='ltr'><strong>iubemur</strong></span> <span class='ocrx_word' id='word_1_132' title='bbox 1413 1684 1688 1739; x_wconf 84' lang='lat' dir='ltr'><strong>sinistram</strong></span> <span class='ocrx_word' id='word_1_133' title='bbox 1738 1682 2003 1752; x_wconf 79' lang='lat' dir='ltr'><strong>przebere,</strong></span> 
     </span>
    </p>
   </div>
   <div class='ocr_carea' id='block_1_19' title="bbox 2101 491 3697 571">
    <p class='ocr_par' dir='ltr' id='par_1_19' title="bbox 2101 491 3697 571">
     <span class='ocr_line' id='line_1_19' title="bbox 2101 491 3697 571; baseline 0.003 -24"><span class='ocrx_word' id='word_1_134' title='bbox 2101 493 2277 548; x_wconf 86' lang='lat' dir='ltr'><strong>aufert</strong></span> <span class='ocrx_word' id='word_1_135' title='bbox 2320 491 2566 571; x_wconf 70' lang='lat' dir='ltr'><strong>alicujus,</strong></span> <span class='ocrx_word' id='word_1_136' title='bbox 2617 504 2739 547; x_wconf 89' lang='lat' dir='ltr'><strong>cum</strong></span> <span class='ocrx_word' id='word_1_137' title='bbox 2774 491 2843 546; x_wconf 88' lang='lat' dir='ltr'><strong>ab</strong></span> <span class='ocrx_word' id='word_1_138' title='bbox 2864 505 2929 546; x_wconf 90' lang='lat' dir='ltr'><strong>eo</strong></span> <span class='ocrx_word' id='word_1_139' title='bbox 2956 491 3239 557; x_wconf 82' lang='lat' dir='ltr'><strong>interiora,</strong></span> <span class='ocrx_word' id='word_1_140' title='bbox 3270 502 3325 547; x_wconf 90' lang='lat' dir='ltr'><strong>et</strong></span> <span class='ocrx_word' id='word_1_141' title='bbox 3360 498 3483 565; x_wconf 64' lang='lat' dir='ltr'><strong>Quae</strong></span> <span class='ocrx_word' id='word_1_142' title='bbox 3513 498 3697 551; x_wconf 84' lang='lat' dir='ltr'><strong>animo</strong></span> 
     </span>
    </p>
   </div>
   <div class='ocr_carea' id='block_1_20' title="bbox 2098 582 3694 656">
    <p class='ocr_par' dir='ltr' id='par_1_20' title="bbox 2098 582 3694 656">
     <span class='ocr_line' id='line_1_20' title="bbox 2098 582 3694 656; baseline 0.001 -16"><span class='ocrx_word' id='word_1_143' title='bbox 2098 582 2289 652; x_wconf 89' lang='lat' dir='ltr'><strong>latent,</strong></span> <span class='ocrx_word' id='word_1_144' title='bbox 2322 584 2628 641; x_wconf 89' lang='lat' dir='ltr'><strong>conﬁtenda</strong></span> <span class='ocrx_word' id='word_1_145' title='bbox 2654 584 2898 653; x_wconf 89' lang='lat' dir='ltr'><strong>deposcit</strong></span> <span class='ocrx_word' id='word_1_146' title='bbox 2925 589 3169 654; x_wconf 89' lang='lat' dir='ltr'><strong>peccata,</strong></span> <span class='ocrx_word' id='word_1_147' title='bbox 3219 591 3278 639; x_wconf 88' lang='lat' dir='ltr'><strong>ut</strong></span> <span class='ocrx_word' id='word_1_148' title='bbox 3310 593 3396 640; x_wconf 90' lang='lat' dir='ltr'><strong>est</strong></span> <span class='ocrx_word' id='word_1_149' title='bbox 3416 586 3694 656; x_wconf 80' lang='lat' dir='ltr'><strong>s&#39;up’erbia,</strong></span> 
     </span>
    </p>
   </div>
   <div class='ocr_carea' id='block_1_21' title="bbox 2100 666 3700 748">
    <p class='ocr_par' dir='ltr' id='par_1_21' title="bbox 2100 666 3700 748">
     <span class='ocr_line' id='line_1_21' title="bbox 2100 666 3700 748; baseline 0.003 -19"><span class='ocrx_word' id='word_1_150' title='bbox 2100 675 2319 742; x_wconf 88' lang='lat' dir='ltr'><strong>invidie,</strong></span> <span class='ocrx_word' id='word_1_151' title='bbox 2355 676 2558 742; x_wconf 91' lang='lat' dir='ltr'><strong>odium,</strong></span> <span class='ocrx_word' id='word_1_152' title='bbox 2605 666 3164 745; x_wconf 6' lang='lat' dir='ltr'><strong>e0ncupiscentia,get</strong></span> <span class='ocrx_word' id='word_1_153' title='bbox 3188 674 3283 731; x_wconf 79' lang='lat' dir='ltr'><strong>his</strong></span> <span class='ocrx_word' id='word_1_154' title='bbox 3316 677 3534 732; x_wconf 88' lang='lat' dir='ltr'><strong>similia.</strong></span> <span class='ocrx_word' id='word_1_155' title='bbox 3579 674 3700 748; x_wconf 80' lang='lat' dir='ltr'><strong>ipse</strong></span> 
     </span>
    </p>
   </div>
   <div class='ocr_carea' id='block_1_22' title="bbox 2100 760 3698 835">
    <p class='ocr_par' dir='ltr' id='par_1_22' title="bbox 2100 760 3698 835">
     <span class='ocr_line' id='line_1_22' title="bbox 2100 760 3698 835; baseline 0.003 -16"><span class='ocrx_word' id='word_1_156' title='bbox 2100 775 2281 822; x_wconf 88' lang='lat' dir='ltr'><strong>autem</strong></span> <span class='ocrx_word' id='word_1_157' title='bbox 2328 760 2488 822; x_wconf 86' lang='lat' dir='ltr'><strong>simul</strong></span> <span class='ocrx_word' id='word_1_158' title='bbox 2532 765 2755 821; x_wconf 83' lang='lat' dir='ltr'><strong>dimittit</strong></span> <span class='ocrx_word' id='word_1_159' title='bbox 2793 772 2848 820; x_wconf 87' lang='lat' dir='ltr'><strong>et</strong></span> <span class='ocrx_word' id='word_1_160' title='bbox 2887 764 3130 835; x_wconf 86' lang='lat' dir='ltr'><strong>pallium,</strong></span> <span class='ocrx_word' id='word_1_161' title='bbox 3179 765 3271 835; x_wconf 88' lang='lat' dir='ltr'><strong>qui</strong></span> <span class='ocrx_word' id='word_1_162' title='bbox 3324 764 3600 822; x_wconf 75' lang='lat' dir='ltr'><strong>exteridra</strong></span> <span class='ocrx_word' id='word_1_163' title='bbox 3642 774 3698 824; x_wconf 77' lang='lat' dir='ltr'><strong>et</strong></span> 
     </span>
    </p>
   </div>
   <div class='ocr_carea' id='block_1_23' title="bbox 2100 858 3701 930">
    <p class='ocr_par' dir='ltr' id='par_1_23' title="bbox 2100 858 3701 930">
     <span class='ocr_line' id='line_1_23' title="bbox 2100 858 3701 930; baseline 0.001 -17"><span class='ocrx_word' id='word_1_164' title='bbox 2100 875 2220 929; x_wconf 64' lang='lat' dir='ltr'><strong>quae</strong></span> <span class='ocrx_word' id='word_1_165' title='bbox 2238 875 2337 930; x_wconf 88' lang='lat' dir='ltr'><strong>per</strong></span> <span class='ocrx_word' id='word_1_166' title='bbox 2358 874 2556 930; x_wconf 89' lang='lat' dir='ltr'><strong>corpus</strong></span> <span class='ocrx_word' id='word_1_167' title='bbox 2586 859 2774 928; x_wconf 84' lang='lat' dir='ltr'><strong>gessit,</strong></span> <span class='ocrx_word' id='word_1_168' title='bbox 2808 872 2915 911; x_wconf 91' lang='lat' dir='ltr'><strong>non</strong></span> <span class='ocrx_word' id='word_1_169' title='bbox 2942 858 3219 912; x_wconf 85' lang='lat' dir='ltr'><strong>erubescit</strong></span> <span class='ocrx_word' id='word_1_170' title='bbox 3258 858 3418 913; x_wconf 85' lang='lat' dir='ltr'><strong>simul</strong></span> <span class='ocrx_word' id='word_1_171' title='bbox 3447 861 3701 915; x_wconf 78' lang='lat' dir='ltr'><strong>cantite&#39;ri</strong></span> 
     </span>
    </p>
   </div>
   <div class='ocr_carea' id='block_1_24' title="bbox 2102 948 3700 1017">
    <p class='ocr_par' dir='ltr' id='par_1_24' title="bbox 2102 948 3700 1017">
     <span class='ocr_line' id='line_1_24' title="bbox 2102 948 3700 1017; baseline 0.001 -12"><span class='ocrx_word' id='word_1_172' title='bbox 2102 951 2368 1017; x_wconf 89' lang='lat' dir='ltr'><strong>facinora,</strong></span> <span class='ocrx_word' id='word_1_173' title='bbox 2420 953 2560 1015; x_wconf 81' lang='lat' dir='ltr'><strong>sicut</strong></span> <span class='ocrx_word' id='word_1_174' title='bbox 2597 961 2681 1006; x_wconf 88' lang='lat' dir='ltr'><strong>est</strong></span> <span class='ocrx_word' id='word_1_175' title='bbox 2721 951 2997 1006; x_wconf 68' lang='lat' dir='ltr'><strong>ebrietatis</strong></span> <span class='ocrx_word' id='word_1_176' title='bbox 3029 951 3245 1016; x_wconf 85' lang='lat' dir='ltr'><strong>vitium,</strong></span> <span class='ocrx_word' id='word_1_177' title='bbox 3291 948 3700 1016; x_wconf 83' lang='lat' dir='ltr'><strong>fornicationis,</strong></span> 
     </span>
    </p>
   </div>
   <div class='ocr_carea' id='block_1_25' title="bbox 2103 1041 3700 1114">
    <p class='ocr_par' dir='ltr' id='par_1_25' title="bbox 2103 1041 3700 1114">
     <span class='ocr_line' id='line_1_25' title="bbox 2103 1041 3700 1114; baseline -0.001 -15"><span class='ocrx_word' id='word_1_178' title='bbox 2103 1043 2326 1114; x_wconf 75' lang='lat' dir='ltr'><strong>rapinae,</strong></span> <span class='ocrx_word' id='word_1_179' title='bbox 2351 1042 2731 1107; x_wconf 86' lang='lat' dir='ltr'><strong>contentionis,</strong></span> <span class='ocrx_word' id='word_1_180' title='bbox 2757 1041 2911 1108; x_wconf 87' lang='lat' dir='ltr'><strong>furti,</strong></span> <span class='ocrx_word' id='word_1_181' title='bbox 2944 1049 2999 1095; x_wconf 89' lang='lat' dir='ltr'><strong>et</strong></span> <span class='ocrx_word' id='word_1_182' title='bbox 3034 1041 3337 1109; x_wconf 87' lang='lat' dir='ltr'><strong>homicidii,</strong></span> <span class='ocrx_word' id='word_1_183' title='bbox 3385 1049 3442 1097; x_wconf 89' lang='lat' dir='ltr'><strong>et</strong></span> <span class='ocrx_word' id='word_1_184' title='bbox 3479 1058 3700 1098; x_wconf 79' lang='lat' dir='ltr'><strong>omnem</strong></span> 
     </span>
    </p>
   </div>
   <div class='ocr_carea' id='block_1_26' title="bbox 2104 1132 3696 1206">
    <p class='ocr_par' dir='ltr' id='par_1_26' title="bbox 2104 1132 3696 1206">
     <span class='ocr_line' id='line_1_26' title="bbox 2104 1132 3696 1206; baseline 0.001 -18"><span class='ocrx_word' id='word_1_185' title='bbox 2104 1134 2473 1203; x_wconf 72' lang='lat' dir='ltr'><strong>impunitatem</strong></span> <span class='ocrx_word' id='word_1_186' title='bbox 2521 1143 2576 1189; x_wconf 93' lang='lat' dir='ltr'><strong>et</strong></span> <span class='ocrx_word' id='word_1_187' title='bbox 2616 1132 2916 1189; x_wconf 70' lang='lat' dir='ltr'><strong>fmiitatem</strong></span> <span class='ocrx_word' id='word_1_188' title='bbox 2944 1133 3380 1189; x_wconf 77' lang='lat' dir='ltr'><strong>conversationis</strong></span> <span class='ocrx_word' id='word_1_189' title='bbox 3408 1150 3522 1189; x_wconf 61' lang='lat' dir='ltr'><strong>suae</strong></span> <span class='ocrx_word' id='word_1_190' title='bbox 3567 1144 3696 1206; x_wconf 87' lang='lat' dir='ltr'><strong>pro-</strong></span> 
     </span>
    </p>
   </div>
   <div class='ocr_carea' id='block_1_27' title="bbox 2104 1204 3723 1295">
    <p class='ocr_par' dir='ltr' id='par_1_27' title="bbox 2104 1204 3723 1295">
     <span class='ocr_line' id='line_1_27' title="bbox 2104 1204 3723 1295; baseline 0.001 -18"><span class='ocrx_word' id='word_1_191' title='bbox 2104 1223 2336 1278; x_wconf 81' lang='lat' dir='ltr'><strong>fundens</strong></span> <span class='ocrx_word' id='word_1_192' title='bbox 2382 1225 2434 1278; x_wconf 91' lang='lat' dir='ltr'><strong>in</strong></span> <span class='ocrx_word' id='word_1_193' title='bbox 2473 1231 2761 1295; x_wconf 89' lang='lat' dir='ltr'><strong>conspectu</strong></span> <span class='ocrx_word' id='word_1_194' title='bbox 2809 1218 3041 1287; x_wconf 87' lang='lat' dir='ltr'><strong>Domini,</strong></span> <span class='ocrx_word' id='word_1_195' title='bbox 3099 1223 3230 1278; x_wconf 88' lang='lat' dir='ltr'><strong>dicit</strong></span> <span class='ocrx_word' id='word_1_196' title='bbox 3278 1224 3353 1277; x_wconf 90' lang='lat' dir='ltr'><strong>illi</strong></span> <span class='ocrx_word' id='word_1_197' title='bbox 3390 1238 3516 1279; x_wconf 89' lang='lat' dir='ltr'><strong>cum</strong></span> <span class='ocrx_word' id='word_1_198' title='bbox 3563 1204 3723 1279; x_wconf 56' lang='grc' dir='ltr'><strong>ιλτοξ</strong></span> 
     </span>
    </p>
   </div>
   <div class='ocr_carea' id='block_1_28' title="bbox 2104 1306 3702 1390">
    <p class='ocr_par' dir='ltr' id='par_1_28' title="bbox 2104 1306 3702 1390">
     <span class='ocr_line' id='line_1_28' title="bbox 2104 1306 3702 1390; baseline 0.002 -22"><span class='ocrx_word' id='word_1_199' title='bbox 2104 1315 2266 1383; x_wconf 86' lang='lat' dir='ltr'><strong>pheta</strong></span> <span class='ocrx_word' id='word_1_200' title='bbox 2298 1333 2309 1368; x_wconf 90' lang='lat'>:</span> <span class='ocrx_word' id='word_1_201' title='bbox 2343 1314 2603 1390; x_wconf 76' lang='lat' dir='ltr'><strong>Delictum</strong></span> <span class='ocrx_word' id='word_1_202' title='bbox 2638 1306 2814 1370; x_wconf 73' lang='lat' dir='ltr'><strong>meum</strong></span> <span class='ocrx_word' id='word_1_203' title='bbox 2839 1316 3103 1389; x_wconf 79' lang='lat' dir='ltr'><strong>cognitum</strong></span> <span class='ocrx_word' id='word_1_204' title='bbox 3143 1315 3235 1370; x_wconf 82' lang='lat' dir='ltr'><strong>tibi</strong></span> <span class='ocrx_word' id='word_1_205' title='bbox 3254 1315 3375 1386; x_wconf 79' lang='lat' dir='ltr'><strong>feci,</strong></span> <span class='ocrx_word' id='word_1_206' title='bbox 3418 1327 3465 1371; x_wconf 85' lang='lat' dir='ltr'><strong>et</strong></span> <span class='ocrx_word' id='word_1_207' title='bbox 3489 1318 3702 1387; x_wconf 75' lang='lat' dir='ltr'><strong>injusti-</strong></span> 
     </span>
    </p>
   </div>
   <div class='ocr_carea' id='block_1_29' title="bbox 2106 1406 3702 1478">
    <p class='ocr_par' dir='ltr' id='par_1_29' title="bbox 2106 1406 3702 1478">
     <span class='ocr_line' id='line_1_29' title="bbox 2106 1406 3702 1478; baseline 0.003 -20"><span class='ocrx_word' id='word_1_208' title='bbox 2106 1406 2206 1460; x_wconf 85' lang='lat' dir='ltr'><strong>tias</strong></span> <span class='ocrx_word' id='word_1_209' title='bbox 2235 1416 2373 1460; x_wconf 73' lang='lat' dir='ltr'><strong>ineas</strong></span> <span class='ocrx_word' id='word_1_210' title='bbox 2396 1423 2497 1460; x_wconf 87' lang='lat' dir='ltr'><strong>non</strong></span> <span class='ocrx_word' id='word_1_211' title='bbox 2519 1407 2697 1476; x_wconf 80' lang='lat' dir='ltr'><strong>operui</strong></span> <span class='ocrx_word' id='word_1_212' title='bbox 2716 1422 2737 1473; x_wconf 91' lang='lat'><strong><em>;</em></strong></span> <span class='ocrx_word' id='word_1_213' title='bbox 2762 1407 2898 1473; x_wconf 64' lang='lat' dir='ltr'><strong>dimi,</strong></span> <span class='ocrx_word' id='word_1_214' title='bbox 2925 1407 3273 1478; x_wconf 79' lang='lat' dir='ltr'><strong>pronuntiabo</strong></span> <span class='ocrx_word' id='word_1_215' title='bbox 3319 1408 3597 1462; x_wconf 78' lang='lat' dir='ltr'><strong>adversum</strong></span> <span class='ocrx_word' id='word_1_216' title='bbox 3622 1427 3702 1463; x_wconf 79' lang='lat' dir='ltr'><strong>me</strong></span> 
     </span>
    </p>
   </div>
   <div class='ocr_carea' id='block_1_30' title="bbox 2106 1496 3702 1569">
    <p class='ocr_par' dir='ltr' id='par_1_30' title="bbox 2106 1496 3702 1569">
     <span class='ocr_line' id='line_1_30' title="bbox 2106 1496 3702 1569; baseline 0.001 -19"><span class='ocrx_word' id='word_1_217' title='bbox 2106 1497 2397 1567; x_wconf 82' lang='lat' dir='ltr'><strong>injustitias</strong></span> <span class='ocrx_word' id='word_1_218' title='bbox 2445 1513 2584 1551; x_wconf 81' lang='lat' dir='ltr'><strong>meas</strong></span> <span class='ocrx_word' id='word_1_219' title='bbox 2628 1496 2877 1566; x_wconf 68' lang='lat' dir='ltr'><strong>Domino,</strong></span> <span class='ocrx_word' id='word_1_220' title='bbox 2927 1506 2973 1551; x_wconf 87' lang='lat' dir='ltr'><strong>ct</strong></span> <span class='ocrx_word' id='word_1_221' title='bbox 2999 1506 3056 1550; x_wconf 85' lang='lat' dir='ltr'><strong>tu</strong></span> <span class='ocrx_word' id='word_1_222' title='bbox 3100 1496 3702 1569; x_wconf 73' lang='lat' dir='ltr'><strong>remisistiimpietatem</strong></span> 
     </span>
    </p>
   </div>
   <div class='ocr_carea' id='block_1_31' title="bbox 2108 1584 2847 1659">
    <p class='ocr_par' dir='ltr' id='par_1_31' title="bbox 2108 1584 2847 1659">
     <span class='ocr_line' id='line_1_31' title="bbox 2108 1584 2847 1659; baseline -0.001 -17"><span class='ocrx_word' id='word_1_223' title='bbox 2108 1588 2280 1642; x_wconf 83' lang='lat' dir='ltr'><strong>cordis</strong></span> <span class='ocrx_word' id='word_1_224' title='bbox 2324 1587 2427 1641; x_wconf 85' lang='lat' dir='ltr'><strong>mei</strong></span> <span class='ocrx_word' id='word_1_225' title='bbox 2453 1584 2624 1659; x_wconf 80' lang='lat' dir='ltr'><strong>(Psal.</strong></span> <span class='ocrx_word' id='word_1_226' title='bbox 2666 1587 2847 1657; x_wconf 70' lang='lat' dir='ltr'><strong>XXXI).</strong></span> 
     </span>
    </p>
   </div>
   <div class='ocr_carea' id='block_1_32' title="bbox 2179 1676 3701 1748">
    <p class='ocr_par' dir='ltr' id='par_1_32' title="bbox 2179 1676 3701 1748">
     <span class='ocr_line' id='line_1_32' title="bbox 2179 1676 3701 1748; baseline -0.001 -18"><span class='ocrx_word' id='word_1_227' title='bbox 2179 1676 2248 1730; x_wconf 82' lang='lat' dir='ltr'><strong>Et</strong></span> <span class='ocrx_word' id='word_1_228' title='bbox 2274 1678 2566 1748; x_wconf 75' lang='lat' dir='ltr'><strong>quicunque</strong></span> <span class='ocrx_word' id='word_1_229' title='bbox 2587 1686 2634 1731; x_wconf 83' lang='lat' dir='ltr'><strong>te</strong></span> <span class='ocrx_word' id='word_1_230' title='bbox 2656 1677 3007 1748; x_wconf 80' lang='lat' dir='ltr'><strong>angariaverit</strong></span> <span class='ocrx_word' id='word_1_231' title='bbox 3034 1676 3177 1732; x_wconf 81' lang='lat' dir='ltr'><strong>mille</strong></span> <span class='ocrx_word' id='word_1_232' title='bbox 3197 1693 3407 1747; x_wconf 76' lang='lat' dir='ltr'><strong>passus,</strong></span> <span class='ocrx_word' id='word_1_233' title='bbox 3430 1677 3561 1731; x_wconf 73' lang='lat' dir='ltr'><strong>vade</strong></span> <span class='ocrx_word' id='word_1_234' title='bbox 3583 1694 3701 1731; x_wconf 82' lang='lat' dir='ltr'><strong>cum</strong></span> 
     </span>
    </p>
   </div>
   <div class='ocr_carea' id='block_1_33' title="bbox 413 1766 3703 1847">
    <p class='ocr_par' dir='ltr' id='par_1_33' title="bbox 413 1766 3703 1847">
     <span class='ocr_line' id='line_1_33' title="bbox 413 1766 3703 1847; baseline -0.004 -12"><span class='ocrx_word' id='word_1_235' title='bbox 413 1780 510 1836; x_wconf 86' lang='lat' dir='ltr'><strong>sed</strong></span> <span class='ocrx_word' id='word_1_236' title='bbox 538 1780 784 1847; x_wconf 86' lang='lat' dir='ltr'><strong>alteram,</strong></span> <span class='ocrx_word' id='word_1_237' title='bbox 815 1781 865 1834; x_wconf 88' lang='lat' dir='ltr'><strong>id</strong></span> <span class='ocrx_word' id='word_1_238' title='bbox 892 1790 975 1834; x_wconf 87' lang='lat' dir='ltr'><strong>est</strong></span> <span class='ocrx_word' id='word_1_239' title='bbox 1018 1779 1245 1841; x_wconf 84' lang='lat' dir='ltr'><strong>alteram</strong></span> <span class='ocrx_word' id='word_1_240' title='bbox 1275 1779 1572 1832; x_wconf 79' lang='lat' dir='ltr'><strong>dexteram.</strong></span> <span class='ocrx_word' id='word_1_241' title='bbox 1626 1774 1810 1829; x_wconf 83' lang='lat' dir='ltr'><strong>Justus</strong></span> <span class='ocrx_word' id='word_1_242' title='bbox 1858 1773 2002 1828; x_wconf 88' lang='lat' dir='ltr'><strong>enim</strong></span> <span class='ocrx_word' id='word_1_243' title='bbox 2032 1766 2197 1826; x_wconf 76' lang='grc' dir='ltr'><strong>Β-ἱιιο</strong></span> <span class='ocrx_word' id='word_1_244' title='bbox 2221 1769 2327 1823; x_wconf 77' lang='lat' dir='ltr'><strong>alia</strong></span> <span class='ocrx_word' id='word_1_245' title='bbox 2351 1784 2476 1823; x_wconf 87' lang='lat' dir='ltr'><strong>auo.</strong></span> <span class='ocrx_word' id='word_1_246' title='bbox 2507 1768 2690 1841; x_wconf 80' lang='lat' dir='ltr'><strong>(Aug.)</strong></span> <span class='ocrx_word' id='word_1_247' title='bbox 2728 1768 2880 1837; x_wconf 87' lang='lat' dir='ltr'><strong>Quod</strong></span> <span class='ocrx_word' id='word_1_248' title='bbox 2911 1782 3039 1839; x_wconf 85' lang='lat' dir='ltr'><strong>ergo</strong></span> <span class='ocrx_word' id='word_1_249' title='bbox 3070 1770 3173 1824; x_wconf 92' lang='lat' dir='ltr'><strong>hoc</strong></span> <span class='ocrx_word' id='word_1_250' title='bbox 3205 1770 3519 1825; x_wconf 86' lang='lat' dir='ltr'><strong>testimonio</strong></span> <span class='ocrx_word' id='word_1_251' title='bbox 3566 1784 3703 1840; x_wconf 68' lang='lat' dir='ltr'><strong>prte-</strong></span> 
     </span>
    </p>
   </div>
   <div class='ocr_carea' id='block_1_34' title="bbox 414 1864 2005 1933">
    <p class='ocr_par' dir='ltr' id='par_1_34' title="bbox 414 1864 2005 1933">
     <span class='ocr_line' id='line_1_34' title="bbox 414 1864 2005 1933; baseline -0.007 -6"><span class='ocrx_word' id='word_1_252' title='bbox 414 1872 693 1927; x_wconf 73' lang='lat' dir='ltr'><strong>siniStram</strong></span> <span class='ocrx_word' id='word_1_253' title='bbox 739 1886 846 1926; x_wconf 88' lang='lat' dir='ltr'><strong>non</strong></span> <span class='ocrx_word' id='word_1_254' title='bbox 874 1871 1054 1925; x_wconf 80' lang='lat' dir='ltr'><strong>habet.</strong></span> <span class='ocrx_word' id='word_1_255' title='bbox 1109 1868 1166 1923; x_wconf 87' lang='lat' dir='ltr'><strong>Si</strong></span> <span class='ocrx_word' id='word_1_256' title='bbox 1204 1884 1301 1922; x_wconf 87' lang='lat' dir='ltr'><strong>nos</strong></span> <span class='ocrx_word' id='word_1_257' title='bbox 1351 1867 1637 1927; x_wconf 75' lang='lat' dir='ltr'><strong>luereticus</strong></span> <span class='ocrx_word' id='word_1_258' title='bbox 1681 1865 1735 1918; x_wconf 82' lang='lat' dir='ltr'><strong>in</strong></span> <span class='ocrx_word' id='word_1_259' title='bbox 1765 1864 2005 1933; x_wconf 82' lang='lat' dir='ltr'><strong>disputa-</strong></span> 
     </span>
    </p>
   </div>
   <div class='ocr_carea' id='block_1_35' title="bbox 417 1952 2003 2031">
    <p class='ocr_par' dir='ltr' id='par_1_35' title="bbox 417 1952 2003 2031">
     <span class='ocr_line' id='line_1_35' title="bbox 417 1952 2003 2031; baseline -0.006 -16"><span class='ocrx_word' id='word_1_260' title='bbox 417 1962 565 2016; x_wconf 85' lang='lat' dir='ltr'><strong>tione</strong></span> <span class='ocrx_word' id='word_1_261' title='bbox 606 1960 955 2031; x_wconf 85' lang='lat' dir='ltr'><strong>percusserit,</strong></span> <span class='ocrx_word' id='word_1_262' title='bbox 1010 1969 1062 2014; x_wconf 88' lang='lat' dir='ltr'><strong>et</strong></span> <span class='ocrx_word' id='word_1_263' title='bbox 1097 1960 1381 2013; x_wconf 76' lang='lat' dir='ltr'><strong>dexterum</strong></span> <span class='ocrx_word' id='word_1_264' title='bbox 1409 1958 1601 2025; x_wconf 80' lang='lat' dir='ltr'><strong>dogma</strong></span> <span class='ocrx_word' id='word_1_265' title='bbox 1627 1954 1859 2010; x_wconf 88' lang='lat' dir='ltr'><strong>voluerit</strong></span> <span class='ocrx_word' id='word_1_266' title='bbox 1886 1952 2003 2007; x_wconf 89' lang='lat' dir='ltr'><strong>vul-</strong></span> 
     </span>
    </p>
   </div>
   <div class='ocr_carea' id='block_1_36' title="bbox 415 2043 2005 2119">
    <p class='ocr_par' dir='ltr' id='par_1_36' title="bbox 415 2043 2005 2119">
     <span class='ocr_line' id='line_1_36' title="bbox 415 2043 2005 2119; baseline -0.006 -14"><span class='ocrx_word' id='word_1_267' title='bbox 415 2065 631 2116; x_wconf 90' lang='lat' dir='ltr'><strong>nerare,</strong></span> <span class='ocrx_word' id='word_1_268' title='bbox 682 2058 987 2119; x_wconf 84' lang='lat' dir='ltr'><strong>opponatur</strong></span> <span class='ocrx_word' id='word_1_269' title='bbox 1035 2048 1084 2102; x_wconf 92' lang='lat' dir='ltr'><strong>ei</strong></span> <span class='ocrx_word' id='word_1_270' title='bbox 1134 2046 1277 2101; x_wconf 86' lang='lat' dir='ltr'><strong>aliud</strong></span> <span class='ocrx_word' id='word_1_271' title='bbox 1315 2045 1380 2099; x_wconf 89' lang='lat' dir='ltr'><strong>de</strong></span> <span class='ocrx_word' id='word_1_272' title='bbox 1416 2044 1715 2116; x_wconf 87' lang='lat' dir='ltr'><strong>Seripturis</strong></span> <span class='ocrx_word' id='word_1_273' title='bbox 1765 2043 2005 2098; x_wconf 89' lang='lat' dir='ltr'><strong>testimo-</strong></span> 
     </span>
    </p>
   </div>
   <div class='ocr_carea' id='block_1_37' title="bbox 416 2132 2007 2204">
    <p class='ocr_par' dir='ltr' id='par_1_37' title="bbox 416 2132 2007 2204">
     <span class='ocr_line' id='line_1_37' title="bbox 416 2132 2007 2204; baseline -0.003 -11"><span class='ocrx_word' id='word_1_274' title='bbox 416 2140 589 2204; x_wconf 82' lang='lat' dir='ltr'><strong>nium,</strong></span> <span class='ocrx_word' id='word_1_275' title='bbox 638 2147 693 2193; x_wconf 90' lang='lat' dir='ltr'><strong>et</strong></span> <span class='ocrx_word' id='word_1_276' title='bbox 722 2148 828 2192; x_wconf 85' lang='lat' dir='ltr'><strong>tam</strong></span> <span class='ocrx_word' id='word_1_277' title='bbox 855 2138 945 2192; x_wconf 89' lang='lat' dir='ltr'><strong>diu</strong></span> <span class='ocrx_word' id='word_1_278' title='bbox 974 2136 1284 2191; x_wconf 81' lang='lat' dir='ltr'><strong>verberanti</strong></span> <span class='ocrx_word' id='word_1_279' title='bbox 1312 2136 1662 2190; x_wconf 84' lang='lat' dir='ltr'><strong>succedentes</strong></span> <span class='ocrx_word' id='word_1_280' title='bbox 1693 2132 1792 2188; x_wconf 83' lang='lat' dir='ltr'><strong>sibi</strong></span> <span class='ocrx_word' id='word_1_281' title='bbox 1818 2134 2007 2189; x_wconf 80' lang='lat' dir='ltr'><strong>dexte—</strong></span> 
     </span>
    </p>
   </div>
   <div class='ocr_carea' id='block_1_38' title="bbox 417 2224 2010 2299">
    <p class='ocr_par' dir='ltr' id='par_1_38' title="bbox 417 2224 2010 2299">
     <span class='ocr_line' id='line_1_38' title="bbox 417 2224 2010 2299; baseline -0.004 -15"><span class='ocrx_word' id='word_1_282' title='bbox 417 2243 510 2284; x_wconf 85' lang='lat' dir='ltr'><strong>ras</strong></span> <span class='ocrx_word' id='word_1_283' title='bbox 552 2229 910 2299; x_wconf 70' lang='lat' dir='ltr'><strong>praebeamus,</strong></span> <span class='ocrx_word' id='word_1_284' title='bbox 945 2238 1117 2281; x_wconf 83' lang='lat' dir='ltr'><strong>uonec</strong></span> <span class='ocrx_word' id='word_1_285' title='bbox 1146 2227 1351 2282; x_wconf 87' lang='lat' dir='ltr'><strong>inimici</strong></span> <span class='ocrx_word' id='word_1_286' title='bbox 1394 2226 1476 2280; x_wconf 87' lang='lat' dir='ltr'><strong>ira</strong></span> <span class='ocrx_word' id='word_1_287' title='bbox 1502 2225 1781 2280; x_wconf 87' lang='lat' dir='ltr'><strong>lasseseat.</strong></span> <span class='ocrx_word' id='word_1_288' title='bbox 1824 2224 2010 2280; x_wconf 79' lang='lat' dir='ltr'><strong>Potest</strong></span> 
     </span>
    </p>
   </div>
   <div class='ocr_carea' id='block_1_39' title="bbox 418 2313 2010 2375">
    <p class='ocr_par' dir='ltr' id='par_1_39' title="bbox 418 2313 2010 2375">
     <span class='ocr_line' id='line_1_39' title="bbox 418 2313 2010 2375; baseline -0.003 0"><span class='ocrx_word' id='word_1_289' title='bbox 418 2329 596 2375; x_wconf 86' lang='lat' dir='ltr'><strong>tamen</strong></span> <span class='ocrx_word' id='word_1_290' title='bbox 623 2335 731 2373; x_wconf 91' lang='lat' dir='ltr'><strong>non</strong></span> <span class='ocrx_word' id='word_1_291' title='bbox 760 2318 1199 2374; x_wconf 77' lang='lat' dir='ltr'><strong>ineonvenienter</strong></span> <span class='ocrx_word' id='word_1_292' title='bbox 1226 2325 1282 2371; x_wconf 89' lang='lat' dir='ltr'><strong>et</strong></span> <span class='ocrx_word' id='word_1_293' title='bbox 1302 2316 1357 2370; x_wconf 87' lang='lat' dir='ltr'><strong>in</strong></span> <span class='ocrx_word' id='word_1_294' title='bbox 1389 2315 1596 2370; x_wconf 85' lang='lat' dir='ltr'><strong>duabus</strong></span> <span class='ocrx_word' id='word_1_295' title='bbox 1617 2313 1851 2369; x_wconf 75' lang='lat' dir='ltr'><strong>maxillis</strong></span> <span class='ocrx_word' id='word_1_296' title='bbox 1877 2315 2010 2370; x_wconf 89' lang='lat' dir='ltr'><strong>duas</strong></span> 
     </span>
    </p>
   </div>
   <div class='ocr_carea' id='block_1_40' title="bbox 417 2405 2012 2482">
    <p class='ocr_par' dir='ltr' id='par_1_40' title="bbox 417 2405 2012 2482">
     <span class='ocr_line' id='line_1_40' title="bbox 417 2405 2012 2482; baseline -0.003 -17"><span class='ocrx_word' id='word_1_297' title='bbox 417 2411 730 2465; x_wconf 84' lang='lat' dir='ltr'><strong>nobilitates</strong></span> <span class='ocrx_word' id='word_1_298' title='bbox 769 2410 1099 2482; x_wconf 74' lang='lat' dir='ltr'><strong>signiﬁcatus</strong></span> <span class='ocrx_word' id='word_1_299' title='bbox 1156 2407 1381 2477; x_wconf 73' lang='lat' dir='ltr'><strong>intelligi</strong></span> <span class='ocrx_word' id='word_1_300' title='bbox 1415 2405 1577 2476; x_wconf 91' lang='lat' dir='ltr'><strong>:quia</strong></span> <span class='ocrx_word' id='word_1_301' title='bbox 1627 2413 1711 2461; x_wconf 87' lang='lat' dir='ltr'><strong>est</strong></span> <span class='ocrx_word' id='word_1_302' title='bbox 1759 2405 2012 2480; x_wconf 79' lang='lat' dir='ltr'><strong>nobilitas</strong></span> 
     </span>
    </p>
   </div>
   <div class='ocr_carea' id='block_1_41' title="bbox 418 2495 2014 2566">
    <p class='ocr_par' dir='ltr' id='par_1_41' title="bbox 418 2495 2014 2566">
     <span class='ocr_line' id='line_1_41' title="bbox 418 2495 2014 2566; baseline -0.003 -10"><span class='ocrx_word' id='word_1_303' title='bbox 418 2502 719 2556; x_wconf 84' lang='lat' dir='ltr'><strong>secundum</strong></span> <span class='ocrx_word' id='word_1_304' title='bbox 762 2503 955 2566; x_wconf 89' lang='lat' dir='ltr'><strong>Deum,</strong></span> <span class='ocrx_word' id='word_1_305' title='bbox 992 2509 1048 2555; x_wconf 88' lang='lat' dir='ltr'><strong>et</strong></span> <span class='ocrx_word' id='word_1_306' title='bbox 1074 2499 1374 2554; x_wconf 88' lang='lat' dir='ltr'><strong>secundum</strong></span> <span class='ocrx_word' id='word_1_307' title='bbox 1422 2498 1529 2552; x_wconf 87' lang='lat' dir='ltr'><strong>hoc</strong></span> <span class='ocrx_word' id='word_1_308' title='bbox 1567 2495 1841 2551; x_wconf 66' lang='lat' dir='ltr'><strong>satculum.</strong></span> <span class='ocrx_word' id='word_1_309' title='bbox 1895 2496 2014 2551; x_wconf 85' lang='lat' dir='ltr'><strong>Dis-</strong></span> 
     </span>
    </p>
   </div>
   <div class='ocr_carea' id='block_1_42' title="bbox 418 2586 2010 2658">
    <p class='ocr_par' dir='ltr' id='par_1_42' title="bbox 418 2586 2010 2658">
     <span class='ocr_line' id='line_1_42' title="bbox 418 2586 2010 2658; baseline -0.004 -11"><span class='ocrx_word' id='word_1_310' title='bbox 418 2594 729 2648; x_wconf 87' lang='lat' dir='ltr'><strong>tribuantur</strong></span> <span class='ocrx_word' id='word_1_311' title='bbox 774 2607 905 2647; x_wconf 87' lang='lat' dir='ltr'><strong>vero</strong></span> <span class='ocrx_word' id='word_1_312' title='bbox 954 2593 1052 2658; x_wconf 87' lang='lat' dir='ltr'><strong>ita,</strong></span> <span class='ocrx_word' id='word_1_313' title='bbox 1115 2600 1175 2645; x_wconf 90' lang='lat' dir='ltr'><strong>ut</strong></span> <span class='ocrx_word' id='word_1_314' title='bbox 1214 2592 1434 2646; x_wconf 75' lang='lat' dir='ltr'><strong>deXtera</strong></span> <span class='ocrx_word' id='word_1_315' title='bbox 1488 2589 1685 2644; x_wconf 73' lang='lat' dir='ltr'><strong>divina:</strong></span> <span class='ocrx_word' id='word_1_316' title='bbox 1720 2586 2010 2655; x_wconf 81' lang='lat' dir='ltr'><strong>nobilitati,</strong></span> 
     </span>
    </p>
   </div>
   <div class='ocr_carea' id='block_1_43' title="bbox 419 2681 2014 2756">
    <p class='ocr_par' dir='ltr' id='par_1_43' title="bbox 419 2681 2014 2756">
     <span class='ocr_line' id='line_1_43' title="bbox 419 2681 2014 2756; baseline -0.004 -15"><span class='ocrx_word' id='word_1_317' title='bbox 419 2695 474 2742; x_wconf 89' lang='lat' dir='ltr'><strong>et</strong></span> <span class='ocrx_word' id='word_1_318' title='bbox 499 2687 720 2741; x_wconf 83' lang='lat' dir='ltr'><strong>sinistra</strong></span> <span class='ocrx_word' id='word_1_319' title='bbox 758 2686 1008 2740; x_wconf 78' lang='lat' dir='ltr'><strong>humana:</strong></span> <span class='ocrx_word' id='word_1_320' title='bbox 1036 2685 1341 2756; x_wconf 72' lang='lat' dir='ltr'><strong>deputetur.</strong></span> <span class='ocrx_word' id='word_1_321' title='bbox 1392 2682 1656 2739; x_wconf 83' lang='lat' dir='ltr'><strong>Convenit</strong></span> <span class='ocrx_word' id='word_1_322' title='bbox 1692 2694 1824 2753; x_wconf 85' lang='lat' dir='ltr'><strong>ergo</strong></span> <span class='ocrx_word' id='word_1_323' title='bbox 1854 2689 1915 2735; x_wconf 89' lang='lat' dir='ltr'><strong>ut</strong></span> <span class='ocrx_word' id='word_1_324' title='bbox 1956 2681 2014 2734; x_wconf 88' lang='lat' dir='ltr'><strong>in</strong></span> 
     </span>
    </p>
   </div>
   <div class='ocr_carea' id='block_1_44' title="bbox 418 2772 2080 2850">
    <p class='ocr_par' dir='ltr' id='par_1_44' title="bbox 418 2772 2080 2850">
     <span class='ocr_line' id='line_1_44' title="bbox 418 2772 2080 2850; baseline -0.004 -16"><span class='ocrx_word' id='word_1_325' title='bbox 418 2790 746 2850; x_wconf 85' lang='lat' dir='ltr'><strong>quocunque</strong></span> <span class='ocrx_word' id='word_1_326' title='bbox 766 2778 1030 2847; x_wconf 80' lang='lat' dir='ltr'><strong>discipulo</strong></span> <span class='ocrx_word' id='word_1_327' title='bbox 1064 2777 1265 2833; x_wconf 86' lang='lat' dir='ltr'><strong>Christi</strong></span> <span class='ocrx_word' id='word_1_328' title='bbox 1287 2784 1653 2846; x_wconf 82' lang='lat' dir='ltr'><strong>contemptum</strong></span> <span class='ocrx_word' id='word_1_329' title='bbox 1676 2775 1845 2829; x_wconf 81' lang='lat' dir='ltr'><strong>fuerit</strong></span> <span class='ocrx_word' id='word_1_330' title='bbox 1868 2772 2014 2844; x_wconf 88' lang='lat' dir='ltr'><strong>quod</strong></span> <span class='ocrx_word' id='word_1_331' title='bbox 2066 2787 2080 2797; x_wconf 91' lang='grc'>·</span> 
     </span>
    </p>
   </div>
   <div class='ocr_carea' id='block_1_45' title="bbox 419 2873 2014 2944">
    <p class='ocr_par' dir='ltr' id='par_1_45' title="bbox 419 2873 2014 2944">
     <span class='ocr_line' id='line_1_45' title="bbox 419 2873 2014 2944; baseline -0.001 -14"><span class='ocrx_word' id='word_1_332' title='bbox 419 2874 763 2930; x_wconf 86' lang='lat' dir='ltr'><strong>Christianus</strong></span> <span class='ocrx_word' id='word_1_333' title='bbox 782 2882 886 2939; x_wconf 68' lang='grc' dir='ltr'><em>εει,</em></span> <span class='ocrx_word' id='word_1_334' title='bbox 912 2873 1088 2929; x_wconf 81' lang='lat' dir='ltr'><strong>multo</strong></span> <span class='ocrx_word' id='word_1_335' title='bbox 1108 2874 1281 2944; x_wconf 81' lang='lat' dir='ltr'><strong>magis</strong></span> <span class='ocrx_word' id='word_1_336' title='bbox 1321 2874 1374 2928; x_wconf 91' lang='lat' dir='ltr'><strong>in</strong></span> <span class='ocrx_word' id='word_1_337' title='bbox 1398 2886 1457 2928; x_wconf 88' lang='lat' dir='ltr'><strong>se</strong></span> <span class='ocrx_word' id='word_1_338' title='bbox 1490 2874 1760 2928; x_wconf 80' lang='lat' dir='ltr'><strong>contemni</strong></span> <span class='ocrx_word' id='word_1_339' title='bbox 1791 2880 2014 2944; x_wconf 80' lang='lat' dir='ltr'><strong>paratus</strong></span> 
     </span>
    </p>
   </div>
   <div class='ocr_carea' id='block_1_46' title="bbox 421 2962 2011 3036">
    <p class='ocr_par' dir='ltr' id='par_1_46' title="bbox 421 2962 2011 3036">
     <span class='ocr_line' id='line_1_46' title="bbox 421 2962 2011 3036; baseline -0.003 -14"><span class='ocrx_word' id='word_1_340' title='bbox 421 2967 515 3032; x_wconf 87' lang='lat' dir='ltr'><strong>sit,</strong></span> <span class='ocrx_word' id='word_1_341' title='bbox 568 2967 613 3022; x_wconf 89' lang='lat' dir='ltr'><strong>si</strong></span> <span class='ocrx_word' id='word_1_342' title='bbox 644 2982 781 3036; x_wconf 90' lang='lat' dir='ltr'><strong>quos</strong></span> <span class='ocrx_word' id='word_1_343' title='bbox 802 2965 965 3036; x_wconf 83' lang='lat' dir='ltr'><strong>hujus</strong></span> <span class='ocrx_word' id='word_1_344' title='bbox 992 2965 1174 3021; x_wconf 62' lang='lat' dir='ltr'><strong>Siccuii</strong></span> <span class='ocrx_word' id='word_1_345' title='bbox 1203 2967 1434 3020; x_wconf 86' lang='lat' dir='ltr'><strong>honores</strong></span> <span class='ocrx_word' id='word_1_346' title='bbox 1466 2965 1648 3019; x_wconf 87' lang='lat' dir='ltr'><strong>habet.</strong></span> <span class='ocrx_word' id='word_1_347' title='bbox 1698 2962 1852 3018; x_wconf 87' lang='lat' dir='ltr'><strong>Sicut</strong></span> <span class='ocrx_word' id='word_1_348' title='bbox 1877 2976 2011 3035; x_wconf 89' lang='lat' dir='ltr'><strong>apo-</strong></span> 
     </span>
    </p>
   </div>
   <div class='ocr_carea' id='block_1_47' title="bbox 2107 1860 3704 1932">
    <p class='ocr_par' dir='ltr' id='par_1_47' title="bbox 2107 1860 3704 1932">
     <span class='ocr_line' id='line_1_47' title="bbox 2107 1860 3704 1932; baseline -0.001 -15"><span class='ocrx_word' id='word_1_349' title='bbox 2107 1861 2252 1930; x_wconf 89' lang='lat' dir='ltr'><strong>cipit,</strong></span> <span class='ocrx_word' id='word_1_350' title='bbox 2286 1868 2500 1931; x_wconf 76' lang='lat' dir='ltr'><strong>Oportet</strong></span> <span class='ocrx_word' id='word_1_351' title='bbox 2530 1869 2589 1914; x_wconf 88' lang='lat' dir='ltr'><strong>ut</strong></span> <span class='ocrx_word' id='word_1_352' title='bbox 2617 1876 2721 1915; x_wconf 91' lang='lat' dir='ltr'><strong>non</strong></span> <span class='ocrx_word' id='word_1_353' title='bbox 2750 1870 2856 1915; x_wconf 84' lang='lat' dir='ltr'><strong>tam</strong></span> <span class='ocrx_word' id='word_1_354' title='bbox 2894 1862 3117 1931; x_wconf 86' lang='lat' dir='ltr'><strong>pedibus</strong></span> <span class='ocrx_word' id='word_1_355' title='bbox 3136 1877 3283 1932; x_wconf 83' lang='lat' dir='ltr'><strong>agas,</strong></span> <span class='ocrx_word' id='word_1_356' title='bbox 3317 1876 3481 1932; x_wconf 90' lang='lat' dir='ltr'><strong>quam</strong></span> <span class='ocrx_word' id='word_1_357' title='bbox 3511 1860 3704 1916; x_wconf 79' lang='lat' dir='ltr'><strong>utani—</strong></span> 
     </span>
    </p>
   </div>
   <div class='ocr_carea' id='block_1_48' title="bbox 2110 1951 3701 2024">
    <p class='ocr_par' dir='ltr' id='par_1_48' title="bbox 2110 1951 3701 2024">
     <span class='ocr_line' id='line_1_48' title="bbox 2110 1951 3701 2024; baseline 0.001 -17"><span class='ocrx_word' id='word_1_358' title='bbox 2110 1952 2198 2007; x_wconf 79' lang='lat' dir='ltr'><strong>mo</strong></span> <span class='ocrx_word' id='word_1_359' title='bbox 2226 1960 2439 2021; x_wconf 80' lang='lat' dir='ltr'><strong>semper</strong></span> <span class='ocrx_word' id='word_1_360' title='bbox 2464 1951 2539 2006; x_wconf 88' lang='lat' dir='ltr'><strong>sis</strong></span> <span class='ocrx_word' id='word_1_361' title='bbox 2567 1952 2634 2005; x_wconf 89' lang='lat' dir='ltr'><strong>ad</strong></span> <span class='ocrx_word' id='word_1_362' title='bbox 2666 1951 2971 2006; x_wconf 83' lang='lat' dir='ltr'><strong>faciendum</strong></span> <span class='ocrx_word' id='word_1_363' title='bbox 2996 1962 3237 2023; x_wconf 84' lang='lat' dir='ltr'><strong>paratus,</strong></span> <span class='ocrx_word' id='word_1_364' title='bbox 3308 1954 3498 2024; x_wconf 86' lang='lat' dir='ltr'><strong>utique</strong></span> <span class='ocrx_word' id='word_1_365' title='bbox 3550 1968 3701 2008; x_wconf 87' lang='lat' dir='ltr'><strong>com-</strong></span> 
     </span>
    </p>
   </div>
   <div class='ocr_carea' id='block_1_49' title="bbox 2109 2044 3701 2117">
    <p class='ocr_par' dir='ltr' id='par_1_49' title="bbox 2109 2044 3701 2117">
     <span class='ocr_line' id='line_1_49' title="bbox 2109 2044 3701 2117; baseline 0.001 -19"><span class='ocrx_word' id='word_1_366' title='bbox 2109 2046 2380 2117; x_wconf 84' lang='lat' dir='ltr'><strong>passionis</strong></span> <span class='ocrx_word' id='word_1_367' title='bbox 2411 2044 2664 2099; x_wconf 71' lang='lat' dir='ltr'><strong>allectum</strong></span> <span class='ocrx_word' id='word_1_368' title='bbox 2705 2053 2760 2099; x_wconf 92' lang='lat' dir='ltr'><strong>et</strong></span> <span class='ocrx_word' id='word_1_369' title='bbox 2785 2045 3022 2100; x_wconf 88' lang='lat' dir='ltr'><strong>studium</strong></span> <span class='ocrx_word' id='word_1_370' title='bbox 3059 2045 3234 2099; x_wconf 85' lang='lat' dir='ltr'><strong>solatii</strong></span> <span class='ocrx_word' id='word_1_371' title='bbox 3284 2046 3607 2117; x_wconf 87' lang='lat' dir='ltr'><strong>impendere</strong></span> <span class='ocrx_word' id='word_1_372' title='bbox 3631 2045 3701 2110; x_wconf 88' lang='lat' dir='ltr'><strong>ei,</strong></span> 
     </span>
    </p>
   </div>
   <div class='ocr_carea' id='block_1_50' title="bbox 2110 2133 3705 2207">
    <p class='ocr_par' dir='ltr' id='par_1_50' title="bbox 2110 2133 3705 2207">
     <span class='ocr_line' id='line_1_50' title="bbox 2110 2133 3705 2207; baseline 0 -20"><span class='ocrx_word' id='word_1_373' title='bbox 2110 2136 2202 2207; x_wconf 88' lang='lat' dir='ltr'><strong>qui</strong></span> <span class='ocrx_word' id='word_1_374' title='bbox 2231 2150 2261 2188; x_wconf 89' lang='lat' dir='ltr'><strong>a</strong></span> <span class='ocrx_word' id='word_1_375' title='bbox 2290 2143 2341 2189; x_wconf 90' lang='lat' dir='ltr'><strong>te</strong></span> <span class='ocrx_word' id='word_1_376' title='bbox 2371 2135 2594 2203; x_wconf 82' lang='lat' dir='ltr'><strong>expetit.</strong></span> <span class='ocrx_word' id='word_1_377' title='bbox 2649 2133 2782 2188; x_wconf 79' lang='lat' dir='ltr'><strong>Nam</strong></span> <span class='ocrx_word' id='word_1_378' title='bbox 2813 2134 2865 2187; x_wconf 90' lang='lat' dir='ltr'><strong>in</strong></span> <span class='ocrx_word' id='word_1_379' title='bbox 2890 2134 3007 2203; x_wconf 84' lang='lat' dir='ltr'><strong>ipsa</strong></span> <span class='ocrx_word' id='word_1_380' title='bbox 3028 2134 3337 2189; x_wconf 79' lang='lat' dir='ltr'><strong>Christiana</strong></span> <span class='ocrx_word' id='word_1_381' title='bbox 3369 2135 3622 2201; x_wconf 87' lang='lat' dir='ltr'><strong>historia,</strong></span> <span class='ocrx_word' id='word_1_382' title='bbox 3652 2134 3705 2188; x_wconf 88' lang='lat' dir='ltr'><strong>in</strong></span> 
     </span>
    </p>
   </div>
   <div class='ocr_carea' id='block_1_51' title="bbox 2111 2222 3709 2298">
    <p class='ocr_par' dir='ltr' id='par_1_51' title="bbox 2111 2222 3709 2298">
     <span class='ocr_line' id='line_1_51' title="bbox 2111 2222 3709 2298; baseline -0.001 -17"><span class='ocrx_word' id='word_1_383' title='bbox 2111 2242 2217 2298; x_wconf 88' lang='lat' dir='ltr'><strong>qua</strong></span> <span class='ocrx_word' id='word_1_384' title='bbox 2255 2233 2340 2282; x_wconf 76' lang='lat' dir='ltr'><strong>est.</strong></span> <span class='ocrx_word' id='word_1_385' title='bbox 2380 2226 2701 2291; x_wconf 88' lang='lat' dir='ltr'><strong>auctoritas,</strong></span> <span class='ocrx_word' id='word_1_386' title='bbox 2744 2225 2877 2279; x_wconf 88' lang='lat' dir='ltr'><strong>nihil</strong></span> <span class='ocrx_word' id='word_1_387' title='bbox 2924 2222 3029 2281; x_wconf 86' lang='lat' dir='ltr'><strong>tale</strong></span> <span class='ocrx_word' id='word_1_388' title='bbox 3079 2226 3321 2281; x_wconf 80' lang='lat' dir='ltr'><strong>invenies</strong></span> <span class='ocrx_word' id='word_1_389' title='bbox 3348 2226 3709 2281; x_wconf 76' lang='lat' dir='ltr'><strong>liistorialiter</strong></span> 
     </span>
    </p>
   </div>
   <div class='ocr_carea' id='block_1_52' title="bbox 2110 2315 3702 2386">
    <p class='ocr_par' dir='ltr' id='par_1_52' title="bbox 2110 2315 3702 2386">
     <span class='ocr_line' id='line_1_52' title="bbox 2110 2315 3702 2386; baseline -0.001 -15"><span class='ocrx_word' id='word_1_390' title='bbox 2110 2315 2315 2373; x_wconf 77' lang='lat' dir='ltr'><strong>factum</strong></span> <span class='ocrx_word' id='word_1_391' title='bbox 2339 2334 2367 2370; x_wconf 89' lang='lat' dir='ltr'><strong>a</strong></span> <span class='ocrx_word' id='word_1_392' title='bbox 2390 2319 2613 2385; x_wconf 88' lang='lat' dir='ltr'><strong>sanctis,</strong></span> <span class='ocrx_word' id='word_1_393' title='bbox 2629 2317 2710 2371; x_wconf 86' lang='lat' dir='ltr'><strong>vel</strong></span> <span class='ocrx_word' id='word_1_394' title='bbox 2739 2317 2806 2371; x_wconf 82' lang='lat' dir='ltr'><strong>ab</strong></span> <span class='ocrx_word' id='word_1_395' title='bbox 2833 2317 2949 2386; x_wconf 83' lang='lat' dir='ltr'><strong>ipso</strong></span> <span class='ocrx_word' id='word_1_396' title='bbox 2974 2316 3217 2379; x_wconf 89' lang='lat' dir='ltr'><strong>Domino,</strong></span> <span class='ocrx_word' id='word_1_397' title='bbox 3247 2330 3366 2371; x_wconf 89' lang='lat' dir='ltr'><strong>cum</strong></span> <span class='ocrx_word' id='word_1_398' title='bbox 3394 2317 3450 2370; x_wconf 90' lang='lat' dir='ltr'><strong>in</strong></span> <span class='ocrx_word' id='word_1_399' title='bbox 3468 2317 3702 2382; x_wconf 85' lang='lat' dir='ltr'><strong>homine,</strong></span> 
     </span>
    </p>
   </div>
   <div class='ocr_carea' id='block_1_53' title="bbox 2113 2407 3711 2480">
    <p class='ocr_par' dir='ltr' id='par_1_53' title="bbox 2113 2407 3711 2480">
     <span class='ocr_line' id='line_1_53' title="bbox 2113 2407 3711 2480; baseline -0.001 -17"><span class='ocrx_word' id='word_1_400' title='bbox 2113 2420 2277 2480; x_wconf 84' lang='lat' dir='ltr'><strong>quem</strong></span> <span class='ocrx_word' id='word_1_401' title='bbox 2301 2411 2580 2480; x_wconf 88' lang='lat' dir='ltr'><strong>suscipere</strong></span> <span class='ocrx_word' id='word_1_402' title='bbox 2605 2410 2860 2480; x_wconf 87' lang='lat' dir='ltr'><strong>dignatus</strong></span> <span class='ocrx_word' id='word_1_403' title='bbox 2882 2416 2985 2474; x_wconf 89' lang='lat' dir='ltr'><strong>est,</strong></span> <span class='ocrx_word' id='word_1_404' title='bbox 3021 2408 3237 2464; x_wconf 76' lang='lat' dir='ltr'><strong>vivendi</strong></span> <span class='ocrx_word' id='word_1_405' title='bbox 3260 2408 3416 2463; x_wconf 89' lang='lat' dir='ltr'><strong>nobis</strong></span> <span class='ocrx_word' id='word_1_406' title='bbox 3442 2407 3711 2478; x_wconf 77' lang='lat' dir='ltr'><strong>praeberet</strong></span> 
     </span>
    </p>
   </div>
   <div class='ocr_carea' id='block_1_54' title="bbox 2112 2497 3710 2569">
    <p class='ocr_par' dir='ltr' id='par_1_54' title="bbox 2112 2497 3710 2569">
     <span class='ocr_line' id='line_1_54' title="bbox 2112 2497 3710 2569; baseline -0.001 -15"><span class='ocrx_word' id='word_1_407' title='bbox 2112 2499 2443 2569; x_wconf 82' lang='lat' dir='ltr'><strong>exemplum,</strong></span> <span class='ocrx_word' id='word_1_408' title='bbox 2494 2514 2616 2554; x_wconf 90' lang='lat' dir='ltr'><strong>cum</strong></span> <span class='ocrx_word' id='word_1_409' title='bbox 2650 2509 2830 2554; x_wconf 90' lang='lat' dir='ltr'><strong>tamen</strong></span> <span class='ocrx_word' id='word_1_410' title='bbox 2866 2498 3116 2554; x_wconf 88' lang='lat' dir='ltr'><strong>omnibus</strong></span> <span class='ocrx_word' id='word_1_411' title='bbox 3145 2497 3259 2553; x_wconf 78' lang='lat' dir='ltr'><strong>fere</strong></span> <span class='ocrx_word' id='word_1_412' title='bbox 3294 2498 3430 2553; x_wconf 90' lang='lat' dir='ltr'><strong>locis</strong></span> <span class='ocrx_word' id='word_1_413' title='bbox 3464 2498 3710 2552; x_wconf 88' lang='lat' dir='ltr'><strong>invenies</strong></span> 
     </span>
    </p>
   </div>
   <div class='ocr_carea' id='block_1_55' title="bbox 2111 2591 3710 2665">
    <p class='ocr_par' dir='ltr' id='par_1_55' title="bbox 2111 2591 3710 2665">
     <span class='ocr_line' id='line_1_55' title="bbox 2111 2591 3710 2665; baseline 0.001 -19"><span class='ocrx_word' id='word_1_414' title='bbox 2111 2602 2332 2665; x_wconf 89' lang='lat' dir='ltr'><strong>paratos</strong></span> <span class='ocrx_word' id='word_1_415' title='bbox 2372 2591 2558 2659; x_wconf 85' lang='lat' dir='ltr'><strong>fuisse,</strong></span> <span class='ocrx_word' id='word_1_416' title='bbox 2622 2608 2778 2664; x_wconf 62' lang='lat' dir='ltr'><strong>aequo</strong></span> <span class='ocrx_word' id='word_1_417' title='bbox 2810 2594 2995 2648; x_wconf 88' lang='lat' dir='ltr'><strong>animo</strong></span> <span class='ocrx_word' id='word_1_418' title='bbox 3046 2592 3279 2647; x_wconf 84' lang='lat' dir='ltr'><strong>tolerare</strong></span> <span class='ocrx_word' id='word_1_419' title='bbox 3317 2591 3582 2663; x_wconf 87' lang='lat' dir='ltr'><strong>quidquid</strong></span> <span class='ocrx_word' id='word_1_420' title='bbox 3629 2592 3710 2647; x_wconf 83' lang='lat' dir='ltr'><strong>eis</strong></span> 
     </span>
    </p>
   </div>
   <div class='ocr_carea' id='block_1_56' title="bbox 2112 2681 3706 2756">
    <p class='ocr_par' dir='ltr' id='par_1_56' title="bbox 2112 2681 3706 2756">
     <span class='ocr_line' id='line_1_56' title="bbox 2112 2681 3706 2756; baseline 0.001 -19"><span class='ocrx_word' id='word_1_421' title='bbox 2112 2682 2361 2753; x_wconf 84' lang='lat' dir='ltr'><strong>improbe</strong></span> <span class='ocrx_word' id='word_1_422' title='bbox 2398 2681 2591 2739; x_wconf 80' lang='lat' dir='ltr'><strong>fuisset</strong></span> <span class='ocrx_word' id='word_1_423' title='bbox 2629 2694 2859 2756; x_wconf 81' lang='lat' dir='ltr'><strong>gestum.</strong></span> <span class='ocrx_word' id='word_1_424' title='bbox 2902 2684 3030 2741; x_wconf 89' lang='lat' dir='ltr'><strong>Tria</strong></span> <span class='ocrx_word' id='word_1_425' title='bbox 3057 2692 3185 2756; x_wconf 80' lang='lat' dir='ltr'><strong>ergo</strong></span> <span class='ocrx_word' id='word_1_426' title='bbox 3214 2685 3462 2755; x_wconf 71' lang='lat' dir='ltr'><strong>eXcmpla</strong></span> <span class='ocrx_word' id='word_1_427' title='bbox 3504 2686 3706 2754; x_wconf 85' lang='lat' dir='ltr'><strong>posuit,</strong></span> 
     </span>
    </p>
   </div>
   <div class='ocr_carea' id='block_1_57' title="bbox 2114 2776 3707 2850">
    <p class='ocr_par' dir='ltr' id='par_1_57' title="bbox 2114 2776 3707 2850">
     <span class='ocr_line' id='line_1_57' title="bbox 2114 2776 3707 2850; baseline 0.001 -21"><span class='ocrx_word' id='word_1_428' title='bbox 2114 2776 2242 2847; x_wconf 85' lang='lat' dir='ltr'><strong>quia</strong></span> <span class='ocrx_word' id='word_1_429' title='bbox 2262 2777 2366 2833; x_wconf 87' lang='lat' dir='ltr'><strong>hoc</strong></span> <span class='ocrx_word' id='word_1_430' title='bbox 2391 2790 2619 2833; x_wconf 86' lang='lat' dir='ltr'><strong>numero</strong></span> <span class='ocrx_word' id='word_1_431' title='bbox 2645 2779 2981 2848; x_wconf 78' lang='lat' dir='ltr'><strong>signiﬁcatur</strong></span> <span class='ocrx_word' id='word_1_432' title='bbox 3003 2779 3286 2850; x_wconf 76' lang='lat' dir='ltr'><strong>perfectio,</strong></span> <span class='ocrx_word' id='word_1_433' title='bbox 3315 2786 3376 2832; x_wconf 91' lang='lat' dir='ltr'><strong>ut</strong></span> <span class='ocrx_word' id='word_1_434' title='bbox 3395 2777 3707 2832; x_wconf 84' lang='lat' dir='ltr'><strong>meminerit</strong></span> 
     </span>
    </p>
   </div>
   <div class='ocr_carea' id='block_1_58' title="bbox 2114 2866 3707 2940">
    <p class='ocr_par' dir='ltr' id='par_1_58' title="bbox 2114 2866 3707 2940">
     <span class='ocr_line' id='line_1_58' title="bbox 2114 2866 3707 2940; baseline -0.001 -18"><span class='ocrx_word' id='word_1_435' title='bbox 2114 2868 2366 2938; x_wconf 85' lang='lat' dir='ltr'><strong>quisque,</strong></span> <span class='ocrx_word' id='word_1_436' title='bbox 2398 2880 2522 2924; x_wconf 88' lang='lat' dir='ltr'><strong>cum</strong></span> <span class='ocrx_word' id='word_1_437' title='bbox 2554 2869 2658 2925; x_wconf 94' lang='lat' dir='ltr'><strong>hoc</strong></span> <span class='ocrx_word' id='word_1_438' title='bbox 2683 2870 2834 2936; x_wconf 89' lang='lat' dir='ltr'><strong>facit,</strong></span> <span class='ocrx_word' id='word_1_439' title='bbox 2871 2870 3168 2940; x_wconf 82' lang='lat' dir='ltr'><strong>perfectam</strong></span> <span class='ocrx_word' id='word_1_440' title='bbox 3191 2866 3707 2939; x_wconf 83' lang='lat' dir='ltr'><strong>implerejustitiam</strong></span> 
     </span>
    </p>
   </div>
   <div class='ocr_carea' id='block_1_59' title="bbox 2116 2954 3702 3030">
    <p class='ocr_par' dir='ltr' id='par_1_59' title="bbox 2116 2954 3702 3030">
     <span class='ocr_line' id='line_1_59' title="bbox 2116 2954 3702 3030; baseline 0 -18"><span class='ocrx_word' id='word_1_441' title='bbox 2116 2954 2547 3015; x_wconf 85' lang='lat' dir='ltr'><strong>misericorditer</strong></span> <span class='ocrx_word' id='word_1_442' title='bbox 2574 2959 2918 3016; x_wconf 85' lang='lat' dir='ltr'><strong>inﬁrmitates</strong></span> <span class='ocrx_word' id='word_1_443' title='bbox 2952 2975 3141 3016; x_wconf 89' lang='lat' dir='ltr'><strong>eorum</strong></span> <span class='ocrx_word' id='word_1_444' title='bbox 3168 2956 3516 3030; x_wconf 87' lang='lat' dir='ltr'><strong>perferendo,</strong></span> <span class='ocrx_word' id='word_1_445' title='bbox 3562 2974 3702 3029; x_wconf 87' lang='lat' dir='ltr'><strong>quos</strong></span> 
     </span>
    </p>
   </div>
   <div class='ocr_carea' id='block_1_60' title="bbox 419 3048 3709 3130">
    <p class='ocr_par' dir='ltr' id='par_1_60' title="bbox 419 3048 3709 3130">
     <span class='ocr_line' id='line_1_60' title="bbox 419 3048 3709 3130; baseline -0.004 -12"><span class='ocrx_word' id='word_1_446' title='bbox 419 3062 592 3118; x_wconf 71' lang='lat' dir='ltr'><strong>Stolus</strong></span> <span class='ocrx_word' id='word_1_447' title='bbox 630 3061 850 3124; x_wconf 78' lang='lat' dir='ltr'><strong>Paulus,</strong></span> <span class='ocrx_word' id='word_1_448' title='bbox 895 3070 1020 3116; x_wconf 88' lang='lat' dir='ltr'><strong>cum</strong></span> <span class='ocrx_word' id='word_1_449' title='bbox 1059 3063 1112 3114; x_wconf 85' lang='lat' dir='ltr'><strong>in</strong></span> <span class='ocrx_word' id='word_1_450' title='bbox 1145 3068 1209 3116; x_wconf 85' lang='lat' dir='ltr'><strong>c’o</strong></span> <span class='ocrx_word' id='word_1_451' title='bbox 1252 3066 1707 3130; x_wconf 80' lang='lat' dir='ltr'><strong>persequerentur</strong></span> <span class='ocrx_word' id='word_1_452' title='bbox 1762 3056 2011 3113; x_wconf 79' lang='lat' dir='ltr'><strong>homines</strong></span> <span class='ocrx_word' id='word_1_453' title='bbox 2042 3114 2086 3130; x_wconf 43' lang='grc' dir='ltr'><strong>,η</strong></span> <span class='ocrx_word' id='word_1_454' title='bbox 2117 3048 2233 3103; x_wconf 71' lang='lat' dir='ltr'><strong>Vult</strong></span> <span class='ocrx_word' id='word_1_455' title='bbox 2255 3050 2373 3105; x_wconf 79' lang='lat' dir='ltr'><strong>ﬁeri</strong></span> <span class='ocrx_word' id='word_1_456' title='bbox 2401 3062 2585 3106; x_wconf 81' lang='lat' dir='ltr'><strong>Sanos.</strong></span> <span class='ocrx_word' id='word_1_457' title='bbox 2621 3050 2804 3121; x_wconf 85' lang='lat' dir='ltr'><strong>Neque</strong></span> <span class='ocrx_word' id='word_1_458' title='bbox 2830 3052 2919 3106; x_wconf 89' lang='lat' dir='ltr'><strong>hic</strong></span> <span class='ocrx_word' id='word_1_459' title='bbox 2943 3051 3179 3107; x_wconf 82' lang='lat' dir='ltr'><strong>vindicta</strong></span> <span class='ocrx_word' id='word_1_460' title='bbox 3212 3051 3558 3121; x_wconf 88' lang='lat' dir='ltr'><strong>prohibetur,</strong></span> <span class='ocrx_word' id='word_1_461' title='bbox 3584 3058 3709 3121; x_wconf 61' lang='lat' dir='ltr'><strong>quae</strong></span> 
     </span>
    </p>
   </div>
   <div class='ocr_carea' id='block_1_61' title="bbox 422 3117 3707 3222">
    <p class='ocr_par' dir='ltr' id='par_1_61' title="bbox 422 3117 3707 3222">
     <span class='ocr_line' id='line_1_61' title="bbox 422 3117 3707 3222; baseline -0.003 -15"><span class='ocrx_word' id='word_1_462' title='bbox 422 3162 620 3208; x_wconf 76' lang='lat' dir='ltr'><strong>nanten</strong></span> <span class='ocrx_word' id='word_1_463' title='bbox 670 3151 1060 3217; x_wconf 82' lang='lat' dir='ltr'><strong>Christianum,</strong></span> <span class='ocrx_word' id='word_1_464' title='bbox 1116 3151 1161 3207; x_wconf 91' lang='lat' dir='ltr'><strong>si</strong></span> <span class='ocrx_word' id='word_1_465' title='bbox 1198 3117 1401 3207; x_wconf 70' lang='lat' dir='ltr'><strong>taceret</strong></span> <span class='ocrx_word' id='word_1_466' title='bbox 1447 3152 1514 3206; x_wconf 89' lang='lat' dir='ltr'><strong>de</strong></span> <span class='ocrx_word' id='word_1_467' title='bbox 1550 3149 1811 3222; x_wconf 82' lang='lat' dir='ltr'><strong>dignitate</strong></span> <span class='ocrx_word' id='word_1_468' title='bbox 1850 3165 2011 3221; x_wconf 90' lang='lat' dir='ltr'><strong>quam</strong></span> <span class='ocrx_word' id='word_1_469' title='bbox 2040 3117 2088 3181; x_wconf 64' lang='grc' dir='ltr'><strong>δ</strong></span> <span class='ocrx_word' id='word_1_470' title='bbox 2122 3141 2189 3197; x_wconf 89' lang='lat' dir='ltr'><strong>ad</strong></span> <span class='ocrx_word' id='word_1_471' title='bbox 2218 3143 2616 3199; x_wconf 76' lang='lat' dir='ltr'><strong>correctionem</strong></span> <span class='ocrx_word' id='word_1_472' title='bbox 2645 3144 2811 3210; x_wconf 85' lang='lat' dir='ltr'><strong>valet,</strong></span> <span class='ocrx_word' id='word_1_473' title='bbox 2853 3146 3019 3200; x_wconf 87' lang='lat' dir='ltr'><strong>etiam</strong></span> <span class='ocrx_word' id='word_1_474' title='bbox 3047 3145 3162 3214; x_wconf 87' lang='lat' dir='ltr'><strong>ipsa</strong></span> <span class='ocrx_word' id='word_1_475' title='bbox 3192 3145 3339 3199; x_wconf 88' lang='lat' dir='ltr'><strong>enim</strong></span> <span class='ocrx_word' id='word_1_476' title='bbox 3372 3143 3615 3214; x_wconf 86' lang='lat' dir='ltr'><strong>pertinet</strong></span> <span class='ocrx_word' id='word_1_477' title='bbox 3643 3142 3707 3197; x_wconf 90' lang='lat' dir='ltr'><strong>ad</strong></span> 
     </span>
    </p>
   </div>
   <div class='ocr_carea' id='block_1_62' title="bbox 424 3241 2015 3314">
    <p class='ocr_par' dir='ltr' id='par_1_62' title="bbox 424 3241 2015 3314">
     <span class='ocr_line' id='line_1_62' title="bbox 424 3241 2015 3314; baseline -0.003 -15"><span class='ocrx_word' id='word_1_478' title='bbox 424 3243 662 3299; x_wconf 83' lang='lat' dir='ltr'><strong>habebat</strong></span> <span class='ocrx_word' id='word_1_479' title='bbox 700 3244 754 3298; x_wconf 92' lang='lat' dir='ltr'><strong>in</strong></span> <span class='ocrx_word' id='word_1_480' title='bbox 780 3244 997 3311; x_wconf 85' lang='lat' dir='ltr'><strong>Saeculo,</strong></span> <span class='ocrx_word' id='word_1_481' title='bbox 1049 3257 1153 3299; x_wconf 88' lang='lat' dir='ltr'><strong>non</strong></span> <span class='ocrx_word' id='word_1_482' title='bbox 1187 3246 1451 3314; x_wconf 62' lang='lat' dir='ltr'><strong>praeberet</strong></span> <span class='ocrx_word' id='word_1_483' title='bbox 1488 3243 1711 3298; x_wconf 88' lang='lat' dir='ltr'><strong>alteram</strong></span> <span class='ocrx_word' id='word_1_484' title='bbox 1740 3241 2015 3296; x_wconf 78' lang='lat' dir='ltr'><strong>maxillam</strong></span> 
     </span>
    </p>
   </div>
   <div class='ocr_carea' id='block_1_63' title="bbox 423 3330 2013 3402">
    <p class='ocr_par' dir='ltr' id='par_1_63' title="bbox 423 3330 2013 3402">
     <span class='ocr_line' id='line_1_63' title="bbox 423 3330 2013 3402; baseline -0.003 -9"><span class='ocrx_word' id='word_1_485' title='bbox 423 3337 753 3394; x_wconf 63' lang='lat' dir='ltr'><strong>«edentibus</strong></span> <span class='ocrx_word' id='word_1_486' title='bbox 781 3337 1080 3392; x_wconf 78' lang='lat' dir='ltr'><strong>dexteram.</strong></span> <span class='ocrx_word' id='word_1_487' title='bbox 1141 3335 1258 3391; x_wconf 79' lang='lat' dir='ltr'><strong>Non</strong></span> <span class='ocrx_word' id='word_1_488' title='bbox 1285 3337 1430 3392; x_wconf 90' lang='lat' dir='ltr'><strong>enim</strong></span> <span class='ocrx_word' id='word_1_489' title='bbox 1463 3336 1709 3402; x_wconf 90' lang='lat' dir='ltr'><strong>dicendo,</strong></span> <span class='ocrx_word' id='word_1_490' title='bbox 1741 3334 1877 3391; x_wconf 85' lang='lat' dir='ltr'><strong>Civis</strong></span> <span class='ocrx_word' id='word_1_491' title='bbox 1903 3330 2013 3388; x_wconf 82' lang='lat' dir='ltr'><strong>Ro—</strong></span> 
     </span>
    </p>
   </div>
   <div class='ocr_carea' id='block_1_64' title="bbox 425 3426 2012 3502">
    <p class='ocr_par' dir='ltr' id='par_1_64' title="bbox 425 3426 2012 3502">
     <span class='ocr_line' id='line_1_64' title="bbox 425 3426 2012 3502; baseline -0.004 -15"><span class='ocrx_word' id='word_1_492' title='bbox 425 3449 611 3487; x_wconf 77' lang='lat' dir='ltr'><strong>manus</strong></span> <span class='ocrx_word' id='word_1_493' title='bbox 651 3448 790 3496; x_wconf 82' lang='lat' dir='ltr'><strong>sum,</strong></span> <span class='ocrx_word' id='word_1_494' title='bbox 833 3447 939 3485; x_wconf 92' lang='lat' dir='ltr'><strong>non</strong></span> <span class='ocrx_word' id='word_1_495' title='bbox 964 3439 1082 3486; x_wconf 88' lang='lat' dir='ltr'><strong>erat</strong></span> <span class='ocrx_word' id='word_1_496' title='bbox 1111 3439 1336 3502; x_wconf 88' lang='lat' dir='ltr'><strong>paratus</strong></span> <span class='ocrx_word' id='word_1_497' title='bbox 1384 3431 1488 3486; x_wconf 90' lang='lat' dir='ltr'><strong>hoc</strong></span> <span class='ocrx_word' id='word_1_498' title='bbox 1535 3429 1589 3484; x_wconf 90' lang='lat' dir='ltr'><strong>in</strong></span> <span class='ocrx_word' id='word_1_499' title='bbox 1624 3445 1683 3485; x_wconf 91' lang='lat' dir='ltr'><strong>se</strong></span> <span class='ocrx_word' id='word_1_500' title='bbox 1713 3426 2012 3496; x_wconf 88' lang='lat' dir='ltr'><strong>contemni,</strong></span> 
     </span>
    </p>
   </div>
   <div class='ocr_carea' id='block_1_65' title="bbox 426 3518 2014 3600">
    <p class='ocr_par' dir='ltr' id='par_1_65' title="bbox 426 3518 2014 3600">
     <span class='ocr_line' id='line_1_65' title="bbox 426 3518 2014 3600; baseline -0.001 -25"><span class='ocrx_word' id='word_1_501' title='bbox 426 3523 569 3591; x_wconf 86' lang='lat' dir='ltr'><strong>quod</strong></span> <span class='ocrx_word' id='word_1_502' title='bbox 616 3539 715 3595; x_wconf 91' lang='lat' dir='ltr'><strong>pro</strong></span> <span class='ocrx_word' id='word_1_503' title='bbox 744 3522 967 3600; x_wconf 78' lang='lat' dir='ltr'><strong>minimo</strong></span> <span class='ocrx_word' id='word_1_504' title='bbox 1004 3522 1239 3578; x_wconf 87' lang='lat' dir='ltr'><strong>habebat</strong></span> <span class='ocrx_word' id='word_1_505' title='bbox 1269 3521 1339 3576; x_wconf 91' lang='lat' dir='ltr'><strong>ab</strong></span> <span class='ocrx_word' id='word_1_506' title='bbox 1369 3522 1450 3576; x_wconf 88' lang='lat' dir='ltr'><strong>eis</strong></span> <span class='ocrx_word' id='word_1_507' title='bbox 1494 3520 1584 3590; x_wconf 66' lang='lat' dir='ltr'><strong>Qui</strong></span> <span class='ocrx_word' id='word_1_508' title='bbox 1616 3538 1671 3575; x_wconf 81' lang='lat' dir='ltr'><strong>in</strong></span> <span class='ocrx_word' id='word_1_509' title='bbox 1693 3518 1784 3574; x_wconf 88' lang='lat' dir='ltr'><strong>illo</strong></span> <span class='ocrx_word' id='word_1_510' title='bbox 1817 3534 2014 3575; x_wconf 87' lang='lat' dir='ltr'><strong>nomen</strong></span> 
     </span>
    </p>
   </div>
   <div class='ocr_carea' id='block_1_66' title="bbox 427 3611 1685 3684">
    <p class='ocr_par' dir='ltr' id='par_1_66' title="bbox 427 3611 1685 3684">
     <span class='ocr_line' id='line_1_66' title="bbox 427 3611 1685 3684; baseline -0.003 -17"><span class='ocrx_word' id='word_1_511' title='bbox 427 3620 537 3667; x_wconf 88' lang='lat' dir='ltr'><strong>tam</strong></span> <span class='ocrx_word' id='word_1_512' title='bbox 564 3613 860 3684; x_wconf 90' lang='lat' dir='ltr'><strong>pretiosum</strong></span> <span class='ocrx_word' id='word_1_513' title='bbox 891 3621 944 3666; x_wconf 92' lang='lat' dir='ltr'><strong>et</strong></span> <span class='ocrx_word' id='word_1_514' title='bbox 971 3611 1207 3667; x_wconf 88' lang='lat' dir='ltr'><strong>salutare</strong></span> <span class='ocrx_word' id='word_1_515' title='bbox 1226 3618 1685 3681; x_wconf 88' lang='lat' dir='ltr'><strong>contempserant.</strong></span> 
     </span>
    </p>
   </div>
   <div class='ocr_carea' id='block_1_67' title="bbox 500 3702 2014 3774">
    <p class='ocr_par' dir='ltr' id='par_1_67' title="bbox 500 3702 2014 3774">
     <span class='ocr_line' id='line_1_67' title="bbox 500 3702 2014 3774; baseline 0 -17"><span class='ocrx_word' id='word_1_516' title='bbox 500 3703 569 3757; x_wconf 87' lang='lat' dir='ltr'><strong>Et</strong></span> <span class='ocrx_word' id='word_1_517' title='bbox 594 3705 642 3757; x_wconf 89' lang='lat' dir='ltr'><strong>ei</strong></span> <span class='ocrx_word' id='word_1_518' title='bbox 677 3706 767 3774; x_wconf 89' lang='lat' dir='ltr'><strong>qui</strong></span> <span class='ocrx_word' id='word_1_519' title='bbox 790 3702 897 3757; x_wconf 81' lang='lat' dir='ltr'><strong>vult</strong></span> <span class='ocrx_word' id='word_1_520' title='bbox 922 3714 1093 3757; x_wconf 85' lang='lat' dir='ltr'><strong>tecum</strong></span> <span class='ocrx_word' id='word_1_521' title='bbox 1106 3702 1312 3773; x_wconf 85' lang='lat' dir='ltr'><strong>judicio</strong></span> <span class='ocrx_word' id='word_1_522' title='bbox 1344 3702 1677 3768; x_wconf 83' lang='lat' dir='ltr'><strong>contendere,</strong></span> <span class='ocrx_word' id='word_1_523' title='bbox 1714 3712 1761 3757; x_wconf 84' lang='lat' dir='ltr'><strong>et</strong></span> <span class='ocrx_word' id='word_1_524' title='bbox 1783 3702 2014 3757; x_wconf 80' lang='lat' dir='ltr'><strong>tunicam</strong></span> 
     </span>
    </p>
   </div>
   <div class='ocr_carea' id='block_1_68' title="bbox 426 3788 2017 3866">
    <p class='ocr_par' dir='ltr' id='par_1_68' title="bbox 426 3788 2017 3866">
     <span class='ocr_line' id='line_1_68' title="bbox 426 3788 2017 3866; baseline -0.001 -16"><span class='ocrx_word' id='word_1_525' title='bbox 426 3805 573 3851; x_wconf 86' lang='lat' dir='ltr'><strong>tuam</strong></span> <span class='ocrx_word' id='word_1_526' title='bbox 617 3793 818 3860; x_wconf 79' lang='lat' dir='ltr'><strong>tollere,</strong></span> <span class='ocrx_word' id='word_1_527' title='bbox 857 3795 1058 3848; x_wconf 81' lang='lat' dir='ltr'><strong>remitte</strong></span> <span class='ocrx_word' id='word_1_528' title='bbox 1082 3793 1128 3848; x_wconf 89' lang='lat' dir='ltr'><strong>ei</strong></span> <span class='ocrx_word' id='word_1_529' title='bbox 1161 3803 1209 3849; x_wconf 87' lang='lat' dir='ltr'><strong>et</strong></span> <span class='ocrx_word' id='word_1_530' title='bbox 1228 3790 1469 3865; x_wconf 82' lang='lat' dir='ltr'><strong>pallium.</strong></span> <span class='ocrx_word' id='word_1_531' title='bbox 1517 3792 1693 3849; x_wconf 77' lang='lat' dir='ltr'><strong>Lucas</strong></span> <span class='ocrx_word' id='word_1_532' title='bbox 1732 3788 1836 3849; x_wconf 84' lang='lat' dir='ltr'><strong>hoc</strong></span> <span class='ocrx_word' id='word_1_533' title='bbox 1869 3794 2017 3866; x_wconf 83' lang='lat' dir='ltr'><strong>capi-</strong></span> 
     </span>
    </p>
   </div>
   <div class='ocr_carea' id='block_1_69' title="bbox 427 3880 2015 3956">
    <p class='ocr_par' dir='ltr' id='par_1_69' title="bbox 427 3880 2015 3956">
     <span class='ocr_line' id='line_1_69' title="bbox 427 3880 2015 3956; baseline 0 -18"><span class='ocrx_word' id='word_1_534' title='bbox 427 3884 597 3938; x_wconf 89' lang='lat' dir='ltr'><strong>tulum</strong></span> <span class='ocrx_word' id='word_1_535' title='bbox 622 3899 779 3939; x_wconf 87' lang='lat' dir='ltr'><strong>versa</strong></span> <span class='ocrx_word' id='word_1_536' title='bbox 814 3883 927 3938; x_wconf 82' lang='lat' dir='ltr'><strong>vice</strong></span> <span class='ocrx_word' id='word_1_537' title='bbox 955 3883 1151 3954; x_wconf 88' lang='lat' dir='ltr'><strong>posuit.</strong></span> <span class='ocrx_word' id='word_1_538' title='bbox 1184 3883 1272 3938; x_wconf 79' lang='lat' dir='ltr'><strong>Ait</strong></span> <span class='ocrx_word' id='word_1_539' title='bbox 1303 3884 1481 3939; x_wconf 87' lang='lat' dir='ltr'><strong>enim:</strong></span> <span class='ocrx_word' id='word_1_540' title='bbox 1518 3880 1594 3937; x_wconf 82' lang='lat' dir='ltr'><strong>Ab</strong></span> <span class='ocrx_word' id='word_1_541' title='bbox 1616 3901 1674 3938; x_wconf 89' lang='lat' dir='ltr'><strong>co</strong></span> <span class='ocrx_word' id='word_1_542' title='bbox 1699 3884 1788 3956; x_wconf 87' lang='lat' dir='ltr'><strong>qui</strong></span> <span class='ocrx_word' id='word_1_543' title='bbox 1815 3882 2015 3954; x_wconf 79' lang='lat' dir='ltr'><strong>auferet</strong></span> 
     </span>
    </p>
   </div>
   <div class='ocr_carea' id='block_1_70' title="bbox 427 3972 2011 4047">
    <p class='ocr_par' dir='ltr' id='par_1_70' title="bbox 427 3972 2011 4047">
     <span class='ocr_line' id='line_1_70' title="bbox 427 3972 2011 4047; baseline 0.001 -19"><span class='ocrx_word' id='word_1_544' title='bbox 427 3974 521 4028; x_wconf 83' lang='lat' dir='ltr'><strong>tibi</strong></span> <span class='ocrx_word' id='word_1_545' title='bbox 544 3976 920 4039; x_wconf 81' lang='lat' dir='ltr'><strong>vestimentum,</strong></span> <span class='ocrx_word' id='word_1_546' title='bbox 950 3976 1110 4029; x_wconf 86' lang='lat' dir='ltr'><strong>etiam</strong></span> <span class='ocrx_word' id='word_1_547' title='bbox 1139 3976 1370 4029; x_wconf 86' lang='lat' dir='ltr'><strong>tunicam</strong></span> <span class='ocrx_word' id='word_1_548' title='bbox 1410 3972 1516 4030; x_wconf 85' lang='lat' dir='ltr'><strong>noli</strong></span> <span class='ocrx_word' id='word_1_549' title='bbox 1542 3973 1813 4047; x_wconf 82' lang='lat' dir='ltr'><strong>prohibere</strong></span> <span class='ocrx_word' id='word_1_550' title='bbox 1858 3973 2011 4047; x_wconf 84' lang='lat' dir='ltr'><strong>(Luc.</strong></span> 
     </span>
    </p>
   </div>
   <div class='ocr_carea' id='block_1_71' title="bbox 430 4058 2012 4136">
    <p class='ocr_par' dir='ltr' id='par_1_71' title="bbox 430 4058 2012 4136">
     <span class='ocr_line' id='line_1_71' title="bbox 430 4058 2012 4136; baseline 0.001 -17"><span class='ocrx_word' id='word_1_551' title='bbox 430 4066 532 4136; x_wconf 79' lang='lat' dir='ltr'><strong>vi).</strong></span> <span class='ocrx_word' id='word_1_552' title='bbox 569 4065 719 4134; x_wconf 84' lang='lat' dir='ltr'><strong>Quod</strong></span> <span class='ocrx_word' id='word_1_553' title='bbox 748 4067 812 4121; x_wconf 91' lang='lat' dir='ltr'><strong>de</strong></span> <span class='ocrx_word' id='word_1_554' title='bbox 838 4066 1160 4121; x_wconf 79' lang='lat' dir='ltr'><strong>veStimento</strong></span> <span class='ocrx_word' id='word_1_555' title='bbox 1177 4066 1318 4123; x_wconf 88' lang='lat' dir='ltr'><strong>etde</strong></span> <span class='ocrx_word' id='word_1_556' title='bbox 1345 4067 1528 4123; x_wconf 89' lang='lat' dir='ltr'><strong>tunica</strong></span> <span class='ocrx_word' id='word_1_557' title='bbox 1550 4068 1751 4122; x_wconf 89' lang='lat' dir='ltr'><strong>dictum</strong></span> <span class='ocrx_word' id='word_1_558' title='bbox 1778 4058 1880 4131; x_wconf 84' lang='lat' dir='ltr'><strong>est,</strong></span> <span class='ocrx_word' id='word_1_559' title='bbox 1908 4083 2012 4122; x_wconf 89' lang='lat' dir='ltr'><strong>non</strong></span> 
     </span>
    </p>
   </div>
   <div class='ocr_carea' id='block_1_72' title="bbox 426 4156 2015 4230">
    <p class='ocr_par' dir='ltr' id='par_1_72' title="bbox 426 4156 2015 4230">
     <span class='ocr_line' id='line_1_72' title="bbox 426 4156 2015 4230; baseline 0.001 -17"><span class='ocrx_word' id='word_1_560' title='bbox 426 4156 482 4213; x_wconf 81' lang='lat' dir='ltr'><strong>in</strong></span> <span class='ocrx_word' id='word_1_561' title='bbox 497 4158 575 4212; x_wconf 92' lang='lat' dir='ltr'><strong>eis</strong></span> <span class='ocrx_word' id='word_1_562' title='bbox 606 4158 757 4224; x_wconf 91' lang='lat' dir='ltr'><strong>solis,</strong></span> <span class='ocrx_word' id='word_1_563' title='bbox 787 4159 882 4214; x_wconf 89' lang='lat' dir='ltr'><strong>sed</strong></span> <span class='ocrx_word' id='word_1_564' title='bbox 912 4159 964 4213; x_wconf 87' lang='lat' dir='ltr'><strong>in</strong></span> <span class='ocrx_word' id='word_1_565' title='bbox 979 4158 1228 4214; x_wconf 89' lang='lat' dir='ltr'><strong>omnibus</strong></span> <span class='ocrx_word' id='word_1_566' title='bbox 1251 4157 1555 4214; x_wconf 88' lang='lat' dir='ltr'><strong>faciendum</strong></span> <span class='ocrx_word' id='word_1_567' title='bbox 1581 4168 1816 4230; x_wconf 78' lang='lat' dir='ltr'><strong>est,qua:</strong></span> <span class='ocrx_word' id='word_1_568' title='bbox 1834 4158 2015 4229; x_wconf 90' lang='lat' dir='ltr'><strong>aliquo</strong></span> 
     </span>
    </p>
   </div>
   <div class='ocr_carea' id='block_1_73' title="bbox 418 4248 2014 4321">
    <p class='ocr_par' dir='ltr' id='par_1_73' title="bbox 418 4248 2014 4321">
     <span class='ocr_line' id='line_1_73' title="bbox 418 4248 2014 4321; baseline 0.003 -18"><span class='ocrx_word' id='word_1_569' title='bbox 418 4248 544 4319; x_wconf 85' lang='lat' dir='ltr'><strong>jure</strong></span> <span class='ocrx_word' id='word_1_570' title='bbox 583 4249 952 4321; x_wconf 89' lang='lat' dir='ltr'><strong>temporaliter</strong></span> <span class='ocrx_word' id='word_1_571' title='bbox 981 4260 1167 4306; x_wconf 89' lang='lat' dir='ltr'><strong>nostra</strong></span> <span class='ocrx_word' id='word_1_572' title='bbox 1203 4267 1323 4308; x_wconf 87' lang='lat' dir='ltr'><strong>esse</strong></span> <span class='ocrx_word' id='word_1_573' title='bbox 1342 4250 1608 4319; x_wconf 89' lang='lat' dir='ltr'><strong>dicimus;</strong></span> <span class='ocrx_word' id='word_1_574' title='bbox 1646 4252 1825 4307; x_wconf 88' lang='lat' dir='ltr'><strong>tunica</strong></span> <span class='ocrx_word' id='word_1_575' title='bbox 1875 4250 2014 4307; x_wconf 89' lang='lat' dir='ltr'><strong>intc-</strong></span> 
     </span>
    </p>
   </div>
   <div class='ocr_carea' id='block_1_74' title="bbox 426 4341 2013 4412">
    <p class='ocr_par' dir='ltr' id='par_1_74' title="bbox 426 4341 2013 4412">
     <span class='ocr_line' id='line_1_74' title="bbox 426 4341 2013 4412; baseline 0.002 -16"><span class='ocrx_word' id='word_1_576' title='bbox 426 4341 542 4396; x_wconf 86' lang='lat' dir='ltr'><strong>rior</strong></span> <span class='ocrx_word' id='word_1_577' title='bbox 569 4343 755 4409; x_wconf 91' lang='lat' dir='ltr'><strong>vestis,</strong></span> <span class='ocrx_word' id='word_1_578' title='bbox 802 4343 1021 4412; x_wconf 86' lang='lat' dir='ltr'><strong>pallium</strong></span> <span class='ocrx_word' id='word_1_579' title='bbox 1044 4345 1282 4401; x_wconf 79' lang='lat' dir='ltr'><strong>exterior</strong></span> <span class='ocrx_word' id='word_1_580' title='bbox 1305 4350 1408 4400; x_wconf 65' lang='grc' dir='ltr'><strong>εει.</strong></span> <span class='ocrx_word' id='word_1_581' title='bbox 1461 4344 1518 4399; x_wconf 88' lang='lat' dir='ltr'><strong>Si</strong></span> <span class='ocrx_word' id='word_1_582' title='bbox 1544 4345 1687 4400; x_wconf 90' lang='lat' dir='ltr'><strong>enim</strong></span> <span class='ocrx_word' id='word_1_583' title='bbox 1726 4345 1792 4400; x_wconf 92' lang='lat' dir='ltr'><strong>de</strong></span> <span class='ocrx_word' id='word_1_584' title='bbox 1824 4359 2013 4399; x_wconf 84' lang='lat' dir='ltr'><strong>neces-</strong></span> 
     </span>
    </p>
   </div>
   <div class='ocr_carea' id='block_1_75' title="bbox 2119 3234 3707 3309">
    <p class='ocr_par' dir='ltr' id='par_1_75' title="bbox 2119 3234 3707 3309">
     <span class='ocr_line' id='line_1_75' title="bbox 2119 3234 3707 3309; baseline -0.001 -19"><span class='ocrx_word' id='word_1_585' title='bbox 2119 3234 2571 3291; x_wconf 77' lang='lat' dir='ltr'><strong>miseriCOrdiam.</strong></span> <span class='ocrx_word' id='word_1_586' title='bbox 2623 3235 2734 3293; x_wconf 81' lang='lat' dir='ltr'><strong>Nec</strong></span> <span class='ocrx_word' id='word_1_587' title='bbox 2784 3237 3009 3309; x_wconf 83' lang='lat' dir='ltr'><strong>impedit</strong></span> <span class='ocrx_word' id='word_1_588' title='bbox 3044 3236 3174 3293; x_wconf 92' lang='lat' dir='ltr'><strong>illud</strong></span> <span class='ocrx_word' id='word_1_589' title='bbox 3213 3237 3554 3309; x_wconf 88' lang='lat' dir='ltr'><strong>propositum</strong></span> <span class='ocrx_word' id='word_1_590' title='bbox 3602 3252 3707 3307; x_wconf 90' lang='lat' dir='ltr'><strong>quo</strong></span> 
     </span>
    </p>
   </div>
   <div class='ocr_carea' id='block_1_76' title="bbox 2118 3327 3706 3403">
    <p class='ocr_par' dir='ltr' id='par_1_76' title="bbox 2118 3327 3706 3403">
     <span class='ocr_line' id='line_1_76' title="bbox 2118 3327 3706 3403; baseline 0.001 -22"><span class='ocrx_word' id='word_1_591' title='bbox 2118 3327 2349 3398; x_wconf 88' lang='lat' dir='ltr'><strong>quisque</strong></span> <span class='ocrx_word' id='word_1_592' title='bbox 2376 3334 2600 3398; x_wconf 85' lang='lat' dir='ltr'><strong>paratus</strong></span> <span class='ocrx_word' id='word_1_593' title='bbox 2620 3337 2705 3385; x_wconf 90' lang='lat' dir='ltr'><strong>est</strong></span> <span class='ocrx_word' id='word_1_594' title='bbox 2743 3330 2907 3403; x_wconf 21' lang='lat' dir='ltr'><strong>abkeo</strong></span> <span class='ocrx_word' id='word_1_595' title='bbox 2937 3344 3096 3401; x_wconf 87' lang='lat' dir='ltr'><strong>quem</strong></span> <span class='ocrx_word' id='word_1_596' title='bbox 3119 3338 3426 3385; x_wconf 88' lang='lat' dir='ltr'><strong>correctum</strong></span> <span class='ocrx_word' id='word_1_597' title='bbox 3450 3342 3574 3384; x_wconf 85' lang='lat' dir='ltr'><strong>esse</strong></span> <span class='ocrx_word' id='word_1_598' title='bbox 3601 3327 3706 3383; x_wconf 82' lang='lat' dir='ltr'><strong>vult</strong></span> 
     </span>
    </p>
   </div>
   <div class='ocr_carea' id='block_1_77' title="bbox 2116 3419 3700 3492">
    <p class='ocr_par' dir='ltr' id='par_1_77' title="bbox 2116 3419 3700 3492">
     <span class='ocr_line' id='line_1_77' title="bbox 2116 3419 3700 3492; baseline 0.003 -19"><span class='ocrx_word' id='word_1_599' title='bbox 2116 3419 2275 3490; x_wconf 87' lang='lat' dir='ltr'><strong>plura</strong></span> <span class='ocrx_word' id='word_1_600' title='bbox 2312 3421 2575 3492; x_wconf 87' lang='lat' dir='ltr'><strong>perferre,</strong></span> <span class='ocrx_word' id='word_1_601' title='bbox 2639 3424 2735 3479; x_wconf 90' lang='lat' dir='ltr'><strong>sed</strong></span> <span class='ocrx_word' id='word_1_602' title='bbox 2783 3424 2909 3479; x_wconf 91' lang='lat' dir='ltr'><strong>huic</strong></span> <span class='ocrx_word' id='word_1_603' title='bbox 2966 3423 3217 3478; x_wconf 83' lang='lat' dir='ltr'><strong>vindictae</strong></span> <span class='ocrx_word' id='word_1_604' title='bbox 3263 3421 3567 3479; x_wconf 63' lang='lat' dir='ltr'><strong>referendae</strong></span> <span class='ocrx_word' id='word_1_605' title='bbox 3598 3439 3700 3478; x_wconf 89' lang='lat' dir='ltr'><strong>non</strong></span> 
     </span>
    </p>
   </div>
   <div class='ocr_carea' id='block_1_78' title="bbox 2118 3510 3700 3586">
    <p class='ocr_par' dir='ltr' id='par_1_78' title="bbox 2118 3510 3700 3586">
     <span class='ocr_line' id='line_1_78' title="bbox 2118 3510 3700 3586; baseline -0.003 -13"><span class='ocrx_word' id='word_1_606' title='bbox 2118 3524 2203 3573; x_wconf 91' lang='lat' dir='ltr'><strong>est</strong></span> <span class='ocrx_word' id='word_1_607' title='bbox 2231 3516 2477 3582; x_wconf 90' lang='lat' dir='ltr'><strong>idoneus,</strong></span> <span class='ocrx_word' id='word_1_608' title='bbox 2509 3515 2612 3570; x_wconf 89' lang='lat' dir='ltr'><strong>nisi</strong></span> <span class='ocrx_word' id='word_1_609' title='bbox 2640 3516 2730 3585; x_wconf 88' lang='lat' dir='ltr'><strong>qui</strong></span> <span class='ocrx_word' id='word_1_610' title='bbox 2775 3512 2981 3580; x_wconf 89' lang='lat' dir='ltr'><strong>odium,</strong></span> <span class='ocrx_word' id='word_1_611' title='bbox 3011 3530 3119 3585; x_wconf 90' lang='lat' dir='ltr'><strong>quo</strong></span> <span class='ocrx_word' id='word_1_612' title='bbox 3144 3510 3321 3571; x_wconf 89' lang='lat' dir='ltr'><strong>solent</strong></span> <span class='ocrx_word' id='word_1_613' title='bbox 3358 3512 3594 3586; x_wconf 77' lang='lat' dir='ltr'><strong>ﬂagrare</strong></span> <span class='ocrx_word' id='word_1_614' title='bbox 3614 3515 3700 3585; x_wconf 87' lang='lat' dir='ltr'><strong>qui</strong></span> 
     </span>
    </p>
   </div>
   <div class='ocr_carea' id='block_1_79' title="bbox 2118 3592 3706 3678">
    <p class='ocr_par' dir='ltr' id='par_1_79' title="bbox 2118 3592 3706 3678">
     <span class='ocr_line' id='line_1_79' title="bbox 2118 3592 3706 3678; baseline -0.005 -12"><span class='ocrx_word' id='word_1_615' title='bbox 2118 3624 2179 3666; x_wconf 87' lang='lat' dir='ltr'><strong>se</strong></span> <span class='ocrx_word' id='word_1_616' title='bbox 2197 3592 2475 3663; x_wconf 84' lang='lat' dir='ltr'><strong>vindicare</strong></span> <span class='ocrx_word' id='word_1_617' title='bbox 2511 3606 2842 3673; x_wconf 86' lang='lat' dir='ltr'><strong>desiderant,</strong></span> <span class='ocrx_word' id='word_1_618' title='bbox 2888 3607 3193 3663; x_wconf 88' lang='lat' dir='ltr'><strong>dilectionis</strong></span> <span class='ocrx_word' id='word_1_619' title='bbox 3221 3600 3597 3678; x_wconf 83' lang='lat' dir='ltr'><strong>magnitudine</strong></span> <span class='ocrx_word' id='word_1_620' title='bbox 3622 3620 3706 3660; x_wconf 86' lang='lat' dir='ltr'><strong>su-</strong></span> 
     </span>
    </p>
   </div>
   <div class='ocr_carea' id='block_1_80' title="bbox 2116 3697 3705 3773">
    <p class='ocr_par' dir='ltr' id='par_1_80' title="bbox 2116 3697 3705 3773">
     <span class='ocr_line' id='line_1_80' title="bbox 2116 3697 3705 3773; baseline -0.004 -17"><span class='ocrx_word' id='word_1_621' title='bbox 2116 3702 2408 3773; x_wconf 76' lang='lat' dir='ltr'><strong>paraverit.</strong></span> <span class='ocrx_word' id='word_1_622' title='bbox 2439 3700 2553 3755; x_wconf 78' lang='lat' dir='ltr'><strong>Non</strong></span> <span class='ocrx_word' id='word_1_623' title='bbox 2582 3699 2723 3754; x_wconf 90' lang='lat' dir='ltr'><strong>enim</strong></span> <span class='ocrx_word' id='word_1_624' title='bbox 2764 3698 3110 3753; x_wconf 86' lang='lat' dir='ltr'><strong>metuendum</strong></span> <span class='ocrx_word' id='word_1_625' title='bbox 3152 3705 3234 3754; x_wconf 89' lang='lat' dir='ltr'><strong>est</strong></span> <span class='ocrx_word' id='word_1_626' title='bbox 3262 3712 3330 3752; x_wconf 88' lang='lat' dir='ltr'><strong>ne</strong></span> <span class='ocrx_word' id='word_1_627' title='bbox 3370 3697 3559 3752; x_wconf 83' lang='lat' dir='ltr'><strong>odisse</strong></span> <span class='ocrx_word' id='word_1_628' title='bbox 3586 3712 3705 3767; x_wconf 87' lang='lat' dir='ltr'><strong>par-</strong></span> 
     </span>
    </p>
   </div>
   <div class='ocr_carea' id='block_1_81' title="bbox 2116 3788 3705 3864">
    <p class='ocr_par' dir='ltr' id='par_1_81' title="bbox 2116 3788 3705 3864">
     <span class='ocr_line' id='line_1_81' title="bbox 2116 3788 3705 3864; baseline -0.006 -14"><span class='ocrx_word' id='word_1_629' title='bbox 2116 3794 2304 3850; x_wconf 85' lang='lat' dir='ltr'><strong>vulum</strong></span> <span class='ocrx_word' id='word_1_630' title='bbox 2341 3793 2510 3848; x_wconf 83' lang='lat' dir='ltr'><strong>lilium</strong></span> <span class='ocrx_word' id='word_1_631' title='bbox 2536 3803 2793 3864; x_wconf 85' lang='lat' dir='ltr'><strong>parentes</strong></span> <span class='ocrx_word' id='word_1_632' title='bbox 2819 3791 3127 3859; x_wconf 87' lang='lat' dir='ltr'><strong>videantur,</strong></span> <span class='ocrx_word' id='word_1_633' title='bbox 3173 3806 3298 3846; x_wconf 90' lang='lat' dir='ltr'><strong>cum</strong></span> <span class='ocrx_word' id='word_1_634' title='bbox 3332 3788 3402 3844; x_wconf 86' lang='lat' dir='ltr'><strong>ab</strong></span> <span class='ocrx_word' id='word_1_635' title='bbox 3431 3790 3513 3845; x_wconf 88' lang='lat' dir='ltr'><strong>eis</strong></span> <span class='ocrx_word' id='word_1_636' title='bbox 3549 3805 3705 3859; x_wconf 81' lang='lat' dir='ltr'><strong>vapu-</strong></span> 
     </span>
    </p>
   </div>
   <div class='ocr_carea' id='block_1_82' title="bbox 2118 3880 3703 3957">
    <p class='ocr_par' dir='ltr' id='par_1_82' title="bbox 2118 3880 3703 3957">
     <span class='ocr_line' id='line_1_82' title="bbox 2118 3880 3703 3957; baseline -0.004 -16"><span class='ocrx_word' id='word_1_637' title='bbox 2118 3886 2194 3941; x_wconf 92' lang='lat' dir='ltr'><strong>lat</strong></span> <span class='ocrx_word' id='word_1_638' title='bbox 2247 3902 2505 3957; x_wconf 87' lang='lat' dir='ltr'><strong>peecans,</strong></span> <span class='ocrx_word' id='word_1_639' title='bbox 2554 3901 2621 3941; x_wconf 87' lang='lat' dir='ltr'><strong>ne</strong></span> <span class='ocrx_word' id='word_1_640' title='bbox 2673 3895 2860 3957; x_wconf 92' lang='lat' dir='ltr'><strong>peccet</strong></span> <span class='ocrx_word' id='word_1_641' title='bbox 2911 3882 3160 3940; x_wconf 83' lang='lat' dir='ltr'><strong>ulterius.</strong></span> <span class='ocrx_word' id='word_1_642' title='bbox 3212 3880 3321 3939; x_wconf 87' lang='lat' dir='ltr'><strong>Sed</strong></span> <span class='ocrx_word' id='word_1_643' title='bbox 3356 3892 3460 3938; x_wconf 83' lang='lat' dir='ltr'><strong>nec</strong></span> <span class='ocrx_word' id='word_1_644' title='bbox 3513 3882 3703 3937; x_wconf 85' lang='lat' dir='ltr'><strong>alicubi</strong></span> 
     </span>
    </p>
   </div>
   <div class='ocr_carea' id='block_1_83' title="bbox 2117 3972 3704 4044">
    <p class='ocr_par' dir='ltr' id='par_1_83' title="bbox 2117 3972 3704 4044">
     <span class='ocr_line' id='line_1_83' title="bbox 2117 3972 3704 4044; baseline -0.002 -11"><span class='ocrx_word' id='word_1_645' title='bbox 2117 3977 2536 4043; x_wconf 87' lang='lat' dir='ltr'><strong>contradicitur,</strong></span> <span class='ocrx_word' id='word_1_646' title='bbox 2567 3977 2669 4032; x_wconf 87' lang='lat' dir='ltr'><strong>nisi</strong></span> <span class='ocrx_word' id='word_1_647' title='bbox 2714 3986 2770 4031; x_wconf 91' lang='lat' dir='ltr'><strong>ut</strong></span> <span class='ocrx_word' id='word_1_648' title='bbox 2797 3972 2887 4032; x_wconf 91' lang='lat' dir='ltr'><strong>ille</strong></span> <span class='ocrx_word' id='word_1_649' title='bbox 2915 3977 3175 4044; x_wconf 87' lang='lat' dir='ltr'><strong>vindicet,</strong></span> <span class='ocrx_word' id='word_1_650' title='bbox 3197 3975 3286 4031; x_wconf 89' lang='lat' dir='ltr'><strong>cui</strong></span> <span class='ocrx_word' id='word_1_651' title='bbox 3313 3991 3498 4030; x_wconf 86' lang='lat' dir='ltr'><strong>rerum</strong></span> <span class='ocrx_word' id='word_1_652' title='bbox 3520 3975 3704 4031; x_wconf 86' lang='lat' dir='ltr'><strong>ordine</strong></span> 
     </span>
    </p>
   </div>
   <div class='ocr_carea' id='block_1_84' title="bbox 2116 4052 3704 4140">
    <p class='ocr_par' dir='ltr' id='par_1_84' title="bbox 2116 4052 3704 4140">
     <span class='ocr_line' id='line_1_84' title="bbox 2116 4052 3704 4140; baseline -0.003 -17"><span class='ocrx_word' id='word_1_653' title='bbox 2116 4052 2511 4140; x_wconf 56' lang='lat' dir='ltr'><strong>potestas\data</strong></span> <span class='ocrx_word' id='word_1_654' title='bbox 2539 4075 2653 4134; x_wconf 90' lang='lat' dir='ltr'><strong>est;</strong></span> <span class='ocrx_word' id='word_1_655' title='bbox 2687 4075 2740 4122; x_wconf 93' lang='lat' dir='ltr'><strong>et</strong></span> <span class='ocrx_word' id='word_1_656' title='bbox 2782 4083 2848 4123; x_wconf 89' lang='lat' dir='ltr'><strong>ea</strong></span> <span class='ocrx_word' id='word_1_657' title='bbox 2877 4067 3153 4122; x_wconf 81' lang='lat' dir='ltr'><strong>voluntate</strong></span> <span class='ocrx_word' id='word_1_658' title='bbox 3197 4065 3437 4122; x_wconf 83' lang='lat' dir='ltr'><strong>vindicet</strong></span> <span class='ocrx_word' id='word_1_659' title='bbox 3465 4080 3572 4136; x_wconf 86' lang='lat' dir='ltr'><strong>qua</strong></span> <span class='ocrx_word' id='word_1_660' title='bbox 3610 4080 3704 4136; x_wconf 88' lang='lat' dir='ltr'><strong>pa-</strong></span> 
     </span>
    </p>
   </div>
   <div class='ocr_carea' id='block_1_85' title="bbox 2118 4157 3704 4230">
    <p class='ocr_par' dir='ltr' id='par_1_85' title="bbox 2118 4157 3704 4230">
     <span class='ocr_line' id='line_1_85' title="bbox 2118 4157 3704 4230; baseline -0.003 -15"><span class='ocrx_word' id='word_1_661' title='bbox 2118 4158 2201 4215; x_wconf 85' lang='lat' dir='ltr'><strong>ter</strong></span> <span class='ocrx_word' id='word_1_662' title='bbox 2246 4160 2301 4214; x_wconf 92' lang='lat' dir='ltr'><strong>in</strong></span> <span class='ocrx_word' id='word_1_663' title='bbox 2345 4159 2629 4230; x_wconf 86' lang='lat' dir='ltr'><strong>parvulum</strong></span> <span class='ocrx_word' id='word_1_664' title='bbox 2682 4158 2872 4226; x_wconf 89' lang='lat' dir='ltr'><strong>ﬁlium,</strong></span> <span class='ocrx_word' id='word_1_665' title='bbox 2915 4174 3077 4230; x_wconf 90' lang='lat' dir='ltr'><strong>quem</strong></span> <span class='ocrx_word' id='word_1_666' title='bbox 3125 4173 3223 4229; x_wconf 88' lang='lat' dir='ltr'><strong>per</strong></span> <span class='ocrx_word' id='word_1_667' title='bbox 3264 4167 3485 4212; x_wconf 57' lang='lat' dir='ltr'><strong>{etatem</strong></span> <span class='ocrx_word' id='word_1_668' title='bbox 3533 4157 3704 4212; x_wconf 86' lang='lat' dir='ltr'><strong>odisse</strong></span> 
     </span>
    </p>
   </div>
   <div class='ocr_carea' id='block_1_86' title="bbox 2117 4246 3703 4323">
    <p class='ocr_par' dir='ltr' id='par_1_86' title="bbox 2117 4246 3703 4323">
     <span class='ocr_line' id='line_1_86' title="bbox 2117 4246 3703 4323; baseline -0.004 -15"><span class='ocrx_word' id='word_1_669' title='bbox 2117 4251 2357 4308; x_wconf 88' lang='lat' dir='ltr'><strong>nondum</strong></span> <span class='ocrx_word' id='word_1_670' title='bbox 2376 4259 2575 4323; x_wconf 88' lang='lat' dir='ltr'><strong>potest.</strong></span> <span class='ocrx_word' id='word_1_671' title='bbox 2604 4249 2719 4306; x_wconf 83' lang='lat' dir='ltr'><strong>Non</strong></span> <span class='ocrx_word' id='word_1_672' title='bbox 2742 4251 2886 4306; x_wconf 88' lang='lat' dir='ltr'><strong>enim</strong></span> <span class='ocrx_word' id='word_1_673' title='bbox 2910 4248 3171 4306; x_wconf 89' lang='lat' dir='ltr'><strong>Dominus</strong></span> <span class='ocrx_word' id='word_1_674' title='bbox 3199 4248 3417 4305; x_wconf 81' lang='lat' dir='ltr'><strong>abdicat</strong></span> <span class='ocrx_word' id='word_1_675' title='bbox 3436 4264 3535 4320; x_wconf 87' lang='lat' dir='ltr'><strong>per</strong></span> <span class='ocrx_word' id='word_1_676' title='bbox 3548 4246 3703 4317; x_wconf 81' lang='lat' dir='ltr'><strong>justi-</strong></span> 
     </span>
    </p>
   </div>
   <div class='ocr_carea' id='block_1_87' title="bbox 2118 4337 3706 4413">
    <p class='ocr_par' dir='ltr' id='par_1_87' title="bbox 2118 4337 3706 4413">
     <span class='ocr_line' id='line_1_87' title="bbox 2118 4337 3706 4413; baseline -0.004 -15"><span class='ocrx_word' id='word_1_677' title='bbox 2118 4342 2250 4398; x_wconf 87' lang='lat' dir='ltr'><strong>tiam</strong></span> <span class='ocrx_word' id='word_1_678' title='bbox 2303 4342 2714 4407; x_wconf 88' lang='lat' dir='ltr'><strong>correctionem,</strong></span> <span class='ocrx_word' id='word_1_679' title='bbox 2767 4355 2943 4413; x_wconf 87' lang='lat' dir='ltr'><strong>neque</strong></span> <span class='ocrx_word' id='word_1_680' title='bbox 2973 4350 3120 4397; x_wconf 86' lang='lat' dir='ltr'><strong>vetat</strong></span> <span class='ocrx_word' id='word_1_681' title='bbox 3157 4341 3563 4411; x_wconf 86' lang='lat' dir='ltr'><strong>correptionem</strong></span> <span class='ocrx_word' id='word_1_682' title='bbox 3619 4337 3706 4392; x_wconf 90' lang='lat' dir='ltr'><strong>ubi</strong></span> 
     </span>
    </p>
   </div>
   <div class='ocr_carea' id='block_1_88' title="bbox 426 4430 3706 4527">
    <p class='ocr_par' dir='ltr' id='par_1_88' title="bbox 426 4430 3706 4527">
     <span class='ocr_line' id='line_1_88' title="bbox 426 4430 3706 4527; baseline 0 -41"><span class='ocrx_word' id='word_1_683' title='bbox 426 4432 587 4488; x_wconf 88' lang='lat' dir='ltr'><strong>sariis</strong></span> <span class='ocrx_word' id='word_1_684' title='bbox 616 4434 720 4489; x_wconf 90' lang='lat' dir='ltr'><strong>hoc</strong></span> <span class='ocrx_word' id='word_1_685' title='bbox 754 4435 1076 4505; x_wconf 87' lang='lat' dir='ltr'><strong>imperatum</strong></span> <span class='ocrx_word' id='word_1_686' title='bbox 1111 4442 1216 4503; x_wconf 89' lang='lat' dir='ltr'><strong>est,</strong></span> <span class='ocrx_word' id='word_1_687' title='bbox 1277 4442 1480 4507; x_wconf 88' lang='lat' dir='ltr'><strong>quanto</strong></span> <span class='ocrx_word' id='word_1_688' title='bbox 1524 4437 1695 4507; x_wconf 86' lang='lat' dir='ltr'><strong>magis</strong></span> <span class='ocrx_word' id='word_1_689' title='bbox 1743 4430 2010 4506; x_wconf 78' lang='lat' dir='ltr'><strong>superflua</strong></span> <span class='ocrx_word' id='word_1_690' title='bbox 2043 4466 2092 4527; x_wconf 66' lang='grc' dir='ltr'><strong>Β</strong></span> <span class='ocrx_word' id='word_1_691' title='bbox 2118 4435 2428 4490; x_wconf 83' lang='lat' dir='ltr'><strong>neceSsaria</strong></span> <span class='ocrx_word' id='word_1_692' title='bbox 2473 4444 2576 4502; x_wconf 91' lang='lat' dir='ltr'><strong>est,</strong></span> <span class='ocrx_word' id='word_1_693' title='bbox 2611 4435 2704 4491; x_wconf 86' lang='lat' dir='ltr'><strong>sed</strong></span> <span class='ocrx_word' id='word_1_694' title='bbox 2753 4436 2910 4491; x_wconf 89' lang='lat' dir='ltr'><strong>docet</strong></span> <span class='ocrx_word' id='word_1_695' title='bbox 2958 4450 3058 4507; x_wconf 89' lang='lat' dir='ltr'><strong>per</strong></span> <span class='ocrx_word' id='word_1_696' title='bbox 3095 4432 3567 4490; x_wconf 88' lang='lat' dir='ltr'><strong>mansuetudinem</strong></span> <span class='ocrx_word' id='word_1_697' title='bbox 3613 4445 3706 4502; x_wconf 83' lang='lat' dir='ltr'><strong>pa-</strong></span> 
     </span>
    </p>
   </div>
   <div class='ocr_carea' id='block_1_89' title="bbox 427 4522 2015 4595">
    <p class='ocr_par' dir='ltr' id='par_1_89' title="bbox 427 4522 2015 4595">
     <span class='ocr_line' id='line_1_89' title="bbox 427 4522 2015 4595; baseline 0.003 -20"><span class='ocrx_word' id='word_1_698' title='bbox 427 4530 777 4578; x_wconf 89' lang='lat' dir='ltr'><strong>contemnere</strong></span> <span class='ocrx_word' id='word_1_699' title='bbox 809 4526 1078 4591; x_wconf 89' lang='lat' dir='ltr'><strong>convenit,</strong></span> <span class='ocrx_word' id='word_1_700' title='bbox 1130 4533 1185 4580; x_wconf 90' lang='lat' dir='ltr'><strong>et</strong></span> <span class='ocrx_word' id='word_1_701' title='bbox 1227 4526 1409 4581; x_wconf 89' lang='lat' dir='ltr'><strong>omnia</strong></span> <span class='ocrx_word' id='word_1_702' title='bbox 1460 4542 1579 4595; x_wconf 82' lang='lat' dir='ltr'><strong>quae</strong></span> <span class='ocrx_word' id='word_1_703' title='bbox 1608 4542 1637 4578; x_wconf 90' lang='lat' dir='ltr'><strong>a</strong></span> <span class='ocrx_word' id='word_1_704' title='bbox 1664 4533 1848 4579; x_wconf 90' lang='lat' dir='ltr'><strong>nostro</strong></span> <span class='ocrx_word' id='word_1_705' title='bbox 1891 4522 2015 4593; x_wconf 87' lang='lat' dir='ltr'><strong>jure</strong></span> 
     </span>
    </p>
   </div>
   <div class='ocr_carea' id='block_1_90' title="bbox 428 4613 2017 4687">
    <p class='ocr_par' dir='ltr' id='par_1_90' title="bbox 428 4613 2017 4687">
     <span class='ocr_line' id='line_1_90' title="bbox 428 4613 2017 4687; baseline 0.001 -18"><span class='ocrx_word' id='word_1_706' title='bbox 428 4613 484 4669; x_wconf 90' lang='lat' dir='ltr'><strong>in</strong></span> <span class='ocrx_word' id='word_1_707' title='bbox 521 4613 742 4669; x_wconf 85' lang='lat' dir='ltr'><strong>alterius</strong></span> <span class='ocrx_word' id='word_1_708' title='bbox 788 4625 1016 4684; x_wconf 77' lang='lat' dir='ltr'><strong>possant</strong></span> <span class='ocrx_word' id='word_1_709' title='bbox 1049 4617 1283 4672; x_wconf 90' lang='lat' dir='ltr'><strong>transire</strong></span> <span class='ocrx_word' id='word_1_710' title='bbox 1317 4624 1658 4687; x_wconf 84' lang='lat' dir='ltr'><strong>potestatem.</strong></span> <span class='ocrx_word' id='word_1_711' title='bbox 1721 4614 1892 4671; x_wconf 87' lang='lat' dir='ltr'><strong>Sicuti</strong></span> <span class='ocrx_word' id='word_1_712' title='bbox 1932 4625 2017 4673; x_wconf 91' lang='lat' dir='ltr'><strong>est</strong></span> 
     </span>
    </p>
   </div>
   <div class='ocr_carea' id='block_1_91' title="bbox 426 4701 2014 4777">
    <p class='ocr_par' dir='ltr' id='par_1_91' title="bbox 426 4701 2014 4777">
     <span class='ocr_line' id='line_1_91' title="bbox 426 4701 2014 4777; baseline 0.004 -22"><span class='ocrx_word' id='word_1_713' title='bbox 426 4702 620 4767; x_wconf 88' lang='lat' dir='ltr'><strong>vestis,</strong></span> <span class='ocrx_word' id='word_1_714' title='bbox 685 4701 897 4768; x_wconf 88' lang='lat' dir='ltr'><strong>domus,</strong></span> <span class='ocrx_word' id='word_1_715' title='bbox 944 4703 1162 4770; x_wconf 85' lang='lat' dir='ltr'><strong>fundus,</strong></span> <span class='ocrx_word' id='word_1_716' title='bbox 1206 4705 1536 4775; x_wconf 89' lang='lat' dir='ltr'><strong>jumentum,</strong></span> <span class='ocrx_word' id='word_1_717' title='bbox 1587 4713 1641 4761; x_wconf 89' lang='lat' dir='ltr'><strong>et</strong></span> <span class='ocrx_word' id='word_1_718' title='bbox 1691 4706 2014 4777; x_wconf 80' lang='lat' dir='ltr'><strong>generaliter</strong></span> 
     </span>
    </p>
   </div>
   <div class='ocr_carea' id='block_1_92' title="bbox 426 4793 2012 4863">
    <p class='ocr_par' dir='ltr' id='par_1_92' title="bbox 426 4793 2012 4863">
     <span class='ocr_line' id='line_1_92' title="bbox 426 4793 2012 4863; baseline 0.004 -15"><span class='ocrx_word' id='word_1_719' title='bbox 426 4793 606 4848; x_wconf 88' lang='lat' dir='ltr'><strong>omnis</strong></span> <span class='ocrx_word' id='word_1_720' title='bbox 638 4793 887 4863; x_wconf 91' lang='lat' dir='ltr'><strong>pecunia.</strong></span> <span class='ocrx_word' id='word_1_721' title='bbox 940 4793 1095 4862; x_wconf 88' lang='lat' dir='ltr'><strong>Quod</strong></span> <span class='ocrx_word' id='word_1_722' title='bbox 1124 4804 1308 4851; x_wconf 89' lang='lat' dir='ltr'><strong>utrum</strong></span> <span class='ocrx_word' id='word_1_723' title='bbox 1336 4796 1501 4853; x_wconf 90' lang='lat' dir='ltr'><strong>etiam</strong></span> <span class='ocrx_word' id='word_1_724' title='bbox 1535 4797 1601 4853; x_wconf 86' lang='lat' dir='ltr'><strong>de</strong></span> <span class='ocrx_word' id='word_1_725' title='bbox 1640 4798 1814 4855; x_wconf 89' lang='lat' dir='ltr'><strong>servis</strong></span> <span class='ocrx_word' id='word_1_726' title='bbox 1864 4799 2012 4854; x_wconf 89' lang='lat' dir='ltr'><strong>acci-</strong></span> 
     </span>
    </p>
   </div>
   <div class='ocr_carea' id='block_1_93' title="bbox 425 4880 2012 4956">
    <p class='ocr_par' dir='ltr' id='par_1_93' title="bbox 425 4880 2012 4956">
     <span class='ocr_line' id='line_1_93' title="bbox 425 4880 2012 4956; baseline 0.004 -21"><span class='ocrx_word' id='word_1_727' title='bbox 425 4880 681 4952; x_wconf 87' lang='lat' dir='ltr'><strong>piendum</strong></span> <span class='ocrx_word' id='word_1_728' title='bbox 710 4882 800 4949; x_wconf 88' lang='lat' dir='ltr'><strong>sit,</strong></span> <span class='ocrx_word' id='word_1_729' title='bbox 832 4896 1027 4953; x_wconf 86' lang='lat' dir='ltr'><strong>magna</strong></span> <span class='ocrx_word' id='word_1_730' title='bbox 1051 4886 1277 4956; x_wconf 79' lang='lat' dir='ltr'><strong>quaestio</strong></span> <span class='ocrx_word' id='word_1_731' title='bbox 1299 4894 1401 4942; x_wconf 87' lang='lat' dir='ltr'><strong>cst.</strong></span> <span class='ocrx_word' id='word_1_732' title='bbox 1438 4885 1552 4942; x_wconf 86' lang='lat' dir='ltr'><strong>Non</strong></span> <span class='ocrx_word' id='word_1_733' title='bbox 1583 4887 2012 4943; x_wconf 77' lang='lat' dir='ltr'><strong>enim‘Cbristia-</strong></span> 
     </span>
    </p>
   </div>
   <div class='ocr_carea' id='block_1_94' title="bbox 426 4976 2015 5052">
    <p class='ocr_par' dir='ltr' id='par_1_94' title="bbox 426 4976 2015 5052">
     <span class='ocr_line' id='line_1_94' title="bbox 426 4976 2015 5052; baseline 0.004 -23"><span class='ocrx_word' id='word_1_734' title='bbox 426 4987 558 5029; x_wconf 84' lang='lat' dir='ltr'><strong>num</strong></span> <span class='ocrx_word' id='word_1_735' title='bbox 583 4983 797 5044; x_wconf 84' lang='lat' dir='ltr'><strong>oportet</strong></span> <span class='ocrx_word' id='word_1_736' title='bbox 825 4976 904 5032; x_wconf 84' lang='lat' dir='ltr'><strong>sic</strong></span> <span class='ocrx_word' id='word_1_737' title='bbox 926 4978 1202 5049; x_wconf 88' lang='lat' dir='ltr'><strong>possidere</strong></span> <span class='ocrx_word' id='word_1_738' title='bbox 1231 4992 1469 5047; x_wconf 87' lang='lat' dir='ltr'><strong>servum,</strong></span> <span class='ocrx_word' id='word_1_739' title='bbox 1504 4979 1773 5052; x_wconf 90' lang='lat' dir='ltr'><strong>quomodo</strong></span> <span class='ocrx_word' id='word_1_740' title='bbox 1798 4997 2015 5051; x_wconf 88' lang='lat' dir='ltr'><strong>equum,</strong></span> 
     </span>
    </p>
   </div>
   <div class='ocr_carea' id='block_1_95' title="bbox 425 5070 2017 5149">
    <p class='ocr_par' dir='ltr' id='par_1_95' title="bbox 425 5070 2017 5149">
     <span class='ocr_line' id='line_1_95' title="bbox 425 5070 2017 5149; baseline 0.006 -31"><span class='ocrx_word' id='word_1_741' title='bbox 425 5071 523 5119; x_wconf 85' lang='lat' dir='ltr'><strong>aut</strong></span> <span class='ocrx_word' id='word_1_742' title='bbox 550 5074 855 5137; x_wconf 83' lang='lat' dir='ltr'><strong>argentum,</strong></span> <span class='ocrx_word' id='word_1_743' title='bbox 887 5077 982 5123; x_wconf 89' lang='lat' dir='ltr'><strong>aut</strong></span> <span class='ocrx_word' id='word_1_744' title='bbox 1011 5082 1222 5125; x_wconf 86' lang='lat' dir='ltr'><strong>aurum.</strong></span> <span class='ocrx_word' id='word_1_745' title='bbox 1267 5070 1373 5128; x_wconf 90' lang='lat' dir='ltr'><strong>Sed</strong></span> <span class='ocrx_word' id='word_1_746' title='bbox 1405 5071 1493 5127; x_wconf 91' lang='lat' dir='ltr'><strong>ille</strong></span> <span class='ocrx_word' id='word_1_747' title='bbox 1519 5088 1710 5149; x_wconf 59' lang='lat' dir='ltr'><strong>segvus</strong></span> <span class='ocrx_word' id='word_1_748' title='bbox 1739 5072 1787 5128; x_wconf 91' lang='lat' dir='ltr'><strong>si</strong></span> <span class='ocrx_word' id='word_1_749' title='bbox 1817 5072 2017 5128; x_wconf 88' lang='lat' dir='ltr'><strong>rectius</strong></span> 
     </span>
    </p>
   </div>
   <div class='ocr_carea' id='block_1_96' title="bbox 425 5153 2017 5229">
    <p class='ocr_par' dir='ltr' id='par_1_96' title="bbox 425 5153 2017 5229">
     <span class='ocr_line' id='line_1_96' title="bbox 425 5153 2017 5229; baseline 0.007 -21"><span class='ocrx_word' id='word_1_750' title='bbox 425 5160 483 5208; x_wconf 87' lang='lat' dir='ltr'><strong>et</strong></span> <span class='ocrx_word' id='word_1_751' title='bbox 504 5153 785 5214; x_wconf 90' lang='lat' dir='ltr'><strong>honestius</strong></span> <span class='ocrx_word' id='word_1_752' title='bbox 810 5165 865 5214; x_wconf 90' lang='lat' dir='ltr'><strong>et</strong></span> <span class='ocrx_word' id='word_1_753' title='bbox 894 5160 960 5215; x_wconf 79' lang='lat' dir='ltr'><strong>ad</strong></span> <span class='ocrx_word' id='word_1_754' title='bbox 1010 5159 1177 5215; x_wconf 85' lang='lat' dir='ltr'><strong>Deum</strong></span> <span class='ocrx_word' id='word_1_755' title='bbox 1213 5158 1523 5229; x_wconf 78' lang='lat' dir='ltr'><strong>colendum,</strong></span> <span class='ocrx_word' id='word_1_756' title='bbox 1557 5162 2017 5225; x_wconf 87' lang='lat' dir='ltr'><strong>accommodatius</strong></span> 
     </span>
    </p>
   </div>
   <div class='ocr_carea' id='block_1_97' title="bbox 424 5248 2016 5330">
    <p class='ocr_par' dir='ltr' id='par_1_97' title="bbox 424 5248 2016 5330">
     <span class='ocr_line' id='line_1_97' title="bbox 424 5248 2016 5330; baseline 0.009 -29"><span class='ocrx_word' id='word_1_757' title='bbox 424 5248 522 5303; x_wconf 85' lang='lat' dir='ltr'><strong>abs</strong></span> <span class='ocrx_word' id='word_1_758' title='bbox 550 5258 605 5304; x_wconf 90' lang='lat' dir='ltr'><strong>te</strong></span> <span class='ocrx_word' id='word_1_759' title='bbox 629 5250 847 5309; x_wconf 87' lang='lat' dir='ltr'><strong>domino</strong></span> <span class='ocrx_word' id='word_1_760' title='bbox 871 5255 1136 5311; x_wconf 88' lang='lat' dir='ltr'><strong>educatur</strong></span> <span class='ocrx_word' id='word_1_761' title='bbox 1155 5263 1211 5312; x_wconf 90' lang='lat' dir='ltr'><strong>et</strong></span> <span class='ocrx_word' id='word_1_762' title='bbox 1244 5256 1470 5330; x_wconf 86' lang='lat' dir='ltr'><strong>regitur,</strong></span> <span class='ocrx_word' id='word_1_763' title='bbox 1514 5275 1677 5329; x_wconf 90' lang='lat' dir='ltr'><strong>quam</strong></span> <span class='ocrx_word' id='word_1_764' title='bbox 1701 5257 1769 5314; x_wconf 88' lang='lat' dir='ltr'><strong>ab</strong></span> <span class='ocrx_word' id='word_1_765' title='bbox 1796 5254 1886 5312; x_wconf 87' lang='lat' dir='ltr'><strong>illo</strong></span> <span class='ocrx_word' id='word_1_766' title='bbox 1918 5273 2016 5328; x_wconf 88' lang='lat' dir='ltr'><strong>po-</strong></span> 
     </span>
    </p>
   </div>
   <div class='ocr_carea' id='block_1_98' title="bbox 424 5338 2010 5420">
    <p class='ocr_par' dir='ltr' id='par_1_98' title="bbox 424 5338 2010 5420">
     <span class='ocr_line' id='line_1_98' title="bbox 424 5338 2010 5420; baseline 0.008 -29"><span class='ocrx_word' id='word_1_767' title='bbox 424 5343 553 5405; x_wconf 86' lang='lat' dir='ltr'><strong>test,</strong></span> <span class='ocrx_word' id='word_1_768' title='bbox 578 5338 670 5410; x_wconf 88' lang='lat' dir='ltr'><strong>qui</strong></span> <span class='ocrx_word' id='word_1_769' title='bbox 699 5356 824 5397; x_wconf 87' lang='lat' dir='ltr'><strong>eum</strong></span> <span class='ocrx_word' id='word_1_770' title='bbox 854 5346 1004 5417; x_wconf 89' lang='lat' dir='ltr'><strong>cupit</strong></span> <span class='ocrx_word' id='word_1_771' title='bbox 1033 5348 1267 5415; x_wconf 91' lang='lat' dir='ltr'><strong>auferre,</strong></span> <span class='ocrx_word' id='word_1_772' title='bbox 1302 5351 1486 5406; x_wconf 88' lang='lat' dir='ltr'><strong>nescio</strong></span> <span class='ocrx_word' id='word_1_773' title='bbox 1521 5360 1701 5405; x_wconf 90' lang='lat' dir='ltr'><strong>utrum</strong></span> <span class='ocrx_word' id='word_1_774' title='bbox 1727 5350 2010 5420; x_wconf 87' lang='lat' dir='ltr'><strong>quisquam</strong></span> 
     </span>
    </p>
   </div>
   <div class='ocr_carea' id='block_1_99' title="bbox 425 5426 2011 5502">
    <p class='ocr_par' dir='ltr' id='par_1_99' title="bbox 425 5426 2011 5502">
     <span class='ocr_line' id='line_1_99' title="bbox 425 5426 2011 5502; baseline 0.009 -21"><span class='ocrx_word' id='word_1_775' title='bbox 425 5426 610 5485; x_wconf 81' lang='lat' dir='ltr'><strong>dicere</strong></span> <span class='ocrx_word' id='word_1_776' title='bbox 656 5435 874 5502; x_wconf 86' lang='lat' dir='ltr'><strong>audeat,</strong></span> <span class='ocrx_word' id='word_1_777' title='bbox 929 5445 991 5492; x_wconf 89' lang='grc' dir='ltr'><strong>ιιι</strong></span> <span class='ocrx_word' id='word_1_778' title='bbox 1036 5439 1420 5496; x_wconf 88' lang='lat' dir='ltr'><strong>vestimentum</strong></span> <span class='ocrx_word' id='word_1_779' title='bbox 1475 5456 1599 5495; x_wconf 89' lang='lat' dir='ltr'><strong>eum</strong></span> <span class='ocrx_word' id='word_1_780' title='bbox 1637 5440 1835 5497; x_wconf 88' lang='lat' dir='ltr'><strong>debere</strong></span> <span class='ocrx_word' id='word_1_781' title='bbox 1883 5456 2011 5497; x_wconf 90' lang='lat' dir='ltr'><strong>con-</strong></span> 
     </span>
    </p>
   </div>
   <div class='ocr_carea' id='block_1_100' title="bbox 425 5520 2012 5602">
    <p class='ocr_par' dir='ltr' id='par_1_100' title="bbox 425 5520 2012 5602">
     <span class='ocr_line' id='line_1_100' title="bbox 425 5520 2012 5602; baseline 0.011 -33"><span class='ocrx_word' id='word_1_782' title='bbox 425 5520 614 5574; x_wconf 86' lang='lat' dir='ltr'><strong>temni.</strong></span> <span class='ocrx_word' id='word_1_783' title='bbox 643 5520 930 5582; x_wconf 72' lang='lat' dir='ltr'><strong>Hominem</strong></span> <span class='ocrx_word' id='word_1_784' title='bbox 977 5530 1174 5602; x_wconf 89' lang='lat' dir='ltr'><strong>quippe</strong></span> <span class='ocrx_word' id='word_1_785' title='bbox 1206 5534 1368 5588; x_wconf 89' lang='lat' dir='ltr'><strong>homo</strong></span> <span class='ocrx_word' id='word_1_786' title='bbox 1393 5532 1532 5587; x_wconf 89' lang='lat' dir='ltr'><strong>sicut</strong></span> <span class='ocrx_word' id='word_1_787' title='bbox 1553 5532 1903 5602; x_wconf 86' lang='lat' dir='ltr'><strong>semetipsum</strong></span> <span class='ocrx_word' id='word_1_788' title='bbox 1931 5530 2012 5586; x_wconf 90' lang='lat' dir='ltr'><strong>di-</strong></span> 
     </span>
    </p>
   </div>
   <div class='ocr_carea' id='block_1_101' title="bbox 425 5603 2011 5694">
    <p class='ocr_par' dir='ltr' id='par_1_101' title="bbox 425 5603 2011 5694">
     <span class='ocr_line' id='line_1_101' title="bbox 425 5603 2011 5694; baseline 0.008 -30"><span class='ocrx_word' id='word_1_789' title='bbox 425 5603 596 5675; x_wconf 78' lang='lat' dir='ltr'><strong>ligere</strong></span> <span class='ocrx_word' id='word_1_790' title='bbox 626 5610 803 5671; x_wconf 83' lang='lat' dir='ltr'><strong>debet.</strong></span> <span class='ocrx_word' id='word_1_791' title='bbox 859 5616 957 5672; x_wconf 89' lang='lat' dir='ltr'><strong>Cui</strong></span> <span class='ocrx_word' id='word_1_792' title='bbox 986 5621 1054 5675; x_wconf 88' lang='lat' dir='ltr'><strong>ab</strong></span> <span class='ocrx_word' id='word_1_793' title='bbox 1080 5621 1321 5677; x_wconf 89' lang='lat' dir='ltr'><strong>omnium</strong></span> <span class='ocrx_word' id='word_1_794' title='bbox 1355 5620 1583 5676; x_wconf 89' lang='lat' dir='ltr'><strong>Domino</strong></span> <span class='ocrx_word' id='word_1_795' title='bbox 1612 5621 1774 5694; x_wconf 88' lang='lat' dir='ltr'><strong>(sicut</strong></span> <span class='ocrx_word' id='word_1_796' title='bbox 1800 5638 1863 5677; x_wconf 91' lang='lat' dir='ltr'><strong>ea</strong></span> <span class='ocrx_word' id='word_1_797' title='bbox 1892 5632 2011 5692; x_wconf 72' lang='lat' dir='ltr'><strong>quae</strong></span> 
     </span>
    </p>
   </div>
   <div class='ocr_carea' id='block_1_102' title="bbox 429 5708 2008 5785">
    <p class='ocr_par' dir='ltr' id='par_1_102' title="bbox 429 5708 2008 5785">
     <span class='ocr_line' id='line_1_102' title="bbox 429 5708 2008 5785; baseline 0.001 -19"><span class='ocrx_word' id='word_1_798' title='bbox 429 5708 751 5772; x_wconf 58' lang='lat' dir='ltr'><strong>“militum,</strong></span> <span class='ocrx_word' id='word_1_799' title='bbox 791 5710 1102 5781; x_wconf 78' lang='lat' dir='ltr'><strong>OSIcndunt)</strong></span> <span class='ocrx_word' id='word_1_800' title='bbox 1135 5712 1296 5768; x_wconf 85' lang='lat' dir='ltr'><strong>etiam</strong></span> <span class='ocrx_word' id='word_1_801' title='bbox 1331 5722 1386 5769; x_wconf 90' lang='lat' dir='ltr'><strong>ut</strong></span> <span class='ocrx_word' id='word_1_802' title='bbox 1416 5713 1663 5769; x_wconf 82' lang='lat' dir='ltr'><strong>inimicos</strong></span> <span class='ocrx_word' id='word_1_803' title='bbox 1691 5711 1877 5785; x_wconf 80' lang='lat' dir='ltr'><strong>diligat</strong></span> <span class='ocrx_word' id='word_1_804' title='bbox 1905 5713 2008 5769; x_wconf 88' lang='lat' dir='ltr'><strong>im-</strong></span> 
     </span>
    </p>
   </div>
   <div class='ocr_carea' id='block_1_103' title="bbox 2118 4522 3701 4596">
    <p class='ocr_par' dir='ltr' id='par_1_103' title="bbox 2118 4522 3701 4596">
     <span class='ocr_line' id='line_1_103' title="bbox 2118 4522 3701 4596; baseline 0.001 -20"><span class='ocrx_word' id='word_1_805' title='bbox 2118 4522 2364 4580; x_wconf 89' lang='lat' dir='ltr'><strong>tientiam</strong></span> <span class='ocrx_word' id='word_1_806' title='bbox 2412 4532 2466 4579; x_wconf 90' lang='lat' dir='ltr'><strong>et</strong></span> <span class='ocrx_word' id='word_1_807' title='bbox 2520 4522 2965 4596; x_wconf 86' lang='lat' dir='ltr'><strong>tranquillitatem</strong></span> <span class='ocrx_word' id='word_1_808' title='bbox 3004 4525 3205 4581; x_wconf 88' lang='lat' dir='ltr'><strong>habere</strong></span> <span class='ocrx_word' id='word_1_809' title='bbox 3266 4523 3322 4578; x_wconf 90' lang='lat' dir='ltr'><strong>in</strong></span> <span class='ocrx_word' id='word_1_810' title='bbox 3372 4524 3701 4581; x_wconf 88' lang='lat' dir='ltr'><strong>innocentia.</strong></span> 
     </span>
    </p>
   </div>
   <div class='ocr_carea' id='block_1_104' title="bbox 2118 4614 3703 4687">
    <p class='ocr_par' dir='ltr' id='par_1_104' title="bbox 2118 4614 3703 4687">
     <span class='ocr_line' id='line_1_104' title="bbox 2118 4614 3703 4687; baseline -0.004 -13"><span class='ocrx_word' id='word_1_811' title='bbox 2118 4614 2227 4674; x_wconf 88' lang='lat' dir='ltr'><strong>Sed</strong></span> <span class='ocrx_word' id='word_1_812' title='bbox 2255 4616 2525 4687; x_wconf 89' lang='lat' dir='ltr'><strong>quomodo</strong></span> <span class='ocrx_word' id='word_1_813' title='bbox 2570 4633 2795 4687; x_wconf 77' lang='lat' dir='ltr'><strong>parvum</strong></span> <span class='ocrx_word' id='word_1_814' title='bbox 2838 4626 2924 4673; x_wconf 89' lang='lat' dir='ltr'><strong>est</strong></span> <span class='ocrx_word' id='word_1_815' title='bbox 2976 4633 3085 4675; x_wconf 88' lang='lat' dir='ltr'><strong>non</strong></span> <span class='ocrx_word' id='word_1_816' title='bbox 3129 4631 3350 4682; x_wconf 88' lang='lat' dir='ltr'><strong>nocere,</strong></span> <span class='ocrx_word' id='word_1_817' title='bbox 3405 4616 3516 4671; x_wconf 89' lang='lat' dir='ltr'><strong>nisi</strong></span> <span class='ocrx_word' id='word_1_818' title='bbox 3545 4617 3703 4672; x_wconf 86' lang='lat' dir='ltr'><strong>etiam</strong></span> 
     </span>
    </p>
   </div>
   <div class='ocr_carea' id='block_1_105' title="bbox 2114 4708 3707 4780">
    <p class='ocr_par' dir='ltr' id='par_1_105' title="bbox 2114 4708 3707 4780">
     <span class='ocr_line' id='line_1_105' title="bbox 2114 4708 3707 4780; baseline -0.002 -18"><span class='ocrx_word' id='word_1_819' title='bbox 2114 4717 2339 4780; x_wconf 59' lang='lat' dir='ltr'><strong>praestes</strong></span> <span class='ocrx_word' id='word_1_820' title='bbox 2394 4708 2715 4763; x_wconf 90' lang='lat' dir='ltr'><strong>beneﬁcium</strong></span> <span class='ocrx_word' id='word_1_821' title='bbox 2764 4718 3023 4779; x_wconf 89' lang='lat' dir='ltr'><strong>quantum</strong></span> <span class='ocrx_word' id='word_1_822' title='bbox 3083 4716 3261 4780; x_wconf 78' lang='lat' dir='ltr'><strong>potes,</strong></span> <span class='ocrx_word' id='word_1_823' title='bbox 3310 4712 3707 4779; x_wconf 77' lang='lat' dir='ltr'><strong>consequenter</strong></span> 
     </span>
    </p>
   </div>
   <div class='ocr_carea' id='block_1_106' title="bbox 2116 4797 3706 4871">
    <p class='ocr_par' dir='ltr' id='par_1_106' title="bbox 2116 4797 3706 4871">
     <span class='ocr_line' id='line_1_106' title="bbox 2116 4797 3706 4871; baseline -0.002 -17"><span class='ocrx_word' id='word_1_824' title='bbox 2116 4798 2359 4871; x_wconf 65' lang='lat' dir='ltr'><strong>adiungit</strong></span> <span class='ocrx_word' id='word_1_825' title='bbox 2403 4807 2458 4854; x_wconf 88' lang='lat' dir='ltr'><strong>et</strong></span> <span class='ocrx_word' id='word_1_826' title='bbox 2491 4800 2664 4859; x_wconf 82' lang='lat' dir='ltr'><strong>dicit:</strong></span> <span class='ocrx_word' id='word_1_827' title='bbox 2695 4799 2798 4865; x_wconf 85' lang='lat' dir='ltr'><strong>Qui</strong></span> <span class='ocrx_word' id='word_1_828' title='bbox 2842 4802 2964 4871; x_wconf 69' lang='lat' dir='ltr'><strong>petit</strong></span> <span class='ocrx_word' id='word_1_829' title='bbox 2998 4818 3030 4855; x_wconf 89' lang='lat' dir='ltr'><strong>a</strong></span> <span class='ocrx_word' id='word_1_830' title='bbox 3075 4810 3149 4864; x_wconf 83' lang='lat' dir='ltr'><strong>te,</strong></span> <span class='ocrx_word' id='word_1_831' title='bbox 3179 4799 3249 4853; x_wconf 85' lang='lat' dir='ltr'><strong>da</strong></span> <span class='ocrx_word' id='word_1_832' title='bbox 3287 4800 3357 4865; x_wconf 86' lang='lat' dir='ltr'><strong>ei,</strong></span> <span class='ocrx_word' id='word_1_833' title='bbox 3411 4810 3463 4854; x_wconf 87' lang='lat' dir='ltr'><strong>et</strong></span> <span class='ocrx_word' id='word_1_834' title='bbox 3520 4797 3706 4854; x_wconf 77' lang='lat' dir='ltr'><strong>uolenti</strong></span> 
     </span>
    </p>
   </div>
   <div class='ocr_carea' id='block_1_107' title="bbox 2120 4884 3703 4962">
    <p class='ocr_par' dir='ltr' id='par_1_107' title="bbox 2120 4884 3703 4962">
     <span class='ocr_line' id='line_1_107' title="bbox 2120 4884 3703 4962; baseline -0.002 -17"><span class='ocrx_word' id='word_1_835' title='bbox 2120 4890 2351 4946; x_wconf 83' lang='lat' dir='ltr'><strong>mutuari</strong></span> <span class='ocrx_word' id='word_1_836' title='bbox 2372 4909 2403 4944; x_wconf 89' lang='lat' dir='ltr'><strong>a</strong></span> <span class='ocrx_word' id='word_1_837' title='bbox 2431 4899 2499 4955; x_wconf 85' lang='lat' dir='ltr'><strong>te,</strong></span> <span class='ocrx_word' id='word_1_838' title='bbox 2521 4907 2585 4944; x_wconf 84' lang='lat' dir='ltr'><strong>uc</strong></span> <span class='ocrx_word' id='word_1_839' title='bbox 2605 4890 2875 4944; x_wconf 75' lang='lat' dir='ltr'><strong>averteris.</strong></span> <span class='ocrx_word' id='word_1_840' title='bbox 2894 4886 3164 4962; x_wconf 76' lang='grc' dir='ltr'><strong>(Πίει-οη.)</strong></span> <span class='ocrx_word' id='word_1_841' title='bbox 3189 4884 3245 4944; x_wconf 88' lang='lat' dir='ltr'><strong>Si</strong></span> <span class='ocrx_word' id='word_1_842' title='bbox 3269 4889 3336 4944; x_wconf 86' lang='lat' dir='ltr'><strong>de</strong></span> <span class='ocrx_word' id='word_1_843' title='bbox 3360 4889 3703 4961; x_wconf 77' lang='lat' dir='ltr'><strong>eleemosyna</strong></span> 
     </span>
    </p>
   </div>
   <div class='ocr_carea' id='block_1_108' title="bbox 2122 4979 3704 5052">
    <p class='ocr_par' dir='ltr' id='par_1_108' title="bbox 2122 4979 3704 5052">
     <span class='ocr_line' id='line_1_108' title="bbox 2122 4979 3704 5052; baseline 0.001 -19"><span class='ocrx_word' id='word_1_844' title='bbox 2122 4987 2331 5033; x_wconf 87' lang='lat' dir='ltr'><strong>tantum</strong></span> <span class='ocrx_word' id='word_1_845' title='bbox 2383 4979 2732 5050; x_wconf 77' lang='lat' dir='ltr'><strong>intelligimus</strong></span> <span class='ocrx_word' id='word_1_846' title='bbox 2770 4980 2998 5046; x_wconf 84' lang='lat' dir='ltr'><strong>dictum,</strong></span> <span class='ocrx_word' id='word_1_847' title='bbox 3039 4981 3094 5035; x_wconf 89' lang='lat' dir='ltr'><strong>in</strong></span> <span class='ocrx_word' id='word_1_848' title='bbox 3139 4980 3416 5051; x_wconf 87' lang='lat' dir='ltr'><strong>plerisque</strong></span> <span class='ocrx_word' id='word_1_849' title='bbox 3452 4980 3704 5052; x_wconf 85' lang='lat' dir='ltr'><strong>pauperi-</strong></span> 
     </span>
    </p>
   </div>
   <div class='ocr_carea' id='block_1_109' title="bbox 2119 5068 3705 5142">
    <p class='ocr_par' dir='ltr' id='par_1_109' title="bbox 2119 5068 3705 5142">
     <span class='ocr_line' id='line_1_109' title="bbox 2119 5068 3705 5142; baseline 0.001 -18"><span class='ocrx_word' id='word_1_850' title='bbox 2119 5068 2221 5126; x_wconf 87' lang='lat' dir='ltr'><strong>bus</strong></span> <span class='ocrx_word' id='word_1_851' title='bbox 2256 5070 2360 5126; x_wconf 90' lang='lat' dir='ltr'><strong>hoc</strong></span> <span class='ocrx_word' id='word_1_852' title='bbox 2389 5080 2535 5125; x_wconf 85' lang='lat' dir='ltr'><strong>stare</strong></span> <span class='ocrx_word' id='word_1_853' title='bbox 2564 5088 2670 5126; x_wconf 91' lang='lat' dir='ltr'><strong>non</strong></span> <span class='ocrx_word' id='word_1_854' title='bbox 2712 5080 2911 5142; x_wconf 87' lang='lat' dir='ltr'><strong>potest.</strong></span> <span class='ocrx_word' id='word_1_855' title='bbox 2962 5069 3068 5128; x_wconf 89' lang='lat' dir='ltr'><strong>Sed</strong></span> <span class='ocrx_word' id='word_1_856' title='bbox 3096 5080 3151 5126; x_wconf 88' lang='lat' dir='ltr'><strong>et</strong></span> <span class='ocrx_word' id='word_1_857' title='bbox 3173 5072 3392 5139; x_wconf 83' lang='lat' dir='ltr'><strong>divites,</strong></span> <span class='ocrx_word' id='word_1_858' title='bbox 3416 5074 3463 5128; x_wconf 88' lang='lat' dir='ltr'><strong>si</strong></span> <span class='ocrx_word' id='word_1_859' title='bbox 3494 5088 3705 5142; x_wconf 88' lang='lat' dir='ltr'><strong>semper</strong></span> 
     </span>
    </p>
   </div>
   <div class='ocr_carea' id='block_1_110' title="bbox 2119 5163 3701 5237">
    <p class='ocr_par' dir='ltr' id='par_1_110' title="bbox 2119 5163 3701 5237">
     <span class='ocr_line' id='line_1_110' title="bbox 2119 5163 3701 5237; baseline 0 -18"><span class='ocrx_word' id='word_1_860' title='bbox 2119 5163 2384 5230; x_wconf 84' lang='lat' dir='ltr'><strong>dederint,</strong></span> <span class='ocrx_word' id='word_1_861' title='bbox 2434 5180 2647 5235; x_wconf 88' lang='lat' dir='ltr'><strong>semper</strong></span> <span class='ocrx_word' id='word_1_862' title='bbox 2690 5165 2820 5220; x_wconf 90' lang='lat' dir='ltr'><strong>dare</strong></span> <span class='ocrx_word' id='word_1_863' title='bbox 2874 5180 2981 5220; x_wconf 93' lang='lat' dir='ltr'><strong>non</strong></span> <span class='ocrx_word' id='word_1_864' title='bbox 3033 5173 3281 5237; x_wconf 80' lang='lat' dir='ltr'><strong>possunt.</strong></span> <span class='ocrx_word' id='word_1_865' title='bbox 3337 5164 3471 5221; x_wconf 88' lang='lat' dir='ltr'><strong>Post</strong></span> <span class='ocrx_word' id='word_1_866' title='bbox 3509 5167 3701 5221; x_wconf 87' lang='lat' dir='ltr'><strong>bonum</strong></span> 
     </span>
    </p>
   </div>
   <div class='ocr_carea' id='block_1_111' title="bbox 2117 5252 3701 5328">
    <p class='ocr_par' dir='ltr' id='par_1_111' title="bbox 2117 5252 3701 5328">
     <span class='ocr_line' id='line_1_111' title="bbox 2117 5252 3701 5328; baseline 0.001 -19"><span class='ocrx_word' id='word_1_867' title='bbox 2117 5267 2247 5325; x_wconf 81' lang='lat' dir='ltr'><strong>ergo</strong></span> <span class='ocrx_word' id='word_1_868' title='bbox 2283 5253 2660 5326; x_wconf 80' lang='lat' dir='ltr'><strong>eleemosyme,</strong></span> <span class='ocrx_word' id='word_1_869' title='bbox 2694 5254 2973 5325; x_wconf 85' lang='lat' dir='ltr'><strong>apostolis,</strong></span> <span class='ocrx_word' id='word_1_870' title='bbox 3012 5252 3063 5309; x_wconf 91' lang='lat' dir='ltr'><strong>id</strong></span> <span class='ocrx_word' id='word_1_871' title='bbox 3090 5263 3175 5310; x_wconf 87' lang='lat' dir='ltr'><strong>est</strong></span> <span class='ocrx_word' id='word_1_872' title='bbox 3198 5254 3538 5325; x_wconf 88' lang='lat' dir='ltr'><strong>doctoribus,</strong></span> <span class='ocrx_word' id='word_1_873' title='bbox 3570 5272 3701 5328; x_wconf 69' lang='lat' dir='ltr'><strong>prte-</strong></span> 
     </span>
    </p>
   </div>
   <div class='ocr_carea' id='block_1_112' title="bbox 2117 5346 3697 5418">
    <p class='ocr_par' dir='ltr' id='par_1_112' title="bbox 2117 5346 3697 5418">
     <span class='ocr_line' id='line_1_112' title="bbox 2117 5346 3697 5418; baseline 0.001 -19"><span class='ocrx_word' id='word_1_874' title='bbox 2117 5357 2272 5416; x_wconf 90' lang='lat' dir='ltr'><strong>cepta</strong></span> <span class='ocrx_word' id='word_1_875' title='bbox 2319 5346 2653 5412; x_wconf 84' lang='lat' dir='ltr'><strong>tribuuntur,</strong></span> <span class='ocrx_word' id='word_1_876' title='bbox 2683 5354 2743 5399; x_wconf 89' lang='lat' dir='ltr'><strong>ut</strong></span> <span class='ocrx_word' id='word_1_877' title='bbox 2790 5347 2883 5414; x_wconf 89' lang='lat' dir='ltr'><strong>qui</strong></span> <span class='ocrx_word' id='word_1_878' title='bbox 2922 5346 3092 5417; x_wconf 82' lang='lat' dir='ltr'><strong>gratis</strong></span> <span class='ocrx_word' id='word_1_879' title='bbox 3135 5358 3489 5416; x_wconf 84' lang='lat' dir='ltr'><strong>acceperunt,</strong></span> <span class='ocrx_word' id='word_1_880' title='bbox 3541 5347 3697 5418; x_wconf 74' lang='lat' dir='ltr'><strong>gratis</strong></span> 
     </span>
    </p>
   </div>
   <div class='ocr_carea' id='block_1_113' title="bbox 2120 5434 3694 5507">
    <p class='ocr_par' dir='ltr' id='par_1_113' title="bbox 2120 5434 3694 5507">
     <span class='ocr_line' id='line_1_113' title="bbox 2120 5434 3694 5507; baseline -0.002 -16"><span class='ocrx_word' id='word_1_881' title='bbox 2120 5437 2377 5491; x_wconf 88' lang='lat' dir='ltr'><strong>tribuant.</strong></span> <span class='ocrx_word' id='word_1_882' title='bbox 2422 5434 2727 5491; x_wconf 87' lang='lat' dir='ltr'><strong>Istiusmodi</strong></span> <span class='ocrx_word' id='word_1_883' title='bbox 2764 5437 2992 5507; x_wconf 86' lang='lat' dir='ltr'><strong>pecunia</strong></span> <span class='ocrx_word' id='word_1_884' title='bbox 3033 5451 3310 5505; x_wconf 85' lang='lat' dir='ltr'><strong>nunquam</strong></span> <span class='ocrx_word' id='word_1_885' title='bbox 3343 5436 3565 5501; x_wconf 85' lang='lat' dir='ltr'><strong>deﬁcit;</strong></span> <span class='ocrx_word' id='word_1_886' title='bbox 3611 5436 3694 5489; x_wconf 83' lang='lat' dir='ltr'><strong>sed</strong></span> 
     </span>
    </p>
   </div>
   <div class='ocr_carea' id='block_1_114' title="bbox 2117 5524 3689 5600">
    <p class='ocr_par' dir='ltr' id='par_1_114' title="bbox 2117 5524 3689 5600">
     <span class='ocr_line' id='line_1_114' title="bbox 2117 5524 3689 5600; baseline -0.001 -18"><span class='ocrx_word' id='word_1_887' title='bbox 2117 5538 2322 5599; x_wconf 85' lang='lat' dir='ltr'><strong>quanto</strong></span> <span class='ocrx_word' id='word_1_888' title='bbox 2344 5529 2464 5600; x_wconf 89' lang='lat' dir='ltr'><strong>plus</strong></span> <span class='ocrx_word' id='word_1_889' title='bbox 2487 5526 2610 5584; x_wconf 84' lang='lat' dir='ltr'><strong>data</strong></span> <span class='ocrx_word' id='word_1_890' title='bbox 2643 5527 2826 5595; x_wconf 84' lang='lat' dir='ltr'><strong>fuerit,</strong></span> <span class='ocrx_word' id='word_1_891' title='bbox 2853 5538 3004 5584; x_wconf 87' lang='lat' dir='ltr'><strong>tanto</strong></span> <span class='ocrx_word' id='word_1_892' title='bbox 3029 5529 3263 5600; x_wconf 88' lang='lat' dir='ltr'><strong>amplius</strong></span> <span class='ocrx_word' id='word_1_893' title='bbox 3297 5524 3689 5599; x_wconf 85' lang='lat' dir='ltr'><strong>duplicabitur;</strong></span> 
     </span>
    </p>
   </div>
   <div class='ocr_carea' id='block_1_115' title="bbox 2116 5618 3695 5692">
    <p class='ocr_par' dir='ltr' id='par_1_115' title="bbox 2116 5618 3695 5692">
     <span class='ocr_line' id='line_1_115' title="bbox 2116 5618 3695 5692; baseline -0.003 -16"><span class='ocrx_word' id='word_1_894' title='bbox 2116 5626 2173 5676; x_wconf 88' lang='lat' dir='ltr'><strong>et</strong></span> <span class='ocrx_word' id='word_1_895' title='bbox 2222 5637 2344 5676; x_wconf 90' lang='lat' dir='ltr'><strong>eum</strong></span> <span class='ocrx_word' id='word_1_896' title='bbox 2396 5620 2637 5692; x_wconf 85' lang='lat' dir='ltr'><strong>subjecta</strong></span> <span class='ocrx_word' id='word_1_897' title='bbox 2685 5621 2787 5677; x_wconf 88' lang='lat' dir='ltr'><strong>sibi</strong></span> <span class='ocrx_word' id='word_1_898' title='bbox 2820 5634 2946 5676; x_wconf 80' lang='lat' dir='ltr'><strong>arva</strong></span> <span class='ocrx_word' id='word_1_899' title='bbox 3000 5620 3158 5691; x_wconf 82' lang='lat' dir='ltr'><strong>riget,</strong></span> <span class='ocrx_word' id='word_1_900' title='bbox 3210 5636 3489 5689; x_wconf 87' lang='lat' dir='ltr'><strong>nunquam</strong></span> <span class='ocrx_word' id='word_1_901' title='bbox 3544 5618 3695 5673; x_wconf 81' lang='lat' dir='ltr'><strong>fontis</strong></span> 
     </span>
    </p>
   </div>
   <div class='ocr_carea' id='block_1_116' title="bbox 2119 5709 3691 5786">
    <p class='ocr_par' dir='ltr' id='par_1_116' title="bbox 2119 5709 3691 5786">
     <span class='ocr_line' id='line_1_116' title="bbox 2119 5709 3691 5786; baseline -0.005 -19"><span class='ocrx_word' id='word_1_902' title='bbox 2119 5712 2262 5769; x_wconf 88' lang='lat' dir='ltr'><strong>unda</strong></span> <span class='ocrx_word' id='word_1_903' title='bbox 2287 5714 2539 5769; x_wconf 80' lang='lat' dir='ltr'><strong>siccatur.</strong></span> <span class='ocrx_word' id='word_1_904' title='bbox 2572 5712 2755 5786; x_wconf 70' lang='grc' dir='ltr'><strong>(Αιιθ.)</strong></span> <span class='ocrx_word' id='word_1_905' title='bbox 2804 5712 2974 5769; x_wconf 85' lang='lat' dir='ltr'><strong>Aliter</strong></span> <span class='ocrx_word' id='word_1_906' title='bbox 3005 5724 3185 5768; x_wconf 87' lang='lat' dir='ltr'><strong>autem</strong></span> <span class='ocrx_word' id='word_1_907' title='bbox 3222 5712 3274 5767; x_wconf 88' lang='lat' dir='ltr'><strong>id</strong></span> <span class='ocrx_word' id='word_1_908' title='bbox 3305 5709 3546 5783; x_wconf 74' lang='lat' dir='ltr'><strong>profecto</strong></span> <span class='ocrx_word' id='word_1_909' title='bbox 3570 5709 3691 5763; x_wconf 83' lang='lat' dir='ltr'><strong>dan-</strong></span> 
     </span>
    </p>
   </div>
  </div>
