3978 6190
284 320 384 377 819

283 522 409 580 sciri
437 531 529 577 aut
561 524 707 579 credi
736 524 806 579 ab
828 526 1050 582 homine
1090 535 1287 598 potest.
1318 528 1386 583 Et
1407 528 1497 584 cui
1527 527 1677 598 iuste
1700 543 1867 601 nega-

280 617 422 673 veris
450 619 595 688 quod
639 620 791 690 petit,
824 620 1110 677 iudicanda
1152 622 1231 678 illi
1270 632 1355 680 est
1398 625 1514 695 ipsa
1540 625 1773 696 justitia,
1806 634 1867 682 ut

282 724 386 766 non
416 724 543 765 eum
580 711 795 767 inanem
819 713 1081 770 dimittas.
1112 715 1193 771 Ita
1219 716 1364 772 enim
1397 718 1545 773 omni
1571 720 1775 788 petenti
1807 728 1865 775 te

281 801 452 867 dabis,
483 802 732 872 quamvis
778 816 887 859 non
934 821 1150 877 semper
1196 808 1250 861 id
1289 808 1433 877 quod
1482 809 1637 878 petit,
1665 809 1860 876 dabis;

282 894 374 950 sed
401 894 690 964 aliquando
735 895 928 951 melius
968 897 1170 968 aliquid
1221 898 1397 963 dabis,
1427 914 1551 953 cum
1589 907 1860 968 petentem

280 986 475 1054 injuste
525 987 850 1043 correxeris.
905 987 1063 1054 Quod
1100 996 1281 1044 autem
1314 991 1410 1056 ait,
1462 989 1568 1056 Qui
1615 990 1722 1045 vult
1750 1008 1784 1045 a
1812 1001 1863 1045 te

276 1086 531 1143 mutuari,
558 1090 623 1133 ne
643 1088 913 1133 auersatus
937 1079 1125 1149 fueris,
1151 1081 1218 1135 ad
1250 1081 1485 1135 animam
1515 1080 1859 1138 referendum

277 1176 378 1233 est,
419 1169 473 1224 id
514 1177 619 1235 est,
646 1182 718 1226 ue
761 1172 1093 1229 voluntatem
1119 1174 1322 1231 alienos
1357 1176 1425 1229 ab
1465 1190 1568 1231 eo:
1618 1172 1860 1232 Hilarem

277 1258 412 1316 enim
454 1261 688 1317 datorem
733 1264 907 1335 diligit
956 1265 1116 1320 Deus.
1163 1264 1573 1336 intelligendum
1620 1274 1702 1321 est
1730 1278 1861 1339 ergo

278 1354 561 1409 Dominum
606 1354 697 1409 hic
737 1355 849 1425 ipsa
877 1356 984 1410 duo
1018 1368 1215 1427 genera
1256 1354 1548 1427 praestandi
1572 1370 1694 1411 esse
1715 1371 1858 1411 eom-

274 1442 511 1516 piexunt.
560 1442 804 1515 Namque
836 1454 929 1501 aut
957 1446 1223 1503 donamus
1271 1447 1414 1518 quod
1461 1447 1652 1502 damus
1696 1447 1864 1503 bene-

275 1537 415 1603 vole,
464 1545 557 1591 aut
610 1535 891 1593 reddituro
937 1539 1401 1593 commendamus.
1424 1520 1506 1592 Et
1542 1535 1861 1607 plerumque

274 1629 523 1685 homines
570 1629 687 1700 qui,
730 1630 1011 1698 proposito
1040 1630 1223 1684 divino
1262 1629 1506 1701 praemio,
1542 1629 1743 1683 donare
1767 1642 1862 1697 ρεισ-

273 1724 375 1779 rati
420 1732 563 1789 sunt,
605 1724 672 1778 ad
720 1724 954 1780 dandum
985 1725 1128 1795 quod
1181 1733 1426 1780 mutuum
1467 1724 1673 1794 petitur
1719 1722 1857 1793 pigri

271 1815 427 1880 ﬁunt,
477 1817 628 1886 quasi
682 1816 817 1871 nihil
863 1816 1132 1886 recepturi
1186 1831 1216 1871 a
1263 1816 1392 1881 Deo,
1425 1830 1548 1870 cum
1580 1829 1693 1869 rem
1735 1828 1856 1883 quae
1886 1803 1932 1862 B

269 1910 448 1973 datur,
474 1908 562 1963 ille
588 1908 677 1978 qui
701 1908 929 1978 accepit,
954 1907 1215 1962 exsolvat.
1244 1907 1412 1962 Recte
1441 1906 1626 1976 itaque
1652 1906 1719 1959 ad
1749 1904 1855 1959 hoc

268 1999 516 2054 igeneiic’ii
547 1999 815 2055 tribuendi
854 2014 1023 2070 genus
1055 2013 1152 2053 nos
1177 1998 1358 2052 divina
1385 1998 1635 2053 hortatur
1663 2003 1853 2052 auclo-

267 2089 403 2147 titas
427 2090 609 2145 dicens
647 2104 661 2142 τ
694 2090 762 2144 Et
790 2091 879 2162 qui
908 2089 1124 2145 voluerit
1153 2104 1184 2142 tt
1218 2095 1269 2143 te
1319 2088 1575 2152 mutuari,
1609 2102 1673 2141 ne
1704 2103 1853 2141 aver-

264 2192 413 2236 satus
444 2181 639 2251 fueris;
664 2181 714 2235 id
749 2188 852 2246 est,
878 2190 945 2236 tte
973 2186 1258 2251 prepler‘ea
1288 2177 1623 2232 voluntatem
1653 2166 1869 2232 aliencs‘

265 2272 331 2327 ab
368 2272 548 2342 coqui
595 2272 749 2344 petit,
804 2266 928 2343 quia
982 2276 1038 2326 et
1082 2269 1312 2341 pecunia
1348 2278 1436 2325 tua
1471 2276 1639 2325 vacua
1668 2267 1751 2334 tit,
1802 2275 1857 2323 et

263 2364 409 2419 Deus
440 2365 532 2419 tibi
563 2376 669 2418 non
712 2364 1021 2418 redditurus
1042 2368 1149 2425 est,
1188 2370 1310 2417 cum
1335 2361 1499 2416 homo
1520 2358 1813 2414 reddiderit
1839 2375 1853 2424 ;

262 2455 354 2510 sed
396 2469 523 2509 cum
578 2455 630 2509 id
674 2468 742 2510 ex
794 2461 1061 2525 praecepto
1102 2450 1197 2507 Dei
1232 2448 1385 2519 facis,
1411 2450 1550 2521 apud
1577 2449 1726 2504 illum
1763 2448 1855 2518 qui

260 2546 375 2600 luce
425 2544 596 2615 jubet,
640 2544 1038 2599 infructuosum
1084 2550 1203 2598 esse
1247 2556 1352 2596 non
1385 2546 1583 2610 potest.
1639 2537 1773 2604 Quia
1802 2537 1855 2592 in

260 2637 558 2707 Evangelia
582 2649 770 2690 servus
800 2635 889 2689 ille
918 2650 945 2688 a
971 2631 1461 2688 dominolaudatur
1485 2632 1601 2703 qui,
1633 2638 1856 2700 accepta

260 2728 470 2782 talenta
498 2727 823 2798 negotiando
858 2724 1169 2797 duplicavit,
1194 2732 1248 2780 et
1275 2725 1343 2780 ob
1368 2725 1471 2780 hoc
1510 2724 1563 2779 in
1600 2721 1856 2795 gaudium

258 2818 470 2872 domini
525 2816 607 2870 sui
661 2816 863 2871 intrare
888 2814 1114 2885 jubetur
1162 2810 1377 2883 (Martii.
1430 2813 1582 2887 xxv).
1631 2810 1858 2883 Oportet

256 2926 385 2981 ergo
430 2908 726 2978 spiritalem
773 2906 1046 2964 doctorem
1078 2908 1224 2963 veriti
1256 2908 1423 2963 divini
1454 2908 1613 2963 fenus
1641 2905 1856 2961 audito-

256 3003 414 3057 ribus
442 3001 553 3056 suis
569 3001 995 3067 accommodare,
1022 3010 1084 3056 ut
1100 3002 1226 3056 boui
1250 3002 1429 3073 operis
1445 3001 1855 3082 retributionem

260 3096 326 3149 ab
359 3093 474 3149 illis
495 3094 669 3163 possit
705 3095 971 3165 accipere.
1005 3094 1070 3149 Et
1095 3110 1192 3165 pro
1214 3096 1319 3150 hoc
1345 3096 1527 3165 itaque
1562 3112 1593 3150 a
1625 3097 1731 3151 Deo
1762 3096 1855 3151 de-

259 3185 395 3240 bent
430 3193 688 3239 aeternam
729 3188 1220 3241 remunerationem
1248 3186 1464 3258 utrique
1488 3198 1730 3257 sperare,
1756 3203 1855 3244 nec

259 3275 371 3330 ullo
402 3273 565 3329 modo
608 3275 663 3330 in
696 3276 839 3331 bono
869 3277 1046 3332 studio
1076 3274 1383 3347 defatigari.
1413 3278 1673 3347 Sequitur
1704 3292 1720 3332 :

330 3365 574 3419 Audistis
607 3365 731 3436 quia
777 3366 971 3420 dictum
998 3377 1072 3421 est
1095 3381 1114 3419 :
1136 3367 1335 3438 Diliges
1359 3354 1657 3437 proximum
1681 3378 1852 3433 tuum,

259 3468 306 3513 et
334 3458 485 3512 adies
516 3457 785 3511 inimicum
811 3464 979 3511 tuum.
1009 3457 1122 3529 Ego
1148 3470 1322 3513 autem
1346 3456 1478 3513 dico
1501 3460 1663 3525 vobis,
1720 3458 1855 3514 Dili-

258 3552 360 3622 gite
414 3549 652 3603 inimicos
693 3558 908 3614 vestros,
941 3548 1222 3620 benefacite
1253 3552 1332 3606 bis
1363 3553 1452 3623 qui
1490 3552 1712 3607 oderunt
1741 3570 1851 3620 vos,

259 3656 307 3699 et
352 3653 507 3699 orate
550 3660 646 3715 pro
673 3644 1093 3716 persequentibus
1145 3635 1193 3700 et
1250 3645 1693 3701 calumniantibus
1741 3663 1851 3701 vos.

262 3735 538 3807 (Hierom)
567 3735 733 3790 Multi
756 3746 1024 3808 praecepta
1054 3737 1149 3792 Dei
1194 3738 1559 3793 imbecillitate
1586 3755 1704 3805 sua,
1744 3755 1851 3793 non

261 3834 585 3880 sanctorum
612 3825 822 3881 viribus
857 3827 1212 3891 mstimantes,
1243 3836 1436 3897 putant
1466 3843 1586 3882 esse
1612 3828 1857 3897 impossi-

260 3917 391 3971 bilia
434 3932 554 3985 qua:
578 3924 845 3988 prtecepta
894 3925 1040 3983 sunt,
1073 3924 1125 3971 et
1153 3917 1338 3972 dicunt
1366 3916 1612 3972 suilicere
1644 3916 1856 3971 virtuti-

261 4011 384 4076 bus,
436 4026 543 4065 non
592 4009 772 4066 odisse
829 4009 1077 4065 inimicos
1128 4026 1141 4064 :
1193 4016 1448 4065 cmterum
1478 4009 1699 4080 diligere
1734 4007 1854 4080 plus

261 4102 507 4172 prtecipi,
553 4118 715 4172 quam
763 4103 998 4157 humana
1027 4110 1217 4157 natura
1247 4102 1503 4174 patiatur.
1562 4100 1853 4157 Sciendum

263 4203 348 4247 est
377 4207 514 4264 ergo
561 4192 833 4248 Christum
872 4208 977 4248 non
1027 4192 1376 4263 impossibilia
1406 4191 1721 4263 prmcipere,
1761 4190 1853 4247 sed

261 4282 527 4353 perfecta.
550 4283 681 4352 Quae
703 4283 831 4339 fecit
862 4283 1030 4339 David
1058 4284 1111 4339 in
1144 4282 1273 4339 Saul
1300 4291 1355 4339 ct
1373 4283 1606 4338 Absalon
1640 4282 1692 4353 (Ι
1723 4278 1853 4354 Reg.

263 4391 416 4441 xxiv;
466 4374 527 4428 11
559 4375 685 4447 Reg.
720 4375 899 4447 xvm)’.
948 4372 1255 4448 Stephanus
1278 4391 1491 4446 quoque
1521 4382 1729 4447 martyr
1755 4390 1854 4447 pro

264 4466 504 4522 inimicis
550 4481 607 4521 se
648 4467 1008 4537 lapidantibus
1042 4468 1362 4537 deprecatus
1400 4473 1485 4521 est
1540 4464 1679 4538 (Act.
1731 4464 1850 4537 vn).

1242 322 1598 381 COMBENT.
1638 322 1709 379 ΙΝ
1744 320 2297 386 MATTﬂ/EUM.:
2332 333 2460 390 ιω.
2498 336 2563 392 il.

565 433 708 535 quod
883 435 977 535 tibi
1018 449 1121 492 nec
1167 435 1570 535 alteri—noceat,
1601 445 1864 508 quantum
1892 448 1944 509 Α
1969 457 2078 512 quo
2099 444 2176 499 ait
2206 460 2221 499 :
2265 446 2583 516 Benedicite,
2615 460 2663 504 et
2702 408 2862 507 nolite
2889 452 3198 510 maledicere
3222 453 3395 529 (Rom.
3430 461 3532 535 xu)

3452 344 3555 403 850

1966 551 2090 592 cum
2117 547 2173 593 et
2198 537 2266 594 de
2290 540 2518 597 Domino
2545 543 2810 613 scriptum
2839 544 2911 600 sit
2933 546 3077 615 quod
3116 548 3458 605 maledixerit
3481 553 3559 607 ci-

1964 626 2226 684 vitatibus
2268 645 2389 699 quae
2421 633 2648 687 verbum
2688 632 2806 703 ejus
2834 650 2943 690 non
2982 646 3310 707 acceperunt
3335 639 3555 711 (Matth.

1965 716 2065 788 XI),
2112 725 2169 773 et
2216 730 2551 775 memoratur
2594 722 2885 794 Apostolus
2912 728 3056 796 quod
3094 729 3160 783 de
3203 729 3437 799 quodam
3482 732 3557 788 ita

1963 808 2164 865 dixerit
2193 828 2209 865 :
2236 809 2437 866 Reddet
2485 812 2567 869 illi
2611 814 2873 872 Dominus
2897 820 3184 874 secundum
3230 838 3385 892 opera
3413 823 3558 878 illius

1963 900 2050 974 (11
2084 903 2220 957 Tim.
2250 904 2346 977 tv).
2375 903 2482 960 Sed
2512 907 2629 961 haec
2657 906 2817 964 facile
2861 910 3163 966 solvuntur.
3190 912 3324 978 Quia
3346 923 3397 969 et
3419 912 3557 968 Pro.

1960 998 2122 1069 pheta
2156 1015 2253 1071 per
2284 1001 2731 1071 imprecationem
2781 1005 2911 1075 quid
2960 1014 3107 1061 esset
3162 1006 3427 1072 futurum,
3459 1024 3553 1063 ce-

1961 1088 2111 1152 cinit,
2166 1104 2277 1145 non
2327 1091 2567 1161 optantis
2617 1100 2764 1159 voto,
2793 1095 2890 1150 sed
2929 1095 3120 1164 spiritu
3168 1096 3551 1167 praevidentis;

1960 1179 2036 1234 ita
2085 1188 2141 1235 et
2184 1181 2463 1245 Dominus,
2492 1183 2569 1237 ita
2600 1192 2656 1239 et
2680 1184 3008 1256 Apostolus:
3035 1174 3347 1258 quanquam
3378 1188 3429 1242 in
3461 1190 3560 1243 ho-

1959 1286 2082 1326 rum
2109 1273 2292 1327 verbis
2328 1287 2435 1328 non
2478 1274 2581 1329 hoc
2618 1275 2891 1331 invenitur
2922 1278 3067 1347 quod
3094 1278 3421 1346 optaverint,
3458 1280 3552 1332 sed

1960 1361 2102 1431 quod
2132 1362 2499 1432 praedixerint.
2541 1362 2658 1418 Non
2683 1364 2827 1419 enim
2859 1380 2983 1420 cum
3030 1366 3107 1419 ait
3141 1362 3423 1430 Dominus,
3462 1366 3559 1419 Vw

1959 1455 2073 1520 tibi,
2097 1453 2494 1527 Capharnaum,
2518 1456 2660 1512 aliud
2681 1467 2840 1513 sonat
2867 1460 2971 1515 nisi
3001 1460 3203 1530 aliquid
3229 1460 3352 1515 mali
3389 1476 3555 1515 even-

1959 1545 2256 1603 turum'illi
2305 1547 2424 1605 fore
2462 1549 2658 1604 merito
2701 1550 3056 1617 inﬁdelitatis,
3104 1552 3247 1621 quod
3311 1552 3551 1607 futurum

1959 1636 2223 1693 Dominus
2267 1656 2375 1695 non
2424 1641 2800 1697 malevolentia
2851 1642 3092 1711 optabat,
3137 1642 3230 1698 sed
3265 1643 3551 1699 divinitate

1960 1728 2238 1784 cernebat.
2262 1730 2328 1783 Et
2352 1730 2641 1800 Apostolus
2674 1744 2781 1785 non
2812 1731 2908 1795 ait,
2937 1730 3168 1795 Reddat,
3209 1732 3323 1796 sed,
3358 1730 3556 1784 Reddet

1958 1818 2039 1872 illi
2068 1818 2328 1873 Dominus
2363 1820 2534 1890 juxta.
2561 1835 2718 1891 opera
2766 1820 2883 1888 ejus
2919 1835 2938 1873 :
2972 1819 3118 1888 quod
3146 1818 3372 1874 verbum
3416 1835 3553 1889 prae-

1957 1908 2261 1963 nuntiantis
2289 1917 2389 1973 est,
2420 1922 2526 1965 non
2560 1907 2931 1979 imprecantis.
2969 1908 3104 1963 Item
3131 1908 3239 1963 alio
3264 1909 3381 1963 loco
3412 1909 3554 1963 idem

1956 1999 2264 2070 Apostolus,
2318 2006 2645 2055 enumeratis
2705 1997 3028 2070 Capitaiibus
3085 1997 3409 2054 criminibus
3456 1998 3554 2053 ob-

1958 2092 2169 2155 noxios,
2215 2091 2369 2163 jubet
2419 2104 2537 2145 cam
2586 2091 2951 2161 hujuscemodi
3001 2106 3093 2144 nec
3141 2090 3313 2144 cibum
3351 2104 3559 2144 sumere

1960 2180 2014 2253 (1
2054 2180 2178 2237 Cor.
2210 2182 2286 2255 v).
2316 2183 2469 2249 Quod
2503 2197 2603 2237 nec
2627 2181 2963 2237 contrarium
2988 2187 3072 2235 est
3097 2179 3207 2235 ullo
3243 2181 3405 2235 modo
3428 2179 3554 2234 huic

1958 2273 2171 2328 Domini
2228 2271 2487 2327 mandato
2513 2272 2579 2327 de
2627 2270 2917 2327 dilectione
2944 2278 3001 2325 et
3028 2270 3387 2326 beneﬁcentia
3441 2269 3551 2323 ini-

1959 2365 2223 2421 micorum
2287 2383 2299 2419 :
2349 2366 2474 2435 quia
2528 2365 2749 2436 diligere
2804 2364 3063 2420 debemus
3114 2363 3385 2428 inimicos,
3444 2377 3551 2417 non

1960 2461 2222 2524 quantum
2263 2452 2465 2509 inimici
2516 2460 2662 2519 sunt,
2697 2453 2793 2509 sed
2825 2461 3086 2523 quantum
3116 2452 3368 2507 homines
3393 2459 3553 2519 sunt;

1960 2541 2187 2614 diligere
2210 2553 2482 2608 naturam,
2513 2542 2692 2598 odisse
2714 2543 2848 2598 vitia
2879 2561 2892 2596 :
2922 2550 2979 2597 et
3000 2542 3181 2598 omnia
3206 2556 3327 2612 quae
3357 2543 3410 2597 in
3448 2541 3555 2598 illis

1962 2635 2190 2707 agimus,
2221 2635 2335 2690 sive
2370 2634 2631 2690 beneficia
2679 2633 2986 2702 tribuendo,
3031 2638 3148 2691 sive
3178 2636 3553 2707 corripiendo,

1960 2720 2077 2781 sive
2101 2724 2458 2790 admonendo,
2509 2726 2625 2782 sive
2672 2725 2835 2782 etiam
2887 2727 3428 2791 excommunicando,
3484 2727 3553 2781 ad

1957 2817 2065 2876 hoc
2086 2816 2345 2873 debemus
2366 2818 2567 2882 facere,
2598 2830 2705 2873 non
2728 2826 2789 2872 ut
2815 2817 3019 2874 inimici
3046 2825 3427 2889 permaneant,
3455 2816 3552 2873 sed

1958 2915 2022 2963 ut
2044 2906 2247 2964 fratres
2283 2906 2436 2963 flant.
2464 2907 2604 2976 Quid
2630 2909 2776 2964 enim
2806 2910 3074 2964 orandum
3105 2918 3190 2965 est
3234 2925 3334 2981 pro
3362 2922 3554 2979 perse-

1958 2999 2251 3072 qrteutibus
2298 3012 2419 3063 nos,
2462 2998 2566 3054 nisi
2616 2999 2757 3070 quod
2809 3000 3100 3071 Apostolus
3147 3001 3242 3064 ait,
3278 3008 3333 3054 ut
3367 2999 3552 3069 resipi-

1959 3096 2107 3143 scant
2136 3105 2169 3141 a
2194 3086 2391 3141 diaboli
2417 3086 2640 3159 laqueis,
2667 3089 2855 3161 quibus
2880 3093 3018 3161 capti
3041 3101 3279 3145 tenentur
3300 3090 3368 3144 ad
3400 3105 3551 3145 suam

1961 3181 2194 3252 ipsorum
2246 3180 2590 3251 perditionem
2636 3178 2723 3250 (II
2755 3180 2892 3236 Tim.
2924 3179 3008 3249 tt),
3036 3188 3097 3233 ut
3128 3180 3299 3234 sanati
3332 3179 3399 3233 ab
3448 3181 3553 3235 hac

1959 3270 2170 3325 insania
2198 3267 2470 3325 declinent
2509 3285 2539 3324 a
2562 3270 2705 3325 malo
2726 3278 2781 3325 et
2807 3268 3008 3324 faciant
3033 3270 3265 3333 bonum;
3298 3270 3371 3323 ita
3402 3279 3550 3325 recte

1956 3376 2059 3434 pro
2076 3361 2158 3418 eis
2178 3374 2417 3428 oramus,
2441 3363 2566 3417 dum
2593 3364 2697 3418 hoc
2734 3363 2814 3417 eis
2842 3361 2959 3417 ﬁeri
2988 3362 3133 3431 quod
3158 3362 3311 3416 nobis
3345 3361 3554 3416 deside-

1955 3468 2174 3519 ramus;
2205 3461 2267 3508 ut
2303 3468 2441 3525 quos
2466 3455 2523 3508 in
2548 3454 2802 3524 praesenti
2840 3462 3081 3523 tempore
3110 3452 3348 3523 patimur
3372 3454 3552 3508 inimi-

1954 3561 2071 3611 cos,
2118 3560 2218 3615 per
2259 3545 2655 3601 correctionem
2698 3546 2824 3603 vita:
2876 3552 3159 3600 consortes
3201 3545 3546 3615 postmodum

1955 3635 2253 3689 habeamus
2284 3634 2336 3688 in
2364 3649 2550 3707 regno.
2582 3634 2769 3708 (Ααθ.)
2803 3633 3011 3689 Rursus
3038 3634 3127 3689 hic
3163 3634 3408 3688 oboritur
3445 3634 3550 3689 alia

1954 3726 2183 3795 quaestio
2212 3743 2227 3780 :
2257 3726 2317 3781 Si
2350 3742 2451 3796 pro
2480 3726 2716 3781 inimicis
2753 3740 2853 3780 nos
2892 3725 3158 3780 Dominus
3188 3740 3350 3782 orare
3371 3726 3571 3794 jubet,.

1955 3832 2056 3872 cur
2084 3816 2360 3886 apostolus
2396 3815 2632 3872 Joannes
2678 3817 2825 3871 dicat
2874 3835 2889 3869 :
2939 3816 3003 3872 Si
3046 3818 3163 3887 quis
3201 3820 3299 3872 scit
3332 3835 3551 3890 peccare

1957 3908 2175 3978 fratrem
2215 3924 2370 3963 suum
2410 3918 2677 3980 peccatum
2708 3924 2811 3963 non
2854 3908 2924 3962 ad
2961 3918 3198 3973 mortem,
3241 3909 3547 3980 postulabit,
3609 3978 3615 3985 .

1954 4008 2004 4054 et
2037 3998 2182 4052 dabit
2229 3998 2280 4053 ei
2326 3998 2584 4053 Dominus
2629 3998 2787 4053 vitam
2815 4000 2904 4071 qui
2949 4010 3129 4070 peccat
3160 4018 3262 4055 non
3313 4001 3382 4055 ad
3411 4017 3550 4055 mor-

1956 4098 2058 4143 tem
2088 4102 2107 4141 :
2139 4099 2213 4144 cst
2261 4098 2436 4143 autem
2488 4099 2755 4159 peccatum
2811 4089 2881 4143 ad
2911 4098 3150 4157 mortem,
3184 4106 3285 4145 non
3328 4106 3422 4161 pro
3456 4090 3547 4144 illo

1957 4179 2074 4233 dico
2117 4187 2174 4232 ut
2222 4174 2577 4249 rogctann.
2610 4179 2685 4251 v).
2721 4178 2925 4250 Aperte
2967 4181 3112 4235 enim
3143 4182 3379 4237 ostendit
3428 4195 3549 4238 esse

1957 4272 2219 4342 quosdam
2255 4270 2454 4325 fratres
2479 4286 2578 4341 pro
2607 4271 2805 4340 quibus
2832 4286 2992 4326 orare
3019 4287 3125 4326 non
3166 4271 3323 4326 nobis
3347 4271 3547 4342 praeci-

1956 4362 2125 4432 pitur,
2156 4373 2277 4414 cum
2319 4360 2462 4415 Deus
2509 4360 2673 4414 etiam
2719 4376 2820 4431 pro
2856 4360 3296 4431 persecutoribus
3346 4360 3548 4417 nostris

1959 4464 2119 4507 orare
2148 4465 2247 4505 nos
2268 4450 2477 4521 jubeat.
2516 4450 2626 4505 Nec
2652 4452 2755 4505 ista
2798 4451 3026 4520 quaestio
3055 4452 3187 4506 solvi
3215 4460 3409 4523 potest,
3443 4453 3549 4509 uisi

264 4555 330 4611 Et
373 4554 576 4612 Paulus
603 4532 889 4612 ana-thema
930 4558 1077 4627 cupit
1112 4532 1232 4612 esse
1280 4572 1378 4628 pro
1417 4532 1852 4627 persecutoribus
1881 4534 1933 4594 D
1959 4532 2231 4597 meam"?
2257 4557 2377 4597 053°-
2418 4542 2596 4612 aliti“a
2644 4550 2864 4612 Ρθοεθω
2920 4542 2975 4597 in
3004 4542 3262 4599 “auibus
3295 4556 3417 4614 αυεε
3447 4544 3548 4599 ini‘

263 4646 377 4700 suis
408 4644 586 4717 (Rom.
629 4646 729 4713 ix).
763 4644 889 4701 Haec
912 4655 1089 4701 autem
1119 4644 1276 4702 Jesus
1304 4654 1357 4703 et
1398 4646 1578 4702 docuit
1624 4656 1679 4700 et
1706 4645 1851 4710 fecit,

263 4736 455 4791 dicens
497 4753 511 4789 :
546 4734 728 4803 Pater,
784 4737 991 4807 ignosce
1034 4736 1128 4802 eis,
1164 4736 1291 4807 quid
1331 4736 1466 4789 enim
1513 4734 1734 4805 faciunt,
1767 4753 1855 4789 ne-

262 4828 436 4882 sciunt
468 4826 619 4897 (Luc.
652 4826 832 4899 xxm).
878 4826 1060 4899 (Aug)
1111 4825 1296 4882 Oritur
1325 4841 1453 4880 sane
1479 4825 1567 4881 hic
1604 4825 1849 4895 qttmstio,

263 4935 387 4990 qua!
435 4919 611 4973 minus
662 4917 1088 4989 intelligentibus
1141 4917 1356 4972 videtur
1399 4930 1518 4972 csse
1572 4913 1850 4971 diiliciiis:

265 5009 393 5079 quia
421 5017 476 5062 et
512 5008 562 5063 in
584 5009 860 5079 prophetis
905 5008 1252 5063 inveniuntur
1285 5009 1465 5063 multa:
1502 5008 1852 5079 imprecatio-

266 5112 363 5153 nes
400 5098 658 5153 adversus
691 5098 962 5164 inimicos,
995 5113 1114 5168 qua:
1140 5098 1543 5153 maledictiones
1570 5107 1851 5168 putantur,

263 5187 424 5241 sicuti
455 5196 532 5241 est
573 5188 733 5241 illud:
757 5184 1082 5242 Fiat‘mensa
1106 5200 1285 5239 eorum
1315 5187 1369 5239 iu
1399 5185 1643 5257 laqueum
1674 5182 1849 5251 (Psal.

263 5275 515 5345 txxxvr),
542 5287 595 5329 et
624 5285 817 5331 cetera
864 5292 984 5348 qum
1012 5276 1087 5331 ibi
1115 5275 1386 5330 dicuntur.
1416 5275 1484 5329 Et
1509 5274 1661 5340 illud,
1695 5273 1849 5328 Fiant

264 5364 367 5432 ﬁlii
409 5365 523 5435 ejus
569 5365 778 5436 pupilli,
806 5378 854 5422 et
898 5384 1033 5422 uxor
1058 5367 1172 5437 ejus
1201 5365 1358 5421 vidua
1389 5362 1562 5435 (Psal.
1595 5361 1770 5433 cvm),
1800 5371 1855 5418 et

265 5472 391 5526 qua:
446 5458 548 5512 alia
586 5459 669 5514 vel
699 5475 862 5532 supra
914 5459 999 5516 vel
1046 5459 1186 5515 infra
1239 5459 1293 5514 in
1323 5458 1512 5513 eodem
1561 5456 1767 5527 psalmo
1799 5457 1850 5510 in

265 5564 557 5621 personam
579 5550 729 5609 Iuda:
757 5566 855 5625 per
880 5552 1204 5624 Prophetam
1241 5552 1513 5607 dicuntur.
1542 5549 1709 5604 Multa
1750 5549 1854 5605 alia

268 5643 322 5697 in
371 5640 668 5715 Scripturis
696 5647 1059 5716 reperiuntur,
1098 5660 1217 5716 qua!
1246 5644 1532 5699 videantur
1569 5654 1689 5698 esse
1727 5656 1857 5698 cou-

267 5733 441 5789 traria
488 5744 540 5791 et
563 5734 699 5792 huic
736 5748 1005 5809 pra-cepto
1036 5736 1266 5800 Domini,
1306 5745 1359 5791 ct
1413 5735 1489 5791 illi
1537 5735 1855 5806 apostolico,

1476 5842 1489 5871 κ

1958 4635 2223 4691 micorum
2268 4635 2644 4705 persecutione
2695 4635 2946 4707 graviora
3006 4636 3135 4691 sint.
3188 4634 3409 4692 Fratres
3447 4637 3550 4693 hos

1958 4726 2298 4783 Christianos
2328 4727 2654 4798 signiﬁcare,
2683 4727 2871 4783 multis
2904 4728 3214 4784 divinarum
3238 4728 3548 4801 Scriptura-

1958 4836 2077 4875 rum
2108 4821 2441 4892 argumentis
2468 4820 2686 4890 probari
2716 4831 2914 4893 potest.
2950 4820 3231 4879 Peccatum
3275 4839 3404 4893 ergo
3433 4824 3546 4880 fra-

1958 4911 2060 4967 tris
2091 4911 2161 4966 ad
2197 4921 2417 4966 mortem
2438 4920 2569 4981 puto
2588 4927 2727 4977 esse,
2756 4913 2898 4983 quod
2938 4921 3062 4983 post
3094 4914 3421 4984 agnitionem
3452 4912 3546 4969 Dei

1958 5021 2058 5076 per
2084 5006 2311 5076 gratiam
2336 5004 2547 5060 Domini
2586 5005 2759 5060 nostri
2789 5004 2914 5061 Jesu
2942 5005 3167 5072 Christi,
3201 5007 3430 5077 quisque
3454 5020 3543 5075 op-

1955 5107 2159 5169 pugnat
2208 5096 2711 5161 i'raternitatem,et
2757 5095 3018 5152 adversus
3069 5097 3237 5166 ipsam
3293 5095 3539 5164 gratiam,

1956 5203 2060 5257 qua
2109 5186 2486 5243 recenciliatus
2533 5195 2618 5241 est
2662 5184 2795 5253 Deo,
2842 5187 3150 5242 invidentia:
3200 5182 3407 5237 lacibus
3439 5183 3551 5255 agi-

1957 5291 2121 5338 tatur.
2155 5279 2438 5335 Peccatum
2464 5281 2568 5335 hoc
2598 5294 2700 5334 non
2728 5280 2798 5333 ad
2823 5289 3039 5334 mortem
3073 5282 3149 5330 est
3187 5276 3230 5329 si
3256 5276 3553 5344 quisduam'

1957 5390 2062 5429 non
2095 5389 2333 5428 amorem
2354 5389 2383 5426 a
2414 5371 2580 5427 fratre
2608 5372 2952 5435 alienaverit,
2980 5368 3073 5425 sed
3100 5366 3271 5424 ol'iicia
3299 5368 3544 5424 fraterni-

1954 5464 2054 5519 tati
2084 5462 2259 5516 debita
2285 5478 2379 5533 per
2401 5464 2637 5534 aliquam
2666 5461 3038 5517 infirmitatem
3070 5459 3234 5514 animi
3262 5470 3365 5513 u‘ou
3394 5460 3542 5514 exhi-

1956 5551 2155 5607 buerit.
2187 5549 2527 5622 Quapropter
2556 5559 2610 5608 et
2637 5549 2897 5606 Dominus
2926 5549 2979 5604 in
3012 5560 3173 5604 cruce
3200 5548 3279 5603 ait
3307 5560 3321 5600 :
3356 5542 3543 5614 Pater,

1956 5643 2165 5713 ignosce
2216 5641 2343 5709 illis,
2397 5644 2519 5715 quia
2572 5641 2808 5697 nesciunt
2852 5638 2979 5711 quid
3029 5638 3251 5710 faciunt.
3293 5636 3542 5695 Nomium

1958 5736 2101 5793 enim
2136 5737 2319 5809 gt'aiiat:
2351 5736 2582 5808 Spiritus
2610 5724 2783 5791 sancti
2824 5734 3118 5805 participes
3140 5731 3291 5802 laeti,
3314 5734 3542 5791 secieto-'-
