3978 6190
438 268 534 326 851
1108 263 1171 318 Β.
1212 259 1462 317 ΠΑΒΑΝῙ
1500 257 1723 315 MAURI
1758 256 2031 314 ARCHIEI

2133 254 2423 312 KOGUNT.
2463 254 2750 312 OPERUM
2788 255 2966 310 PARS
3002 256 3041 311 l.
3581 263 3701 323 832

440 395 546 438 tem
581 388 781 436 sancta:
833 374 1187 433 fraternitatis
1235 373 1486 427 inierant.
1551 371 1657 427 Ista
1710 367 2009 425 differentia
2038 372 2087 430 Α
2115 365 2279 422 istum
2324 367 2493 422 solem
2537 369 2707 423 mavis
2735 370 2999 437 accipere,
3031 385 3136 427 non
3167 370 3339 425 solum
3388 374 3703 442 Imminmu,

440 485 783 547 peccatorum
811 471 1001 526 ludam
1042 469 1367 531 tradentem,
1414 482 1445 520 a
1474 465 1634 520 Petro
1685 461 2010 532 distinguit:
2114 457 2210 513 sed
2254 457 2417 512 etiam
2463 472 2718 547 pecorum
2771 459 3046 529 corporeis
3093 460 3265 515 oculis
3318 463 3698 531 pmpalatum;

362 620 368 626 .
442 546 547 622 non
583 564 709 635 quia
730 562 930 633 petenti
977 575 1083 613 non
1109 558 1181 612 sit
1220 556 1625 633 ignoscendum,
1650 569 1717 608 ne
1742 558 1929 606 contra
1951 549 2017 605 il-
2115 554 2171 601 et
2213 549 2370 600 istam
2423 546 2656 616 pluviam
2687 563 2793 617 qua
2824 547 3031 604 fructus
3057 550 3351 619 gignuntur
3375 553 3467 621 qui
3514 555 3583 608 ad
3612 571 3701 610 re—

443 656 548 708 lam
566 650 886 713 sententiam
902 648 1112 705 Domini
1130 646 1409 701 veniamus
1428 660 1533 713 qua
1549 642 2017 713 praecipitsemper
2116 635 2404 692 fectionem
2449 639 2695 709 corporis
2746 639 2859 693 dati
2910 648 3055 694 sunt.
3089 642 3363 708 Quantum
3404 644 3553 699 enim
3597 648 3701 700 hu-

444 743 830 816 iguoscendum
870 755 991 795 esse
1024 738 1177 792 fratri
1216 736 1418 807 petenti
1446 745 1506 789 ut
1533 734 1636 787 sibi
1673 732 1841 786 frater
1868 732 2016 802 igno-
2111 730 2200 801 jus
2224 731 2348 785 vita:
2376 730 2624 786 solatium
2653 731 2844 786 afferat
2873 732 2961 786 lux
2991 733 3092 791 ista
3140 735 3393 800 visibilis,
3422 746 3482 792 et
3515 738 3699 807 pluvia

446 846 593 901 seat;
624 834 716 889 sed
748 832 872 902 quia
900 831 1044 885 illius
1077 827 1284 898 peccati
1319 834 1466 879 tanta
1516 824 1666 879 labes
1691 831 1794 888 est,
1828 830 1886 874 ut
1919 821 2016 875 de-
2118 820 2431 891 corporalis,
2474 822 2594 891 quis
2640 831 2748 876 tam
2807 822 3048 893 ingratus
3080 832 3164 878 est
3210 832 3269 879 ut
3310 839 3417 879 non
3473 828 3699 881 sentiat.

444 924 697 996 precandi
722 922 1081 978 humilitatem
1105 918 1288 973 subire
1317 932 1420 971 non
1443 914 1634 986 possit,
1660 913 1871 969 etiamsi
1895 927 2020 982 pec—
2118 908 2268 976 Quod
2299 910 2547 966 solatium
2578 911 2821 966 videmus
2837 919 2894 967 et
2909 912 3071 982 justis
3092 912 3146 965 in
3174 912 3282 967 hac
3322 912 3454 979 vita,
3492 923 3548 969 et
3572 930 3703 985 pec-

448 1026 625 1069 catum
646 1029 800 1069 suum
817 1012 956 1066 mala
982 1008 1311 1066 conscientia
1337 1020 1628 1076 agnoscere
1658 1012 1713 1059 et
1739 1001 2021 1057 enuntiare
2120 1002 2392 1057 catoribus
2412 1004 2771 1061 communiter
2797 1004 3063 1059 exhiberi.
3086 1002 3206 1059 Non
3230 1014 3409 1062 autem
3430 1006 3510 1060 ait
3540 1025 3555 1059 :
3592 1007 3703 1072 Qui

448 1115 693 1175 cogatur.
722 1104 854 1160 Cum
877 1103 1018 1157 enim
1044 1101 1177 1155 dixit
1206 1098 1393 1163 ludas,
1429 1096 1667 1159 Peccavi,
1699 1096 1837 1167 quod
1860 1093 2025 1146 tradi-

448 1197 610 1249 derint
638 1194 945 1263 sanguinem
982 1191 1186 1259 justum
1219 1187 1434 1257 (Matth.
1481 1184 1672 1256 xxvn),
1704 1182 1914 1238 facilius
1944 1190 2023 1236 ta-

448 1298 571 1335 men
597 1281 968 1351 desperatione
992 1278 1233 1333 cucurrit
1261 1276 1326 1331 ad
1358 1276 1626 1344 laqueum,
1660 1288 1821 1348 quam
1842 1272 2021 1328 humi-

446 1371 597 1426 litate
648 1372 856 1425 Veniam
912 1370 1232 1439 deprecatus
1279 1374 1382 1422 est.
1426 1366 1765 1437 Quapropter
1794 1363 2025 1418 multum

447 1448 674 1516 interest
698 1460 841 1532 quali
873 1460 1201 1531 pmnitentize
1224 1459 1469 1528 ignoscat
1495 1456 1657 1511 Deus.
1687 1453 1839 1509 Multi
1865 1453 2024 1536 enim

449 1553 615 1605 multo
641 1552 803 1607 citius
828 1564 887 1606 se
924 1550 1164 1605 fatentur
1194 1564 1467 1619 peccasse,
1501 1558 1662 1617 atque
1682 1548 1752 1600 ita
1776 1546 1878 1601 sibi
1898 1560 2023 1600 suc-

449 1652 671 1698 censent
698 1653 758 1698 ut
784 1645 1128 1698 vehementer
1158 1658 1217 1697 se
1244 1658 1496 1713 peccasse
1534 1641 1766 1707 nollent;
1815 1641 1908 1697 sed
1948 1650 2026 1695 ta-

2119 1090 2247 1159 facit
2295 1090 2455 1145 solem
2492 1092 2618 1145 oriri
2646 1109 2802 1162 super
2841 1093 3001 1148 bonos
3028 1102 3077 1148 et
3123 1093 3313 1161 malos,
3343 1097 3440 1150 sed
3467 1097 3701 1159 addidit,

2121 1197 2297 1245 suum,
2325 1179 2380 1236 id
2425 1189 2527 1248 est,
2549 1196 2709 1251 quem
2749 1183 2864 1253 ipse
2894 1181 3024 1238 fecit
3066 1192 3230 1255 atque
3250 1184 3553 1250 constituit,
3585 1197 3643 1241 et
3669 1204 3701 1241 a

2124 1268 2269 1324 nullo
2296 1267 2495 1339 aliquid
2519 1271 2749 1340 sumpsit
2767 1279 2826 1325 ut
2851 1269 3091 1338 faceret;
3127 1272 3287 1327 sicuti
3335 1274 3390 1327 in
3411 1273 3610 1330 Genesi
3634 1276 3705 1330 de

2124 1357 2375 1413 omnibus
2423 1358 2778 1414 luminaribus
2823 1361 3111 1427 scribitur;
3142 1362 3234 1431 qui
3262 1363 3481 1433 proprie
3525 1372 3709 1433 potest

2126 1448 2317 1504 dicere
2333 1464 2433 1504 sua
2453 1463 2573 1511 esse
2588 1450 2769 1505 omnia
2793 1466 2912 1521 quae
2934 1451 3001 1506 de
3022 1450 3189 1507 nihilo
3208 1452 3411 1507 creavit
3442 1469 3456 1505 :
3490 1462 3551 1508 ut
3578 1454 3706 1509 hinc

2128 1534 2540 1592 admoneremur
2563 1546 2762 1607 quanta
2796 1538 3118 1595 liberalitate
3148 1540 3383 1597 inimicis
3406 1543 3611 1601 nostris
3639 1559 3703 1598 ex

2127 1635 2396 1697 prtecepto
2426 1626 2541 1698 ejus
2582 1635 2842 1698 priestare
2870 1630 3183 1698 debeamus,
3205 1645 3325 1702 quae
3350 1647 3458 1686 non
3490 1633 3703 1687 creavi-

453 1749 573 1784 Incn
624 1733 861 1786 animum
910 1734 978 1786 ad
1016 1732 1403 1787 humiliandum
1450 1740 1504 1786 et
1547 1732 2026 1802 obtemperandum

2133 1732 2273 1783 mus,
2305 1718 2397 1774 sed
2427 1719 2740 1775 muneribus
2767 1720 3095 1791 accepimus.

457 1820 857 1894 [obterendum]
886 1838 1000 1888 cur,
1032 1808 1533 1892 iinplorandamque
1562 1822 1772 1876 veniam
1796 1838 1900 1875 non
1930 1821 2027 1879 tle-
2086 1866 2099 1871 -

452 1920 674 1980 ponunt.
714 1912 887 1979 Quam
926 1913 1123 1968 mentis
1164 1910 1500 1967 affectionem
1556 1919 1778 1983 prepter
1822 1911 2029 1981 peccati

453 2004 896 2072 magnitudinem,
916 2004 1029 2075 jam
1054 2005 1119 2060 de
1143 2004 1493 2059 damnatione
1534 2004 1656 2059 illos
1684 2003 1884 2059 habere
1913 2018 2030 2058 cre-

453 2094 685 2149 dendum
708 2105 810 2151 est.
839 2096 905 2150 Et
940 2097 1040 2152 hoc
1062 2106 1144 2151 est
1176 2096 1403 2151 fortasse
1430 2109 1657 2165 peccare
1684 2094 1739 2149 in
1767 2093 2031 2164 Spiritum

452 2193 722 2251 sanctum,
750 2185 802 2239 id
825 2193 907 2239 est
932 2200 1030 2257 per
1064 2185 1325 2239 malitiam
1353 2192 1406 2239 et
1432 2183 1711 2249 invidiam,
1735 2180 2030 2238 fraternam

453 2291 763 2345 oppugnare
789 2276 1107 2331 charitatem
1134 2284 1256 2346 post
1285 2281 1560 2345 acceptam
1603 2273 1832 2344 gratiam
1861 2270 2031 2343 Spiri-

455 2373 541 2421 tus
573 2366 764 2420 sancti.
791 2367 941 2433 Quod
982 2374 1263 2440 peccatum
1311 2363 1568 2419 Dominus
1593 2378 1766 2434 neque
1802 2362 1909 2427 hic,
1938 2376 2032 2416 ne-

455 2473 561 2526 quc
601 2457 652 2510 in
685 2454 865 2512 futuro
890 2456 1086 2513 swculo
1116 2456 1311 2511 dimitti
1374 2454 1526 2510 dicit.
1572 2451 1702 2508 Sine
1750 2452 1859 2515 ulla
1897 2466 2030 2522 ergo

455 2548 787 2603 dubitatione
833 2548 1117 2620 diligamus
1155 2548 1401 2604 inimicos
1443 2557 1684 2613 nostros,
1730 2546 2037 2602 benefacia-

456 2654 576 2693 mus
607 2640 691 2693 his
728 2639 821 2710 qui
849 2640 1079 2695 oderunt
1108 2654 1226 2703 nos,
1252 2646 1309 2693 et
1334 2652 1552 2692 oremus
1572 2652 1672 2708 pro
1694 2637 1773 2695 eis
1799 2636 1890 2707 qui
1915 2650 2032 2706 per-

455 2739 751 2800 sequuntur
764 2748 882 2797 nos,
902 2740 960 2786 ut
989 2731 1082 2785 fiat
1104 2731 1246 2801 quod
1269 2720 1659 2803 consequenter
1672 2728 1904 2800 positum
1917 2736 1999 2784 est
2013 2744 2043 2787 :,

528 2821 597 2876 Ut
644 2824 757 2878 sitis
812 2824 912 2894 ﬁlii
964 2823 1142 2878 Putris
1173 2824 1350 2890 vestri,
1398 2823 1571 2895 quiin
1613 2821 1753 2877 caelis
1801 2831 1897 2889 est,
1943 2822 2032 2895 qui

455 2915 615 2968 salem
674 2932 827 2970 suum
875 2917 1003 2971 oriri
1051 2916 1177 2987 facit
1222 2933 1377 2989 super
1435 2916 1593 2972 bonas
1650 2924 1698 2972 et
1754 2915 1942 2982 malas,
1983 2924 2031 2969 et

456 3005 584 3077 pluit
630 3007 795 3078 super
803 3009 977 3079 justas
1006 3020 1051 3063 et
1076 3009 1322 3079 injustas.
1353 3008 1537 3066 Prima
1571 3024 1699 3079 pars
1725 3004 1884 3078 hujus
1908 3022 2031 3063 sen-

2204 1808 2265 1864 Si
2301 1810 2439 1864 enim
2471 1810 2686 1880 diligitis
2716 1827 2801 1866 eos
2833 1811 2924 1883 qui
2953 1828 3039 1869 vos
3070 1812 3315 1883 diligunt,
3363 1795 3525 1884 quam
3572 1830 3715 1865 nqu

2130 1898 2305 1953 cedem
2343 1898 2616 1965 habebitis,
2674 1916 2842 1954 nonne
2866 1911 2912 1954 et
2941 1896 3206 1972 publicani
3241 1902 3338 1957 hoc
3371 1902 3619 1971 faciunt?
3641 1901 3707 1955 Et

2129 1993 2174 2045 si
2197 1992 2545 2048 salutaveritis
2570 1993 2760 2064 fratres
2797 2004 2990 2049 vestras
3040 2004 3263 2063 (aruum,
3307 1998 3434 2068 quid
3483 1998 3709 2069 amplius

2131 2083 2333 2153 facitis,
2373 2100 2541 2138 nonne
2564 2094 2612 2139 et
2633 2085 2822 2140 ethnici
2864 2086 2962 2139 hoc
2999 2086 3240 2156 faciunt?
3265 2085 3490 2160 (Μωιι.)
3527 2088 3712 2145 Publi-

2131 2190 2295 2233 eanos
2315 2176 2531 2248 quidem
2558 2176 2749 2243 Judaei,
2797 2187 3077 2235 exactores
3107 2179 3377 2236 Romanos
3416 2182 3707 2247 vocabant,

2131 2266 2222 2334 qui
2253 2266 2339 2335 de,
2361 2267 2635 2338 republica
2678 2283 2863 2323 curam
2888 2269 3176 2345 habebant.
3208 2270 3472 2325 Dicuntur
3503 2272 3593 2327 hic
3612 2288 3712 2342 pu-

2130 2357 2351 2427 blicani,
2379 2361 2469 2430 qui
2499 2361 2711 2432 publica
2750 2362 3031 2435 vectigalia
3057 2360 3297 2435 exigunt,
3328 2365 3421 2434 qui
3449 2362 3580 2437 [vel]
3614 2382 3711 2435 pu-

2130 2449 2274 2505 blica
2313 2449 2528 2521 negotia
2572 2450 2753 2507 saeculi
2800 2451 2950 2509 lucra
2991 2446 3287 2509 sectantur.
3315 2453 3533 2510 Ethnici
3562 2456 3707 2511 enim

2131 2537 2338 2605 Graece,
2386 2539 2580 2597 Latine
2628 2550 2817 2613 gentes
2859 2544 3130 2599 dicuntur.
3178 2543 3312 2601 Nam
3351 2544 3492 2608 ἔθνος
3521 2545 3713 2601 Grmce

2131 2644 2264 2701 gens
2285 2630 2500 2686 dicitur.
2527 2631 2704 2702 Atque
2730 2635 2849 2689 ideo
2866 2634 3096 2706 gentiles
3118 2636 3409 2717 nuncupati
3438 2645 3587 2701 sunt,
3614 2639 3707 2706 qui

2133 2723 2271 2780 tales
2297 2732 2422 2780 sunt
2449 2733 2507 2780 ut
2542 2725 2759 2784 fuerunt
2777 2727 2966 2801 geniti,
2993 2729 3094 2785 sub
3111 2738 3335 2801 peccato
3355 2730 3564 2786 scilicet
3591 2730 3709 2785 ido-

2132 2812 2199 2869 lis
2231 2815 2547 2874 servientes.
2571 2816 2717 2875 Talis
2734 2818 2878 2875 enim
2900 2819 2954 2876 in
2988 2820 3094 2878 hac
3126 2821 3397 2893 Evangelii
3438 2821 3706 2877 sententia

2133 2916 2324 2962 sensus
2366 2914 2450 2962 est
2477 2926 2491 2961 :
2518 2906 2576 2963 Si
2618 2910 2782 2966 etiam
2824 2911 3097 2983 publicani
3130 2921 3187 2968 et
3216 2912 3415 2967 ethnici
3454 2927 3593 2988 erga
3624 2912 3709 2967 di-

2135 2995 2365 3058 lectores
2389 3014 2517 3059 suos
2537 3010 2731 3058 natura
2753 3005 2890 3060 duce
2906 3013 3106 3061 nomnt
3126 3020 3246 3061 esse
3266 3005 3515 3070 benefici,
3542 3022 3707 3076 quan-

459 3096 643 3149 tentia:
672 3112 740 3150 ex
773 3096 859 3149 illa
888 3097 1069 3167 regula
1100 3098 1446 3169 intelligenda
1475 3106 1556 3153 est
1581 3114 1687 3169 qua
1716 3108 1771 3153 et
1793 3097 2030 3154 Joannes
2056 3082 2101 3144 Ο
2135 3099 2248 3167 lum
2282 3108 2403 3159 VOS.
2436 3092 2633 3164 inquit,
2671 3097 2865 3167 quibus
2887 3104 2947 3154 ut
2979 3099 3178 3171 gradus
3199 3094 3553 3170 professionis
3594 3097 3707 3153 cxi-

459 3186 588 3239 dicit
619 3205 630 3239 :
661 3184 815 3238 Dedit
844 3185 946 3240 illis
976 3196 1278 3255 potestatem
1303 3189 1442 3256 ﬁlios
1474 3188 1568 3243 Dei
1600 3189 1716 3257 ﬁeri
1745 3186 1927 3260 (lacn.
1964 3190 2026 3260 ι).

464 3277 615 3333 Unus
661 3277 806 3331 enim
844 3277 1167 3333 naturaliter
1212 3278 1381 3334 Filius
1426 3280 1521 3335 Dei
1570 3288 1672 3346 est,
1717 3279 1807 3351 qui
1862 3281 2034 3335 nescit
2072 3275 2083 3283 “

458 3369 681 3423 omnino
723 3383 949 3439 peccare
996 3387 1011 3423 :
1066 3384 1163 3424 nos
1191 3378 1370 3426 autem
1394 3379 1660 3442 potestate
1681 3379 1903 3443 accepta
1921 3370 2033 3427 elli-

459 3460 633 3514 cimur
652 3459 768 3527 filii,
806 3459 860 3513 in
889 3468 1145 3531 quantum
1170 3475 1233 3516 ea
1256 3477 1376 3537 quae
1403 3463 1472 3517 ab
1500 3461 1592 3517 illo
1621 3460 2030 3532 praecipiuntur,

358 3561 379 3576 ‘
460 3556 761 3628 implemus.
793 3556 943 3613 Unde
980 3566 1035 3612 et
1061 3557 1351 3633 apostolica
1385 3555 1664 3628 disciplina
1687 3556 2032 3627 adoptionem

458 3646 709 3719 appellat,
740 3665 846 3720 qua
889 3649 944 3709 in
993 3656 1251 3717 aeternam
1279 3648 1648 3704 haereditatem
1671 3662 1948 3714 vocamur,
1973 3655 2037 3709 ut

456 3740 765 3795 cobarredes
806 3739 1007 3798 Christi
1054 3755 1176 3797 esse
1214 3742 1500 3813 possimus.
1542 3740 1664 3795 Filii
1691 3755 1820 3811 ergo
1870 3738 2034 3797 cilici-

457 3848 579 3888 mur
612 3833 1020 3904 regeneratione
1042 3835 1294 3905 spiritali,
1319 3842 1375 3891 et
1393 3834 1779 3904 adoptamurin
1810 3847 2033 3903 regnum

459 3923 577 3987 Dei,
609 3940 714 3980 non
751 3932 1005 3995 tanquam
1035 3924 1216 3990 alieni,
1247 3926 1341 3981 sed
1389 3934 1645 3996 tanquam
1672 3923 1740 3979 ab
1788 3922 1879 3979 illo
1906 3921 2035 3978 facti

457 4027 513 4073 ct
537 4019 728 4087 creati,
762 4017 818 4074 id
839 4027 922 4074 est
969 4018 1169 4073 conditi
1197 4030 1243 4084 α,
1283 4025 1343 4072 ut
1378 4033 1544 4073 unum
1572 4014 1895 4072 beneficium
1938 4014 2027 4077 sit,

458 4126 564 4180 quo
613 4126 713 4167 nos
761 4108 891 4166 fecit
919 4125 1040 4167 esse
1089 4124 1187 4181 per
1233 4109 1679 4179 omnipotentiam
1708 4123 1883 4175 suam,
1912 4122 2034 4162 cum

457 4212 582 4259 ante
622 4203 756 4259 nihil
779 4219 1054 4270 essemus;
1092 4203 1343 4268 alterum,
1373 4218 1480 4273 quo
1502 4201 1796 4271 adOptavit,
1825 4210 1882 4255 ut
1910 4216 2035 4255 cum

455 4300 521 4349 eo
552 4302 805 4363 tanquam
864 4294 958 4349 filii
1009 4294 1119 4349 vita
1162 4300 1364 4349 aeterna
1406 4307 1504 4363 pro
1532 4300 1712 4347 nostra
1743 4290 2033 4361 participa-

458 4384 600 4439 tione
628 4383 951 4439 frueremur.
984 4383 1170 4454 Itaque
1221 4397 1329 4438 non
1365 4382 1442 4436 ait
1475 4399 1487 4434 :
1522 4379 1707 4436 Facite
1736 4379 1859 4444 ista,
1906 4377 2033 4448 quia

2135 3180 2291 3247 mior,
2350 3183 2426 3238 ita
2454 3199 2586 3241 cura
2620 3202 2845 3247 necesse
2884 3199 2971 3247 est
2997 3191 3071 3246 sit
3118 3192 3334 3248 virtutis
3359 3193 3602 3257 uberior,
3632 3191 3706 3245 la-

2135 3270 2293 3353 tioris
2336 3272 2458 3330 sinu
2504 3276 2807 3336 dilectionis
2852 3280 3106 3352 amplecti
3155 3282 3361 3338 debetis
3402 3282 3570 3337 etiam
3600 3297 3704 3337 non

2134 3368 2397 3418 amantes.
2447 3364 2605 3429 Unde,
2652 3369 2881 3440 quresitu
2916 3372 3133 3445 dignum
3174 3373 3386 3429 videtur
3440 3375 3707 3444 quomodo

2134 3467 2257 3508 cum
2304 3455 2566 3513 Dominus
2594 3450 2687 3515 eos
2712 3462 2803 3531 qui
2831 3462 3115 3534 diligentes
3148 3479 3207 3520 se
3254 3464 3428 3520 solqu
3459 3465 3703 3534 diligunt,

2134 3542 2596 3605 benefacientibus
2641 3551 2745 3607 sibi
2800 3552 3145 3610 benefaciunt
3194 3556 3407 3622 amicis,
3466 3556 3702 3610 ferantur

2136 3649 2243 3691 non
2275 3638 2434 3693 modo
2455 3639 2748 3711 perfectam
2772 3658 2879 3699 non
2906 3646 3107 3701 habere
3145 3647 3492 3712 charitatem,
3525 3665 3697 3704 verum

2134 3729 2506 3795 peccatoribus
2557 3734 2875 3807 :equiparari
2915 3743 3142 3793 testetur
3191 3738 3279 3794 ille
3316 3742 3555 3811 pectoris
3613 3742 3699 3795 De-

2137 3817 2319 3874 minici
2376 3820 2666 3891 recubitor,
2715 3824 3008 3897 Epistulam
3036 3827 3103 3885 de
3130 3830 3222 3884 Dei
3263 3838 3321 3884 et
3369 3832 3600 3901 proximi
3630 3832 3701 3884 ειὶ-

2136 3907 2364 3964 lectione
2388 3925 2790 3983 consummans,
2835 3932 2904 3972 ne
2929 3919 3134 3989 uspiam
3162 3919 3697 3978 inimicosmonucrit

2134 4010 2256 4052 esse
2270 3999 2605 4085 diligentias,
2640 4005 2733 4061 sed
2765 4005 3008 4063 absolute
3034 4008 3231 4065 dixerit
3263 4031 3276 4064 :
3309 4010 3465 4079 Quod
3497 4014 3542 4066 si
3588 4012 3695 4065 dili-

2134 4094 2319 4160 gamus
2362 4093 2601 4161 invicem,
2624 4096 2769 4153 Deus
2792 4099 2847 4154 in
2876 4099 3021 4154 nobis
3047 4111 3241 4167 manet,
3264 4112 3311 4157 et
3339 4102 3573 4158 charitas
3594 4104 3695 4173 ejus

2134 4184 2189 4237 in
2211 4184 2355 4239 nobis
2379 4188 2607 4257 perfecta
2632 4200 2706 4244 est
2724 4189 2776 4262 (I
2787 4191 2943 4247 Joan.
2963 4191 3059 4265 tv).
3085 4192 3235 4260 Quod
3260 4194 3304 4249 si
3326 4209 3487 4264 quem
3507 4204 3690 4256 movet.

2136 4274 2272 4329 sciat
2309 4291 2429 4330 cum
2466 4293 2570 4333 non
2598 4281 2668 4335 ’de
2714 4281 3053 4339 inimicorum
3086 4299 3283 4343 amore.
3314 4285 3580 4351 docuisse,
3612 4285 3694 4339 sed

2137 4374 2190 4421 et
2220 4365 2338 4421 illos
2359 4364 2587 4423 fratrum
2615 4372 2829 4427 nomine
2851 4375 3343 4442 comprehendisse,
3376 4374 3695 4444 fraternique

455 4477 584 4531 estis
614 4476 737 4541 filii;
768 4477 861 4531 sed
891 4475 1050 4530 facite
1080 4448 1183 4530 ista
1217 4483 1273 4528 ut
1297 4475 1410 4528 sitis
1438 4473 1556 4543 ﬁlii.
1587 4472 1718 4528 Cum
1757 4480 1935 4527 autem
1960 4469 2031 4526 ad
2057 4448 2110 4507 Ι)
2135 4458 2337 4512 amoris
2391 4458 2585 4514 ίηιιιῖιιι
2635 4461 2798 4532 diligi.
2828 4471 2881 4517 cl
2930 4479 3027 4533 pro
3054 4464 3132 4519 eis
3176 4466 3501 4535 prmccrisse
3530 4481 3699 4527 οτειιητς

456 4568 560 4622 hoc
586 4584 685 4621 nos
711 4574 870 4622 vocat
906 4582 1002 4637 per
1030 4567 1204 4634 ipsum
1236 4566 1599 4636 Unigenitum,
1626 4564 1692 4619 ad
1719 4560 2030 4618 similitudi-

455 4670 579 4710 nem
615 4670 770 4709 suam
814 4669 914 4710 nos
947 4663 1122 4709 vocat.
1146 4654 1238 4708 Ille
1268 4655 1431 4717 enim,
1463 4653 1605 4708 sicut
1638 4661 2032 4724 consequenter

456 4744 606 4810 dicit,
639 4740 799 4797 solent
825 4758 977 4797 suum
1004 4743 1134 4796 oriri
1163 4742 1291 4811 facit
1313 4759 1469 4813 super
1488 4741 1647 4797 bonos
1673 4752 1721 4797 et
1750 4742 1936 4807 malos,
1980 4751 2030 4798 et

454 4836 585 4908 pluit
611 4852 766 4906 super
786 4834 960 4906 justas
1000 4844 1048 4888 et
1084 4832 1325 4904 injustas.
1361 4832 1487 4888 Sive
1510 4833 1671 4889 solem
1708 4850 1883 4900 suum,
1921 4847 2027 4887 non

457 4926 618 4981 istum
643 4925 854 4979 carneis
876 4923 1046 4979 oculis
1065 4922 1329 4978 visibilem
1350 4924 1604 4992 accipias,
1632 4923 1726 4978 sed
1754 4923 1899 4983 illam
1932 4936 2025 4976 sa—

453 5016 734 5090 pientiam,
784 5017 850 5071 de
901 5031 1005 5087 qua
1047 5015 1244 5071 dicitur
1297 5033 1310 5069 :
1371 5013 1582 5069 Candor
1608 5024 1681 5069 est
1723 5014 1858 5068 enim
1893 5011 2025 5068 lucis

454 5118 663 5165 (eterna:
720 5104 871 5177 (Sap.
938 5103 1070 5177 vn);
1122 5105 1187 5162 de
1237 5121 1342 5176 qua
1405 5105 1535 5160 item
1580 5104 1814 5159 dicitur:
1864 5102 2025 5158 Ortus

453 5208 530 5255 est
596 5198 724 5252 mihi
770 5197 992 5266 justitia:
1042 5195 1140 5250 sol.
1202 5196 1271 5251 Et
1335 5195 1528 5250 iterum
1587 5214 1600 5250 :
1656 5192 1812 5248 Vobis
1849 5202 2024 5248 autem

452 5290 543 5363 qui
582 5290 772 5345 timetis
820 5304 1006 5343 nomen
1040 5286 1270 5351 Damini,
1305 5286 1501 5340 orietur
1518 5285 1595 5340 sol
1612 5284 1838 5354 jnstitim
1877 5280 2020 5353 (Ma-

454 5384 593 5438 lach.
631 5383 725 5455 tv).
776 5380 848 5437 Ut
875 5382 1039 5435 etiam
1082 5379 1317 5451 pluviam
1369 5378 1602 5447 accipias
1657 5375 2026 5447 irrigationcm

455 5475 710 5531 doctrinae
740 5473 1001 5539 veritatis,
1033 5471 1159 5541 quia
1207 5477 1263 5525 et
1282 5468 1450 5525 bonis
1476 5476 1531 5524 et
1558 5467 1713 5523 malis
1753 5465 2021 5536 apparuit,

455 5574 511 5621 ct
566 5566 718 5622 bonis
756 5574 809 5620 et
838 5565 993 5620 malis
1034 5563 1433 5635 evangelizatus
1488 5568 1571 5616 cst
1608 5559 1866 5616 Christus.
1899 5558 2024 5614 Sive

526 5688 549 5714 ι
584 5675 652 5728 Id
678 5685 754 5730 est
776 5676 995 5742 conditi,
1027 5675 1197 5741 glossa
1223 5682 1389 5729 certe.

2136 4545 2340 4601 scilicet
2375 4556 2432 4601 ut
2457 4564 2561 4604 non
2593 4566 2804 4623 semper
2839 4553 3040 4608 inimici
3071 4564 3408 4621 remaneant,
3460 4557 3554 4611 sed
3580 4559 3695 4611 resi-

2133 4637 2343 4706 piscant
2372 4655 2403 4693 a
2429 4640 2623 4697 diaboli
2652 4642 2877 4715 laqueis,
2910 4644 3174 4716 nobisque
3198 4662 3459 4717 germano
3507 4649 3697 4703 foedere

2134 4731 2426 4786 socientur.
2463 4731 2572 4789 Nec
2613 4734 2804 4790 durum
2846 4737 3092 4791 videatur
3122 4739 3262 4806 quod
3313 4740 3552 4795 nondum
3583 4755 3692 4796 cre—

2134 4822 2342 4883 dentes,
2382 4833 2601 4893 prapter
2630 4839 2780 4895 spem
2806 4832 2986 4882 tamen
3016 4827 3269 4883 credendi
3301 4829 3503 4886 fratres
3530 4830 3696 4900 appel-

2134 4911 2257 4967 lari‘
2279 4929 2437 4983 posse
2492 4906 2739 4972 dicimus.
2795 4916 2926 4972 Nam
2975 4918 3117 4974 idem
3150 4917 3388 4977 Joannes
3411 4938 3508 4978 eos
3546 4925 3695 4979 etiam

2131 5003 2266 5072 ﬁlios
2317 5004 2412 5059 Dei
2448 5020 2641 5063 vocare
2668 5006 2863 5079 legitur
2893 5027 2906 5063 :
2938 5008 3090 5076 Quod
3132 5008 3311 5079 Iesus,
3359 5013 3555 5085 inquit,
3592 5033 3694 5069 ma-

2130 5094 2329 5149 riturus
2358 5106 2469 5148 erat
2498 5113 2590 5166 pro
2620 5110 2786 5167 gente,
2812 5106 2859 5151 et
2888 5116 2992 5156 non
3033 5109 3241 5155 tantum
3283 5120 3379 5173 pro
3424 5115 3591 5175 gente,
3615 5105 3694 5158 sed

2130 5194 2186 5239 ut
2208 5186 2346 5253 ﬁlios
2376 5186 2496 5253 Dei,
2522 5189 2611 5258 qui
2637 5198 2783 5243 erant
2810 5190 3056 5261 dispersi,
3098 5204 3433 5263 congregaret
3461 5196 3515 5248 in
3544 5213 3691 5250 unum

2131 5276 2312 5349 (Joan.
2338 5278 2435 5352 χι).
2461 5280 2707 5348 Quandiu
2726 5284 2875 5338 enim
2899 5284 3148 5355 dispersi,
3171 5286 3411 5341 nondum
3440 5289 3535 5345 ﬁlii
3560 5299 3690 5350 sunt;

2128 5371 2223 5426 sed
2247 5373 2615 5429 conveniendo
2642 5374 2696 5429 in
2726 5390 2890 5430 unum
2924 5374 3041 5444 jam
3073 5375 3378 5432 efficiuntur
3406 5377 3526 5433 tibi.

2200 5462 2380 5518 Eslote
2409 5479 2529 5534 ergo
2579 5481 2663 5519 vos
2687 5466 2920 5537 perfecti,
2950 5467 3085 5520 sicut
3110 5477 3160 5521 et
3196 5466 3361 5523 Pater
3397 5480 3564 5524 vester
3598 5483 3687 5522 ca:-

2127 5552 2266 5608 lestis
2295 5554 2552 5624 perfectus
2595 5565 2690 5611 est.
2734 5555 2862 5614 Sine
2886 5558 2987 5614 ista
3028 5557 3335 5627 dilectione,
3385 5569 3568 5631 quaet
3593 5558 3688 5616 iui-

3431 5672 3467 5693 ο
