3978 6190
2924 260 2932 285 1

236 313 332 368 855
420 338 425 341 ν
1187 318 1537 376 COMMENT.
1580 320 1647 377 l‘N
1687 316 2117 381 MATTll/EUM.
2149 355 2215 367 —
2240 327 2380 384 LlB.
2422 328 2483 385 ll.
3369 335 3474 402 856

232 420 390 476 mices
422 426 477 473 et
507 430 881 491 persecutores
925 433 1139 482 nostros
1170 430 1390 499 diligere
1410 431 1681 502 iubemur,
1725 449 1788 490 ea
1820 443 1864 503 Α
1894 444 2013 489 tuus
2028 437 2137 491 aico
2153 441 2513 497 exsul'ationis
2527 447 3281 523 prmparticiptbustuis(Psal.
3300 458 3466 531 XLIV).

230 526 340 579 qum
363 512 611 580 superius
654 515 796 568 dicta
821 526 966 581 sunt,
1000 519 1225 588 implere
1250 523 1372 591 quis
1400 526 1616 592 potest?
1660 526 1793 580 I‘cr-
1898 527 1964 580 Et
1993 528 2043 580 id
2091 531 2327 600 praicipi,
2366 542 2423 587 ut
2447 546 2765 593 exercentes
2794 540 3047 606 virtutes,
3077 543 3303 612 spiritali
3348 512 3471 603 olelo

229 603 379 657 fectie
429 612 608 657 autem
666 606 1072 674 misericordiae,
1108 626 1211 681 qua
1263 614 1550 683 plurimum
1602 618 1795 673 anima:
1894 617 2189 687 principale
2238 623 2416 677 cordis
2458 627 2626 679 nostri
2683 644 2890 697 ungere
2944 632 3233 687 debeamus
3284 616 3468 708 (Αιιᾳί)

228 695 479 751 laboranti
509 697 826 764 consulitur,
858 701 998 756 ultra
1043 704 1382 760 dilectionem
1415 707 1614 763 inimici
1663 725 1789 780 por-

228 783 317 853 rigi
366 799 470 839 non
504 793 702 853 potest.
733 788 799 842 Et
839 791 958 845 ideo
985 793 1063 847 sic
1091 794 1360 849 clauditur
1391 815 1403 850 :
1442 796 1621 852 Estote
1671 818 1790 872 ergo

224 892 304 929 vos
343 875 578 943 perfecti,
616 879 750 932 sicut
806 878 965 936 Pater
993 887 1268 955 vestcrqui
1296 888 1350 941 in
1396 888 1535 943 caelis
1568 902 1661 958 cst,
1699 895 1789 962 qui

225 970 480 1039 perfectus
527 979 631 1025 est.
685 972 761 1027 lta
809 983 988 1029 tamen
1028 986 1085 1031 ut
1133 978 1273 1033 Deus
1317 980 1640 1052 intelligatur
1669 1002 1789 1056 per-

222 1058 381 1113 fectus
427 1068 487 1114 ut
511 1059 671 1125 Deus,
700 1070 756 1117 et
788 1065 967 1119 anima
1010 1067 1248 1135 perfecta
1296 1079 1548 1141 tanquam
1584 1076 1782 1131 anima.

220 1151 453 1231 GradumV
488 1161 664 1209 tamen
693 1169 813 1211 esse
850 1157 1079 1227 aliquem
1122 1160 1511 1220 Pharisaeorum
1539 1165 1785 1239 institue,

216 1259 325 1313 quae
362 1245 429 1298 ad
468 1255 704 1302 veterem
750 1247 919 1320 legem
966 1253 1219 1321 pertinet,
1273 1255 1399 1312 hinc
1444 1259 1781 1333 intelligitur,

216 1335 344 1404 quod
372 1335 721 1403 manifestum
748 1354 814 1393 ex
844 1338 930 1394 his
956 1344 1244 1412 praeceptis
1281 1361 1496 1403 onmem
1536 1358 1781 1408 nos!ram

216 1427 557 1481 intentionem
590 1428 645 1483 in
680 1429 936 1485 interiora
960 1433 1154 1503 gaudia
1176 1435 1354 1506 dirigi,
1387 1453 1453 1491 ne
1479 1439 1611 1496 foris
1636 1458 1784 1513 qua!-

211 1526 379 1571 rentes
431 1519 733 1573 mercedem
787 1520 914 1576 huic
980 1522 1177 1577 saeculo
1244 1524 1667 1597 conformemur,
1727 1538 1782 1588 et

208 1608 509 1664 amittamus
552 1611 967 1680 promissionem
1003 1620 1149 1669 tanto
1180 1616 1452 1675 solidioris
1498 1628 1657 1691 atque
1692 1623 1782 1677 fir‘

212 1697 410 1763 mioris,
440 1708 641 1768 quanto
666 1701 936 1758 interioris
956 1704 1332 1772 beatitudinis,
1359 1724 1466 1779 qua
1493 1726 1594 1767 nos
1619 1711 1779 1785 elegit

1892 706 2003 759 Hoc
2023 709 2167 762 enim
2191 716 2337 765 recte
2358 714 2651 782 accipimus
2671 728 2830 787 caput
2872 723 3013 790 quod
3044 724 3101 791 in
3128 726 3308 779 anima
3330 742 3469 796 pra:-

1889 798 2107 862 eminet,
2165 811 2218 854 et
2265 818 2372 872 quo
2416 815 2604 859 cetera
2649 809 2881 863 hominis
2930 813 3041 881 regi
3074 823 3129 868 et
3178 817 3465 884 gubernari

1890 887 2237 943 manifestum
2276 899 2381 945 est.
2424 894 2487 947 Et
2524 896 2626 949 hoc
2660 896 2808 961 facit,
2841 902 2929 966 qui
2979 917 3082 955 non
3113 903 3245 957 foris
3274 910 3467 976 quaerit

1890 974 2155 1045 laetitiam,
2182 988 2263 1033 'ut
2315 982 2382 1036 de
2434 983 2678 1040 laudibus
2721 987 2995 1044 hominum
3032 974 3322 1050 carnaliter
3343 1016 3467 1069 gau-

1889 1065 2031 1118 deat.
2061 1068 2200 1123 Caro
2238 1082 2437 1137 autem,
2485 1090 2601 1143 qua:
2648 1079 2889 1147 subjecta
2931 1096 3051 1134 esse
3087 1084 3275 1149 debet,
3321 1089 3463 1143 nullo

1888 1159 2047 1213 modo
2078 1171 2162 1215 est
2198 1165 2360 1219 totius
2408 1175 2613 1222 natura:
2658 1170 2903 1226 humanre
2923 1182 3105 1243 caput.
3142 1177 3310 1232 Nemo
3341 1183 3463 1250 qui—

1887 1249 2009 1304 dem
2041 1268 2271 1323 unquam
2296 1270 2502 1310 carnem
2531 1275 2681 1312 suam
2703 1262 2821 1314 odio
2845 1262 3047 1329 habuit,
3080 1268 3219 1322 sicut
3243 1271 3462 1339 Aposto-

1886 1335 1970 1392 lus
2003 1338 2134 1394 dicit
2160 1341 2379 1413 (Ephes.
2429 1343 2504 1415 v),
2528 1344 2658 1400 ’cum
2688 1349 2753 1402 de
2781 1349 3051 1423 diligenda
3079 1371 3246 1412 uxore
3273 1335 3463 1428 prioci-

1884 1427 1964 1496 pit
2020 1445 2033 1478 :
2089 1429 2243 1485 Sicut
2282 1442 2437 1504 caput
2487 1436 2722 1491 mulieris
2768 1441 2863 1502 vir,
2932 1445 3157 1500 cui'uiro
3201 1427 3354 1518 caput
3384 1462 3460 1504 est

1884 1514 2145 1573 Christus.
2198 1521 2428 1580 Interius
2471 1541 2599 1598 ergo
2653 1532 2883 1601 gaudeat
2930 1534 2981 1588 in
3004 1535 3209 1607 jejunio
3251 1514 3367 1608 suo,
3397 1561 3462 1600 eo

1884 1606 2000 1675 ipso
2027 1624 2133 1678 quo
2158 1613 2237 1666 sic
2265 1613 2559 1683 jejunando
2594 1634 2653 1673 se
2675 1623 2874 1677 avertit
2903 1641 2933 1679 a
2956 1626 3229 1684 voluntate
3250 1606 3454 1701 szeculi,

1882 1705 1939 1751 ut
1966 1701 2035 1754 sit
2057 1702 2303 1760 subditus
2320 1706 2556 1775 Christo,
2579 1712 2671 1780 qui
2699 1716 2990 1770 secundum
3010 1718 3111 1773 hoc
3131 1737 3453 1798 praeceptum

209 1787 337 1842 Dens
361 1790 655 1860 τονιῖοηηεδ
693 1792 812 1861 ﬁeri
846 1795 1093 1864 imagini,
1135 1795 1261 1851 Filii
1286 1799 1371 1851 sui
1409 1798 1585 1871 (ηοω,
1634 1800 1772 1876 mi).
1808 1788 1851 1846 Β
1880 1802 2042 1860 caput
2070 1804 2288 1851 unctum
2323 1799 2522 1856 habere
2551 1803 2842 1859 desiderat.
2892 1806 2968 1860 lta
2998 1811 3138 1864 enim
3172 1822 3226 1868 et
3266 1816 3452 1886 facient

208 1877 429 1933 Verbum
448 1882 819 1944 exterminant,
862 1885 1004 1952 quod
1033 1886 1086 1939 in
1115 1886 1496 1943 ecclesiasticis
1540 1889 1780 1962 Scriptu-

203 1969 272 2023 ris
292 1970 424 2025 vitio
453 1972 806 2040 interpretum
833 1973 1016 2028 tritum
1041 1985 1142 2039 est,
1176 1976 1319 2030 aliud
1349 1977 1518 2032 multo
1564 1979 1776 2050 signiti-

200 2068 279 2123 cat
311 2075 475 2128 quam
520 2062 677 2130 vulgo
705 2063 1035 2135 intelligitur.
1090 2066 1541 2125 Exterminantur
1582 2074 1777 2143 quippe

199 2150 427 2215 exsules,
455 2153 545 2223 qui
570 2154 857 2209 mittuntur
869 2164 1024 2211 extra
1064 2159 1344 2215 terminos.
1370 2159 1477 2215 Pro
1502 2162 1604 2218 hoc
1645 2178 1777 2234 ergo

198 2255 459 2308 sermone,
508 2243 869 2298 demetiuntur
924 2261 1145 2317 semper
1188 2250 1438 2321 accipere
1492 2252 1769 2309 debemus.

198 2329 487 2386 Demolitur
510 2342 687 2387 autem
716 2335 1000 2406 hypocrita
1024 2336 1222 2393 faciem
1245 2354 1400 2393 suam
1428 2347 1485 2394 ut
1508 2339 1773 2409 justitiam

194 2420 430 2487 simulet,
478 2433 533 2477 et
586 2425 769 2480 animo
799 2425 939 2481 forte
986 2427 1224 2493 lmtaute,
1271 2428 1473 2485 luctum
1506 2440 1680 2501 gestet
1718 2435 1772 2488 in

196 2513 353 2567 \ultu.
396 2514 583 2587 (Aug.)
612 2517 669 2571 ln
701 2518 803 2573 hoc
834 2527 1013 2573 autem
1050 2521 1284 2590 capitulo
1320 2524 1555 2580 maxime
1595 2526 1770 2581 anim-

190 2603 569 2661 advertendum
621 2617 701 2662 est
761 2625 828 2663 ne
878 2610 932 2663 in
987 2610 1103 2667 solo
1154 2625 1335 2668 rerum
1389 2629 1768 2686 corporearum

189 2695 353 2750 nitore
404 2706 569 2765 atque
618 2712 833 2767 pompa,
874 2700 968 2753 sed
1020 2701 1182 2754 etiam
1243 2701 1295 2756 in
1346 2703 1477 2773 ipsis
1520 2707 1769 2763 sordibus

188 2786 441 2841 luctuosis
484 2798 607 2841 esse
656 2801 816 2856 posse
835 2787 1178 2857 iactantiam,
1211 2800 1267 2847 et
1310 2808 1376 2848 eo
1420 2796 1769 2865 periculosio-

189 2888 313 2938 rem,
367 2888 483 2942 quo
512 2874 612 2929 sub
662 2876 878 2932 nomine
924 2880 1198 2935 servitutis
1253 2881 1347 2937 Dei
1401 2884 1619 2955 decipit.
1665 2887 1765 2955 Qui

185 2977 300 3032 ergo
345 2963 708 3019 immoderato
731 2966 878 3021 cultu
923 2970 1168 3038 corporis
1195 2979 1359 3042 atque
1394 2976 1640 3042 vestitus,
1681 2978 1765 3034 vel

185 3064 500 3109 rzeterarum
552 3071 734 3111 rerum
780 3060 963 3130 uitqrc
1000 3062 1185 3132 fulget,
1235 3064 1391 3121 facile
1430 3068 1767 3126 convincitur

1878 1882 2094 1950 levabit,
2122 1886 2175 1940 id
2208 1896 2312 1954 est,
2344 1905 2440 1944 cor
2468 1894 2766 1961 mundabit,
2804 1911 2911 1966 quo
2932 1900 3144 1957 visurus
3172 1882 3458 1966 cst-Domi-

1879 1989 2004 2026 num
2047 1990 2153 2030 non
2186 1979 2499 2049 interposito
2524 1984 2795 2041 velamine
2830 2001 3052 2059 propter
3085 1995 3451 2056 inﬁrmitatem

1877 2072 2212 2120 contractam
2238 2069 2303 2123 dc
2326 2072 2597 2139 sordibus,
2633 2075 2727 2129 sed
2757 2075 2943 2133 firmus
2974 2090 3026 2135 et
3064 2086 3292 2154 stabilis,
3321 2106 3454 2160 quo-

1877 2154 2018 2235 niam
2067 2160 2300 2214 mundus
2318 2170 2383 2215 et
2411 2162 2659 2231 simplex.
2689 2164 2981 2233 Lavamini,
3032 2174 3224 2242 inquit,
3272 2154 3455 2236 mundi

1874 2232 2053 2310 estote,
2103 2247 2306 2318 auferte
2357 2253 2613 2320 nequitias
2651 2254 2717 2307 ab
2764 2257 2952 2311 animis
3002 2264 3200 2329 vestris,
3249 2276 3452 2338 atquca

1873 2345 2149 2406 conspectu
2179 2339 2449 2395 oculorum
2499 2360 2731 2398 meorum
2780 2345 2915 2420 (Isa.
2946 2348 3006 2421 t).
3043 2354 3124 2408 Ab
3161 2355 3244 2411 his
3292 2359 3454 2431 igitur

1873 2426 2123 2482 sordibus
2150 2428 2318 2484 facies
2347 2439 2531 2487 nostra
2566 2433 2794 2491 lavanda
2827 2448 2929 2505 est,
2956 2442 3153 2512 quibus
3179 2445 3273 2502 Dei
3302 2426 3453 2521 ἔξευρ-

1872 2526 1993 2572 ctus
2018 2518 2326 2577 oll'enditur.

1943 2608 2081 2682 [lV.]
2109 2610 2289 2666 Nolite
2320 2614 2681 2671 thesaurizare
2705 2620 2846 2675 vobis
2872 2622 3142 2682 thesauros
3186 2630 3240 2683 in
3286 2641 3448 2699 terra,

1870 2700 1960 2755 ubi
1979 2718 2157 2775 terugo
2171 2714 2219 2758 et
2236 2706 2375 2760 tinea
2392 2707 2689 2776 demolitur,
2704 2722 2750 2765 et
2769 2714 2854 2767 ubi
2870 2715 3010 2784 fures
3034 2719 3287 2788 e/fodiunt
3306 2736 3352 2777 et
3368 2725 3453 2794 fn-

1870 2803 2073 2849 rantur.
2103 2795 2475 2855 Titesaurizate
2496 2811 2667 2857 autem
2683 2805 2823 2859 vobis
2844 2808 3112 2864 thesauros
3130 2813 3181 2867 in
3204 2816 3344 2871 cosio.
3364 2822 3451 2872 ubi

1869 2900 2033 2955 neque
2062 2903 2260 2958 trrugo,
2295 2907 2457 2961 neque
2488 2895 2629 2948 tinea
2657 2890 2954 2963 demolitur,
2986 2910 3035 2954 et
3062 2902 3149 2956 ubi
3177 2905 3320 2973 fures
3348 2926 3450 2964 non

1867 2970 2124 3041 eﬂ‘odiunt
2179 2992 2270 3030 nec
2320 2977 2585 3047 furantur.
2650 2982 2874 3058 (Μλυιι.)
2929 2985 3033 3042 Per
3084 2970 3193 3047 tres
3244 2998 3451 3065 species

1868 3062 2229 3129 adversitatis,
2252 3067 2354 3122 hoc
2375 3078 2457 3123 est
2480 3072 2749 3143 mmginis,
2780 3076 2939 3132 tineae
2958 3087 3012 3133 et
3039 3080 3219 3137 furum
3255 3062 3451 3156 quilms

185 3149 337 3202 rebus
386 3149 523 3219 ipsis
571 3164 890 3220 pomparum
941 3155 1120 3209 επακ
1180 3171 1301 3212 esse
1354 3166 1611 3224 sectator,
1667 3140 1837 3219 "CCC
1869 3157 2017 3203 vetat
2045 3153 2261 3209 divitias
2304 3157 2554 3229 colligere
2599 3161 2847 3229 interra,
2893 3164 3247 3227 historialiter
3291 3191 3450 3233 omne

185 3254 505 3310 quemquam
531 3239 667 3296 fallit
686 3242 869 3297 dolosa
901 3244 1136 3316 imagine
1160 3249 1485 3305 sanctitatis.
1531 3251 1632 3318 Qui
1661 3268 1762 3306 au-

185 3339 293 3385 tvm.
309 3331 363 3385 in
390 3332 730 3402 professione
757 3336 1186 3393 Christianitatis
1228 3341 1487 3397 inusitato
1513 3345 1764 3413 squalore

182 3438 238 3476 ac
280 3424 535 3479 sordibus
582 3425 815 3482 intentos
843 3428 897 3481 in
946 3444 1004 3482 se
1060 3430 1338 3485 hominum
1381 3433 1566 3489 oculos
1614 3434 1761 3501 facit,

186 3531 294 3567 runt
347 3516 399 3570 id
438 3516 715 3573 voluntate
759 3517 942 3585 faciat,
993 3536 1100 3576 non
1140 3524 1467 3580 necessitate
1501 3527 1762 3596 patiatur,

184 3606 385 3659 ueteris
416 3604 536 3674 ejus
556 3609 810 3675 operibus
853 3618 1032 3680 potest
1071 3611 1268 3682 conjici
1297 3622 1479 3670 utrum
1519 3618 1621 3672 hoc
1642 3633 1767 3673 con-

185 3703 377 3765 temptu
423 3697 679 3765 superﬂui
707 3699 915 3778 cultus,
946 3717 1013 3755 an
1044 3702 1337 3759 ambitione
1364 3705 1541 3775 aliqua
1575 3706 1760 3764 faciat.

183 3786 306 3848 Quia
345 3796 401 3841 et
456 3789 557 3842 sub
596 3790 753 3844 ovina
797 3792 936 3860 pelle
982 3794 1251 3850 cavendos
1298 3796 1453 3865 lupos
1504 3798 1764 3854 Dominus

183 3880 471 3948 praecepit;
523 3881 616 3935 sed
654 3898 719 3937 ea:
761 3883 1038 3952 fructibus,
1090 3888 1284 3958 inquit,
1331 3892 1648 3960 cognoscetis
1677 3910 1765 3947 eos

184 3966 390 4035 (Matth.
415 3970 540 4042 vn).
566 3972 700 4027 Cum
736 3976 880 4028 enim
912 3978 1175 4046 coeperint
1213 3978 1482 4050 aliquibus
1512 3982 1765 4038 tentatio-

183 4061 334 4118 nibus
356 4079 422 4119 ea
456 4064 570 4135 ipsa
602 4065 709 4119 illis
736 4067 979 4123 subtrahi
1011 4069 1095 4124 vel
1126 4071 1310 4141 negari
1337 4084 1456 4141 quae
1488 4072 1594 4128 isto
1617 4073 1766 4128 vela-

183 4154 317 4211 mine
346 4158 431 4211 vel
467 4160 742 4214 consecuti
788 4168 936 4225 sunt,
963 4160 1048 4216 vel
1078 4163 1333 4233 consequi
1362 4165 1605 4236 cupiunt,
1638 4175 1767 4220 tunc

182 4263 399 4305 necesse
437 4260 521 4306 est
547 4261 802 4323 appareat
828 4262 1013 4308 utrum
1040 4254 1197 4325 lupus
1232 4254 1286 4310 in
1324 4257 1483 4311 ovina
1507 4256 1644 4328 pelle
1670 4260 1764 4323 sit,

180 4354 243 4391 an
276 4342 392 4397 ovis
423 4343 481 4397 in
509 4360 627 4398 sua.
654 4343 767 4400 Non
796 4346 937 4401 enim
963 4357 1246 4417 propterea
1280 4351 1473 4404 orna‘tu
1495 4350 1766 4421 superﬂuo

182 4429 332 4484 debet
377 4431 609 4489 allectus
656 4436 932 4490 hominum
966 4437 1204 4493 mulcere
1246 4440 1610 4505 Christianus,
1638 4441 1762 4512 quia

184 4520 324 4577 illum
363 4542 593 4596 parcum
623 4529 865 4585 habitum
915 4546 978 4585 ac
1005 4534 1367 4588 necessarium
1406 4535 1570 4590 etiam
1592 4536 1764 4590 simu-

184 4610 376 4671 latorcs
446 4619 644 4688 srepius
707 4624 994 4691 usurpant‘
1034 4630 1099 4677 'ut
1154 4624 1400 4679 incautos
1475 4626 1765 4697 decipiant,

185 4702 301 4768 quia
330 4710 386 4758 et
417 4705 521 4759 illae
547 4722 676 4762 oves
697 4722 801 4763 non
825 4711 1021 4764 debent
1054 4712 1221 4781 pelles
1252 4728 1379 4769 suas
1403 4713 1692 4784 deponere,
1721 4717 1768 4773 si

180 4792 468 4860 aliquando
490 4797 569 4851 eis
590 4796 698 4869 lupi
732 4814 791 4853 se
814 4808 1124 4870 contegant.

251 4882 329 4936 Tu
360 4896 540 4940 autem
579 4900 697 4941 cum
736 4889 972 4958 jejunus,
1028 4908 1160 4961 unge
1207 4903 1363 4964 caput
1393 4903 1557 4958 tuum,
1598 4904 1648 4949 et
1683 4896 1767 4965 fa-

181 4973 305 5026 ciem
331 4986 480 5031 tuam
507 4978 646 5039 lava,
680 4994 742 5032 ne
773 4980 997 5034 videaris
1041 4980 1336 5038 hominibus
1366 4985 1644 5055 jejunans,
1673 4987 1764 5040 sed

187 5061 331 5117 Patri
381 5075 487 5119 tuo
524 5069 614 5137 qui
663 5077 736 5121 est
780 5069 835 5122 in
874 5069 1125 5124 absconso
1150 5087 1169 5124 :
1195 5082 1256 5146 et
1275 5069 1438 5125 Pater
1481 5084 1625 5140 tuus,
1675 5076 1764 5146 qui

180 5156 311 5208 ridet
334 5158 392 5211 in
433 5159 706 5223 absconso,
740 5156 917 5214 reddet
944 5161 1058 5215 tibi.
1082 5140 1353 5235 (Πίενὸη.)
1398 5163 1520 5219 Ritu
1543 5140 1764 5235 provin-

183 5245 276 5300 cia:
300 5247 603 5304 Pakcstinae
645 5251 900 5320 loquitur,
931 5252 1022 5307 ubi
1061 5254 1249 5308 diebus
1272 5252 1427 5310 festis
1463 5256 1642 5311 solent
1666 5273 1765 5311 un-

181 5348 307 5402 gere
345 5338 548 5408 capita.
586 5338 838 5411 Prrecipit
884 5342 1050 5410 igitur
1091 5349 1153 5396 ut
1196 5343 1412 5413 quando
1431 5344 1762 5415 jejunamns,

183 5426 331 5482 lzetos
353 5444 456 5484 nos
477 5439 532 5484 et
552 5430 777 5486 festivos
797 5447 921 5487 esse
943 5441 1327 5488 monstremus.
1353 5433 1501 5490 Multi
1526 5436 1764 5507 legentes

184 5515 309 5572 illud
364 5517 670 5577 Psalmistze
702 5564 718 5577 .
751 5520 938 5577 Oleum
986 5525 1273 5592 peccatoris
1322 5541 1425 5580 non
1480 5527 1765 5598 impinguet

183 5618 334 5674 caput
373 5625 547 5664 meum
579 5610 753 5681 (Psat.
783 5611 931 5682 cst),
974 5626 1005 5666 e
1038 5616 1307 5669 contrario
1333 5616 1521 5671 volunt
1567 5618 1763 5672 bonum

184 5712 301 5750 csse
325 5698 530 5762 oleum,
555 5703 621 5755 de
643 5718 750 5772 quo
782 5700 905 5754 alibi
932 5700 1130 5756 dicitur
1159 5722 1170 5757 :
1206 5702 1368 5759 Unxit
1388 5714 1438 5759 te
1467 5704 1604 5762 Deus
1626 5706 1765 5761 Deus

1866 3255 2037 3309 genus
2066 3246 2413 3312 reprehendit
2444 3250 2705 3305 avaritize.
2736 3252 2871 3320 Quia
2903 3256 3021 3313 alite
3050 3275 3134 3316 res
3167 3274 3292 3319 sunt
3316 3282 3451 3337 quas

1867 3350 1974 3389 non
1999 3351 2235 3400 vermes,
2266 3341 2359 3394 sed
2390 3342 2600 3414 rubigo,
2630 3345 2711 3399 vel
2750 3347 3019 3416 obfuscat,
3051 3354 3130 3409 vel
3155 3362 3444 3425 consumit,

1867 3433 1925 3479 ut
1961 3436 2047 3482 est
2092 3443 2303 3495 aurum,
2357 3442 2637 3503 argentum
2677 3446 2732 3490 et
2781 3448 2975 3496 caitera
3027 3447 3276 3515 metalla;
3332 3452 3450 3508 alia:

1864 3532 1994 3572 vero
2037 3534 2156 3589 qum
2184 3536 2213 3574 a
2258 3525 2532 3579 vermibus
2580 3527 2679 3580 vel'
2708 3532 2993 3597 putredine
3044 3537 3342 3606 solvuntur,
3390 3554 3449 3597 ut

1867 3618 1992 3665 sunt
2038 3622 2216 3668 vestes
2248 3623 2300 3668 et
2348 3631 2477 3670 vasa
2513 3616 2861 3689 lignea,-qu:c
2912 3625 3057 3680 carie
3102 3629 3447 3699 dispereunt;

1868 3702 1987 3756 aliae
2016 3718 2250 3774 quoque,
2285 3707 2408 3760 licet
2438 3723 2469 3761 a
2508 3711 2786 3765 vermibus
2823 3723 2876 3765 et
2902 3717 3138 3786 arrngine
3182 3721 3447 3779 immunes

1869 3790 2020 3857 ﬁant,
2057 3810 2197 3863 saape
2247 3805 2424 3851 tamen
2483 3814 2580 3867 per
2623 3798 2770 3856 fures
2819 3803 3155 3872 auferuntur,
3202 3820 3261 3865 ut
3318 3826 3444 3868 sunt

1868 3897 2116 3949 gemmae,
2142 3886 2449 3951 margarita:
2476 3895 2530 3939 et
2558 3886 2761 3956 lapides
2786 3893 3024 3959 pretiosi.
3049 3895 3158 3951 Nec
3182 3901 3323 3955 enim
3358 3921 3442 3957 res

1865 3982 1947 4027 est
1968 3974 2142 4044 aliqua
2172 3977 2224 4030 in
2247 3968 2466 4044 munlo,
2494 3993 2611 4048 qute
2640 3994 2982 4055 congregata,
3014 3986 3135 4044 licet
3160 3991 3446 4064 diligenter

1868 4073 2135 4130 servetur,
2165 4074 2345 4123 tamen
2394 4083 2606 4139 semper
2635 4071 2798 4127 illazsa
2837 4075 3032 4131 durare
3068 4083 3252 4149 possit.
3298 4085 3447 4141 [inde

1868 4162 1921 4207 et
1950 4170 2046 4223 per
2074 4158 2356 4224 quemdam
2382 4169 2678 4228 sapientem
2716 4162 2912 4218 dicitur
2942 4184 2954 4219 :
2981 4167 3146 4227 Omne
3166 4187 3293 4242 opus
3331 4192 3447 4228 cor-

1868 4247 2111 4316 ruptibile
2139 4248 2193 4302 in
2222 4247 2328 4317 ﬁne
2372 4249 2595 4318 deﬁciet,
2620 4260 2670 4305 et
2702 4255 2792 4325 qui
2829 4254 2962 4310 illud
2992 4269 3236 4329 operatur
3257 4266 3443 4333 peribit

1868 4352 1986 4390 cum
2007 4337 2138 4408 ipso.
2174 4338 2242 4392 Et
2270 4356 2420 4394 omne
2444 4357 2573 4411 opus
2602 4342 2819 4398 electum
2845 4346 3248 4417 justiﬁeabitur,
3288 4365 3333 4409 et
3359 4359 3448 4427 qui

1870 4436 2117 4498 operatur
2139 4428 2273 4482 illud
2287 4429 2633 4485 honorabitur
2656 4434 2710 4487 in
2732 4433 2824 4488 illo
2849 4435 3037 4506 (Eccli.
3066 4439 3201 4513 xxv).
3230 4442 3443 4516 Allege-

1871 4521 1983 4575 rice
2008 4530 2186 4576 autem
2210 4538 2393 4595 aerugo
2419 4532 2592 4594 potest
2627 4525 2931 4597 significare
2960 4531 3263 4600 superbiam
3285 4543 3446 4607 atque

1867 4612 2198 4682 iactantiam,
2232 4630 2371 4684 qum,
2401 4616 2713 4688 ubicunque
2743 4619 2925 4687 fuerit,
2956 4636 3169 4679 omnem
3196 4627 3445 4685 decorem

1869 4713 1924 4759 et.
1968 4705 2135 4760 robur
2179 4707 2434 4761 virtutum
2463 4708 2728 4777 obiuscat,
2776 4725 2839 4767 ac
2869 4713 3177 4772 thesaurum
3232 4720 3450 4791 Spiritu-

1868 4793 1998 4849 lium
2043 4795 2305 4851 donorum
2358 4799 2602 4867 dissipat.
2666 4799 2819 4856 Unde
2864 4809 2919 4856 et
2952 4802 3218 4874 Propheta
3267 4810 3443 4866 dicit:

1868 4883 2011 4939 Deus
2037 4885 2252 4956 dissipat
2270 4905 2388 4941 ossa
2414 4886 2680 4943 hominum
2709 4891 2806 4945 sibi
2825 4891 3161 4962 placentium.
3188 4898 3257 4952 Et
3281 4905 3448 4958 omnis

1870 4976 2176 5046 arrogantia
2235 4976 2555 5032 abominatio
2597 4989 2673 5033 est
2719 4982 2860 5051 apud
2893 4982 3060 5038 Deum
3111 4984 3282 5057 (Psal.
3325 4995 3443 5061 LII).

1873 5062 2037 5118 Tiuea
2065 5079 2213 5129 vero,
2248 5081 2368 5134 quae
2411 5078 2589 5121 vestes
2642 5068 2870 5125 latenter
2911 5074 3171 5137 corrodit,
3202 5075 3449 5144 designat

1873 5156 2289 5227 invidiam,-quae
2324 5158 2556 5213 studium
2589 5161 2788 5216 bonum
2820 5162 3021 5218 lacerat
3045 5174 3098 5217 et
3117 5170 3445 5235 compactio-

1872 5261 1995 5301 nem
2043 5248 2265 5301 unitatis
2312 5247 2555 5303 demoliri
2621 5266 2727 5305 non
2758 5260 2956 5306 cessat.
3010 5253 3177 5307 Fures
3216 5272 3447 5327 namque

1873 5338 2145 5393 dmmones
2172 5348 2333 5407 atque
2358 5339 2594 5395 haeretici
2618 5350 2761 5406 sunt,
2790 5342 2858 5397 de
2885 5341 3081 5411 quibus
3106 5341 3313 5400 Veritas
3335 5351 3445 5403 ait:

1874 5428 2068 5483 Omnes
2093 5439 2346 5499 quotquot
2377 5440 2623 5485 venerunt
2656 5440 2778 5484 ante
2826 5447 2929 5494 me,
2960 5430 3104 5500 fures
3131 5445 3250 5487 sunt
3277 5447 3324 5489 et
3362 5437 3447 5490 la-

1872 5531 2046 5575 trones
2098 5506 2308 5589 (Joan:
2339 5522 2416 5594 κ).
2447 5522 2529 5577 Ad
2561 5523 2663 5577 hoc
2702 5524 2848 5577 enim
2887 5523 2963 5578 illi
3013 5539 3226 5594 semper
3253 5528 3446 5582 intenti

1873 5625 1999 5669 sunt
2041 5624 2101 5669 ut
2129 5615 2412 5673 thesauros
2451 5617 2720 5686 spiritales
2762 5617 3019 5673 habentes
3050 5619 3446 5688 depncdcntnr,

1873 5716 1925 5759 et
1952 5716 2177 5761 onustos
2220 5709 2550 5763 ornamentis
2575 5708 2831 5763 virtutum
2860 5708 3107 5779 spolient.
3159 5709 3299 5782 Ergo
3325 5711 3369 5766 si
3388 5713 3439 5769 in
