3986 6192
493 290 595 351 333

1128 282 1191 337 Β.
1232 278 1488 339 RABANI
1522 272 2097 333 llAlllliAiiClllEP.
2138 266 2447 326 MOGUNT.
2484 264 2771 324 OPERUM
2810 262 2993 318 PARS
3032 263 3075 316 l.‘

3628 269 3736 330 856

491 413 633 456 terra
675 398 782 453 erit
824 409 939 461 cor,
968 392 1024 450 id
1050 399 1155 460 cst,
1183 391 1232 446 si
1269 405 1336 445 eo
1370 387 1531 444 corde
1556 386 1786 456 quisque
1812 392 2077 461 operetur
2092 388 2142 447 Α
2168 382 2284 437 fieri
2306 396 2538 451 namque
2568 386 2745 449 potest
2778 388 2838 432 ιιι
2877 377 2958 432 νει
2985 376 3151 434 faciat
3190 394 3261 435 ex
3286 394 3372 443 ea.
3399 381 3488 433 vel
3512 380 3756 449 patiatur

489 488 692 561 ahquid
736 494 797 542 ut
842 460 1114 541 terrenum
1158 478 1502 537 commodum
1549 476 1900 546 adipiscatur,
1931 460 2087 542 quo:

491 581 650 639 modo
684 579 789 633 erit
822 575 1077 632 mundum
1105 589 1201 630 cor
1241 571 1383 643 quod
1420 571 1473 625 in
1503 577 1651 624 terra
1680 567 1986 631 volutatur;
2018 565 2063 621 si

490 679 669 727 autem
690 670 744 725 in
773 668 932 731 caelo,
960 666 1219 723 mundum
1245 664 1369 728 erit,
1391 661 1518 733 quia
1543 659 1743 715 munda
1766 666 1893 713 sunt
1919 671 2065 725 qua:-

488 775 702 830 cunque
728 756 991 813 ccelestia.
1030 753 1303 810 Sordescit
1350 752 1505 806 enim.
1523 748 1726 819 aliquid
1754 762 1878 803 cum
1925 745 2064 802 infc-

495 849 623 906 riori
648 848 908 903 miscetur
940 852 1165 909 natum,
1193 842 1438 913 quamvis
1473 841 1526 895 in
1576 853 1676 894 suo
1705 852 1903 907 genere
1956 852 2071 892 non

487 939 708 996 sordida
746 945 851 1002 est,
883 936 1007 1005 quia
1035 935 1197 989 etiam
1226 934 1292 987 de
1330 946 1464 1003 puro
1492 937 1720 1000 argento
1753 927 2068 1005 sordidatur

490 1044 703 1095 aurum,
752 1027 799 1083 si
844 1026 1176 1080 misceatur:
1225 1023 1299 1076 ita
1325 1030 1381 1077 et
1426 1020 1638 1074 animus
1671 996 1856 1073 noster
1896 1022 2068 1070 terre-

492 1134 682 1173 norum
722 1116 1015 1187 cupiditate
1045 1112 1329 1173 sordescit,
1381 1109 1629 1183 quamvis
1675 1108 1792 1178 ipsa
1832 1115 1976 1161 terra
2011 1106 2065 1160 in

492 1225 591 1262 suo
618 1223 811 1277 genere
847 1214 1009 1275 atque
1037 1203 1226 1258 ordine
1261 1203 1457 1256 munda
1512 1200 1602 1254 sit.
1645 1198 1855 1259 Caelum
1885 1207 2066 1253 autem

500 1300 601 1354 hoc
626 1299 746 1353 loco
783 1311 887 1351 non
918 1308 1236 1364 corporeum
1256 1289 1586 1362 acceperim,
1614 1288 1739 1358 quia
1761 1303 1922 1345 omne
1942 1301 2068 1344 cor-

498 1405 598 1460 pus
621 1403 719 1459 ιδῑο
748 1398 890 1443 terra
920 1386 1221 1442 habendum
1251 1394 1336 1440 est
1366 1400 1380 1437 :
1414 1392 1582 1438 totum
1631 1380 1777 1443 enim
1806 1379 2068 1435 mundum

488 1482 651 1535 debet
684 1488 1050 1543 contemnere,
1089 1476 1181 1547 qui
1226 1476 1328 1532 sibi
1359 1474 1689 1539 thesaurizat
1727 1473 1784 1533 in
1814 1470 1905 1525 illo
1929 1468 2068 1527 cutio

490 1570 560 1624 de
584 1585 692 1639 quo
712 1569 914 1627 dictum
938 1575 1023 1624 est
1052 1585 1066 1623 :
1095 1566 1291 1625 Caelum
1314 1566 1426 1621 ceti
1447 1565 1672 1620 Domino
1693 1561 1868 1636 (Prol.
1886 1560 2065 1633 exui),

490 1660 547 1713 id
573 1668 656 1716 est
697 1660 749 1713 in
777 1658 1121 1717 firmamento
1146 1655 1407 1725 spiritali;
1439 1669 1546 1708 non
1574 1654 1718 1710 enim
1747 1652 1803 1706 in
1827 1666 1893 1709 eo
1924 1648 2065 1720 quod

2166 475 2367 546 aliquid
2399 472 2546 538 mali,
2587 472 2729 542 quod
2767 486 2867 540 ego
2892 485 3016 525 cum
3044 468 3251 533 darem,
3278 485 3386 527 non
3414 471 3641 525 evenire
3660 486 3757 525 νο-

2164 566 2382 629 luerim,
2405 578 2578 632 nequc
2606 563 2708 616 hoc
2738 560 2923 614 animo
2945 558 3206 614 dederint.
3233 558 3304 615 Et
3329 559 3454 615 ideo
3478 559 3752 617 illumina-

2166 664 2254 710 tur
2275 652 2477 731 factum
2505 663 2705 714 meum,
2738 646 3171 718 qualemcunque
3211 648 3419 704 exitum
3468 647 3748 711 habuerit.

2167 745 2225 800 Si
2248 751 2430 798 autem
2471 739 2651 797 cordis
2695 738 2943 803 intentio,
2985 753 3092 807 qua
3138 738 3271 795 facis
3304 739 3567 809 quidquid
3594 739 3752 804 facis,

2165 851 2289 908 qua:
2321 834 2417 892 tibi
2461 841 2589 889 nota
2626 838 2735 896 est,
2773 830 3083 885 sordidatur
3103 829 3343 899 appetitu
3375 844 3559 883 rerum
3582 839 3755 884 tog-rc.

2166 941 2359 983 narum
2376 934 2434 979 et
2460 919 2857 992 temporalium,
2908 926 3071 988 atque
3104 926 3361 982 caecatur,
3392 928 3597 987 quanto
3636 934 3752 975 ma.

2165 1019 2250 1090 gis
2279 1017 2453 1087 ipsum
2470 1012 2670 1069 factum
2693 1010 2847 1081 cuius
2869 1009 3110 1065 incertus
3132 1016 3227 1064 est
3245 1009 3446 1074 exitus,
3470 1010 3753 1067 sordidum

2164 1116 2222 1162 et
2264 1106 2606 1161 tenebrosum
2633 1100 2754 1156 est?
2783 1099 2911 1169 quia
2940 1098 3044 1153 etsi
3081 1100 3219 1155 bene
3253 1098 3411 1159 alicui
3442 1101 3749 1169 proveniat,

2165 1195 2309 1267 quod
2337 1206 2391 1253 tu
2419 1208 2526 1249 non
2551 1199 2700 1247 recta
2735 1198 2789 1244 et
2813 1189 2954 1245 bona
2975 1189 3275 1243 intentione
3299 1189 3456 1251 facis,
3485 1189 3616 1245 nihil
3652 1192 3749 1243 tibi

2163 1284 2435 1357 proderit,
2485 1281 2611 1351 quia
2660 1278 2929 1350 quomodo
2981 1286 3039 1332 tu
3091 1277 3310 1339 feceris,
3367 1278 3464 1331 tibi
3514 1288 3749 1347 impute-

2166 1383 2277 1440 tur,
2324 1386 2433 1429 non
2478 1370 2753 1439 quomodo
2783 1368 2861 1425 illi
2888 1368 3223 1438 provenerit.
3254 1366 3406 1437 Quod
3438 1377 3622 1421 autem
3657 1385 3747 1421 sc-

2167 1470 2380 1547 quitur,
2409 1467 2477 1525 ad
2507 1467 2647 1523 hanc
2676 1464 2846 1534 ipsam
2879 1462 3227 1519 intentiones:
3258 1460 3604 1515 referendum
3625 1471 3707 1516 es:
3734 1480 3745 1513 :

2241 1557 2408 1615 Nemo
2456 1565 2621 1629 potest
2669 1554 2871 1611 duobus
2921 1552 3147 1625 domitus
3199 1552 3396 1609 servire
3429 1568 3442 1602 :
3475 1562 3564 1605 aut
3612 1553 3751 1606 enim

2165 1666 2332 1705 unum
2353 1648 2473 1705 odio
2497 1646 2703 1702 habebit
2733 1654 2783 1699 et
2812 1643 3033 1698 alterum
3059 1643 3258 1715 diliget,
3291 1653 3381 1701 aut
3408 1659 3575 1697 unum
3592 1662 3689 1715 ρης
3713 1647 3752 1696 έ-

495 1750 711 1814 transit,
737 1749 1070 1805 constituero
1095 1753 1149 1800 et
1176 1745 1441 1801 collocare
1466 1744 1724 1805 debemus
1756 1743 2066 1797 thesaurum
2093 1741 2140 1801 Β
2167 1740 2302 1796 nebit
2318 1747 2365 1795 et
2382 1737 2607 1797 alterum
2626 1741 2935 1791 contemnet.
2954 1732 3322 1804 (Maun.)Qu:e
3342 1733 3511 1788 verba
3533 1733 3751 1803 dilige.»

491 1850 734 1895 nostrum
751 1846 814 1894 et
841 1852 937 1895 cor
959 1843 1221 1900 nostrum,
1254 1835 1349 1889 sed
1372 1835 1426 1888 in
1453 1848 1520 1889 eo
1541 1834 1684 1903 quod
1714 1847 1927 1903 semper
1949 1846 2066 1886 ma-

494 1940 584 1986 net
609 1949 621 1984 :
648 1928 843 1984 Caelum
875 1936 1048 1987 autem
1086 1936 1135 1985 et
1162 1935 1298 1984 terra
1325 1925 1565 1987 transibit
1585 1923 1745 1996 .(Luc.
1776 1920 1911 1993 xm).

565 2019 665 2075 Ubi
712 2019 848 2074 enim
894 2026 969 2073 est
1017 2017 1292 2075 thesaurus
1339 2026 1493 2080 tuus,
1535 2014 1606 2068 ibi
1646 2024 1719 2069 est
1766 2029 1857 2069 cor
1896 2022 2064 2067 tuum.

493 2110 762 2183 (Ηὶωαοη.)
793 2108 905 2169 Hoc
938 2122 1046 2165 non
1073 2106 1247 2165 solum
1276 2105 1341 2160 de
1368 2104 1618 2175 pecunia,
1649 2104 1746 2159 sed
1771 2102 2068 2163 decunctis

490 2200 829 2273 passionibus
882 2195 1004 2269 [AL
1057 2189 1525 2265 possessionibus]
1583 2192 1862 2251 sciendum
1917 2190 2065 2265 [sen-

496 2289 766 2363 tiendum]
792 2298 893 2345 est.
923 2287 1107 2347 Gulosi
1152 2286 1286 2351 deus
1320 2292 1510 2343 venter
1545 2291 1646 2339 est.
1689 2281 1790 2345 Ubi
1814 2297 1949 2355 ergo
1967 2281 2066 2337 ba,-

496 2386 656 2438 betur
697 2396 813 2446 cor,
840 2378 917 2439 ibi
939 2386 999 2433 et
1020 2378 1312 2437 theseurus
1347 2382 1473 2433 tuus
1498 2382 1600 2433 est.
1633 2373 1921 2429 Luxnriusi
1951 2374 2070 2437 the-

494 2474 646 2530 sauri
671 2471 838 2543 epulae
861 2478 1016 2535 sunt;
1044 2467 1255 2533 lascivi,
1287 2454 1526 2532 ludicra;
1556 2464 1839 2543 amatoris,
1864 2464 2063 2521 libido:

500 2566 628 2621 huic
655 2564 820 2621 servit
848 2560 1214 2631 unusquisque
1242 2575 1273 2614 a
1300 2574 1408 2630 quo
1440 2559 1692 2615 vincitur.

561 2655 795 2711 Lucerna
812 2651 1047 2725 corporis
1070 2651 1144 2707 tui
1166 2659 1238 2707 est
1262 2648 1445 2713 oculus
1464 2657 1605 2707 tum.
1628 2647 1688 2705 Si
1704 2647 1869 2719 fuerit
1886 2651 2069 2717 acidus

486 2758 615 2800 tunc
636 2744 874 2815 simplex,
911 2752 1073 2798 totum
1110 2759 1299 2813 corpus
1324 2750 1473 2799 tuum
1496 2739 1728 2797 lucidum
1747 2740 1866 2796 erit.
1893 2737 1953 2796 Si
1970 2755 2071 2795 au-

488 2850 592 2893 tem
642 2836 822 2891 oculus
858 2846 978 2891 tuus
1024 2850 1245 2907 nequam
1276 2833 1471 2904 fuerit,
1510 2841 1677 2891 totum
1705 2847 1892 2902 corpus
1917 2839 2066 2884 tuum

487 2929 818 2984 tenebrosum
856 2925 972 2980 erit.
1018 2923 1131 2981 Sub
1170 2923 1417 2993 exemplo
1462 2922 1793 2977 exteriorum
1828 2921 1899 2975 ad
1923 2920 2063 2976 inte-

2169 1841 2254 1888 ter
2272 1827 2660 1898 consideranda
2688 1831 2832 1882 sunt.
2858 1824 3013 1893 Saepe
3038 1823 3183 1879 enim
3212 1822 3334 1893 quis
3360 1821 3518 1877 alteri
3547 1824 3713 1876 servit
3731 1864 3746 1884 ,

2165 1935 2326 1993 quem
2356 1934 2463 1979 non
2492 1916 2694 1990 diligit;
2741 1914 2835 1971 scd
2864 1913 2954 1969 ille
2980 1913 3183 1969 merito.
3217 1911 3419 1967 dicitur
3459 1927 3585 1967 eum
3623 1912 3747 1965 dili-

2165 2025 2313 2083 gere,
2364 2007 2517 2078 cuius
2563 2013 2813 2078 prompto
2858 2003 3040 2060 animo
3084 2002 3426 2072 obtemperat
3462 2002 3747 2059 voluntati.

2167 2102 2306 2160 Nam
2351 2101 2447 2175 qui
2489 2100 2599 2169 sint
2637 2097 2743 2157 duo
2786 2095 3024 2162 domini.
3061 2095 3315 2167 deinceps
3351 2094 3594 2150 ostendit
3627 2110 3749 2149 cum

2174 2196 2309 2252 dicit
2328 2211 2342 2248 :
3092 2228 3098 2232 α

2242 2284 2365 2340 Non
2407 2282 2621 2353 potestis
2668 2279 2776 2335 Deo
2828 2278 3020 2334 servire
3065 2286 3116 2331 ct
3166 2292 3498 2335 manuuomr.
3546 2275 3765 2347 (Hier)~

2169 2375 2471 2433 Hammona
2526 2382 2779 2429 sermone
2822 2368 3045 2440 Syriaco
3089 2366 3289 2433 divitia:
3345 2375 3751 2437 nuncupantur.

2171 2466 2299 2522 Non
2316 2463 2558 2534 potestis,
2596 2460 2792 2528 inquit,
2843 2458 2947 2513 Deo
2985 2457 3178 2517 seruire
3201 2465 3247 2510 et
3272 2471 3609 2513 "immatur.
3646 2456 3752 2509 Au-

2168 2558 2285 2619 diat
2303 2557 2408 2613 hoc
2436 2567 2656 2618 avarus,
2683 2551 2867 2617 audiat
2888 2550 2982 2622 qui
3014 2556 3267 2609 cuisetur
3298 2546 3561 2603 vocabulo
3589 2546 3748 2602 Chri-

2170 2648 2367 2711 stiano,
2411 2660 2516 2699 non
2556 2656 2723 2715 posse
2750 2640 2914 2699 simul
2943 2639 3146 2694 divitiis
3174 2637 3497 2709 Christoque
3517 2636 3751 2692 servire.

2166 2740 2236 2796 Et
2261 2749 2445 2795 tamen
2471 2753 2576 2797 non
2603 2736 2759 2799 dixit,
2786 2733 2888 2811 Qui
2913 2734 3077 2791 habet
3102 2732 3336 2795 divitias,
3373 2729 3494 2798 sed,
3517 2728 3624 2798 Qui
3645 2745 3757 2787 ser-

2166 2832 2245 2888 vit
2268 2830 2507 2887 divitiis:
2538 2827 2639 2898 Qui
2670 2826 2813 2887 enim
2838 2825 3153 2885 divitiarum
3182 2838 3372 2881 servus
3390 2833 3505 2890 est,
3531 2821 3757 2878 divitias

2168 2923 2403 2983 custodit
2447 2930 2506 2976 ut
2548 2934 2773 2984 servus;
2817 2916 2911 2988 qui
2959 2928 3139 2979 autem
3189 2914 3469 2971 servitutis
3509 2916 3758 2975 excussit

492 3021 637 3074 riora
674 3015 1063 3074 consideranda
1101 3029 1199 3071 nos
1235 3014 1507 3071 informat.
1553 3012 1860 3084 Lippientes
1905 3026 2073 3091 nam-I
2104 3085 2137 3091 _
2160 3016 2376 3090 jngum,~
2420 3014 2696 3071 distribuit
2723 3028 2823 3081 eas
2862 3020 2922 3068 ut
2954 3012 3222 3075 dominus.
3269 3010 3451 3084 (Δίῳ.)
3492 3011 3633 3071 Nam
3663 3012 3751 3081 qui

490 3128 596 3184 quc
622 3111 795 3166 solent
826 3109 1074 3167 lucernas
1099 3107 1283 3162 videre
1304 3119 1661 3169 numerosas;
1691 3103 1917 3175 simplex
1937 3085 2073 3159 acu-9
2093 3085 2143 3147 Ο·
2164 3085 2340 3166 servit
2372 3087 2723 3172 mammona,
2761 3104 2834 3161 illi
2866 3105 3052 3175 utique
3090 3105 3261 3161 servit
3284 3104 3380 3174 qui
3423 3105 3591 3161 rebus
3638 3105 3757 3159 istis

493 3206 578 3261 ius
603 3211 657 3259 et
704 3216 873 3274 purus
913 3199 1179 3270 simplicia
1218 3200 1457 3255 intuetur
1482 3206 1538 3254 et
1563 3213 1718 3269 pura.
1747 3196 1861 3253 Hoc
1894 3204 2067 3257 totum

496 3292 756 3349 transfert
782 3292 851 3346 ad
878 3304 1112 3347 sensum.
1145 3288 1431 3357 Quomodo,
1450 3288 1595 3345 enim
1618 3302 1834 3359 corpus,
1867 3288 1919 3343 si.
1938 3302 2068 3345 ocu-

498 3388 582 3441 lns
626 3400 735 3439 non
775 3381 931 3437 tuerit
980 3379 1223 3452 simplex,
1266 3388 1438 3437 totum
1479 3378 1545 3435 in.
1584 3378 1823 3434 tenebris
1845 3387 1955 3443 est;
1993 3377 2068 3435 ita

493 3480 708 3542 anima,
757 3477 805 3535 si
844 3473 1193 3546 principalem
1240 3486 1396 3527 suum
1443 3469 1706 3542 fulgorem
1749 3468 2067 3540 perdiderit,

490 3568 777 3625 universus
822 3579 1012 3623 sensus
1046 3564 1101 3618 in
1141 3562 1368 3632 caligine
1412 3560 1855 3617 commorabitur.
1884 3557 2067 3633 (Aug.)

492 3657 705 3728 Corpus
746 3655 942 3729 quippe
972 3653 1100 3709 dicit
1122 3638 1287 3722 opera
1312 3666 1432 3722 qua:
1456 3649 1638 3721 palam
1663 3649 1872 3706 cunctis
1898 3664 2067 3720 appa.

494 3757 634 3815 rent,
680 3747 871 3808 oculus
916 3760 1047 3805 vero
1085 3745 1267 3815 ipsam.
1296 3743 1492 3801 mentis
1537 3742 1910 3808 intentionem,
1949 3755 2069 3812 quae

489 3847 770 3915 operatur,
821 3843 878 3892 et
905 3836 976 3890 de
1007 3833 1158 3904 cujus
1195 3834 1390 3890 merito
1410 3833 1599 3891 eadem
1620 3847 1784 3904 opera
1812 3830 1969 3899 lucis,
1998 3846 2068 3887 an

496 3932 842 3991 tenebrarum
864 3927 972 3985 sint
988 3940 1175 3997 opera,
1197 3926 1594 3985 discernuntur.
1613 3923 1694 3993 Si,
1715 3924 1913 3995 inquit,
1927 3938 2067 3993 pura

496 4030 752 4089 rectaque
783 4016 1098 4081 intentione,
1136 4031 1256 4086 quae
1284 4024 1463 4086 potes,
1492 4030 1652 4087 agere
1679 4016 1820 4072 bona
1845 4015 2069 4071 studue-

495 4112 594 4179 ris,
638 4110 773 4165 lucis
818 4107 1063 4180 profecto
1109 4115 1236 4162 sunt
1274 4120 1439 4177 Opera
1483 4120 1602 4177 quas
1643 4103 1812 4172 facis,
1850 4105 2070 4161 etiamsi

500 4216 687 4257 coram
722 4198 1031 4263 hominibus
1073 4195 1492 4266 imperfectionis
1533 4194 1735 4264 aliquid
1763 4195 1964 4250 habere
1989 4193 2072 4249 vi-

500 4292 749 4346 deantur.
783 4287 1047 4356 Quoniam
1092 4284 1427 4357 diligentibus
1464 4283 1748 4343 Dominum
1791 4283 1968 4339 omnia
1987 4299 2072 4338 co-

396 4434 405 4449 ,
496 4391 778 4455 operantur
801 4381 861 4443 in
877 4380 1086 4446 bonum,
1110 4379 1193 4434 his
1217 4379 1307 4450 qui
1328 4377 1612 4435 secundum
1633 4377 1955 4449 propositum
1979 4393 2068 4432 ro-

498 4472 602 4526 cali
643 4481 761 4526 sunt
802 4470 968 4525 sancti
997 4468 1176 4542 (Rom.
1206 4467 1347 4541 vin).
1390 4467 1450 4523 Si
1493 4474 1672 4527 autem
1706 4480 1962 4536 perversa
1987 4474 2071 4525 est

495 4562 755 4626 intentio,
789 4576 908 4631 quae
929 4560 1204 4631 praecedit,
1231 4572 1456 4629 pravum
1482 4564 1569 4615 est
1588 4570 1748 4617 omne
1773 4571 1909 4627 opus
1928 4558 2071 4627 quod

496 4652 764 4722 sequitur,
793 4650 1040 4723 quamvis
1062 4656 1269 4707 rectum
1308 4644 1431 4702 esse
1470 4646 1735 4702 videatur.
1760 4644 1822 4703 Si
1840 4663 1963 4718 ergo
1989 4647 2073 4703 lue

502 4758 622 4795 men
653 4740 791 4811 quod
844 4740 900 4793 in
957 4735 1015 4794 ie.
1055 4747 1153 4804 est,
1204 4736 1425 4797 tenebrw
1467 4745 1589 4791 sunt
1615 4775 1630 4802 ,
1678 4737 1805 4809 ipsa:
1853 4738 2075 4796 tenebris

494 4838 708 4901 quanta:
727 4836 897 4883 erunt.
916 4826 1186 4900 (Ηὶετωι.)
1204 4825 1263 4883 Si
1290 4839 1498 4891 sensus,
1523 4827 1613 4897 qui
1634 4826 1815 4883 lumen
1840 4836 1943 4894 est,
1965 4828 2078 4884 ania-

503 4931 624 4983 ante,
660 4918 790 4974 vitio
822 4917 1107 4991 caligatur,
1136 4917 1248 4989 ipsa
1292 4924 1468 4987 putas,
1500 4917 1671 4989 caligo
1699 4917 1895 4987 quibus
1922 4924 2070 4972 tene:-

500 5011 613 5066 bris
657 5009 1005 5065 obvolvetnr!
1036 5006 1219 5082 (Λαυρ)
1247 5007 1478 5065 intentio
1504 5007 1730 5080 simplex
1753 5016 1808 5062 et
1836 5007 1936 5063 soli
1964 5006 2079 5063 Deo

498 5101 637 5157 velle
666 5100 883 5171 placere
914 5101 1095 5161 lumen
1135 5106 1236 5163 est.
1273 5097 1442 5157 Omne
1477 5099 1621 5169 enim
1658 5097 1804 5168 quod
1844 5096 2071 5157 manife-

500 5202 677 5249 statur
724 5193 904 5251 lumen
955 5202 1058 5251 est.
1109 5192 1175 5251 Et
1218 5178 1571 5252 manifestum
1615 5189 1773 5251 nobis
1811 5189 2074 5251 est..bono

501 5283 683 5338 animo
724 5298 824 5338 nos
864 5281 1044 5347 facere
1082 5280 1227 5351 quod
1270 5280 1515 5339 facimus.
1542 5274 1666 5350 ipsa
1704 5288 1883 5339 autem
1929 5278 2075 5339 facta

502 5388 622 5443 qum
647 5374 716 5428 ad
744 5372 1020 5435 hominum
1051 5372 1364 5443 societatem
1392 5387 1425 5427 a
1451 5372 1607 5433 nobis
1634 5372 1952 5441 procedunt,
1984 5371 2068 5427 in-

499 5471 709 5518 certum
747 5464 943 5519 habent
979 5462 1205 5527 exitum,
1237 5470 1293 5517 et
1319 5462 1438 5519 ideo
1463 5461 1723 5523 tenebras.
1742 5477 1806 5519 ea
1833 5463 2064 5527 vocavit.

498 5552 616 5609 Non
657 5554 799 5609 enim
841 5554 989 5620 novi,
1026 5569 1148 5611 cum
1172 5553 1455 5625 pecuniam
1483 5552 1702 5623 porrigo
1726 5552 1991 5624 indigenti
2012 5562 2069 5615 et

505 5642 719 5710 petenti,
756 5643 883 5712 quid
923 5642 1047 5711 inde
1087 5652 1178 5698 aut
1221 5642 1463 5697 facturus
1513 5642 1603 5705 sit,
1646 5652 1740 5697 aut
1785 5644 2060 5713 patiatur:

2172 3200 2409 3265 terrenis
2444 3198 2638 3255 merito
2667 3212 2778 3253 sua:
2807 3195 3181 3267 perversitatis
3218 3195 3544 3265 prapoaitus
3568 3204 3670 3257 est,
3701 3204 3755 3249 et

2171 3293 2521 3365 magistratus
2564 3289 2737 3361 huius
2769 3289 2951 3347 saeculi
2996 3304 3028 3344 a
3076 3289 3303 3353 Domino
3354 3288 3561 3345 dicitur:
3596 3309 3613 3344 :
3652 3290 3754 3343 Aul

2168 3398 2300 3455 ergo
2335 3384 2481 3441 hunc
2525 3381 2646 3437 odio
2677 3380 2882 3437 habebit
2924 3382 3105 3447 homo,
3137 3389 3184 3434 et
3214 3378 3447 3434 alterum
3469 3381 3675 3451 diliget,
3704 3380 3755 3434 id

2169 3483 2277 3542 est,
2307 3473 2627 3538 Dominum;
2657 3480 2749 3526 aut
2776 3469 2998 3525 alterum
3023 3471 3274 3541 patietur,
3302 3478 3347 3523 et
3379 3469 3613 3527 alterum
3630 3486 3754 3524 con-

2171 3573 2380 3627 temnet.
2420 3562 2632 3618 Patitur
2678 3560 2825 3615 enim
2871 3559 3065 3617 durum
3090 3567 3144 3615 et
3170 3558 3539 3629 perniciosum
3579 3560 3749 3615 domi-

2172 3671 2325 3720 num,
2362 3652 2608 3727 quisquis
2644 3650 2812 3708 servit
2850 3665 3205 3715 mammona);
3238 3664 3335 3706 sna
3356 3651 3510 3713 enim
3537 3653 3747 3722 cupidi-

2172 3753 2284 3801 tate
2309 3742 2636 3814 implicatus,
2681 3740 2927 3797 subditur
2960 3738 3173 3795 diabolo
3198 3757 3210 3792 :
3240 3747 3295 3794 et
3331 3754 3440 3794 non
3479 3754 3611 3795 eum
3637 3740 3754 3794 diti-

2171 3835 2286 3906 git;
2331 3835 2453 3906 quis
2480 3841 2563 3891 est
2583 3833 2727 3889 enim
2757 3831 2855 3901 qui
2885 3830 3074 3901 diligat
3114 3828 3420 3886 diabolum?
3448 3832 3553 3885 sed
3576 3840 3751 3887 tamen

2169 3925 2375 3999 patitur
2401 3939 2526 3980 eum
2557 3941 2570 3978 :
2593 3921 2753 3981 verbi
2777 3921 2953 3990 gratia
2977 3938 2990 3975 :
3013 3920 3058 3976 si
3087 3922 3141 3979 in
3164 3920 3372 3990 majore
3392 3921 3576 3992 aliqua
3597 3923 3751 3979 domo

2170 4015 2294 4085 quis
2323 4012 2531 4073 ancilla
2557 4013 2750 4069 aliena:
2790 4010 3111 4081 coniunctus
3144 4013 3236 4078 sit,
3277 4023 3503 4085 propter
3545 4016 3750 4083 cupidi—

2176 4116 2340 4167 tatem
2383 4120 2540 4163 snam
2564 4106 2757 4163 duram
2794 4105 3002 4176 patitur
3031 4105 3373 4171 servitutem,
3404 4105 3623 4167 etiamsi
3651 4123 3752 4161 non

2171 4198 2358 4271 diligat
2377 4213 2501 4257 eum
2523 4195 2676 4267 cuius
2694 4196 2947 4253 ancillam
2969 4195 3157 4268 diligit.
3180 4194 3421 4269 Alterum
3436 4208 3751 4252 autemcon-

2172 4297 2385 4354 temuet,
2431 4287 2583 4352 dicit,
2615 4301 2743 4353 non,
2770 4285 2894 4345 odio
2925 4274 3158 4342 nabebit.
3202 4284 3411 4340 Nullius
3435 4286 3587 4342 enim
3615 4286 3753 4341 ferre

2172 4378 2501 4437 conscientia
2541 4384 2720 4448 patest
2758 4375 3043 4438 Dominum
3074 4376 3252 4432 odisse
3279 4395 3292 4430 :
3324 4378 3627 4433 contemnit
3654 4394 3753 4433 au-

2174 4477 2302 4534 tem,
2334 4468 2389 4524 id
2415 4477 2523 4533 est,
2563 4482 2671 4525 non
2713 4467 2869 4529 timet
2924 4482 3068 4534 eum,
3112 4467 3207 4538 qui
3235 4466 3350 4537 ejus
3376 4483 3487 4527 non
3521 4471 3755 4525 custodit

2172 4559 2425 4617 mandata
2451 4576 2465 4613 :
2493 4558 2632 4619 sicut
2671 4555 2847 4615 solent
2872 4556 3049 4613 minas
3076 4556 3195 4627 eius
3223 4566 3554 4630 postponere
3605 4560 3752 4630 cupi-

2174 4648 2432 4707 ditatibus
2477 4649 2612 4715 suis,
2642 4647 2734 4718 qui
2767 4646 2845 4702 de.
2871 4648 3113 4707 bonitate
3141 4646 3256 4717 ejus
3285 4650 3353 4706 ad
3383 4650 3750 4720 impuritateui

2174 4742 2279 4796 sibi
2328 4740 2697 4796 blandiuntur.
2745 4739 2952 4807 Quibus
2989 4755 3087 4810 per
3129 4739 3479 4801 Salomonem
3518 4743 3747 4799 dicitur:

2176 4829 2310 4897 Fili,
2331 4847 2398 4890 ne
2425 4831 2649 4901 adjiciat
2671 4839 2941 4901 peccatum
2972 4847 3129 4901 super
3160 4842 3453 4903 peccatum,
3498 4843 3548 4887 et
3586 4834 3747 4895 dicas,

2179 4920 2449 4979 Miseratio
2480 4920 2587 4975 Dei
2608 4937 2801 4992 magna
2826 4930 2898 4979 est
2921 4920 3200 4994 (Eccli.v).
3234 4921 3341 4978 Sed
3368 4924 3621 4994 quisquis
3645 4924 3753 4977 vult

2177 5010 2401 5082 diligere
2441 5010 2726 5071 Dominum
2754 5019 3025 5071 etcavere
3052 5026 3117 5071 ne
3146 5011 3405 5079 oﬁendat,
3439 5030 3552 5069 non
3578 5030 3636 5069 se
3654 5029 3741 5071 ar-

2177 5101 2407 5165 bitretur
2445 5101 2656 5159 duobus
2696 5102 2932 5168 dominis
2966 5117 3128 5173 posse
3168 5104 3396 5169 servire,
3418 5115 3475 5161 et
3498 5106 3750 5161 intentio-

2178 5207 2301 5245 nem
2332 5191 2511 5257 cordis
2543 5192 2633 5249 sui,
2656 5192 2893 5251 abomni
2923 5194 3238 5265 duplicitate
3263 5204 3471 5252 rectam
3499 5196 3744 5265 explicet.

2175 5283 2252 5337 Ita
2294 5284 2438 5345 enim
2481 5284 2687 5351 sentiet.
2710 5284 2775 5343 de
2814 5284 3041 5341 Domino
3067 5285 3120 5340 in
3147 5287 3408 5352 tonitate,
3453 5296 3513 5342 et
3540 5288 3597 5341 in
3627 5286 3747 5340 sim-

2172 5373 2412 5441 plicitate
2439 5374 2619 5431 cordis
2642 5383 2848 5444 quaeret
2877 5375 3046 5431 illum.

2244 5461 2371 5516 Ideo
2394 5463 2511 5516 dico
2538 5464 2696 5527 nobis,
2729 5480 2791 5523 ne
2813 5463 3026 5519 solliciti
3055 5466 3170 5523 silis
3198 5466 3387 5519 anima-
3411 5478 3603 5520 vatur:
3629 5467 3746 5535 quid

2169 5553 2512 5619 manducetis,
2529 5564 2618 5611 aut
2633 5558 2836 5624 corpori
2849 5564 3013 5611 vestro
3027 5556 3153 5627 quid
3164 5555 3723 5624 induamini.(liieroa.
3738 5577 3750 5599 ι

2166 5642 2223 5698 in
2248 5642 2516 5699 nonnullis
2545 5644 2819 5702 codicibus
2840 5645 3081 5702 additum
3105 5652 3375 5717 estneque
3395 5648 3523 5718 qmd
3545 5648 3749 5701 bibatis.
