3978 6190
2832 220 2849 247 κ

311 294 403 351 831
1283 295 1637 359 COMMENT.
1677 299 1745 356 IN
1784 298 2223 359 Murmura.
2267 272 2336 344 4—
2374 304 2500 361 un.
2541 307 2602 364 tl.
3467 321 3567 379 sua
3636 330 3639 333 λ

310 408 459 479 Quod
493 407 591 473 ait,
624 406 755 471 Ideo
777 406 915 473 dico,
946 408 1014 464 ad
1050 408 1331 479 superiora
1383 410 1625 482 respicit,
1677 413 1729 467 id
1765 422 1882 479 est,
1912 418 1965 481 Α
1990 428 2109 472 rant
2134 414 2351 472 veniret
2371 431 2567 487 corpus
2606 426 2863 483 vestrum.
2901 435 2967 480 ex
3005 420 3107 479 hoc
3139 422 3362 498 intelligi
3392 441 3569 499 potest

307 503 428 557 idco.
454 498 835 569 temporalium
866 498 1283 557 sollicitudinem
1310 508 1454 568 veto,
1488 519 1556 557 ne
1591 518 1714 558 cum
1743 503 1882 557 divi-
1986 504 2130 573 quod
2171 505 2217 560 si
2263 506 2466 561 curetis
2507 515 2563 562 et
2604 508 2780 567 velitis
2827 509 3064 580 adiicere
3113 531 3279 575 unum
3326 498 3566 579 cubitum

308 595 444 655 tibus
481 590 664 653 πριιῑί
693 590 847 653 vobis
884 592 1254 661 thesaurizare
1282 593 1703 651 convincamini.
1742 594 1884 664 Ergo
1986 595 2113 656 lutic
2158 604 2398 663 statum,
2445 614 2549 659 non
2592 602 2835 670 poteSt'ts.
2877 603 2954 658 Illi
2987 621 3118 677 ergo
3156 610 3323 673 etiam
3355 618 3566 687 regem;

304 684 440 756 quod
461 681 716 745 omnibus
751 690 944 741 natura
975 683 1185 749 tribuit,
1210 694 1267 739 et
1282 684 1543 754 jumenlis
1567 700 1633 743 ac
1664 685 1876 751 bestiis,
1984 689 2226 758 corporis
2249 705 2443 749 curam
2462 692 2772 763 relinquite,
2800 695 2953 764 cujus
2977 698 3190 757 videtur
3211 717 3338 763 cura
3365 681 3585 763 {actutm

303 774 606 835 lmininibus
633 786 849 844 qtmque
879 786 1166 833 commune
1202 770 1289 835 est
1312 792 1325 827 :
1351 772 1511 843 hujus
1558 789 1690 829 cura
1715 768 1874 844 peni-

1990 794 2105 836 esse
2132 788 2190 839 ut
2213 789 2375 843 tanta:
2409 793 2631 841 statura:
2670 801 2867 857 corpus
2893 789 3156 846 habeatis.
3192 792 3436 851 Dandum
3463 814 3561 851 au-

303 877 383 922 tus
428 864 742 921 liberamur.
802 863 909 925 Sed
968 865 1281 935 prmeipitur
1334 866 1493 929 nobis
1540 881 1606 929 ne
1664 864 1881 921 solliciti
1986 874 2641 932 temeratdocumeutum
2672 878 2834 935 etiam
2860 885 3374 952 preptcrvestitum,
3404 887 3562 943 sicuti

301 956 464 1011 simus
500 954 629 1025 quid
672 955 1043 1020 comedamus,
1076 956 1202 1025 quia
1230 956 1283 1009 iu
1315 955 1511 1019 sudore
1549 957 1729 1010 vultus
1750 971 1885 1024 prm-
1983 959 2171 1016 datum
2215 970 2301 1018 cst
2343 973 2563 1034 propter
2612 966 2947 1029 alimentum.
2989 970 3178 1041 Itaque
3220 976 3465 1042 sequitur
3510 988 3564 1032 et

300 1062 547 1115 paramus
574 1045 731 1103 nobis
764 1062 979 1117 panem.
1017 1046 1197 1102 Labor
1223 1049 1560 1103 exercendus
1589 1056 1693 1112 est,
1735 1047 1881 1101 solli-
1982 1051 2142 1106 dicit:
2862 1113 2872 1131 ε

298 1138 474 1197 citudo
504 1138 758 1194 tollenda.
794 1138 920 1195 Hoc
955 1139 1102 1209 quod
1134 1138 1332 1197 dicitur
1361 1157 1374 1192 :
1412 1138 1493 1193 Ne
1520 1138 1734 1193 solliciti
1761 1139 1875 1194 sitis
2053 1140 2394 1198 Considerate
2428 1144 2540 1199 lilia
2573 1149 2710 1218 agri,
2757 1152 3015 1220 quomodo
3043 1164 3310 1217 crescunt;
3337 1173 3439 1209 non
3484 1156 3558 1210 la.

296 1228 481 1282 anitum
528 1238 710 1283 nostri:
741 1228 869 1298 quid
898 1228 1203 1292 concedatis,
1253 1246 1417 1301 neque
1442 1231 1650 1301 corpori
1681 1240 1871 1296 vestro,
1980 1227 2186 1295 borant,
2234 1248 2396 1304 neque
2433 1246 2571 1291 nent.
2625 1234 2727 1291 Sed
2767 1238 2869 1297 ista
2904 1240 3227 1307 documenta
3275 1260 3379 1307 non
3422 1245 3563 1299 sicut

288 1314 414 1391 quid
458 1320 778 1385 induamini,
825 1321 894 1376 de
917 1320 1123 1378 carnali
1149 1321 1272 1375 cibo
1301 1330 1358 1376 et
1377 1321 1698 1377 vestimento
1729 1322 1876 1381 acci-
1980 1318 2267 1405 allegorica
2297 1321 2629 1379 discutienda
2660 1334 2806 1389 sunt,
2838 1338 2897 1385 ut
2919 1343 3223 1397 qumramus
3244 1333 3369 1401 quid
3392 1334 3561 1405 signi-

293 1411 519 1480 piamus.
563 1408 927 1466 Caeterumde
949 1409 1286 1481 spiritalibus
1313 1411 1453 1469 cibis
1488 1419 1544 1469 et
1574 1411 1874 1477 vestimen-
1979 1398 2155 1469 Γωωτῖ
2181 1426 2309 1466 aves
2354 1413 2498 1489 cwli,
2528 1425 2621 1470 aut
2648 1416 2754 1471 lilia
2784 1419 2899 1490 agri
2927 1437 2939 1472 :
2973 1421 3147 1489 posita
3174 1398 3302 1478 sunt
3331 1398 3473 1487 enim
3502 1435 3564 1481 ut

294 1502 359 1557 tis
383 1514 601 1570 semper
634 1499 894 1556 debemus
912 1515 1039 1566 esse
1063 1500 1301 1556 solliciti.
1979 1500 2045 1563 de
2068 1502 2229 1557 rebus
2261 1503 2559 1563 minoribus
2587 1507 2789 1577 majora
2818 1513 3289 1580 persuaderentur.

360 1588 552 1643 Nonne
572 1589 753 1644 anima
786 1588 906 1660 plus
934 1598 1008 1645 est
1044 1606 1202 1660 quam
1238 1607 1374 1656 esca,
1418 1600 1464 1653 et
1497 1608 1685 1662 corpus
1717 1608 1875 1663 quam
2047 1593 2180 1650 Dico
2220 1605 2393 1662 autem
2429 1598 2590 1661 vobis,
2629 1602 2875 1671 quoniam
2918 1619 3009 1657 nec
3050 1602 3300 1660 Salomon
3338 1606 3391 1660 in
3418 1609 3559 1662 omni

287 1677 1144 1751 vestimentum?(llieron.)Quod
1163 1680 1312 1744 dicit,
1331 1681 1632 1747 istiusmodi
1655 1690 1760 1757 est,
1780 1681 1885 1750 qui
1912 1765 1931 1767 _
1977 1682 2147 1754 gloria
2194 1702 2291 1747 sua
2326 1698 2597 1758 coopertus
2634 1680 2716 1743 est
2752 1692 2887 1745 sicut
2923 1708 3083 1745 unum
3128 1710 3192 1748 ex
3236 1696 3368 1748 istis.
3410 1695 3561 1767 (Ilie-

286 1767 496 1839 majora
536 1770 789 1839 praestitit
824 1810 839 1836 ,
864 1769 1053 1840 utique
1087 1770 1301 1837 minora
1339 1771 1638 1842 pncstabit.
1688 1770 1885 1843 (dum).
1906 1765 2119 1849 Bron.)
2143 1779 2212 1833 Et
2240 1796 2448 1842 revera,
2482 1782 2627 1850 quod
2648 1782 2904 1846 sericum,
2936 1798 3055 1852 qum
3083 1798 3267 1853 regum
3296 1765 3559 1855 purpura,

283 1860 553 1923 Admonet
575 1868 633 1915 ut
662 1861 1073 1919 meminerimus
1094 1861 1261 1917 multo
1281 1862 1511 1933 amplius
1533 1862 1687 1923 nobis
1705 1863 1879 1923 Deum
1979 1885 2100 1949 qua:
2143 1871 2355 1941 pictura
2403 1875 2691 1929 textricum
2736 1882 2914 1944 potest
2955 1872 3176 1930 tioribus
3213 1868 3565 1946 comparari?

284 1951 519 2020 dedisse,
541 1951 689 2021 quod
706 1966 805 2006 nos
828 1950 957 2008 fecit
976 1953 1353 2025 etcomposuit
1376 1967 1443 2007 ex
1469 1954 1650 2015 aniina
1680 1962 1877 2013 ctcor-
1978 1964 2119 2033 Quid
2156 1965 2233 2020 ita
2265 1968 2422 2025 rubet
2457 1974 2515 2023 ut
2550 1967 2708 2035 rosa?
2753 1966 2897 2033 Quid
2930 1967 3003 2022 ita
3056 1969 3250 2029 candet
3273 1978 3330 2025 ut
3356 1970 3563 2025 lilium?

281 2059 435 2115 pore,
461 2060 624 2115 quam
654 2037 739 2101 est
764 2045 1080 2101 alimentum
1112 2055 1169 2101 et
1199 2056 1587 2118 tegumentum.
1618 2048 1684 2105 Ut
1704 2047 1875 2108 ‘iutel-
1977 2055 2146 2112 Violaa
2178 2072 2309 2112 vero
2341 2073 2640 2129 purpuram
2665 2059 2812 2119 nullo
2844 2064 3084 2130 superari
3118 2063 3341 2125 murice,
3374 2060 3560 2120 oculo-

280 2135 418 2206 ligas
458 2151 584 2192 eum
616 2137 709 2208 qui
750 2136 898 2192 dedit
927 2138 1182 2203 animam,
1228 2137 1397 2193 multo
1438 2137 1650 2194 facilius
1690 2155 1873 2194 eseam
1975 2160 2096 2203 rum
2128 2145 2302 2217 magis
2326 2162 2489 2216 quam
2520 2163 2829 2215 sermonum
2853 2147 3117 2216 judicium
3146 2158 3248 2206 est.

276 2241 401 2282 esse
413 2226 701 2303 daturum.
731 2226 995 2282 Similiter
1016 2243 1142 2282 eum
1166 2228 1259 2298 qui
1282 2244 1479 2298 corpus
1503 2229 1670 2313 dedit,
1703 2229 1876 2285 multo
2045 2233 2105 2288 Si
2128 2244 2303 2290 autem
2327 2236 2505 2304 fenum
2531 2238 2669 2309 agri,
2696 2237 2837 2308 quod
2860 2238 3013 2299 hodie
3036 2248 3135 2305 est,
3174 2249 3222 2299 et
3247 2256 3364 2295 cras
3385 2241 3439 2293 in
3465 2239 3560 2292 cli-

276 2315 499 2372 t‘acilius
535 2318 788 2373 daturum
815 2332 938 2374 esse
971 2319 1373 2375 vestimentum.
1406 2319 1524 2386 Quo
1550 2320 1669 2376 loco
1702 2321 1872 2391 quaeri
1976 2324 2169 2379 bonum
2201 2327 2447 2392 mittitur,
2472 2327 2613 2383 Deus
2637 2329 2712 2385 sic
2740 2330 2904 2395 vestit,
2936 2342 3131 2402 quanto
3155 2333 3319 2403 magis
3348 2349 3434 2386 vos
3460 2334 3559 2388 mi-

272 2410 415 2465 solet
470 2419 653 2466 utrum
694 2412 767 2468 ad
804 2412 1043 2467 animam
1082 2414 1237 2468 cibus
1282 2413 1389 2469 iste
1430 2414 1721 2484 pertineat,
1749 2429 1873 2471 cum
1977 2415 2131 2473 trima:
2159 2415 2326 2485 ﬁdei?
2366 2414 2501 2474 Cras
2540 2419 2594 2473 in
2638 2419 2933 2492 Scripturis
2960 2421 3198 2479 futurum
3228 2432 3436 2494 tempus
3472 2425 3556 2479 in—

271 2500 461 2554 anima
507 2500 831 2573 incorporea
874 2500 966 2565 sit,
1000 2501 1154 2561 cibus
1195 2510 1381 2563 autem
1421 2501 1523 2563 iste
1553 2516 1868 2571 corporeus.
1979 2504 2257 2574 telligitur,
2299 2508 2514 2566 dicente
2539 2508 2707 2566 Jacob
2736 2529 2748 2564 :
2782 2511 2851 2565 Et
2883 2514 3127 2568 exaudiet
3158 2531 3238 2569 me
3259 2533 3375 2571 cras
3395 2517 3559 2586 justi-

271 2588 382 2645 Sed
427 2591 671 2653 animam
701 2593 805 2651 hoc
843 2590 963 2647 loco
992 2605 1092 2661 pro
1125 2591 1230 2645 ista
1260 2591 1366 2645 vita
1392 2592 1627 2661 positam
1657 2593 1873 2648 noveri—
1972 2597 2045 2650 tia
2069 2613 2184 2651 mea
2214 2595 2372 2668 (Cen.
2404 2598 2556 2674 xxx).
2590 2601 2657 2657 Et
2680 2602 2731 2657 in
2765 2601 3033 2671 Samuelis
3062 2605 3436 2674 phantasmate
3461 2622 3559 2679 py-

268 2698 416 2751 mus,
452 2684 613 2756 cujus
639 2683 998 2741 retinaculum
1036 2692 1120 2741 est
1156 2684 1472 2739 alimentum
1508 2682 1652 2739 istud
1680 2700 1873 2758 corpo-
1975 2688 2219 2745 thonissa
2243 2689 2481 2760 loquitur
2503 2692 2575 2746 ad
2594 2692 2808 2749 Saulem
2831 2694 2992 2751 :Cras
3013 2698 3115 2751 eris
3138 2714 3336 2752 mecum
3360 2697 3410 2769 (Ι
3426 2698 3554 2769 Reg.

263 2790 451 2848 reum.
500 2771 810 2829 Secundum
854 2774 992 2828 hanc
1039 2773 1490 2844 signiﬁcationem
1539 2776 1742 2831 dictum
1789 2784 1873 2832 est
1972 2778 2188 2848 xxvttt).
2232 2779 2380 2836 Talis
2431 2790 2611 2837 autem
2654 2794 2739 2847 est
2783 2786 3097 2842 sensus:Si
3138 2789 3304 2852 enim,
3349 2788 3554 2858 inquit,

259 2863 440 2918 etiam
478 2861 648 2917 illud:
685 2862 788 2930 Qui
825 2873 971 2923 ornat
1006 2864 1235 2926 animam
1275 2881 1446 2931 suam,
1501 2867 1680 2936 perdet
1723 2864 1870 2920 illam
1972 2871 2326 2940 germinantia
2359 2880 2537 2937 terra),
2569 2890 2688 2942 qua:
2709 2876 2783 2929 ad
2804 2877 3086 2944 prtesentis
3111 2879 3369 2953 temporis
3399 2896 3554 2935 usum

261 2953 463 3025 (Joan.
507 2952 630 3024 xli).
684 2952 837 3020 Quod
889 2954 997 3011 nisi
1051 2954 1116 3009 de
1161 2955 1264 3010 hac
1306 2955 1417 3010 vita
1473 2955 1867 3026 acciperemus,
1974 2961 2348 3019 tantummodo
2385 2962 2679 3031 pertinent,
2709 2973 2762 3018 ct
2789 2966 2899 3020 cito
2929 2967 3151 3025 decidua
3184 2952 3304 3038 igne
3330 2983 3556 3027 concrc—

260 3059 435 3114 quam
469 3051 688 3114 oportet
730 3057 831 3113 pro
870 3058 1038 3115 regno
1064 3044 1160 3099 Dei
1192 3046 1439 3116 perdere,
1468 3045 1609 3124 quod
1629 3048 1869 3117 potuisse
1904 3116 1939 3124 _
1974 3049 2267 3105 mabuntur
2293 3091 2309 3116 ,
2340 3058 2473 3106 tam
2524 3063 2753 3109 venusta
2818 3056 2998 3124 specie
3054 3059 3294 3115 omnium
3363 3059 3556 3117 artifex

260 3147 548 3210 martyres
592 3136 807 3205 claruit,
859 3138 1192 3195 contrarium
1239 3140 1342 3197 hoc
1389 3116 1718 3211 praeceptum
1763 3142 1868 3196 erit
1895 3116 1940 3177 C
1972 3142 2222 3207 adornat,
2254 3151 2460 3212 quanto
2508 3146 2680 3215 magis
2726 3116 2860 3213 vos;
2892 3149 2983 3216 qui
3020 3149 3089 3203 ad
3122 3149 3411 3222 imaginem
3460 3153 3555 3207 Dei

257 3228 337 3282 illi
361 3227 659 3284 sententia:
680 3240 791 3300 qua
820 3227 1024 3287 dictum
1044 3236 1166 3283 est:
1195 3227 1336 3295 Quid
1370 3230 1575 3284 orodest
1598 3230 1797 3284 homini
1825 3231 1871 3285 si
1970 3231 2139 3289 creati
2180 3233 2330 3299 estis,
2387 3241 2443 3295 ct
2482 3235 2551 3289 ad
2577 3244 2836 3293 aeternam
2885 3238 3262 3300 htrreditatem
3299 3241 3354 3301 in
3403 3243 3559 3301 cmlis

257 3305 437 3375 totum
467 3318 725 3374 mundum
751 3318 1004 3385 lucretur,
1029 3321 1222 3379 animae
1246 3330 1422 3375 autem
1451 3337 1562 3377 sua:
1587 3322 1869 3377 detrimen-
1968 3322 2279 3391 pertinetis,
2333 3325 2571 3389 auctoris
2614 3328 2785 3382 vestri
2830 3330 3067 3398 provisio
3121 3331 3175 3387 in
3227 3334 3555 3397 necessariis

254 3420 373 3465 tum
401 3408 574 3478 faciat
604 3407 817 3482 (Matth.
843 3410 981 3483 xvr).
1968 3416 2298 3482 procumbit,
2329 3424 2385 3471 et
2416 3417 2660 3481 nuditate
2689 3419 2915 3481 interire
2939 3438 3045 3478 non
3067 3424 3340 3494 patietur?

316 3499 603 3570 Respicite
630 3499 863 3555 volatilia
889 3501 1030 3567 creli,
1051 3503 1299 3575 quoniam
1326 3520 1431 3559 non
1459 3516 1661 3572 serunt,
1703 3522 1866 3577 neque
2040 3503 2095 3557 Ν
2097 3506 2220 3561 alite
2242 3506 2456 3562 solliciti
2475 3525 2610 3579 esse,
2635 3509 2865 3568 dicentes
2884 3526 2903 3565 -‘
2927 3512 3069 3580 Quid
3090 3515 3551 3587 manducabimuS.

252 3603 503 3658 metunt,
536 3608 699 3664 neque
726 3605 1043 3665 congregant
1080 3596 1136 3650 in
1174 3597 1385 3663 horrea,
1426 3607 1476 3652 et
1509 3592 1672 3653 Pater
1703 3609 1867 3653 vester
1965 3602 2057 3657 aut
2096 3596 2224 3668 quid
2264 3596 2515 3667 bibemus,
2557 3608 2653 3655 aut
2695 3618 2799 3672 quo
2842 3588 3176 3673 aperientur?
3203 3605 3415 3678 (Beda)
3440 3607 3550 3660 Nn-

253 3685 677 3755 carlestislpascit
703 3684 815 3740 illa.
847 3683 1047 3759 (Hier.)
1075 3685 1213 3742 Sunt
1242 3688 1462 3759 quidam
1487 3689 1583 3759 qui
1611 3690 1738 3749 dum
1770 3706 1864 3746 vo—
1966 3689 2190 3744 tandum
2225 3692 2369 3761 quod
2412 3708 2519 3746 non
2548 3693 2664 3746 ait:
2692 3692 2871 3748 Nolite
2911 3687 3293 3763 quaererefvcl
3336 3697 3551 3754 solliciti

251 3774 379 3829 lunt
420 3766 691 3829 terminos
720 3784 938 3845 patrum
969 3776 1256 3842 excedere,
1285 3771 1342 3831 et
1370 3778 1435 3832 ad
1469 3776 1578 3832 alta
1610 3778 1860 3844 volitare,
1963 3791 2086 3838 esse
2112 3779 2187 3835 de.
2213 3780 2334 3834 cibo
2371 3820 2386 3844 ,
2417 3788 2514 3834 aut
2541 3789 2693 3851 potu,
2723 3791 2817 3835 aut
2851 3783 3186 3849 indumento,
3213 3786 3306 3839 sed
3327 3801 3550 3855 expres-

249 3868 309 3923 in
355 3868 480 3924 ima
521 3875 863 3940 merguntur,
897 3867 1138 3923 volatilia
1183 3868 1425 3924 dicentes
1468 3870 1592 3926 cmli
1643 3871 1862 3947 angelos
1964 3867 2109 3923 sius:
2137 3867 2301 3937 Quid,
2336 3870 2531 3941 inquit,
2560 3872 2905 3940 manducetis,
2942 3883 3034 3931 aut
3056 3876 3185 3946 quid
3217 3876 3420 3944 bibatis,
3452 3888 3546 3934 aut

245 3978 378 4022 esse
403 4005 419 4029 ,
478 3971 817 4034 czeterasque
870 3962 929 4018 in
974 3962 1070 4023 Dei
1123 3962 1426 4027 ministerio
1485 3962 1859 4039 fortitudines,
1965 3958 2093 4030 quid
2119 3960 2430 4017 vestiamini.
2458 3960 2560 4018 Ubi
2589 3961 2722 4021 mihi
2742 3963 2993 4031 videntur
3014 3965 3187 4037 argui,
3220 3968 3331 4036 qui,
3363 3956 3547 4039 spreto

248 4069 377 4124 quae
421 4055 636 4124 absque
676 4068 807 4112 cura
849 4052 966 4121 sui,
1008 4053 1107 4115 Dei
1146 4053 1363 4117 aluntur
1400 4054 1759 4125 providentia,
1803 4053 1861 4115 Si
1960 4051 2107 4113 victu
2152 4050 2237 4105 vel
2272 4050 2470 4131 vestitu
2504 4054 2802 4123 communi,
2843 4052 3072 4115 lautiora
3109 4055 3211 4117 sibi
3241 4055 3325 4111 vel
3361 4064 3545 4112 auste-

245 4143 359 4200 hoc
390 4143 476 4205 ita
502 4152 588 4205 est
608 4153 668 4199 ut
692 4142 924 4216 intelligi
951 4141 1158 4210 volunt,
1192 4144 1463 4213 quomodo
1503 4144 1751 4215 sequitur
1774 4142 1859 4200 di-
1961 4142 2106 4200 riora
2153 4159 2265 4215 pro:
2293 4144 2385 4209 his.
2417 4159 2541 4202 cum
2571 4146 2767 4217 quibus
2796 4148 2964 4209 vitam
2994 4149 3217 4219 ducunt,
3256 4149 3536 4217 alimenta,

243 4240 408 4289 ctum
435 4233 514 4288 ad
543 4233 789 4297 homines
818 4250 831 4287 :
870 4232 1062 4289 Nonne
1094 4249 1185 4295 vos
1200 4232 1371 4305 pluris
1401 4236 1524 4289 estis
1546 4233 1695 4288 illis?
1720 4233 1862 4291 Sim-
1959 4234 2045 4290 vel
2079 4234 2417 4303 indumenta,
2449 4237 2753 4308 requirunt.

244 4324 489 4393 pliciter
540 4340 670 4397 ergo
718 4325 1093 4397 accipiendum
1143 4332 1249 4382 est.
1301 4325 1455 4394 Quod
1506 4325 1554 4391 si
1600 4325 1856 4394 volatilia,
2032 4324 2162 4381 Ha’c
2188 4328 2328 4381 enim
2363 4329 2539 4383 omnia
2571 4338 2746 4400 gentes
2788 4328 3080 4401 inquirunt.
3110 4329 3338 4404 (MAUR.)
3379 4331 3541 4388 Scili-

180 4422 185 4429 ’
243 4415 473 4489 absque
527 4431 663 4475 cura
703 4414 1093 4491 aerumnisque,
1125 4415 1221 4471 Dei
1253 4415 1474 4470 aluntur
1496 4417 1855 4487 providentia,
1883 4475 1932 4494 ﬁ
1961 4423 2047 4471 cet
2072 4416 2267 4486 quibus
2287 4433 2418 4473 cura
2443 4417 2746 4475 futurorum
2773 4435 2881 4475 non
2907 4428 3015 4488 est,
3053 4421 3146 4485 sed
3172 4430 3380 4479 tantum
3405 4440 3544 4494 prte-

243 4475 583 4576 quaihodie
612 4515 758 4572 sunt,
795 4514 853 4561 et
881 4475 1004 4567 cras
1045 4521 1153 4561 non
1194 4514 1378 4573 erunt,
1415 4523 1644 4577 quorum
1673 4510 1855 4573 anima
1880 4475 2204 4577 Dsentibus
2250 4511 2467 4577 intenti,
2516 4520 2577 4569 ut
2624 4510 2782 4567 bruta
2836 4512 3117 4586 animalia,
3164 4513 3280 4568 haec
3324 4475 3540 4570 ter‘rcnn

239 4596 517 4654 mortalis
542 4605 647 4662 est,
679 4606 885 4654 etcum
924 4612 1046 4657 esse
1083 4590 1457 4667 cessaverint,
1482 4614 1704 4670 semper
1744 4616 1852 4659 non
1957 4615 2171 4673 semper
2224 4610 2504 4673 appetunt.
2560 4603 2635 4659 De
2679 4603 2876 4674 quibus
2915 4601 3186 4673 Propheta
3239 4604 3354 4658 ait:
3384 4602 3539 4659 Com-

235 4698 439 4756 erunt,
473 4698 681 4759 quanto
718 4690 892 4763 magis
934 4691 1202 4759 homines,
1239 4690 1434 4764 quibus
1460 4693 1855 4755 teternitasre-
1953 4692 2127 4761 parati
2153 4703 2273 4746 sunt
2287 4691 2947 4766 jumentisinsipientibus,
2970 4703 3018 4747 et
3041 4693 3239 4763 similes
3260 4694 3388 4766 facti
3411 4706 3533 4752 sunt

234 4779 632 4852 promittitur!
1952 4779 2058 4845 illis
2088 4779 2260 4852 (Psal.
2284 4782 2493 4856 xum).

296 4870 356 4924 Ν
360 4887 513 4925 anne
530 4886 615 4924 vos
630 4869 797 4937 pluris
813 4871 934 4929 estis
950 4870 1056 4929 illis
1072 4869 1288 4944 ?(Aug.)
1305 4871 1416 4929 [loc
1428 4880 1511 4931 est
1525 4873 1747 4932 cbarius
1756 4889 1852 4931 vos
2027 4871 2139 4928 Scit
2162 4873 2299 4927 enim
2335 4870 2501 4927 Pater
2532 4884 2717 4941 vester,
2750 4875 2874 4946 quia
2898 4876 2979 4931 his
3006 4879 3245 4933 omnibus
3270 4879 3534 4951 indigetis.

229 4964 478 5029 valetis,
502 4962 628 5032 quia
657 4963 839 5034 utique
870 4963 1134 5020 rationale
1156 4964 1358 5021 animal
1377 4966 1539 5033 sicuti
1560 4976 1645 5023 est
1665 4968 1849 5033 homo,
1957 4962 2188 5030 Quwrite
2217 4982 2338 5036 ergo
2365 4966 2594 5037 primum
2626 4984 2840 5038 regnum
2862 4968 2962 5025 Dei
3005 4979 3054 5024 et
3084 4971 3352 5042 justitiam
3394 4973 3533 5042 ejus,

232 5056 550 5119 sublimius
591 5056 899 5115 ordinatum
935 5057 1103 5113 estin
1134 5072 1319 5115 lterum
1345 5067 1558 5126 natura,
1588 5074 1755 5130 quam
1777 5058 1855 5117 ἰτ-
1953 5062 2002 5117 et
2051 5054 2163 5110 [nec
2206 5055 2381 5120 omnia
2423 5056 2741 5127 adjicientur
2787 5058 2947 5114 vobis.
2979 5059 3161 5131 (Aug)
3212 5059 3312 5114 Hic
3364 5061 3531 5114 mani-

230 5147 613 5205 rationabilia
640 5188 656 5214 ,
684 5147 826 5202 sicut
852 5155 978 5203 sunt
1002 5163 1150 5203 aves.
1952 5143 2244 5214 festissima
2292 5145 2527 5200 oetendit
2574 5161 2682 5201 non
2731 5145 2847 5203 haec
2892 5163 3014 5204 esse
3061 5148 3359 5218 appetenda
3408 5156 3529 5200 tan-

308 5236 465 5304 Quis
491 5248 667 5293 autem
702 5248 930 5303 vestrum
951 5240 1185 5310 coqitans
1204 5247 1368 5310 potest
1401 5239 1632 5311 adjicere
1651 5241 1722 5295 ad
1742 5248 1852 5297 αα-
1952 5251 2116 5305 quam
2161 5236 2287 5295 talia
2332 5237 2474 5301 bona
2518 5245 2725 5304 ucstra,
2772 5247 2829 5294 ut
2854 5246 3075 5310 propter
3095 5254 3167 5292 ea.
3189 5238 3303 5308 ipsa
3332 5238 3530 5295 deberi--

223 5346 431 5389 turam
489 5348 645 5387 suam
684 5334 917 5389 cubitum
965 5350 1150 5399 unum,
1194 5343 1243 5389 et
1283 5334 1348 5387 de
1388 5336 1687 5397 uestimento
1723 5335 1851 5406 quid
1956 5345 2075 5385 mus
2102 5331 2240 5386 lene
2273 5329 2473 5395 facere,
2520 5332 2566 5387 si
2593 5331 2723 5402 quid
2765 5330 3014 5395 facimus,
3055 5330 3148 5386 sed
3195 5338 3374 5384 tamen
3412 5346 3530 5384 esse

221 5424 475 5480 solliciti
500 5423 665 5478 estis?
691 5423 750 5478 ld
778 5433 884 5493 est,
915 5424 1068 5499 cujus
1091 5431 1362 5494 potestate
1387 5432 1553 5494 atque
1573 5426 1852 5485 dominatu
1954 5422 2280 5484 necessaria.
2325 5421 2465 5491 Quid
2502 5425 2649 5483 enim
2693 5422 2908 5483 intersit
2952 5424 3093 5480 inter
3138 5423 3337 5478 bonum
3387 5422 3531 5492 quod

217 5521 464 5581 factum
491 5526 657 5585 estut
687 5519 765 5575 ad,
789 5519 928 5589 hanc
952 5525 1228 5585 staturam
1248 5531 1447 5594 corpus
1467 5524 1713 5581 vestrum.
1732 5532 1853 5589 per-
1952 5516 2312 5586 appetendum
2333 5524 2436 5583 est,
2458 5523 2514 5572 et
2536 5515 2900 5573 necessarium
2923 5516 3066 5585 quod
3088 5513 3406 5572 sumendum
3425 5523 3526 5576 est,

221 5612 595 5676 duceretur,
652 5609 771 5679 ejus
804 5609 1142 5680 providentia
1180 5608 1346 5667 etiam
1392 5607 1582 5665 vestiri
1626 5617 1847 5679 potest:
1953 5606 2057 5663 hac
2083 5608 2353 5665 sententia
2382 5606 2698 5674 declaravit,
2729 5620 2852 5660 cum
2894 5606 3007 5665 ait:
3033 5604 3264 5670 Quwrite
3301 5605 3527 5674 primum

217 5721 342 5761 non
379 5709 582 5759 autem
610 5709 787 5758 vestra
821 5716 952 5758 cura
982 5699 1184 5757 factmn
1212 5707 1298 5755 est
1327 5707 1388 5753 ut
1416 5699 1482 5755 ad
1506 5698 1647 5755 hanc
1675 5707 1851 5755 statu-
1954 5713 2166 5768 regnum
2205 5696 2303 5753 Dei
2330 5706 2377 5752 et
2392 5698 2660 5768 justitiam
2689 5697 2824 5766 ejus,
2859 5707 2906 5751 et
2930 5696 3040 5751 ἡ.τέ
3073 5698 3247 5755 ουυιῐα
3273 5695 3527 5765 αάῇἰεὶεηο
