3986 6192
396 258 493 313 δῖ’)

1033 254 1095 309 Β.
1134 252 1386 308 RABANI
1423 250 1642 307 MAURI
1681 246 1999 304 ARCHIEP.
2044 243 2356 301 MOGUNT.
2398 239 2685 300 OPERUM
2721 242 2902 295 PAllS
2934 240 2976 295 i.

3550 244 3649 301 ειθ

397 384 483 425 tur
521 370 679 425 vobis.
723 369 966 440 Regnum
996 383 1124 440 ergo
1168 374 1221 421 et
1254 344 1462 435 iustitia
1508 364 1600 419 Dei
1636 364 1836 418 bonum
1883 377 1976 416 no—
2005 364 2052 422 Α
2082 358 2149 413 lis
2187 367 2271 413 est
2312 356 2508 411 nobis:
2539 356 2773 424 pertinet
2805 354 2949 407 enim
2976 353 3043 407 ad
3071 353 3210 438 hanc
3234 353 3581 426 fragilitatem
3603 366 3656 411 et

396 473 567 519 strum
595 470 700 526 est,
734 469 789 516 et
820 461 925 514 hoc
962 457 1343 530 appetendum,
1393 464 1447 511 et
1490 456 1561 509 ibi
1606 454 1727 508 linis
1766 452 1971 507 consti-

401 554 630 609 tuendus
666 558 888 622 propter
928 550 1072 620 quod
1105 548 1283 603 omnia
1334 546 1596 602 faciamus
1644 556 1976 614 qumcunque

399 646 646 701 facimus.
686 641 791 698 Sed
818 642 944 712 quia
974 642 1026 696 in
1057 642 1158 695 hac
1176 641 1287 694 vita
1310 639 1626 703 militamus,
1664 644 1724 690 ut
1754 636 1816 689 ail
1846 634 1975 689 illud

401 751 624 806 regnum
672 735 955 804 pervenire
992 733 1284 802 possimus,
1328 746 1448 800 qua)
1482 730 1592 784 vita
1621 729 1736 782 sine
1765 727 1850 782 his
1878 740 1973 780 ne-

402 827 654 881 cessariis
694 827 778 893 agi
816 841 922 879 non
950 831 1146 895 potest.
1172 824 1523 892 Apponentur
1549 821 1663 875 hac
1690 819 1864 885 vobis,
1890 819 1972 873 in-

402 922 537 991 quit,
581 922 673 976 sed
703 935 798 975 vos
826 934 1053 989 regnum
1094 916 1188 971 Dei
1228 925 1280 971 et
1305 915 1571 985 justitiam
1601 912 1715 982 ejus
1740 911 1973 981 primum

403 1014 645 1082 quaerite.
676 1012 808 1067 Cum
838 1011 983 1066 enim
1023 1009 1154 1063 dicit
1189 1007 1316 1061 illud
1353 1007 1609 1077 primum,
1655 999 1979 1074 signiﬁcavit

403 1104 547 1170 quod
592 1102 694 1155 hoc
727 1099 994 1169 posterius
1031 1096 1380 1167 quaerendum
1422 1102 1527 1157 est,
1570 1107 1675 1147 non
1711 1101 1973 1161 tempore,

403 1191 498 1243 sed
544 1190 839 1260 dignitate:
868 1184 998 1241 illud
1048 1195 1302 1254 tanquam
1336 1182 1536 1236 bonum
1570 1188 1829 1243 nostrum,
1870 1178 1976 1234 hoc

406 1288 660 1347 tanquam
691 1277 1057 1332 necessarium
1092 1282 1369 1336 nostrum;
1402 1270 1764 1325 necessarium
1792 1277 1974 1322 autem

403 1381 622 1440 propter
648 1368 773 1422 illud
800 1369 1020 1422 bonum.
1050 1365 1235 1435 Neque
1257 1362 1423 1426 enim,
1449 1360 1600 1417 verbi
1632 1359 1826 1439 gratia,
1856 1358 1976 1412 ideo

399 1464 657 1519 debemus
711 1459 1082 1531 evangelizare
1134 1467 1195 1513 ut
1242 1456 1648 1518 manducemus,
1709 1451 1802 1507 sed
1856 1450 1977 1506 ideo

402 1552 724 1608 manducare
745 1559 804 1605 ut
824 1549 1281 1621 evangelizemus:
1300 1562 1421 1601 nam
1444 1546 1486 1601 si
1511 1552 1794 1615 pr0pterea
1815 1556 1978 1597 evan-

400 1645 695 1715 gelizamus
725 1652 784 1696 ut
810 1641 1216 1703 manducemus,
1252 1638 1408 1692 vilius
1438 1635 1700 1691 habemus
1727 1632 1973 1704 Evange-

2080 449 2468 503 mortalitalem
2510 461 2672 517 quam
2704 446 2985 516 peccando
3010 432 3327 501 meruimus.
3368 447 3507 503 Huic
3530 464 3657 520 ergo

2077 554 2252 611 poenae
2292 540 2608 609 temporalis
2642 538 3000 619 necessitatis
3047 538 3159 592 noli
3206 538 3407 596 addere
3463 542 3655 612 aliquid

2077 629 2313 699 gravius,
2347 636 2405 682 ut
2434 643 2541 682 non
2570 627 2743 682 solum
2779 626 3007 697 patiaris
3048 628 3240 682 harum
3283 644 3469 685 rerum
3517 634 3653 688 indi-

2076 719 2331 790 gentiam,
2376 716 2471 773 sed
2498 717 2662 773 etiam
2690 722 2914 787 propter
2941 717 3082 770 hanc
3116 716 3439 788 explendam
3462 721 3656 778 milites

2076 808 2209 865 Deo.
2237 808 2350 863 Hoc
2379 818 2561 863 autem
2585 807 2937 863 vehementer
2961 807 3258 862 cavendum
3301 817 3388 863 eSt
3425 825 3493 864 ne
3524 811 3655 868 forte

2076 915 2198 955 cum
2282 900 2577 955 viderimus
2640 897 2876 967 aliquem
2940 910 3158 951 servum
3218 898 3315 953 Dei
3376 901 3654 969 providere

2076 1005 2147 1047 ne
2192 991 2291 1047 ista
2338 989 2645 1045 necessaria
2690 988 2868 1043 desint
2906 987 2989 1042 vel
3031 987 3133 1042 sibi
3182 987 3266 1042 vel
3308 988 3392 1044 eis
3430 1005 3652 1060 quorum

2075 1081 2181 1138 sibi
2214 1097 2344 1136 cura
2369 1080 2659 1139 commissa
2692 1075 3128 1146 est,.judieemus
3148 1091 3273 1132 eum
3298 1089 3498 1135 contra
3524 1098 3654 1151 pra:-

2077 1181 2292 1243 ceptum
2341 1171 2436 1226 Dei
2479 1171 2661 1225 facere
2703 1176 2758 1234 et
2789 1169 2856 1223 de
2896 1166 3140 1222 crastino
3185 1182 3307 1223 esse
3345 1169 3649 1226 solliciutm.

2076 1262 2212 1318 Nam
2239 1271 2294 1316 et
2326 1262 2441 1332 ipse
2478 1261 2758 1322 Dominus,
2798 1260 2884 1313 cui
2917 1258 3297 1313 ministrabant
3325 1260 3539 1329 angeli,
3574 1271 3651 1316 ta-

2077 1375 2203 1416 men
2230 1367 2454 1429 propter
2479 1356 2785 1428 exemplum
2832 1370 2901 1411 ne
2947 1356 3069 1426 quis
3108 1366 3295 1427 postea
3345 1346 3652 1411 scandalum

2075 1459 2375 1524 pateretur,
2419 1465 2543 1505 cum
2590 1448 2823 1518 aliquem
2870 1462 3152 1503 servorum
3176 1446 3294 1516 ejus
3322 1448 3655 1502 animadver-

2079 1544 2236 1600 tisset
2288 1544 2391 1598 ista
2447 1541 2756 1597 necessaria
2804 1554 3141 1611 procurare,
3189 1540 3401 1596 loculos
3458 1540 3655 1598 habere

2077 1633 2331 1705 dignatus
2386 1637 2473 1688 est
2516 1636 2651 1687 cum
2706 1631 2974 1699 pecunia,
3034 1632 3179 1687 unde
3231 1630 3423 1686 usibus
3466 1646 3652 1686 neces—

405 1734 531 1787 lium
574 1746 736 1802 quam
775 1731 993 1786 cibum:
1021 1737 1078 1784 et
1117 1728 1223 1783 erit
1261 1726 1371 1796 jam
1410 1725 1608 1780 bonum
1645 1724 1698 1778 in
1743 1723 1974 1778 mandu-
2004 1716 2053 1776 Β
2081 1726 2242 1782 sariis
2303 1723 2565 1797 quidquid
2622 1736 2759 1793 opus
2821 1722 3013 1777 fuisset
3066 1721 3359 1792 praeberet.
3421 1722 3656 1790 Quorum

400 1820 591 1886 cando,
635 1818 999 1875 necessarium
1040 1828 1217 1873 autem
1261 1816 1314 1870 in
1360 1812 1795 1885 evangelizando.
1835 1812 1976 1884 Ergo

404 1926 737 1981 quaecunque
768 1922 854 1965 res
882 1915 1104 1980 propter
1132 1908 1275 1963 aliud
1314 1905 1516 1976 aliquid
1543 1905 1823 1974 quaeritnt“,
1859 1905 1977 1959 sine

403 2003 565 2057 dubio
594 2001 818 2057 inferior
842 2010 943 2063 est,
974 2015 1135 2070 quam
1165 2000 1219 2055 id
1250 2006 1473 2070 propter
1500 1997 1643 2068 quod
1674 1996 1971 2075 quaeritur:

400 2103 457 2149 et
499 2094 620 2149 ideo
650 2093 778 2148 illud
803 2093 1033 2163 primum
1083 2098 1166 2146 est
1208 2098 1429 2160 propter
1468 2088 1610 2158 quod
1652 2088 1810 2141 istam
1862 2101 1974 2141 rem

407 2183 625 2253 quaeris,
642 2198 745 2239 non
770 2182 872 2238 ista
896 2198 984 2237 res
1003 2188 1224 2252 propter
1247 2195 1408 2250 quam
1433 2179 1575 2234 aliud
1590 2178 1806 2249 quaeris.
1825 2175 1977 2243 Quae-

404 2276 502 2330 rite
519 2276 743 2345 primum
762 2270 1109 2346 regnum'ejus
1125 2282 1172 2327 et
1186 2273 1451 2344 justitiam
1466 2270 1586 2336 Dei,
1610 2270 1661 2326 id
1674 2268 1976 2340 cst'prmpo—

404 2365 652 2420 nentibus
682 2364 892 2420 caeteris
919 2363 1101 2430 rebus,
1125 2371 1185 2418 ut
1212 2370 1433 2434 propter
1470 2362 1574 2416 hoc
1611 2369 1805 2417 (uetera
1833 2375 1977 2430 qua-

402 2473 605 2523 ramus,
646 2472 750 2511 non
800 2455 959 2511 debet
1003 2456 1223 2511 subesse
1253 2451 1564 2510 sollicitudo
1594 2468 1662 2508 ne
1686 2452 1775 2507 illa
1801 2450 1979 2536 desint

404 2565 523 2618 quae
560 2548 685 2603 huic
714 2548 838 2602 vita:
867 2554 1086 2618 propter
1114 2560 1337 2618 mgnum
1368 2544 1466 2600 Dei
1493 2551 1618 2600 sunt
1645 2542 1973 2599 necessaria.

408 2639 549 2694 Dixit
586 2639 729 2693 enim
767 2638 1014 2708 superius
1042 2656 1055 2691 :
1085 2636 1195 2694 Scit
1218 2638 1353 2691 enim
1382 2633 1545 2690 Pater
1564 2642 1725 2689 vester
1743 2633 1864 2707 quia
1885 2633 1979 2688 lto-

405 2744 520 2780 rum
559 2728 788 2781 omnium
824 2726 1083 2797 indigetis.
1128 2726 1195 2781 Et
1232 2726 1351 2782 ideo
1380 2738 1503 2781 cum
1531 2725 1790 2781 dixisset:
1822 2721 1982 2790 Quat-

404 2818 501 2872 rite
540 2819 767 2888 primum
819 2835 1032 2889 regnum
1077 2827 1125 2873 et
1168 2818 1435 2889 justitiam
1483 2817 1603 2883 Dei,
1652 2832 1760 2872 non
1802 2816 1979 2871 dixit:

401 2909 603 2964 Deinde
643 2909 745 2964 ista
788 2910 1035 2979 quaerite,
1066 2910 1314 2979 quamvis
1359 2909 1469 2964 sint
1508 2909 1844 2976 necessaria;
1884 2906 1979 2963 sed

400 3000 476 3054 ait
501 3018 513 3052 :
541 2997 671 3053 ch
694 3001 868 3056 omnia
894 3011 1227 3071 apponentur
1252 3000 1413 3066 vobis,
1441 3001 1496 3055 id
1520 3009 1623 3068 est,
1647 3017 1978 3071 consequen-

402 3101 505 3154 tur,
537 3090 583 3144 si
610 3089 698 3143 illa
739 3091 1016 3159 quaeratis,
1058 3091 1175 3146 sine
1213 3091 1319 3145 ullo
1355 3098 1538 3147 vestro
1563 3091 1967 3162 impedimento.

402 3182 556 3239 Unde
587 3190 644 3237 et
688 3197 808 3237 cum
847 3198 955 3237 non
999 3184 1094 3249 ait,
1149 3183 1438 3251 dabuntur,
1491 3185 1585 3257 sed
1630 3184 1966 3256 adﬁcientur,

324 3346 335 3353 .
398 3271 642 3343 profecto
678 3273 883 3329 indicat
904 3273 1048 3330 aliud
1074 3290 1195 3331 esse
1224 3276 1365 3344 quod
1392 3275 1762 3346 principaliter
1787 3276 1968 3342 datur,

398 3363 543 3418 aliud
587 3363 728 3432 quod
769 3364 1170 3434 superadditur.
1228 3363 1363 3432 Quia
1410 3365 1565 3421 nobis
1594 3366 1645 3420 in
1678 3366 1972 3421 intentione

396 3455 695 3520 aeternitas,
740 3453 793 3533 in
828 3470 925 3511 usu
964 3471 1092 3510 vero
1136 3454 1498 3526 temporalitas
1527 3469 1648 3510 esse
1688 3456 1864 3511 debet.
1902 3455 1969 3509 Et

397 3547 525 3601 illud
558 3546 819 3610 datur,-et
852 3547 955 3602 hoc
978 3547 1231 3603 nimirum
1272 3562 1337 3602 ex
1374 3546 1667 3602 abundanti
1707 3544 1969 3617 superad-

394 3634 559 3689 ditur.

467 3748 647 3803 Nolite
666 3749 877 3804 solliciti
898 3765 1008 3804 esse
1031 3748 1096 3803 de
1120 3748 1370 3804 crastino.
1396 3747 1670 3805 Crastinus
1700 3750 1837 3804 enim
1858 3748 1970 3806 dies

394 3838 648 3893 sollicitus
673 3839 770 3893 erit
792 3839 890 3894 sibi
914 3840 1030 3910 ipsi.
1062 3836 1330 3912 (Ηὶενοη.)
1359 3838 1436 3895 De
1455 3838 1807 3915 presentibus
1836 3853 1968 3911 ergo

394 3928 655 3985 sollicitos
685 3944 805 3986 esse
825 3929 1023 3985 debere
1051 3924 1341 3994 concessit,
1370 3929 1461 3999 qui
1490 3927 1670 3984 futura
1694 3929 1968 3998 prohibuit

394 4020 652 4090 cogitare.
691 4019 843 4075 Unde
886 4028 940 4074 et
969 4018 1296 4090 Apostolus:
1329 4018 1496 4073 Nocte
1537 4027 1584 4072 et
1629 4017 1731 4085 die,
1772 4018 1965 4090 inquit,

390 4111 633 4165 manibus
668 4111 856 4166 nostris
884 4109 1197 4176 laborantes,
1223 4125 1286 4164 ne
1303 4124 1455 4181 quem
1479 4116 1701 4163 vestrum
1722 4125 1969 4180 gravare-

389 4221 506 4258 mus
538 4203 592 4277 (Ι
625 4202 803 4259 Thess.
834 4202 917 4276 ιι).
951 4200 1083 4259 Cras
1112 4211 1289 4259 autem
1325 4202 1378 4257 in
1407 4200 1703 4272 Scripturis
1730 4199 1966 4256 futurum

391 4305 603 4367 tempus
628 4337 642 4362 ,
674 4304 761 4350 ’ut
802 4295 965 4366 paulo
1016 4306 1143 4350 ante
1188 4293 1534 4365 probavimus
1558 4333 1573 4359 ,
1626 4292 1963 4363 intelligitur.

2081 1817 2379 1873 toculorum
2420 1827 2606 1873 custos
2641 1823 2696 1870 et
2731 1813 2849 1877 tur,
2904 1814 3045 1869 sicut
3092 1814 3357 1885 scriptum
3408 1822 3489 1869 est
3512 1856 3527 1879 ,
3564 1814 3655 1868 Ju-

2078 1907 2211 1974 das,
2248 1908 2342 1979 qui
2378 1922 2501 1964 eum
2542 1905 2801 1971 tradidit,
2844 1904 2946 1959 fuit
2996 1903 3190 1976 (Joan.
3226 1905 3355 1976 xu).
3398 1903 3541 1961 Hine
3573 1922 3653 1960 se-

2079 2000 2278 2071 quimr'
2676 2065 2907 2123 CAPUT
2946 2065 3057 2122 vu.

2079 2160 2157 2216 De
2182 2176 2286 2214 non
2298 2157 2596 2230 judicando
2611 2158 2909 2230 proximum
2932 2167 3141 2211 temere.
3174 2156 3443 2230 Hortatur
3459 2158 3662 2229 ingredi

2150 2227 2547 2354 pzrla'ngusltam
2584 2238 2828 2298 portam;
2867 2227 3012 2282 docet
3055 2228 3312 2285 cavendas
3355 2227 3665 2299 [alsos‘pro-

2147 2318 2180 2371 ρ
2218 2318 2245 2355 e
2270 2316 2352 2365 as,
2391 2313 2420 2353 e
2446 2314 2494 2369 ς.

2151 2390 2243 2465 [1.]
2292 2389 2471 2445 Nolite
2513 2389 2788 2462 judicare,
2834 2399 2890 2444 ut
2930 2404 3048 2469 non
3090 2388 3425 2460 judicemini.
3468 2389 3541 2445 In
3567 2409 3666 2462 quo

2079 2484 2218 2540 enim
2256 2483 2465 2554 judicio
2497 2482 2863 2553 judicaveritis
2895 2524 2911 2548 ,
2944 2480 3350 2553 judicabintini;
3392 2487 3535 2539 etin
3563 2502 3666 2556 qua

2080 2593 2324 2633 mensura
2351 2575 2516 2630 mensi
2542 2574 2775 2646 fueritis,
2824 2576 3121 2629 remetietur
3164 2574 3349 2645 t'obis.‘
3378 2574 3499 2633 Hoc
3547 2576 3666 2633 loco

2080 2667 2216 2724 nihil
2241 2666 2387 2722 aliud
2414 2666 2572 2722 nobis
2593 2664 2810 2736 przecipi
2852 2665 3133 2730 existimo,
3187 2666 3292 2721 nisi
3329 2675 3483 2723 utea
3523 2667 3663 2724 facta

2080 2773 2202 2829 quae
2227 2756 2448 2814 dubium
2473 2763 2557 2812 est
2583 2771 2691 2827 quo
2728 2755 2908 2811 animo
2935 2755 3086 2822 ﬁant,
3125 2756 3177 2810 in
3209 2756 3493 2812 meliorem
3535 2774 3661 2828 par-

2083 2860 2191 2905 tem
2239 2849 2675 2919 interpretemur.
2735 2844 2888 2914 Quod
2926 2846 3068 2901 enim
3112 2846 3374 2917 scriptum
3404 2856 3492 2903 est
3535 2868 3548 2901 :
3584 2847 3661 2903 E1

2083 2940 2338 3011 [motibus
2357 2956 2535 2995 eorum
2561 2938 2880 3009 cogno;cetis
2900 2954 2987 2993 eos
3002 2979 3015 3001 ,
3041 2938 3109 2995 de
3128 2937 3433 2995 manifestis
3458 2941 3662 2997 dictum

2081 3041 2167 3088 est
2193 3047 2312 3101 qum
2340 3045 2446 3086 non
2475 3040 2700 3101 possunt
2743 3030 2886 3086 bono
2915 3029 3099 3085 animo
3133 3029 3249 3086 ﬁeri
3286 3049 3298 3084 :
3326 3032 3491 3087 sicuti
3541 3043 3664 3088 sunt

2078 3131 2283 3195 stupra,
2307 3123 2393 3179 vel
2419 3120 2787 3196 blasphemia,
2811 3121 2895 3177 vel
2922 3119 3086 3189 furta,
3116 3112 3199 3177 vel
3228 3123 3468 3180 ebrietas
3488 3166 3503 3191 ,
3542 3133 3597 3179 et
3621 3125 3665 3180 si

2075 3228 2182 3285 qua
2206 3223 2335 3270 sunt
2362 3210 2512 3281 talia,
2537 3213 2603 3269 de
2630 3212 2824 3284 quibus
2851 3211 3009 3268 nobis
3028 3212 3273 3281 judicare
3303 3215 3661 3285 permittitur.

2077 3304 2151 3359 De
2200 3317 2397 3373 genere
2438 3302 2683 3358 ciborum
2711 3342 2724 3367 ,
2779 3300 2907 3371 quia
2941 3311 3167 3372 possunt
3216 3304 3363 3369 bono
3399 3304 3587 3359 animo
3614 3312 3665 3359 et

2076 3388 2307 3459 simplici
2332 3384 2516 3463 corde,
2549 3388 2667 3443 sine
2697 3387 2828 3443 vitio
2856 3389 3325 3460 concupiscentiae,
3348 3390 3664 3461 quicunque

2075 3477 2297 3533 humani
2346 3475 2452 3532 cibi
2487 3475 2859 3533 indifferenter
2883 3477 3045 3544 sumi,
3076 3478 3327 3549 prohibet
3374 3478 3664 3549 Apostolus

2066 3566 2302 3636 judicari
2332 3581 2426 3621 eos
2453 3566 2543 3637 qui
2571 3565 2828 3623 carnibus
2852 3568 3209 3644 vescebantur
3233 3610 3248 3635 ,
3277 3556 3334 3624 et
3362 3570 3553 3625 vinum
3586 3573 3662 3628 bi-

2072 3660 2298 3725 bebant,
2320 3659 2387 3713 ab
2412 3658 2493 3714 eis
2516 3660 2607 3729 qui
2635 3647 2701 3715 se.
2721 3660 2790 3715 ab
2815 3659 3120 3728 huiusmodi
3158 3659 3437 3717 alimentis
3460 3672 3662 3735 tempe-

2073 3752 2267 3807 rabant
2294 3770 2307 3806 :
2338 3751 2441 3818 Qui
2486 3751 2770 3806 manducat
2796 3792 2811 3817 ,
2854 3752 3068 3823 inquit,
3123 3770 3225 3807 non
3253 3755 3659 3810 manducantem

2074 3861 2178 3901 non
2199 3855 2410 3915 spernat
2436 3861 2454 3909 ,'
2483 3853 2529 3898 et
2556 3844 2646 3916 qui
2668 3859 2770 3898 non
2784 3838 3096 3911 imanducat,
3125 3836 3662 3901 manducantem'non

2065 3934 2266 4006 judice:
2299 3933 2472 4007 (Rom.
2502 3933 2636 4006 xrv).
2665 3934 2745 3990 Ad
2775 3936 2879 3991 hoc
2902 3936 3131 4006 pertinet
3157 3935 3321 3991 etiam
3353 3934 3490 3992 illud
3520 3939 3658 4009 quod

2073 4023 2180 4080 alio
2206 4024 2325 4080 loco
2354 4022 2485 4079 dicit
2518 4041 2531 4077 :
2565 4023 2741 4078 Nolite
2773 4033 2893 4078 ante
2930 4034 3132 4096 tempus
3154 4024 3428 4096 judicare,
3453 4029 3659 4098 quoad-

2072 4134 2234 4190 usque
2276 4102 2447 4172 venibt
2489 4116 2769 4184 Dominus,
2795 4119 2886 4191 qui
2907 4128 2957 4173 et
2987 4118 3306 4175 illuminabit
3347 4106 3657 4177 abscondita

2072 4207 2443 4275 tenebrarum,
2518 4217 2569 4262 et
2640 4208 2995 4279 manifestabit
3072 4211 3415 4281 cogitationes
3486 4213 3657 4267 cordis

2074 4295 2127 4368 (Ι
2151 4295 2273 4352 Cor.
2300 4295 2377 4371 v).
2410 4296 2526 4354 Duo
2575 4305 2701 4352 stmt
2757 4307 2937 4354 autem
2982 4300 3036 4354 in
3076 4300 3271 4372 quibus
3306 4303 3655 4357 temerarium

393 4385 620 4457 (MANL)
659 4384 775 4440 Non
803 4394 888 4441 est
910 4400 1039 4457 ergo
1068 4400 1287 4441 necesse
1325 4385 1391 4439 de
1421 4383 1615 4439 futuris
1643 4398 1743 4438 nos
1768 4380 1968 4438 sollici—
1996 4422 2049 4484 Β
2067 4385 2328 4458 judicium
2380 4401 2575 4443 cavere
2624 4387 2881 4444 debemus
2912 4406 2925 4442 :
2954 4403 3079 4443 eum
3114 4390 3385 4445 incertum
3430 4399 3514 4446 est
3551 4404 3658 4461 quo

393 4476 518 4541 tari,
555 4489 673 4544 quae
704 4475 882 4530 divina
911 4468 1165 4546 procurat
1205 4473 1495 4540 ordinatio,
1543 4489 1667 4529 cum
1716 4472 1885 4543 frigus
1910 4481 1965 4529 et

391 4575 574 4632 azstus,
599 4575 760 4620 aestas
789 4574 845 4620 et
866 4566 1065 4629 hiems,
1099 4582 1205 4621 non
1233 4565 1590 4634 requiescent,
1616 4579 1825 4620 annuos
1851 4563 1966 4621 fru-

390 4664 511 4711 ctus
539 4654 681 4711 terra
709 4653 953 4725 profert:
988 4654 1055 4709 Et
1082 4654 1342 4726 aperiente
1384 4654 1494 4709 Deo
1536 4672 1750 4710 manum
1789 4673 1957 4721 suam,

389 4762 541 4801 omne
573 4744 770 4800 animal
806 4743 1105 4817 implebitur
1154 4744 1504 4799 benedictione
1541 4742 1712 4818 (Psal.
1745 4744 1961 4819 cxuv);

389 4841 484 4896 sed
538 4839 791 4895 collatum
840 4853 1080 4909 praesens
1127 4836 1451 4893 beneﬁcium
1498 4848 1650 4909 grate
1697 4838 1963 4908 reeipien-

390 4942 495 4997 tes,
529 4932 594 4986 de
643 4930 823 4985 futura
870 4929 1096 5001 penuria
1149 4944 1257 4983 non
1309 4938 1655 4984 metuamus:
1686 4929 1816 4999 quin
1862 4944 1959 5000 po-

391 5024 495 5079 tius
559 5037 777 5077 omnem
832 5018 1247 5076 sollicitudinem
1298 5028 1539 5075 nostram
1587 5033 1851 5089 ponamus
1906 5019 1961 5071 in

386 5114 587 5183 pietate
619 5111 946 5177 Conditoris,
988 5110 1240 5183 quoniam
1279 5110 1380 5187 ipsi
1417 5126 1548 5165 cura
1574 5118 1661 5164 est
1689 5108 1757 5164 de
1782 5108 1956 5164 nobis.

457 5200 654 5271 Sufficit
686 5201 790 5257 diei
820 5199 1025 5266 malitia
1072 5216 1191 5255 sua.
1242 5198 1513 5272 (Hieron.)
1554 5197 1655 5254 Hic
1697 5197 1958 5253 malitiam

386 5309 497 5347 non
538 5294 868 5348 contrariam
893 5293 1079 5348 virtuti
1110 5292 1311 5364 posuit,
1337 5292 1431 5347 sed
1461 5293 1718 5356 laborem,
1750 5302 1806 5347 et
1836 5290 1966 5346 allii-

384 5382 650 5447 ctionem,
700 5390 754 5436 et
796 5382 1074 5452 angustias
1121 5381 1323 5437 saeculi.
1372 5378 1584 5435 Sullicit
1626 5395 1756 5453 ergo
1804 5382 1960 5436 nobis

383 5472 668 5541 praesentis
721 5472 979 5542 temporis
1028 5471 1287 5542 cogitatio
1331 5488 1344 5524 :
1395 5469 1696 5526 futurorum
1748 5487 1953 5537 curam,

387 5575 506 5626 quae
536 5560 740 5613 incerta
770 5568 875 5625 est,
903 5559 1288 5635 relinquamus.
1337 5557 1518 5630 (Aug.)
1561 5559 1730 5626 Quam
1768 5576 1957 5617 curam

393 5659 671 5714 propterea
700 5649 956 5704 malitiam
991 5663 1315 5704 nominatam
1339 5649 1591 5715 arbitror,
1619 5652 1743 5720 quia
1775 5667 1957 5722 poma-

2070 4478 2251 4532 animo
2287 4477 2580 4548 quidquam
2628 4476 2831 4534 factum
2877 4479 2971 4546 sit,
3015 4478 3098 4534 vel
3125 4496 3247 4536 cum
3273 4480 3549 4538 incertum
3574 4491 3655 4538 est

2070 4565 2246 4635 qualis
2273 4566 2486 4621 futurus
2513 4566 2583 4622 sit
2610 4568 2700 4637 qui
2729 4583 2875 4623 nunc
2905 4558 2986 4623 vel
3010 4562 3188 4625 bonus
3215 4566 3298 4625 vel
3342 4570 3525 4627 malus
3559 4586 3653 4642 ap-

2068 4665 2242 4728 paret.
2293 4656 2352 4712 Si
2387 4671 2535 4728 ergo
2577 4659 2864 4729 quispiam,
2915 4660 3067 4715 verbi
3096 4661 3291 4732 gratia,
3319 4673 3655 4733 conquestus

2069 4750 2135 4805 de
2173 4749 2453 4804 stomacho
2494 4747 2743 4820 jejunare
2788 4749 2959 4805 noluit
2983 4790 2997 4815 ,
3042 4750 3198 4820 eique
3235 4766 3342 4805 non
3382 4756 3650 4817 credens,
3718 4793 3735 4799 ρ

2065 4836 2346 4892 edacitatis
2368 4836 2422 4891 id
2454 4837 2582 4893 vitio
2609 4837 2885 4902 tribucris,
2927 4847 3129 4895 temere
3162 4839 3440 4911 iudicabis
3482 4861 3494 4896 :
3527 4843 3650 4897 item

2065 4927 2110 4983 si
2141 4927 2482 4983 manifestam
2539 4928 2864 4984 edacitatem
2913 4930 3395 5001 ebriositatemque
3447 4948 3646 5004 cogno-

2064 5018 2230 5083 veris,
2257 5024 2317 5075 et
2338 5015 2415 5072 ita
2448 5019 2862 5088 reprehenderis
2891 5021 3044 5089 quasi
3095 5035 3372 5090 nunquam
3406 5020 3497 5075 illa
3528 5036 3652 5091 pos-

2063 5103 2134 5159 sit
2164 5104 2360 5175 corrigi
2405 5112 2569 5177 atque
2609 5107 2842 5171 mutari,
2875 5107 3223 5162 nihilominus
3259 5116 3468 5164 temere
3508 5108 3645 5178 judi-

2062 5197 2231 5255 cabis.
2279 5196 2396 5252 Non
2431 5211 2560 5268 ergo
2588 5197 3047 5268 reprehendamus
3092 5212 3157 5253 ea
3194 5210 3315 5270 quat
3367 5200 3647 5255 nescimus

2063 5304 2170 5359 quo
2222 5289 2404 5345 animo
2442 5288 2607 5358 ﬁant,
2656 5304 2834 5360 neque
2888 5291 2964 5345 ita
3014 5292 3480 5363 reprehendamus
3528 5306 3648 5361 qua

2067 5381 2349 5438 manifesta
2391 5389 2517 5438 sunt
2546 5390 2612 5437 ut
2655 5383 3003 5454 desperemus
3042 5384 3367 5451 sanitatem;
3406 5393 3464 5440 et
3512 5384 3646 5438 vita-

2065 5473 2244 5529 bimus
2273 5472 2536 5544 judicium
2556 5514 2572 5541 ,
2617 5475 2685 5531 de
2718 5486 2826 5546 quo
2850 5490 2995 5531 nunc
3022 5474 3222 5531 dicitur
3250 5493 3262 5528 :
3295 5474 3474 5530 Nolite
3488 5475 3644 5545 judi-

2065 5579 2185 5617 care
2212 5604 2227 5628 ,
2265 5577 2335 5619 ne
2356 5562 2634 5632 iudicetur
2673 5565 2741 5621 de
2780 5564 2953 5619 vobis.
2988 5563 3239 5635 Nunquid
3285 5566 3431 5620 enim
3464 5566 3513 5620 si
3547 5580 3651 5620 nos

2068 5657 2117 5709 in
2140 5655 2344 5722 judicio
2372 5655 2663 5711 temerario
2690 5655 3139 5721 iudicaverimus.
3170 5665 3374 5713 temere
3396 5658 3463 5711 de
3490 5657 3653 5711 twbis
