3978 6190
218 311 305 370 841

1187 305 1542 363 COMMENT.
1583 291 1650 360 1N
1689 303 2124 360 nuru/sun.
2167 337 2235 348 -
2270 307 2402 366 LlB.
2440 306 2500 363 Il.

3363 272 3483 371 sse

215 427 368 485 etiam
390 419 865 490 Deusjudicabit?
892 420 998 475 Aut
1032 421 1275 491 nunquid
1324 421 1371 476 si
1412 435 1662 475 mensura
1692 420 1791 473 ini-
1820 419 1870 476 Α
1898 418 2212 471 memoriam
2238 418 2539 473 communis
2564 416 2875 484 inﬁrmitas,
2925 426 2982 472 ut
3018 419 3163 474 illam
3190 423 3482 492 reprehen-

217 535 314 592 qua
340 514 514 573 mensi
538 513 819 578 fuerimus,
844 514 985 583 apud
1012 514 1295 568 Dominum
1320 528 1573 567 mensura
1607 512 1789 581 iniqua

1896 505 2101 560 sionem
2129 515 2221 560 aut
2249 506 2682 578 obiurgationem
2736 525 2844 564 non
2893 509 3073 564 odium
3098 551 3113 575 ,
3145 511 3241 565 sed
3271 511 3482 570 miseri-

215 624 294 669 est
320 610 460 667 unde
488 607 644 664 nobis
666 607 984 662 remetietur
1003 606 1027 659 ?
1048 604 1185 659 Nam
1210 612 1266 659 et
1288 619 1554 661 mensurae
1572 603 1791 659 nomine
1830 643 1868 682 κ
1895 597 2077 651 cordia
2106 599 2402 666 praecedat,
2428 606 2489 653 ut
2516 600 2632 654 sive
2667 599 2734 654 ad
2774 601 3166 657 correctionem
3206 601 3323 672 eius
3351 620 3480 675 pro-

217 707 381 776 ipsum
426 699 693 773 judicium
740 696 1104 769 signiﬁcatum
1150 695 1402 752 arbitror.
1442 693 1606 750 Nullo
1630 695 1792 749 modo

214 796 347 849 Deus
397 789 483 844 vel
533 798 739 843 temere
774 787 1006 857 iudicat,
1048 787 1134 842 vel
1170 788 1353 856 iniqua
1391 800 1644 842 mensura
1671 786 1788 840 cui-

216 897 366 953 quam
404 880 650 951 rependit
693 899 704 932 :
749 881 843 934 sed
874 880 977 935 hoc
1004 880 1207 934 dictum
1232 889 1315 934 est
1338 879 1590 949 quoniam
1620 887 1791 933 teme-

216 975 339 1028 ritas
367 986 473 1043 qua
501 970 659 1040 punis
684 969 869 1033 alium,
892 968 1079 1023 eadem
1108 969 1221 1039 ipsa
1253 977 1305 1023 te
1347 970 1536 1037 puniat
1569 982 1791 1024 necesse

214 1073 309 1119 est.
339 1060 611 1117 Iudicium
646 1061 963 1131 plerumque
1006 1061 1140 1116 nihil
1183 1070 1340 1117 nocet
1378 1063 1430 1117 ei
1458 1063 1525 1117 de
1559 1079 1667 1132 quo
1714 1071 1792 1118 te-

215 1168 354 1210 mere
391 1151 689 1224 iudicatur,
718 1151 770 1206 ei
797 1159 977 1206 autem
1008 1152 1101 1220 qui
1134 1162 1338 1207 temere
1376 1150 1623 1220 iudicat,
1674 1153 1789 1222 ipsa

215 1241 487 1298 temeritas
519 1254 740 1296 necesse
767 1247 851 1295 est
892 1249 954 1295 ut
1001 1248 1213 1295 noceat.
1252 1238 1361 1295 Ista
1405 1241 1586 1312 regula
1627 1244 1791 1298 etiam

214 1332 335 1388 illud
363 1332 569 1388 dictum
599 1339 683 1387 est
713 1346 727 1385 :
759 1331 947 1387 Omnis
973 1332 1065 1402 qui
1092 1332 1424 1401 percusserit
1448 1333 1647 1405 gladio,
1680 1335 1794 1405 gla-

212 1425 295 1479 dio
325 1424 609 1490 morietur,
641 1425 745 1479 hoc
772 1431 876 1489 est,
907 1438 1013 1478 non
1046 1423 1224 1495 gladio
1250 1423 1378 1479 ferri
1412 1465 1426 1491 ,
1479 1426 1575 1481 sed
1615 1426 1796 1497 gladio

212 1516 415 1586 peccati
458 1536 471 1570 :
505 1517 631 1586 quia
678 1516 796 1585 ipso
844 1524 1068 1587 peccato
1101 1516 1283 1572 animo
1316 1518 1546 1574 moritur
1580 1560 1594 1583 ,
1650 1518 1795 1589 quod

209 1606 478 1662 commisit
504 1607 559 1662 in
583 1606 767 1661 alium.
1171 1633 1175 1637 -

281 1695 426 1761 Quid
456 1705 631 1750 autem
660 1695 801 1750 vides
825 1695 1082 1764 festucam
1112 1700 1166 1752 in
1192 1699 1342 1752 oculo
1369 1697 1553 1768 fratris
1579 1700 1656 1752 tui
1684 1740 1699 1765 ,
1744 1707 1794 1753 et

1894 702 2015 763 pter
2048 708 2209 762 quem
2236 693 2289 748 id
2315 692 2567 759 facimus,
2592 695 2704 749 sive
2726 696 2793 749 ad
2820 696 3224 765 perversioncm
3254 697 3487 752 valuerit

1897 786 2044 854 (nam
2081 785 2322 839 incertus
2344 792 2429 839 est
2450 785 2671 856 exitus),
2704 801 2803 840 nos
2835 794 3013 839 tamen
3042 787 3109 840 de
3137 787 3483 856 simplicitate

1894 873 2037 928 oculi
2077 876 2247 929 nostri
2290 875 2469 929 securi
2538 875 2730 931 simus.
2788 874 2843 929 Si
2902 886 3082 931 autem
3132 879 3431 949 cogitantes
3463 920 3478 941 .

1897 965 2251 1035 nosmetipsos
2287 966 2655 1021 invenerimus
2679 966 2734 1020 in
2766 981 2830 1022 eo
2857 983 2977 1021 esse
3006 968 3138 1023 vitio
3181 969 3237 1023 in
3273 985 3380 1041 quo
3401 980 3485 1026 est

1896 1056 1987 1110 ille
2032 1071 2189 1125 quem
2232 1058 2628 1126 reprehendere
2668 1060 2996 1128 parabamus
3017 1101 3032 1126 ,
3061 1077 3167 1116 non
3196 1063 3485 1132 reprehen-

1897 1147 2105 1211 damus,
2143 1163 2318 1218 neque
2343 1148 2717 1220 obiurgemus,
2744 1150 2839 1205 sed
2872 1158 3080 1206 tantum
3115 1154 3485 1223 congemisca-

1898 1253 2050 1302 mus;
2084 1246 2138 1293 et
2174 1252 2283 1292 non
2333 1237 2484 1292 illum
2532 1240 2601 1294 ad
2647 1239 3129 1310 obtemperandum
3166 1243 3352 1309 nobis,
3389 1245 3486 1300 sed

1897 1327 1964 1383 ad
1990 1328 2195 1398 pariter
2217 1328 2521 1383 conandum
2545 1328 2850 1384 invitemus.
2883 1329 3025 1385 Raro
3050 1332 3179 1402 ergo
3215 1342 3272 1387 et
3289 1348 3485 1404 magna

1897 1420 2225 1477 necessitate
2249 1418 2655 1489 obiurgationes
2684 1422 3005 1487 adhibenda:
3031 1435 3173 1489 sunt,
3201 1426 3272 1481 ita
3304 1435 3485 1483 tamen

1895 1522 1959 1568 ut
1982 1515 2147 1569 etiam
2170 1515 2223 1568 in
2251 1513 2337 1569 bis
2366 1514 2499 1584 ipsis
2523 1529 2627 1569 non
2653 1514 2826 1581 nobis,
2852 1516 2946 1571 sed
2970 1515 3082 1572 Deo
3106 1524 3166 1571 ut
3190 1519 3479 1582 serviatur,

1898 1608 2179 1663 instemus.
2212 1608 2332 1677 Ipse
2357 1617 2442 1665 est
2473 1610 2617 1664 enim
2647 1610 2769 1665 ﬁnis
2795 1629 2807 1664 :
2840 1619 2898 1664 ut
2923 1611 3058 1666 nihil
3082 1613 3281 1684 duplici
3321 1616 3485 1670 corde

1897 1703 2194 1769 faciamus,
2239 1705 2547 1761 auferentes
2586 1706 2795 1760 trabem
2824 1705 2892 1760 de
2919 1707 3075 1762 oculo
3116 1716 3302 1762 nostro
3347 1709 3487 1764 invi-

206 1787 407 1840 trabem
458 1787 512 1839 in
548 1785 700 1840 oculo
744 1795 835 1842 tuo
876 1804 979 1842 non
1010 1790 1149 1844 vides
1181 1803 1201 1839 ε
1231 1799 1324 1843 aut
1351 1790 1612 1861 quomodo
1660 1789 1791 1855 dicis
1821 1776 1868 1836 Β
1894 1794 2125 1859 demite,
2169 1795 2252 1850 vel
2300 1795 2554 1860 malitiae,
2584 1795 2670 1851 vel
2700 1796 3059 1853 simulationis
3078 1837 3092 1862 ,
3123 1805 3184 1852 ut
3206 1797 3486 1854 videamus

208 1878 361 1948 fratri
392 1888 485 1933 tuo
525 1892 543 1930 :
586 1876 730 1946 Sine,
773 1880 979 1950 ejiciam
1017 1880 1273 1950 festucam
1310 1880 1375 1935 de
1411 1880 1563 1935 oculo
1602 1890 1714 1946 tuo,
1744 1891 1795 1935 et
1890 1885 2093 1955 ejicere
2116 1884 2380 1942 festucam
2405 1886 2471 1942 de
2494 1886 2653 1942 oculo
2682 1885 2887 1943 fratris.

210 1990 328 2029 ecce
355 1974 503 2028 trabs
524 1983 601 2028 est
629 1974 684 2027 in
707 1973 857 2028 oculo
884 1975 1017 2028 tuo?
1056 1973 1205 2028 Multi
1234 1974 1379 2029 enim
1406 1976 1678 2044 superbia,
1710 1975 1792 2029 vel

206 2065 351 2127 odio,
384 2064 471 2120 vel
492 2064 742 2130 avaritia,
772 2064 854 2119 vel
877 2064 983 2120 alio
1003 2064 1243 2134 quolibet
1266 2065 1494 2121 crimine
1512 2066 1792 2136 praeventi,

203 2155 343 2213 levia
371 2157 490 2212 haec
518 2164 612 2212 aut
644 2156 790 2212 nulla
832 2156 1162 2226 iudicantes,
1196 2158 1463 2214 acerrime
1496 2159 1797 2229 corripiunt

203 2266 318 2317 eos,
349 2265 494 2321 quos
515 2249 691 2307 subita
719 2249 952 2305 viderint
979 2250 1061 2305 ira
1089 2251 1335 2306 turbatos
1356 2291 1370 2316 ,
1402 2250 1619 2306 oculum
1645 2266 1798 2306 men-

202 2344 273 2399 tis
314 2359 348 2399 a
394 2342 559 2399 solito
603 2342 857 2413 puritatis
902 2351 1047 2398 statu
1087 2342 1243 2412 quasi
1287 2340 1496 2399 festuca
1557 2343 1798 2397 irruente

197 2445 485 2494 mutasse:
511 2446 676 2508 atque
720 2437 1069 2492 immemores
1095 2435 1362 2490 Dominici
1395 2434 1650 2504 praecepti
1689 2448 1798 2503 quo

196 2529 274 2583 ait
305 2548 317 2582 :
352 2528 539 2584 Nolite
573 2529 923 2583 condemnare
953 2568 968 2593 ,
1015 2536 1065 2582 et
1112 2544 1217 2582 non
1277 2526 1755 2581 condemnabimini
1779 2567 1794 2591 ,

192 2622 374 2691 magis
414 2628 605 2676 amant
641 2620 951 2689 vituperare
983 2626 1039 2675 et
1077 2619 1337 2675 damnare
1363 2658 1378 2683 ,
1413 2634 1576 2689 quam
1607 2632 1796 2674 emen-

193 2712 329 2768 dare
354 2719 533 2782 atque
557 2711 853 2781 corrigere.
893 2709 1020 2767 Haec
1053 2726 1177 2766 cum
1221 2700 1389 2766 fratre
1412 2712 1528 2782 agis
1552 2710 1619 2778 si,
1647 2710 1799 2767 verbi

187 2803 398 2873 gratia,
423 2801 573 2872 quod
603 2800 686 2856 ira
732 2801 820 2857 ille
854 2803 1101 2873 peccavit
1150 2810 1207 2858 tu
1250 2802 1376 2859 odio
1424 2801 1798 2872 reprehendis.

191 2892 483 2960 Quantum
514 2898 695 2946 autem
731 2891 873 2947 inter
901 2890 1162 2947 festucam
1194 2900 1250 2948 et
1278 2892 1490 2947 trabem
1523 2932 1541 2959 ,
1588 2900 1800 2948 tantum

189 2982 338 3040 inter
371 2984 521 3039 iram
549 2982 719 3038 distat
745 2992 908 3054 atque
938 2984 1120 3039 odium
1150 3004 1164 3038 :
1195 2985 1379 3040 odium
1413 2993 1497 3040 est
1544 2985 1691 3041 enim
1718 2985 1800 3040 ira

190 3078 512 3132 inveterata
539 3116 555 3142 ,
594 3077 750 3147 quasi
788 3091 909 3146 qua:
959 3083 1227 3132 vetustate
1263 3085 1471 3131 tantum
1526 3077 1799 3147 acceperit

189 3173 249 3222 ut
305 3164 518 3220 merito
563 3164 859 3235 appelletur
893 3165 1094 3222 trabes.
1134 3165 1277 3221 Fieri
1308 3176 1489 3221 autem
1523 3175 1705 3237 potest
1732 3174 1794 3221 ut

185 3259 233 3313 si
291 3257 568 3314 irascaris
616 3258 822 3313 homini
851 3298 868 3324 ,
917 3257 1051 3313 velis
1077 3274 1200 3313 eum
1243 3259 1472 3328 corrigi;
1522 3259 1566 3313 si
1612 3267 1793 3314 autem

185 3349 382 3405 oderis
412 3349 712 3413 hominem,
745 3365 852 3404 non
880 3356 1035 3420 potes
1069 3365 1194 3406 eum
1235 3349 1371 3405 velle
1396 3349 1671 3420 corrigere
1698 3364 1713 3402 :
1741 3357 1796 3404 et

186 3440 316 3495 ideo
374 3439 717 3508 impossibile
745 3440 941 3495 dicitur
989 3448 1050 3495 ut
1098 3439 1360 3495 festucam
1411 3438 1595 3496 fratris
1637 3440 1795 3496 oculo

181 3532 404 3597 demat,
434 3531 531 3600 qui
553 3545 652 3586 suo
677 3531 882 3586 trabem
907 3539 1083 3600 gestat
1106 3532 1160 3585 in
1191 3531 1365 3587 oculo.

257 3619 576 3690 Hypocrita
605 3658 620 3684 ,
668 3619 799 3689 ejice
833 3621 1058 3689 primum
1092 3619 1290 3673 trabem
1333 3619 1399 3674 de
1428 3619 1578 3673 oculo
1605 3628 1714 3683 tuo,
1745 3628 1792 3673 et

178 3726 313 3770 tunc
345 3712 555 3766 videbis
583 3712 770 3783 ejicere
799 3712 1051 3780 festucam
1094 3713 1159 3768 de
1202 3712 1354 3767 oculo
1394 3712 1576 3783 fratris
1602 3714 1698 3767 tui.
1736 3713 1795 3769 ιιι

179 3814 290 3870 est,
320 3803 517 3873 primo
547 3803 643 3858 abs
678 3812 729 3858 te
759 3804 962 3872 expelle
983 3803 1186 3869 odium,
1214 3810 1269 3859 et
1295 3804 1550 3874 deinceps
1591 3804 1794 3873 poteris

160 3891 295 3961 ‘jam
323 3910 465 3950 eum
491 3908 654 3963 quem
675 3892 855 3964 diligis
878 3894 1186 3949 emendare.
1212 3893 1281 3949 Et
1307 3902 1393 3948 est
1415 3908 1541 3948 vere
1565 3894 1792 3948 multum

177 3986 513 4045 cavendum
540 3996 595 4042 et
620 3986 906 4043 molestum
944 3986 1369 4057 hypocritarum,
1429 3984 1485 4040 id
1516 3992 1599 4039 est
1624 3985 1795 4040 simu-

177 4081 464 4149 latorum,
498 4097 670 4152 genus
697 4100 710 4135 :
743 4083 834 4151 qui
863 4098 985 4137 cum
1020 4082 1260 4137 omnium
1281 4081 1534 4136 vitiorum
1562 4095 1790 4136 accusa-

175 4178 372 4234 tiones
417 4178 553 4234 odio
584 4186 641 4232 et
684 4178 852 4232 livore
892 4177 1220 4247 suscipiant,
1266 4176 1432 4232 etiam
1460 4175 1793 4231 consultores

175 4269 368 4326 videri
416 4284 487 4325 se
521 4268 724 4324 volunt.
768 4267 992 4340 (Hilar.)
1016 4268 1103 4322 Fit
1125 4267 1268 4322 enim
1295 4281 1436 4337 saepe
1470 4274 1530 4320 ut
1553 4281 1793 4323 assuma-

176 4375 308 4415 mus
371 4358 547 4415 nobis
589 4358 850 4427 arguendi
902 4358 1034 4413 alios
1072 4358 1449 4414 auctoritatem
1514 4358 1629 4412 sine
1683 4356 1791 4410 ullo

172 4451 435 4522 propriae
479 4450 872 4505 emendationis
905 4450 1168 4520 exemplo,
1197 4459 1252 4505 et
1281 4449 1600 4505 mundandae
1631 4448 1791 4504 cacci-

171 4539 312 4597 tatis
346 4540 560 4594 aliena:
577 4537 892 4608 iactantiam
920 4537 1268 4609 prmferamus
1295 4579 1311 4606 ,
1343 4540 1443 4610 ipsi
1472 4540 1523 4594 in
1556 4537 1792 4593 tenebris

172 4630 445 4700 corrupti
480 4628 699 4684 luminis
723 4629 1001 4685 constituti
1029 4646 1042 4695 ;
1075 4645 1198 4684 cum
1222 4627 1436 4685 difficile
1461 4643 1789 4699 quemquam

170 4720 247 4776 sit
258 4728 558 4791 praestare
572 4733 678 4787 quo
699 4727 876 4789 egeat,
893 4727 949 4774 et
967 4718 1229 4788 Optimum
1255 4719 1324 4774 sit
1345 4718 1590 4789 exemplo
1613 4704 1792 4788 potius

168 4811 389 4868 docere
445 4825 617 4880 quam
655 4810 835 4865 dictis.
868 4808 1008 4865 Cura
1059 4825 1185 4880 ergo
1218 4811 1449 4880 propria:
1488 4809 1790 4866 adhibenda

166 4912 259 4960 est
284 4902 595 4960 excitati:
634 4902 759 4972 quia
803 4902 909 4956 hoc
945 4916 1012 4956 ex
1059 4911 1252 4956 natura
1309 4916 1489 4956 rerum
1534 4911 1637 4967 est,
1682 4917 1789 4957 non

164 4996 335 5065 prius
393 4994 647 5064 aliquem
693 4994 985 5064 purgandae
1034 4994 1100 5049 de
1143 4993 1298 5049 oculo
1348 4992 1533 5048 fratris
1570 4994 1788 5050 festuca:

162 5084 458 5140 idoneum
492 5082 628 5138 eilici
670 5099 828 5154 posse
850 5083 1149 5149 doctorem,
1176 5100 1339 5155 quam
1368 5085 1434 5139 de
1461 5086 1656 5140 mentis
1678 5101 1790 5142 suae

159 5177 394 5233 lumine
433 5177 653 5231 trabem
679 5176 917 5247 perﬁdiae
944 5177 1218 5247 gravantis
1251 5175 1490 5244 eiecerit.
1518 5178 1701 5249 (Aug.)
1725 5178 1790 5232 Et

158 5273 297 5328 ideo
346 5272 455 5343 pie
507 5280 774 5351 cauteque
822 5271 1150 5342 vigilandum
1187 5280 1269 5325 est
1298 5278 1354 5325 ut
1396 5286 1518 5324 cum
1554 5271 1785 5339 aliquem

155 5364 608 5436 reprehendere
652 5364 737 5419 vel
784 5365 1069 5435 obiurgare
1131 5364 1428 5417 necessitas
1500 5366 1785 5433 coegerit,

153 5461 355 5530 primo
379 5458 699 5528 cogitemus
719 5467 899 5513 utrum
926 5458 1033 5513 tale
1054 5458 1125 5511 sit
1147 5456 1331 5511 vitium
1353 5455 1493 5525 quod
1514 5470 1786 5524 nunquam

153 5554 519 5614 habuimus,
548 5551 632 5605 vel
665 5566 772 5620 quo
798 5551 910 5619 iam
953 5551 1225 5605 caruimus
1254 5568 1267 5603 :
1307 5557 1362 5604 et
1412 5549 1457 5603 si
1514 5563 1787 5616 utinquam

153 5644 515 5705 habuimus.
537 5643 834 5713 cogitemus
861 5650 915 5698 et
944 5658 1041 5698 nos
1066 5642 1310 5697 homines
1335 5655 1479 5706 esse,
1506 5649 1561 5693 et
1589 5638 1789 5692 habere

151 5739 436 5810 potuisse
465 5750 484 5800 ;
518 5733 561 5786 si
582 5748 709 5788 vero
737 5734 1040 5800 habuimus,
1071 5743 1123 5788 et
1155 5747 1259 5787 non
1288 5731 1569 5799 habemus,
1602 5737 1789 5800 tangat

490 5826 769 5887 PATROL.
814 5827 998 5891 CVII.

1824 3116 1868 3178 C

1816 4483 1871 4542 D

1966 1975 2146 2031 Nolite
2171 1987 2410 2032 sanctum
2433 1977 2562 2032 dare
2587 1978 2824 2045 canibus,
2845 1970 3008 2051 neque
3021 1982 3240 2037 mittatis
3271 1998 3484 2053 marga-

1898 2068 2025 2121 ritas
2049 2078 2243 2122 vestras
2269 2077 2390 2122 ante
2417 2085 2627 2139 porcos,
2677 2086 2741 2124 ne
2786 2069 2922 2138 forte
2950 2070 3252 2127 conculcent
3288 2091 3377 2128 eas
3404 2091 3489 2144 pc-

1896 2158 2050 2213 dibus
2078 2160 2210 2224 suis,
2252 2171 2299 2213 et
2344 2161 2580 2215 conversi
2606 2160 2939 2232 disrumpunt
2972 2180 3080 2217 ros.
3111 2162 3372 2221 Sanctum
3402 2177 3487 2223 est

1896 2252 2039 2319 quod
2074 2250 2276 2305 violare
2327 2259 2488 2321 atque
2527 2267 2877 2323 corrumpere
2930 2256 3086 2311 nefas
3138 2265 3223 2312 est
3264 2276 3277 2311 :
3333 2258 3487 2327 cuius

1897 2341 2083 2410 utique
2134 2340 2358 2396 sceleris
2411 2352 2638 2399 conatus
2682 2353 2738 2398 et
2786 2344 3036 2401 voluntas
3086 2356 3299 2403 tenetur
3347 2365 3435 2404 rea
3468 2392 3483 2415 ,

1898 2432 2145 2503 quamvis
2181 2433 2311 2488 illud
2349 2442 2594 2491 sanctum
2633 2443 2827 2491 natura
2867 2437 3174 2494 inviolabile
3199 2447 3361 2511 atque
3402 2442 3486 2496 in-

1900 2527 2251 2597 corruptibile
2278 2537 2516 2582 maneat.
2558 2528 2865 2599 Margaritte
2905 2539 3108 2597 autem,
3152 2547 3486 2603 quaecunque

1899 2618 2164 2690 spiritalia
2212 2628 2552 2675 sacramenta
2601 2620 2963 2676 existimanda
3008 2630 3151 2677 sunt.
3172 2600 3250 2677 iEt
3275 2600 3413 2694 quia
3431 2626 3484 2679 in

1901 2709 2088 2765 abdito
2122 2709 2328 2775 latent,
2376 2717 2630 2781 tanquam
2671 2712 2737 2767 de
2765 2711 3034 2780 profundo
3082 2721 3347 2768 eruuntur
3372 2754 3388 2780 ,
3429 2727 3487 2769 et

1901 2801 2282 2872 allegoriarum
2321 2803 2737 2874 integumentis,
2771 2804 2927 2873 quasi
2978 2804 3182 2874 apertis
3216 2807 3440 2861 conchis
3469 2848 3485 2870 ,

1902 2892 2270 2948 inveniuntur.
2300 2892 2454 2947 Licet
2477 2892 2659 2962 itaque
2681 2893 2905 2966 intelligi
2938 2911 3041 2949 una
3072 2895 3370 2968 eademque
3397 2914 3485 2953 res

1902 2992 1957 3040 et
2001 2993 2248 3040 sanctum
2296 2993 2352 3039 et
2390 2986 2685 3055 margarita
2731 2987 2835 3041 dici
2883 3005 2896 3041 :
2940 2989 3035 3042 sed
3062 2997 3307 3044 sanctum
3332 3004 3397 3043 ex
3421 3005 3487 3043 co

1902 3076 2044 3146 quod
2090 3092 2197 3131 non
2253 3076 2415 3131 debet
2455 3078 2752 3147 corrumpi,
2787 3079 3079 3149 margarita
3124 3095 3193 3135 ex
3232 3094 3299 3136 co
3341 3083 3485 3151 quod

1898 3182 2009 3221 non
2080 3167 2239 3222 debet
2290 3168 2585 3223 contemni.
2654 3166 2893 3223 Conatur
2956 3178 3136 3225 autem
3200 3174 3485 3241 unusquis-

1898 3276 2005 3330 que
2043 3274 2391 3330 corrumpere
2426 3261 2567 3330 quod
2597 3276 2702 3315 non
2735 3262 2847 3315 vult
2871 3275 2991 3317 esse
3019 3263 3284 3333 integrum
3314 3304 3329 3331 ,
3357 3280 3486 3319 con-

1898 3350 2091 3404 temnit
2119 3364 2250 3404 vero
2280 3352 2423 3418 quod
2454 3349 2558 3405 vile
2584 3351 2733 3404 ducit
2756 3359 2811 3405 et
2839 3352 2993 3420 quasi
3029 3351 3167 3405 infra
3203 3367 3261 3406 se
3298 3352 3487 3408 existi-

1897 3451 2010 3497 mat
2063 3457 2216 3508 esse;
2261 3451 2317 3497 et
2359 3443 2481 3498 ideo
2516 3442 2712 3498 calcari
2742 3443 2938 3499 dicitur
2960 3444 3220 3514 quidquid
3246 3454 3485 3500 contem-

1897 3532 2064 3587 nitur.
2103 3531 2446 3601 Quapropter
2474 3548 2638 3587 canes
2668 3533 2923 3602 quoniam
2965 3534 3207 3588 insiliunt
3235 3536 3303 3589 ad
3347 3537 3482 3591 dila-

1895 3624 2231 3689 cerandum,
2280 3622 2421 3692 quod
2465 3631 2647 3677 autem
2701 3623 3002 3677 dilacerant
3047 3626 3315 3694 integrum
3364 3642 3486 3681 esse

1896 3708 2005 3766 non
2040 3712 2261 3776 sinunt;
2308 3712 2459 3781 porci
2512 3727 2643 3766 vero
2686 3712 2933 3781 quamvis
2970 3728 3078 3767 non
3120 3714 3196 3782 ita
3234 3722 3295 3767 ut
3321 3731 3484 3772 canes

1896 3814 2081 3855 morsu
2109 3806 2363 3869 appetant
2385 3840 2400 3863 ,
2428 3800 2632 3869 passim
2662 3809 2840 3855 tamen
2867 3801 3126 3857 calcando
3154 3804 3440 3873 inquinant
3468 3827 3477 3860 :

1897 3907 2061 3947 canes
2077 3907 2179 3962 pro
2199 3891 2659 3961 expugnatoribus
2683 3893 2947 3959 veritatis,
2990 3910 3185 3963 porcos
3223 3912 3322 3966 pro
3353 3914 3484 3953 con-

1898 3984 2251 4056 temptoribus
2307 3983 2557 4057 [positos]
2601 4000 2708 4039 non
2797 3986 3089 4057 incongrue
3162 3989 3473 4058 accipimus.

1895 4076 2051 4144 Quod
2083 4084 2264 4131 autem
2297 4076 2376 4130 ait
2411 4095 2424 4129 :
2455 4073 2702 4131 Conversi
2732 4078 3061 4148 disrumpant
3091 4097 3197 4146 vos,
3244 4096 3352 4137 non
3404 4085 3481 4137 ait

1895 4170 2042 4239 ipsas
2072 4168 2393 4239 margaritas
2415 4169 2775 4240 disrumpant.
2802 4170 2926 4228 lJlas
2954 4173 3101 4226 enim
3135 4173 3475 4246 disrumpunt

1895 4260 2059 4314 etiam
2093 4275 2215 4315 cum
2253 4271 2647 4317 convertuntur
2688 4273 2746 4318 ut
2785 4264 2961 4319 adhuc
2994 4265 3194 4335 aliquid
3219 4269 3478 4331 audiant,

1896 4350 2237 4420 disrumpunt
2268 4359 2447 4407 tamen
2474 4369 2597 4407 eum
2623 4369 2653 4408 a
2677 4353 2915 4425 quoiam
2942 4356 3134 4411 missas
3154 4359 3479 4428 margaritas;

1899 4440 2371 4495 conculcaverunt.
2434 4441 2550 4496 Non
2608 4444 2752 4496 enim
2806 4442 2964 4497 facile
3027 4445 3299 4500 inveneris
3350 4449 3479 4516 quid

1894 4540 2108 4601 gratum
2133 4533 2182 4587 ei
2212 4548 2332 4588 esse
2361 4533 2551 4602 possit,
2582 4534 2672 4602 qui
2706 4535 3029 4605 margaritas
3057 4538 3477 4599 conculcaverit,

1896 4624 1949 4677 id
1976 4632 2093 4687 est,
2142 4640 2266 4679 cum
2316 4639 2510 4693 magno
2542 4624 2726 4679 labore
2756 4626 2936 4679 divina
2976 4626 3192 4682 inventa
3242 4639 3477 4684 conteru—

1894 4716 2084 4785 pserit.
2119 4715 2221 4782 Qui
2255 4725 2434 4769 autem
2469 4716 2602 4771 tales
2653 4718 2850 4772 docent
2891 4718 3161 4785 quomodo
3213 4734 3320 4772 non
3371 4720 3477 4774 (ΠΒ-

1894 4813 2217 4874 rumpantur
2248 4805 2573 4875 indignando
2597 4814 2654 4860 et
2684 4806 3077 4867 stomachando
3102 4849 3116 4873 ,
3161 4824 3268 4862 non
3297 4810 3475 4864 video.

1896 4895 2196 4965 Utrumque
2219 4896 2419 4950 animal
2443 4896 2777 4952 immundum
2799 4906 2901 4963 est,
2929 4905 2985 4951 et
3009 4899 3160 4953 canis
3185 4908 3235 4953 et
3257 4915 3473 4968 porcus.

1895 4986 2207 5041 Cavendum
2235 5001 2364 5058 ergo
2389 5003 2456 5042 ne
2479 4987 2607 5055 quid
2637 4987 2912 5057 aperiatur
2940 4989 2989 5043 ci
3022 4990 3112 5059 qui
3144 5005 3250 5043 non
3297 4994 3435 5060 capit
3460 5009 3472 5044 :

1897 5076 2089 5132 melius
2119 5077 2263 5133 enim
2285 5077 2479 5147 quaerit
2508 5077 2652 5147 quod
2675 5077 2918 5133 clausum
2946 5089 3231 5148 est,quam
3258 5080 3311 5133 id
3332 5082 3472 5149 quod

1896 5177 2142 5238 apertum
2172 5175 2256 5222 est
2293 5174 2387 5220 aut
2421 5165 2639 5222 infestat
2664 5178 2758 5222 aut
2784 5170 3023 5239 negligit.
3053 5167 3253 5239 (Ηὶετ.)
3273 5167 3473 5223 Notan-

1896 5263 2024 5316 dum
2072 5269 2255 5314 autem
2298 5259 2441 5328 quod
2492 5260 2753 5330 quidam,
2807 5275 2969 5315 canes
3016 5259 3240 5329 intelligi
3291 5260 3476 5313 volunt

1899 5356 2202 5418 lnereticos,
2226 5354 2308 5409 vel
2331 5369 2425 5408 eos
2445 5353 2536 5422 qui
2568 5361 2690 5421 post
2720 5352 2878 5405 ﬁdem
2904 5349 3105 5403 Christi
3133 5357 3475 5403 revertuntur

1898 5450 1966 5503 ad
2005 5448 2264 5503 vomitum
2305 5454 2653 5515 peccatorum
2709 5457 2959 5505 suorum;
3012 5455 3207 5508 porcos
3246 5449 3423 5494 autem
3455 5481 3469 5504 ,

1896 5557 1993 5597 eos
2018 5542 2109 5611 qui
2140 5540 2365 5594 necdum
2400 5538 2693 5609 Evangello
2748 5535 3095 5590 crediderunt
3126 5575 3140 5599 ,
3180 5543 3235 5588 et
3276 5535 3327 5589 in
3359 5536 3471 5591 luto

1897 5632 2292 5689 incredulitatis
2324 5631 2578 5700 vitiisque
2608 5616 2907 5683 versantur.
2939 5626 3056 5680 Non
3098 5626 3353 5679 convenit
3371 5628 3473 5697 igi-

1900 5739 1987 5785 t-ur
2030 5727 2332 5782 istiusmodi
2380 5724 2687 5780 hominibus
2718 5722 2824 5775 cito
2850 5719 3215 5789 evangelicam
3254 5720 3476 5775 credere

2958 5815 3034 5873 27
