3978 6190
507 359 614 420 84⁵5

1153 341 1213 394 Β.
1254 335 1504 393 RABANI
1547 333 1764 388 MAURJ
1804 331 2121 387 ARCIllEP.
2164 329 2475 387 MOGUNT.
2515 325 2799 384 OPERUM
2836 322 3017 379 PARS
3053 324 3095 379 Ι.

3663 327 3764 381 8H

507 464 859 537 margaritam
884 501 897 525 ,
938 471 1006 512 ne
1037 450 1352 509 conculcent
1404 445 1531 501 illud
1580 454 1634 499 et
1662 444 1908 499 conversi
1952 442 2087 497 inci-
2117 447 2167 505 Α
2196 442 2311 496 hrcc
2341 442 2445 494 duo
2483 439 2830 509 subsequitur
2873 437 2961 492 ovi
2992 444 3048 490 et
3074 448 3374 505 scorpionis
3398 439 3725 505 comparatio
3749 480 3766 505 ,

511 560 659 629 piant
680 569 780 609 nos
794 549 1083 618 dissipare.
1112 540 1293 615 (Αυῃ.)
1316 540 1421 595 Sed
1449 554 1572 593 cum
1598 546 1927 608 praeceptum
1956 544 2098 592 esset

512 627 579 704 ne
608 651 858 701 sanctum
901 638 1122 693 daretur
1169 632 1416 695 canibus,
1448 636 1502 684 ct
1526 643 1597 682 ne
1628 627 1933 699 margaritae
1972 632 2121 681 ante.

510 750 704 809 porcos
734 731 1105 791 mitterentur,
1154 722 1329 793 potuit
1381 721 1615 784 auditor,
1655 718 1906 774 conscius
1948 717 2099 787 igno-

513 806 703 884 rantiae
729 829 892 891 atque
918 832 1031 873 suae
1062 812 1414 877 inﬁrmitatis,
1434 810 1656 865 audiens
1673 810 1772 864 sibi
1788 806 2008 878 praecipi
2031 822 2098 861 ne

509 924 628 977 haec
667 917 821 972 daret
862 926 981 981 quae
1030 909 1266 979 scipsum
1295 905 1534 960 nondum
1560 903 1835 972 accepisse
1861 899 2095 963 sciebat,

511 1020 800 1067 occurrere
831 1009 884 1057 et
913 1000 1124 1056 dicere:
1145 994 1299 1063 Quod
1323 1001 1571 1050 sanctum
1599 1007 1685 1047 me
1699 993 1829 1047 dare
1849 988 2095 1052 canibus,

511 1111 568 1157 et
619 1112 758 1170 quas
801 1090 1129 1163 margaritas
1157 1101 1244 1142 me
1282 1085 1497 1140 mittere
1520 1095 1645 1155 ante
1676 1096 1869 1153 porcos
1906 1088 2056 1134 vetas
2080 1119 2095 1145 ,

512 1207 635 1248 cum
659 1189 836 1243 adhuc
859 1198 924 1239 ea
959 1196 1046 1236 me
1075 1178 1275 1235 habere
1298 1191 1405 1231 non
1434 1174 1682 1230 videam?
1704 1170 2098 1243 opportunissi-

513 1300 599 1339 me
625 1280 855 1351 subjecit
883 1277 1103 1332 dicens:

583 1374 697 1447 UL]
724 1370 916 1435 Petite,
943 1376 989 1422 et
1014 1366 1230 1419 dabitur
1254 1362 1427 1427 vobis;
1456 1360 1688 1431 quwrite,
1718 1367 1765 1411 et
1794 1354 2097 1419 invenietis;

510 1445 718 1539 pulsate
749 1505 763 1530 ,
808 1470 855 1516 et
889 1459 1152 1532 aperietur
1181 1455 1342 1510 vobis.
1368 1451 1564 1507 Potitio
1589 1448 1824 1520 pertinet
1845 1447 1912 1500 ad
1935 1445 2101 1514 impe-

513 1559 760 1616 trandam
789 1554 1082 1611 sanitatem
1126 1547 1546 1613 ﬁrmitatemque
1594 1541 1785 1605 animi,
1812 1547 1871 1593 ut
1891 1553 1955 1591 ea
1980 1549 2099 1605 quae

513 1648 902 1722 praecipiuntur
932 1639 1158 1711 implere
1206 1636 1478 1707 possimus
1508 1652 1522 1687 :
1559 1630 1844 1702 inquisitio
1875 1636 2056 1683 autem
2080 1666 2094 1691 ,

513 1717 582 1793 ad
629 1717 1009 1792 inveniendam
1057 1729 1364 1784 veritatem.
1406 1725 1540 1780 Cum
1590 1723 1736 1779 enim
1787 1720 1949 1775 beata
1987 1717 2098 1770 vita

2199 537 2250 588 in
2284 549 2385 587 ovo
2430 532 2697 587 indicatur
2721 545 2873 600 spes;
2906 544 3068 583 ovum
3091 528 3235 583 enim
3260 527 3500 582 nondum
3525 535 3611 582 est
3639 527 3767 584 fctus

2195 623 2491 694 perlectus,
2518 622 2610 678 sed
2636 619 2867 675 fovendo
2888 626 3138 689 speratur
3160 615 3517 691 [perﬁcitur];
3545 618 3635 672 cui
3651 634 3767 674 etm-

2200 720 2425 771 trarium
2449 715 2627 785 posuit
2649 714 3015 783 scorpionem,
3048 712 3205 783 cujus
3237 710 3457 767 aduleus
3480 720 3768 768 venenatus

2198 818 2346 863 retro
2391 807 2666 862 timendus
2695 812 2783 861 est
2810 820 2825 857 ε
2854 805 2995 859 sicut
3016 804 3132 874 spei
3153 802 3487 873 contrarium
3510 810 3598 857 est
3633 812 3767 857 retro

2198 898 2491 968 respicere,
2522 910 2647 951 cum
2672 908 2800 965 spes
2843 893 3147 948 futurorum
3179 893 3233 947 in
3262 906 3324 947 ea
3349 907 3471 962 qua
3490 900 3624 948 ante
3660 902 3768 948 sunt

2200 987 2442 1042 attendat

2272 1080 2331 1135 Si
2352 1096 2473 1150 ergo
2503 1097 2613 1145 vos,
2642 1096 2759 1134 cum
2787 1080 2899 1134 sitis
2931 1077 3057 1132 mali
3076 1117 3091 1141 ,
3127 1076 3290 1131 nostis
3320 1077 3455 1131 bona
3498 1075 3630 1130 data
3658 1076 3770 1129 dare

2199 1173 2324 1244 ﬁliis
2367 1172 2567 1235 uestris,
2599 1180 2796 1241 quanto
2836 1170 3001 1239 magis
3038 1165 3201 1222 Pater
3236 1176 3405 1222 vester
3430 1168 3520 1239 qui
3548 1167 3604 1222 in
3645 1166 3769 1221 caelis

2199 1273 2274 1319 est
2300 1264 2446 1317 dabit
2495 1263 2629 1316 bona
2667 1261 2957 1332 petentibus
3002 1277 3055 1315 se
3079 1261 3103 1314 Σ)
3126 1258 3311 1333 (Αυρ.)
3335 1258 3619 1327 Quomodo
3658 1258 3770 1312 ntali

2201 1355 2332 1409 dant
2380 1354 2556 1408 bona?
2592 1353 2699 1408 Sed
2740 1352 2913 1408 malos
2966 1351 3256 1422 appellavit
3287 1351 3569 1405 dilectores
3611 1350 3770 1405 adhuc

2200 1447 2382 1503 saeculi
2433 1446 2591 1517 hujus
2637 1454 2693 1499 et
2728 1452 3062 1514 peccatores.
3100 1442 3247 1498 Bona
3291 1457 3423 1497 vero
3450 1457 3569 1511 qua:
3613 1442 3768 1506 dant,

2201 1535 2495 1591 secundum
2539 1548 2729 1589 eorum
2784 1547 3001 1588 sensum
3049 1533 3189 1587 bona
3219 1532 3446 1587 dicenda
3482 1539 3632 1595 sunt,
3662 1532 3770 1601 quia

2202 1629 2317 1682 hazc
2354 1641 2455 1697 pro
2477 1625 2634 1680 bonis
2656 1626 2876 1680 habent.
2904 1623 3222 1693 Quanquam
3265 1624 3320 1677 in
3370 1637 3553 1678 rerum
3592 1631 3770 1676 natura

2201 1718 2307 1772 ista
2334 1717 2476 1772 bona
2498 1730 2604 1770 non
2632 1713 2758 1779 sint,
2790 1716 2885 1770 sed
2911 1714 3226 1785 temporalia
3252 1721 3309 1768 et
3336 1714 3402 1768 ad
3432 1714 3590 1768 istam
3622 1713 3770 1767 vitam

513 1831 728 1887 actione
756 1834 812 1882 et
853 1822 1159 1896 cognitione
1189 1817 1555 1888 compleatur,
1612 1812 1754 1868 actio
1787 1808 2096 1865 facultatem
2127 1820 2174 1879 Β
2204 1810 2472 1865 inﬁrmam
2511 1808 2837 1878 pertinent-ia
2864 1825 2878 1863 :
2916 1816 2972 1863 et
2990 1807 3237 1877 quisquis
3258 1822 3321 1862 ea
3344 1807 3519 1861 malus
3540 1807 3654 1871 dat,
3678 1821 3772 1859 non

512 1928 713 1981 virium
748 1964 762 1990 ,
804 1916 1188 1988 contemplatio
1214 1911 1708 1969 manifestationem
1749 1923 1933 1965 rerum
1963 1905 2103 1962 desi-

515 2019 693 2073 derat.
727 2012 930 2068 llorum
961 2022 1091 2080 ergo
1133 2007 1371 2078 primum
1417 2002 1708 2075 petendum
1738 2041 1752 2067 ,
1805 1998 2101 2056 secundum

519 2104 870 2178 quaerendum
895 2108 1011 2166 est;
1036 2108 1099 2154 ut
1125 2095 1257 2153 illud
1286 2097 1465 2161 detur,
1496 2096 1599 2151 hoc
1623 2092 1949 2149 inveniatur.
1993 2089 2101 2146 Sed

514 2193 748 2265 cognitio
772 2191 828 2246 in
855 2190 963 2245 hae
983 2188 1117 2253 vita,
1142 2186 1243 2242 vias
1260 2184 1579 2256 priusquam
1607 2182 1777 2254 ipsius
1804 2181 2102 2253 possessio-

514 2287 726 2352 nisest;
754 2281 848 2339 sed
876 2296 999 2338 eum
1033 2279 1264 2351 quisque
1288 2292 1474 2334 veram
1498 2277 1642 2333 viam
1665 2274 1955 2339 invenerit,
1983 2288 2105 2343 per-

513 2375 695 2430 veniet
740 2371 808 2429 ad
854 2372 1026 2442 ipsam
1062 2369 1482 2441 possessionem,
1516 2383 1637 2438 qua:
1660 2373 1843 2421 tamen
1867 2364 2101 2437 pulsanti

515 2467 807 2538 aperietur.
842 2463 916 2520 Ut
938 2477 1069 2534 ergo
1095 2462 1197 2516 tria
1222 2461 1349 2527 ista,
1391 2461 1445 2515 id
1474 2468 1578 2526 est,
1608 2458 1801 2530 petitio
1825 2500 1840 2525 ,
1872 2457 2101 2529 inquisi-

516 2558 615 2621 tio,
664 2552 916 2625 pulsatio,
959 2549 1252 2606 manil‘csta
1288 2550 1440 2615 ﬂant,
1490 2550 1590 2605 sub
1630 2548 1813 2618 aliquo
1856 2546 2103 2617 exemplo

515 2661 800 2719 ponamus.
832 2645 1091 2701 Videmus
1124 2642 1361 2713 aliquem
1404 2641 1634 2696 inﬁrmis
1656 2640 1883 2712 pedibus
1910 2638 2102 2694 ambu-

516 2739 629 2793 lare
673 2752 780 2791 non
815 2750 973 2805 posse
1000 2751 1013 2787 :
1043 2733 1197 2803 prius
1223 2746 1355 2805 ergo
1381 2732 1654 2787 sanandus
1674 2738 1758 2786 est
1785 2738 1841 2785 et
1880 2729 2102 2784 ﬁrman-

519 2829 619 2882 dus
638 2827 708 2881 ad
734 2822 1155 2888 ambulandum;
1183 2830 1238 2877 et
1274 2821 1343 2875 ad
1372 2822 1476 2877 hoc
1495 2821 1732 2892 pertinet
1758 2819 1901 2889 quod
1929 2818 2100 2875 dicit:

519 2917 709 2973 Petite.
762 2916 904 2983 Quid
948 2923 1130 2970 autem
1173 2914 1397 2985 prodest
1450 2914 1594 2983 quod
1628 2912 1909 2968 ambulare
1945 2912 2058 2981 jam
2087 2951 2102 2977 ,

2204 1903 2270 1958 de
2295 1916 2393 1957 suo
2416 1901 2538 1965 dat;
2568 1899 2777 1953 Domini
2817 1908 2891 1954 est
2926 1900 3063 1953 enim
3106 1908 3250 1953 terra
3269 1939 3283 1963 ,
3312 1907 3361 1952 et
3378 1896 3654 1968 plenitudo
3676 1898 3772 1965 ejus

2204 1992 2378 2065 (Paul.
2429 1991 2619 2063 run);
2670 1992 2762 2061 qui
2794 1989 2922 2047 fecit
2949 1992 3145 2046 caelum
3180 1999 3237 2046 et
3279 1999 3505 2056 terram,
3540 2005 3691 2045 mare
3728 1999 3776 2043 et

2203 2081 2384 2137 omnia
2410 2095 2532 2151 quae
2557 2080 2612 2135 in
2648 2080 2729 2135 eis
2759 2088 2885 2135 sunt
2926 2078 3100 2151 (Psal.
3141 2078 3320 2151 ειη).
3362 2078 3637 2146 Quantum
3661 2093 3773 2147 ergo

2204 2173 2530 2244 speraan
2561 2180 2646 2227 est
2672 2172 2925 2226 daturum
2973 2169 3257 2225 Dominum
3303 2168 3462 2225 nobis
3506 2169 3650 2224 bona
3694 2183 3774 2237 pe-

2205 2266 2471 2332 tentibus;
2498 2281 2603 2322 nec
2640 2280 2739 2321 nos
2776 2278 2941 2335 posse
2967 2264 3166 2334 decipi,
3206 2272 3267 2318 ut
3296 2263 3629 2333 accipiamus
3648 2260 3776 2320 aliud

2204 2371 2306 2429 pro
2337 2357 2444 2413 alio
2468 2399 2483 2424 ,
2513 2372 2633 2412 cum
2668 2356 2736 2411 ab
2775 2356 2892 2428 ipso
2930 2356 3200 2427 petimus;
3235 2355 3451 2426 quando
3476 2369 3576 2409 nos
3604 2353 3776 2414 etiam,

2205 2466 2332 2509 cum
2358 2452 2531 2508 simus
2555 2451 2718 2517 mali,
2766 2450 3017 2506 novimus
3058 2450 3114 2504 id
3147 2449 3283 2504 dare
3320 2448 3467 2518 quod
3507 2447 3778 2517 petimur?

2208 2544 2491 2602 Nndeuim
2519 2546 2821 2617 decipimus
2849 2544 2993 2617 ﬁlios
3032 2552 3267 2610 nostros,
3298 2552 3355 2598 et
3392 2542 3779 2613 qualiacunque

2208 2640 2348 2696 bona
2388 2639 2604 2705 damus,
2629 2614 2737 2694 non
2776 2638 2843 2693 de
2885 2614 3094 2700 nostro,
3139 2638 3235 2693 sed
3270 2637 3337 2691 de
3373 2635 3546 2706 ipsius
3579 2635 3777 2689 damus.

2207 2730 2381 2787 Aliter
2403 2730 2652 2801 apostoli,
2682 2730 2779 2799 qui
2805 2728 3092 2784 electionis
3128 2727 3324 2782 merito
3360 2726 3664 2781 bonitatem
3700 2740 3784 2794 ge-

2210 2825 2356 2881 neris
2397 2823 2621 2879 humani
2667 2822 2853 2877 multis
2892 2828 3249 2877 excesserant
3296 2818 3470 2874 modis
3497 2860 3513 2884 ,
3548 2832 3785 2889 superna:

2208 2917 2472 2972 bonitatis
2496 2916 2693 2971 intuitu
2726 2915 2856 2970 mali
2896 2929 3018 2970 esse
3041 2913 3313 2968 dicuntur.
3354 2910 3492 2979 Quia
3540 2910 3674 2966 nihil
3711 2917 3786 2963 est

516 3011 603 3066 vel
631 3011 795 3065 etiam
820 3022 1044 3064 currere
1065 3014 1286 3078 potest,
1312 3006 1356 3062 si
1384 3021 1482 3076 per
1506 3006 1721 3061 devium
1758 3005 1864 3059 iter
1886 3016 2105 3058 errave—
2216 3023 2314 3079 per
2341 3006 2690 3077 semetipsum
2718 3005 2911 3061 stabile
2936 3046 2950 3070 ,
2980 3004 3115 3058 nihil
3146 3003 3504 3067 immutabile,
3538 3000 3669 3056 nihil
3696 2999 3787 3054 bo-

520 3100 634 3155 rit?
677 3098 974 3154 secundum
1014 3111 1163 3168 ergo,
1212 3105 1272 3153 ut
1316 3097 1557 3152 inveniat
1590 3096 1736 3151 viam
1780 3108 1899 3164 quae
1942 3094 2109 3149 ducat
2149 3164 2178 3168 ι
2214 3115 2375 3164 num,
2431 3097 2537 3154 nisi
2591 3095 2775 3152 Deitas
2816 3096 2949 3151 sola.
2989 3094 3193 3151 Omnes
3222 3109 3352 3149 vero
3380 3102 3685 3156 creatum,
3734 3099 3789 3143 ut

521 3207 643 3247 eum
673 3204 781 3261 quo
813 3189 927 3244 vult
969 3164 1254 3257 pervenire
1283 3228 1298 3254 ,
1342 3198 1398 3245 et
1439 3189 1547 3244 huc
1587 3188 1822 3259 pertinet
1861 3189 2098 3259 quierim.
2133 3164 2179 3229 (ἶ
2209 3192 2599 3248 beatitudinem
2644 3190 2963 3245 aeternitatis
3007 3187 3092 3244 vel
3148 3186 3605 3243 immutabilitatis
3659 3184 3790 3238 obti—

518 3281 693 3348 Quam
721 3294 844 3335 cum
871 3277 1106 3333 tenuerit
1144 3288 1200 3333 et
1229 3278 1523 3347 peregerit,
1557 3292 1680 3332 eum
1722 3271 1897 3348 ipsum
1930 3277 2108 3332 locum
2207 3289 2393 3347 neant,
2420 3296 2528 3335 non
2556 3281 2660 3336 hoc
2680 3295 2783 3351 per
2805 3295 2959 3335 suam
2988 3288 3263 3345 naturam,
3293 3279 3386 3334 sed
3412 3293 3508 3349 per
3531 3275 3789 3333 creatoris

519 3371 613 3425 ubi
637 3370 884 3426 habitare
907 3368 1021 3423 vult
1043 3368 1087 3422 si
1115 3367 1358 3423 clausum
1386 3368 1688 3433 invenerit,
1714 3382 1890 3438 neque
1916 3368 2108 3423 ambu-
2210 3372 2293 3426 sui
2327 3370 2802 3441 participationem
2830 3376 2884 3424 et
2913 3370 3142 3441 gratiam
3168 3376 3592 3438 consequuntur.
3643 3365 3786 3434 Quod

518 3462 636 3516 lare
658 3458 920 3530 potuisse,
949 3472 1122 3526 neque
1144 3457 1450 3526 porrexisse
1474 3471 1539 3511 ac
1556 3455 1871 3525 pervenisse
1892 3454 2111 3526 profue-

523 3552 617 3616 rit,
661 3550 765 3605 nisi
812 3548 1136 3618 aperiatur:
1183 3547 1253 3601 ad
1303 3548 1408 3602 hoc
1441 3547 1674 3617 pertinet
1714 3547 1860 3617 quod
1905 3547 2109 3602 dictum

402 3626 415 3645 “
519 3651 642 3699 est;
674 3640 910 3696 Pulsate.
958 3638 1206 3710 Magnam
1232 3648 1413 3694 autem
1442 3653 1597 3710 spem
1620 3637 1770 3694 dedit
1795 3646 1850 3694 et
1894 3637 1990 3693 dat
2023 3638 2112 3693 ille

522 3732 615 3803 qui
635 3731 1000 3803 promittendo
1023 3744 1130 3784 non
1153 3728 1375 3799 decipit.
1416 3727 1509 3783 Ait
1530 3729 1675 3783 enim
1707 3746 1719 3781 :
2057 3768 2075 3784 .

595 3825 780 3881 Omnis
824 3826 962 3880 enim
1003 3827 1093 3897 qui
1137 3826 1262 3895 petit
1292 3825 1516 3895 accipit;
1568 3832 1618 3877 et
1644 3823 1733 3894 qui
1759 3820 1947 3893 quierit
1974 3822 2113 3876 inue-

524 3916 642 3976 nit;
687 3925 736 3970 et
764 3914 997 3986 pulsanti
1028 3914 1310 3986 aperietur.
1344 3915 1489 3985 Ergo
1529 3912 1937 3984 perseverantia
1976 3926 2143 3989 opus,

524 4015 608 4064 est
642 4016 702 4063 ut
725 4007 1056 4078 accipiamus
1085 4007 1226 4077 quod
1252 4007 1509 4076 petimus,
1525 4014 1583 4061 et
1605 4005 1946 4061 inveniamus
1967 4003 2113 4074 quod

524 4098 841 4167 qumrimus,
880 4105 934 4155 et
964 4096 1111 4167 quod
1154 4096 1430 4166 pulsamus
1460 4095 1755 4166 aperiatur.
1785 4094 1919 4148 Nam
1949 4094 1995 4149 si
2018 4107 2113 4162 pe-

529 4191 668 4248 tenti
698 4191 858 4247 datur
878 4231 893 4256 ,
930 4200 987 4245 et
1015 4201 1265 4259 quaarens
1299 4186 1524 4254 invenit,
1556 4195 1611 4241 et
1636 4185 1871 4256 pulsanti
1902 4183 2111 4254 aperie-

527 4292 636 4348 tur,
664 4296 793 4354 crgo
845 4280 934 4336 cui
982 4294 1092 4335 non
1137 4279 1317 4345 datur,
1350 4286 1407 4334 et
1432 4278 1526 4350 qui
1554 4292 1662 4332 non
1694 4276 1918 4341 invenit,
1944 4281 1999 4329 et
2022 4275 2111 4329 cui

525 4393 633 4433 non
660 4376 953 4448 aperietur,
984 4381 1210 4444 apparet
1231 4372 1374 4443 quod
1413 4387 1520 4427 non
1544 4370 1681 4427 bene
1705 4368 1938 4442 petierit,
1963 4382 2114 4437 qua:-

525 4468 680 4523 sierit
700 4475 757 4520 et
782 4457 1094 4536 pulsaverit.

601 4555 705 4608 Aut
733 4554 850 4624 quis
880 4563 954 4607 est
980 4567 1045 4606 ea:
1061 4551 1198 4606 vobis
1211 4557 1384 4617 homo,
1399 4568 1548 4623 quem
1562 4552 1606 4605 si
1618 4552 1817 4621 petierit
1830 4552 1972 4621 filius
1982 4568 2109 4607 suus

528 4659 715 4716 panem
735 4684 749 4708 ,
780 4642 1015 4713 nunquid
1040 4640 1267 4711 lapidem
1299 4642 1526 4711 porriget
1553 4641 1599 4694 ei
1619 4642 1646 4694 2
1669 4640 1831 4696 Panis
1861 4642 2113 4711 intelligi-

531 4741 624 4787 tur
651 4730 909 4791 charitas,
943 4737 1165 4800 propter
1193 4727 1455 4798 majorem
1477 4729 1770 4800 appetitum
1797 4740 1853 4787 et
1884 4740 1992 4785 tam
2018 4748 2113 4787 ne-

522 4821 827 4877 cessarium
852 4861 867 4885 ,
900 4829 960 4875 ut
1004 4819 1121 4876 sine
1164 4820 1254 4875 illa
1283 4830 1478 4876 caetera
1501 4820 1636 4876 nihil
1663 4823 1793 4888 sint,
1827 4824 1968 4878 sicut
1993 4824 2111 4880 sine

484 4965 495 4971 -
528 4933 669 4989 pane
696 4931 884 4972 mensa
908 4916 1066 4986 inops
1097 4924 1199 4970 est.
1243 4914 1342 4971 Cui
1372 4917 1645 4972 contraria
1673 4926 1757 4972 est
1789 4917 1968 4973 cordis
2013 4918 2111 4972 du-

528 5009 674 5073 ritia,
708 5022 869 5078 quam
899 5006 1062 5077 lapidi
1090 5006 1443 5076 comparavit.

602 5100 705 5154 Aut
730 5099 777 5153 si
797 5100 989 5169 piscem
1016 5099 1218 5169 petierit
1244 5137 1258 5162 ,
1303 5097 1538 5168 nunquid
1569 5109 1855 5167 serpentem
1883 5100 2111 5169 porriget

535 5207 571 5244 ρι
597 5192 621 5245 ?
652 5190 822 5246 Piscis
845 5198 930 5245 est
959 5189 1095 5245 ﬁdes
1140 5189 1490 5244 iuvisibilium
1515 5231 1529 5253 ,
1559 5190 1644 5244 vel
1668 5198 1893 5260 propter
1914 5205 2108 5260 aquam

528 5284 803 5352 baptismi,
828 5283 914 5337 vel
938 5282 1062 5352 quia
1087 5282 1152 5337 de
1177 5282 1537 5338 invisibilibus
1557 5282 1691 5338 locis
1713 5283 1942 5352 capitur.
1958 5281 2112 5350 Quod

526 5372 690 5428 etiam
722 5371 855 5427 ﬁdes
891 5370 1052 5441 hujus
1075 5369 1262 5426 mundi
1297 5369 1549 5427 ﬂuctibus
1577 5371 1980 5427 circumlatrata
2001 5387 2111 5429 non

525 5464 793 5534 frangitur
819 5502 836 5529 ,
867 5472 1015 5519 recte
1053 5463 1187 5534 pisci
1229 5470 1595 5534 comparatur.
1644 5462 1745 5518 Cui
1777 5463 2110 5518 contrarium

522 5555 707 5625 posuit
761 5563 1065 5625 serpentem
1093 5595 1109 5620 ,
1154 5561 1378 5625 propter
1425 5568 1633 5609 venena
1684 5554 1909 5610 fallaciae
1933 5596 1948 5621 ,
1992 5569 2111 5625 quae

528 5645 695 5698 etiam
746 5644 921 5711 primo
958 5645 1163 5701 homini
1201 5645 1340 5700 male
1368 5645 1646 5701 suadendo
1683 5646 2105 5716 praesemiuavit.

534 5734 823 5802 illicitos.)
844 5734 998 5796 Quod
1020 5744 1199 5791 autem
1215 5737 1271 5793 in
1296 5736 1586 5808 Evangelio
1599 5738 1892 5793 secundum
1907 5737 2107 5795 Lucam

2133 4517 2188 4577 D

2207 3479 2341 3520 vero
2378 3463 2433 3519 in
2462 3462 2608 3519 Luca
2630 3463 2830 3519 dicitur
2858 3461 3011 3535 (Cap.
3039 3460 3122 3535 ut)
3151 3480 3164 3515 :
3197 3462 3408 3527 Quanto
3439 3459 3609 3529 magis
3640 3457 3789 3511 Pater

2211 3564 2376 3610 vester
2413 3540 2478 3608 de
2524 3554 2649 3608 «elo
2683 3555 2829 3608 dabit
2879 3555 3121 3624 spiritum
3175 3552 3368 3606 bonum
3422 3550 3711 3621 petentibus
3739 3563 3787 3599 se

2213 3644 2334 3718 (pro
2359 3659 2468 3716 quo
2497 3644 2780 3700 Matthazus
2805 3659 2951 3699 nunc
2972 3644 3190 3714 posuit;
3223 3641 3377 3696 Dabit
3412 3645 3546 3695 bona
3571 3640 3784 3710 petenti-

2212 3735 2306 3790 bus
2332 3735 2408 3808 se)
2436 3736 2671 3792 ostendit
2699 3735 2961 3807 Spiritum
2987 3742 3234 3790 sanctum
3259 3731 3648 3803 plenitudinem
3678 3743 3786 3784 esse

2211 3827 2477 3883 bonorum
2508 3827 2626 3892 Dei,
2661 3835 2717 3882 et
2752 3841 2815 3881 ea
2850 3840 2971 3895 quae
3020 3824 3282 3881 divinitus
3317 3821 3790 3878 subministrantur

2212 3936 2320 3976 non
2352 3919 2457 3975 alia
2484 3921 2688 3991 absque
2707 3935 2771 3975 ea
2798 3906 3135 3975 subsistere:
3161 3917 3290 3989 quia
3315 3930 3506 3971 omnes
3532 3914 3788 3968 utilitates

2212 4030 2331 4086 quae
2355 4029 2422 4070 ex
2462 4014 2725 4068 donorum
2764 4012 2861 4067 Dei
2914 4010 3090 4082 gratia
3148 4007 3538 4079 suscipiuntur,
3590 4020 3661 4061 ex
3695 4004 3791 4057 isto

2212 4107 2360 4162 fonte
2374 4107 2681 4161 demanant.
2702 4102 2809 4159 Sed
2828 4104 2956 4174 quia
2978 4102 3261 4158 redamare
3279 4107 3553 4155 amantem
3568 4104 3789 4154 cunctos

2214 4205 2407 4251 natura
2446 4196 2645 4260 docuit,
2674 4211 2782 4251 non
2807 4203 3078 4250 amantem
3105 4208 3235 4250 vero
3258 4192 3539 4249 beneﬁciis
3559 4192 3633 4246 ad
3658 4204 3792 4244 amo-

2215 4304 2329 4343 rem
2357 4290 2500 4358 cogi,
2526 4288 2728 4343 Christi
2759 4288 2931 4342 solum
2960 4287 3209 4343 doctrina
3243 4284 3518 4355 perfectos
3537 4281 3789 4341 instituit,

2214 4394 2338 4434 cum
2369 4393 2469 4434 nos
2494 4379 2707 4449 priores
2733 4386 2892 4449 prout
2921 4377 3078 4433 nobis
3132 4378 3249 4432 ﬁeri
3280 4376 3530 4440 velimus,
3559 4375 3689 4429 aliis
3715 4371 3794 4427 ia-

2214 4484 2339 4524 cere
2368 4468 2604 4538 iuberet,
2633 4469 2881 4526 eumdem
2906 4484 3030 4523 mox
3062 4483 3279 4525 sensum
3307 4468 3471 4523 latius
3505 4464 3795 4522 astruendo

2215 4558 2470 4624 limavit,
2501 4558 2687 4614 dicens
2715 4574 2730 4612 :

2287 4650 2479 4705 Omnia
2502 4666 2623 4721 ergo
2654 4667 2976 4722 qurrcunque
3009 4652 3160 4705 vultis
3199 4659 3254 4704 ut
3291 4650 3493 4720 faciant
3528 4649 3672 4704 vobis
3709 4648 3796 4700 Ito-

2215 4743 2398 4805 mines,
2430 4752 2477 4795 et
2496 4757 2583 4795 vos
2608 4741 2767 4809 facite
2789 4743 2883 4795 eis.
2909 4740 3037 4796 Han:
3065 4751 3140 4796 est
3164 4742 3305 4797 enim
3330 4740 3417 4796 (ea:
3441 4751 3490 4795 et
3513 4734 3795 4811 propﬁettr.

2218 4831 2439 4887 Videtur
2462 4831 2607 4886 enim
2651 4830 2755 4887 hoc
2789 4839 3115 4902 praeceptum
3143 4832 3209 4887 ad
3245 4832 3592 4887 dilectionem
3622 4828 3799 4901 proxi-

2212 4922 2288 4976 mi
2321 4922 2593 4993 pertinere
2613 4962 2626 4984 ,
2659 4937 2766 4977 non
2791 4923 2957 4977 etiam
2992 4924 3061 4978 ad
3097 4923 3195 4979 Dei
3220 4965 3234 4989 ,
3267 4937 3391 4979 cum
3419 4922 3527 4979 alio
3551 4922 3676 4978 loco
3698 4920 3797 4975 duo

2212 5021 2481 5084 praecepta
2502 5028 2626 5068 esse
2647 5013 2791 5068 dicat
2813 5056 2827 5080 ,
2854 5014 2909 5068 in
2934 5014 3131 5084 quibus
3156 5024 3264 5069 tota
3284 5014 3371 5069 lea:
3389 5015 3575 5084 pendet
3604 5023 3657 5069 et
3679 5028 3795 5083 pro-

2212 5104 2399 5173 plietrr.
2442 5102 2578 5158 Nam
2619 5105 2666 5158 si
2714 5104 2940 5159 dixisset
2969 5123 2980 5158 :
3008 5103 3202 5160 Omnia
3252 5119 3589 5175 quaecunque
3638 5100 3796 5157 vultis

2215 5196 2330 5249 ﬁeri
2357 5196 2529 5260 vobis,
2547 5196 2661 5251 haec
2688 5210 2786 5252 vos
2813 5195 2992 5263 facite,
3034 5197 3139 5252 hac
3162 5212 3272 5251 una
3299 5197 3568 5252 sententia
3591 5205 3794 5250 utrum-

2214 5301 2321 5355 que
2363 5285 2492 5341 illud
2532 5296 2862 5355 praeceptum
2908 5286 3221 5357 complexus
3268 5296 3437 5344 esset.
3486 5288 3614 5343 Cito
3658 5284 3795 5341 enim

2219 5375 2488 5430 diceretur
2518 5375 2664 5443 diligi
2691 5390 2749 5430 sc
2776 5375 2913 5431 velle
2955 5390 3398 5447 unumquemque
3439 5386 3497 5432 et
3545 5391 3574 5430 a
3613 5376 3806 5430 Dwet

2217 5465 2286 5519 ab
2314 5465 2654 5531 hominibus,
2685 5481 2807 5521 cum
2838 5467 2892 5521 id
2934 5466 3119 5537 utique
3161 5469 3550 5539 praeciperetur
3578 5476 3640 5522 ut
3688 5466 3810 5536 ipse

2217 5556 2464 5627 diligeret
2496 5557 2684 5623 Deum,
2715 5566 2769 5613 et
2791 5557 3059 5613 homines.
3086 5557 3221 5613 Dum
3243 5557 3707 5628 veroeXpressius
3740 5557 3815 5610 ab

2217 5650 2525 5706 hominibus
2556 5652 2758 5707 dictum
2797 5660 2917 5706 est:
2952 5651 3141 5706 Omnia
3169 5668 3492 5724 quaecunque
3530 5648 3699 5704 vultis
3757 5657 3819 5701 ut

2214 5740 2415 5811 [ariam
2464 5742 2603 5797 vobis
2651 5742 2887 5797 homines
2912 5783 2927 5809 ,
2980 5742 3054 5796 ita
3089 5752 3138 5797 et
3177 5759 3263 5798 eos
3292 5743 3450 5805 facite
3474 5740 3623 5802 illis,
3674 5737 3825 5794 nihil
