3986 6192
429 322 534 376 843
1429 308 1779 367 ΕΟΜΜΕΝΤ.
1820 308 1887 364 lN
1922 309 2012 364 MA

2118 308 2356 365 HIEU“.
2392 340 2463 351 -—
2499 310 2627 366 ιω.
2670 310 2731 364 ll.
3596 314 3701 369 8l6

428 432 576 489 aliud
598 431 801 486 dictum
832 427 1045 481 videtur
1071 406 1255 495 quani,
1304 422 1500 495 Diliges
1532 424 1830 494 proximum
1866 432 2012 475 tuum
2045 425 2091 484 Α
2118 420 2455 488 praeveniens
2484 420 2740 475 Dominus
2770 420 3090 474 adhortatus
3116 429 3218 485 est,
3264 421 3451 477 dicens
3486 441 3498 475 :
3533 422 3711 479 Atten-

428 527 562 579 sirut
590 523 810 591 teipsum
837 517 1052 590 (Matth.
1079 514 1235 586 xm).
1284 515 1389 568 Sed
1421 530 1526 569 non
1555 524 1637 568 est
1685 514 2019 584 negligenter
2121 511 2225 565 dite
2255 530 2287 567 a
2319 513 2469 582 falsis
2496 514 2794 584 prophetis;
2841 512 3098 567 attendite
3128 510 3466 583 diligentius,
3520 515 3709 570 obser-

429 612 815 669 attendendum
860 609 1002 680 quod
1035 605 1267 675 subjecit
1312 624 1323 659 :
1384 605 1514 660 ch
1559 615 1634 661 est
1679 605 1817 660 enim
1846 603 1931 657 lea:
1966 614 2017 656 et

426 706 717 778 μνοριιειω,
747 717 871 758 cum
898 700 1009 757 alio
1047 700 1166 756 loco
1196 716 1210 753 :
1245 697 1312 753 In
1350 699 1431 754 Itis
1458 707 1634 753 autem
1661 697 1862 752 duobus
1888 711 2018 766 prm-

427 797 586 868 ceptis
608 810 717 851 non
742 802 973 859 tantum,
1005 792 1101 857 ait,
1136 791 1223 847 lea:
1252 792 1439 864 pendet
1474 800 1524 845 et
1576 790 1843 862 propheta:
1864 830 1878 856 ,
1921 790 2019 845 sed

426 887 590 942 etiam
641 884 848 941 addidit
877 898 892 937 :
926 882 1057 937 Tota
1104 882 1189 937 lea:
1230 892 1279 935 et
1322 882 1585 954 prapliette
1612 922 1629 947 ,
1659 896 1757 952 pro
1781 894 1847 937 eo
1874 880 2018 951 quod

425 987 512 1035 est
539 979 717 1035 omnis
753 976 1057 1049 prophetia.
1108 974 1269 1043 Quod
1302 990 1427 1031 cum
1474 975 1563 1029 hic
1616 988 1722 1029 non
1774 973 2015 1039 addidit,

426 1068 664 1124 servavit
688 1067 866 1125 locum
897 1066 1055 1123 alteri
1078 1074 1370 1139 pratcepto,
1398 1064 1545 1135 quod
1576 1064 1645 1120 ad
1673 1063 2017 1121 dilectionem

426 1161 521 1217 Dei
559 1160 815 1233 pertinet.
867 1159 927 1215 lu
975 1159 1172 1231 quibus
1234 1159 1446 1217 duobus
1486 1157 1775 1229 praceptis
1818 1157 2019 1228 pendet

421 1254 686 1326 quidquid
710 1260 934 1325 propter
963 1252 1193 1309 salutem
1230 1252 1511 1309 hominum
1550 1251 1811 1321 scriptum
1852 1253 2018 1309 estin

424 1344 706 1415 prophetis
743 1353 799 1399 et
825 1343 966 1416 lege.
1813 1396 1827 1409 .

500 1435 699 1491 Intrate
741 1453 835 1506 per
870 1446 1149 1506 angustant
1194 1447 1400 1507 portam
1425 1478 1440 1503 ,
1470 1440 1595 1509 quia
1634 1438 1747 1493 lata
1789 1450 1942 1509 porta
1966 1448 2018 1493 et

423 1528 657 1596 spatiosa
688 1528 773 1581 via
802 1537 876 1581 est
901 1543 1022 1599 qua:
1046 1528 1194 1583 ducit
1234 1528 1308 1582 ad
1352 1528 1731 1599 perditionem;
1770 1539 1824 1584 et
1867 1530 2018 1587 multi

423 1627 545 1672 sunt
596 1618 687 1685 qui
719 1618 918 1672 intrant
956 1634 1049 1690 per
1094 1636 1230 1674 eam.
1290 1618 1464 1689 Quam
1507 1632 1731 1692 angusta
1773 1633 1925 1693 porta
1964 1633 2020 1677 et

424 1718 571 1762 arcta
600 1709 684 1762 uia
718 1725 837 1781 qua:
873 1709 1016 1765 ducit
1060 1710 1135 1765 ad
1174 1711 1333 1764 vitam
1358 1752 1373 1777 ,
1404 1722 1455 1766 et
1486 1715 1644 1781 pauci
1668 1723 1789 1768 sunt
1816 1715 1909 1784 qui
1936 1716 2019 1771 in-

2119 614 2244 660 vate
2292 606 2523 671 cautius,
2568 615 2629 662 ut
2655 622 2761 661 non
2793 605 3148 671 seducamini,
3176 613 3235 658 ut
3266 620 3374 660 non
3398 606 3705 663 circumve-

2121 694 2346 751 niamini
2375 737 2392 763 ,
2446 704 2508 753 ut
2561 712 2667 753 non
2722 696 3006 753 fallamini.
3039 697 3299 753 Attendite
3328 710 3491 768 ergo,
3516 697 3569 755 id
3598 708 3705 763 est,

2121 786 2463 842 considerate
2502 787 2633 857 quia
2681 802 2790 843 non
2820 796 2952 845 sunt
2982 802 3114 845 oves
3142 829 3157 854 ,
3190 787 3286 845 scd
3309 786 3421 858 lupi
3450 804 3508 845 in
3541 789 3710 849 vesti-

2118 888 2303 937 mento
2325 881 2542 948 ovium;
2579 881 2706 952 quia
2737 896 2845 937 non
2875 889 3003 937 sunt
3028 880 3267 951 religiosi
3294 881 3391 938 sed
3418 880 3709 953 irreligiosi

2120 971 2177 1028 in
2213 973 2385 1045 ﬁgura
2434 973 2801 1046 religiositatis
2829 992 2843 1028 :
2870 974 3015 1045 quod
3050 986 3159 1029 non
3195 981 3323 1029 sunt
3366 970 3664 1031 Christiani
3690 1012 3706 1036 ,

2122 1062 2215 1118 sed
2242 1063 2470 1119 veritate
2491 1064 2645 1121 vacui
2666 1062 2748 1119 Cb
2758 1065 3106 1121 nstianomm
3134 1070 3535 1132 persecutores.
3557 1061 3710 1131 ipsos

2120 1165 2178 1211 et
2204 1156 2393 1215 beatus
2442 1155 2732 1227 Apostolus
2769 1156 2839 1213 ad
2876 1156 3140 1226 Εριιθεὶοε
3176 1155 3407 1227 loquens
3460 1157 3710 1228 designa-

2120 1246 2235 1310 bat,
2267 1246 2454 1302 dicens
2486 1264 2500 1299 :
2534 1245 2659 1303 Scio
2706 1247 2847 1301 cuius
2895 1248 3021 1320 quia
3058 1257 3176 1319 post
3218 1248 3510 1305 discessum
3534 1265 3709 1305 meum

2121 1337 2404 1392 introibant
2446 1339 2503 1391 in
2541 1354 2632 1394 uos
2660 1337 2773 1407 lupi
2810 1353 3026 1409 rapaces
3069 1338 3212 1411 (Act.
3259 1339 3373 1410 xx).
3410 1339 3549 1410 Lupi
3579 1355 3710 1396 vero

2123 1442 2317 1498 graves
2362 1429 2714 1485 nominantur
2760 1445 2952 1486 omnes
2994 1430 3240 1489 inﬁdeles
3287 1431 3529 1487 liceretici
3557 1471 3573 1496 ,
3615 1432 3709 1501 qui

2120 1520 2361 1588 graviter
2389 1529 2632 1577 sanctam
2647 1521 2943 1578 Ecclesium
2965 1523 3280 1592 opprimunt
3292 1531 3358 1579 et
3372 1536 3710 1595 persaluun-

2126 1616 2246 1676 tur,
2272 1611 2355 1667 vel
2388 1611 2673 1669 inclamare
2702 1611 3069 1683 frentretttaut,
3114 1616 3208 1685 qui
3248 1615 3370 1671 sine
3395 1616 3708 1672 noset-icor—

2122 1702 2212 1756 d'm
2250 1717 2439 1771 rapere
2480 1713 2537 1758 et
2560 1719 2893 1761 coacervare
2938 1720 3050 1762 non
3098 1706 3369 1763 desinunt.
3408 1705 3712 1775 Aliquando

426 1798 633 1853 veniunt
658 1816 796 1854 eam.
829 1799 933 1854 Per
971 1810 1253 1874 augustam
1281 1811 1499 1872 portam
1539 1804 1664 1859 aula
1705 1806 1899 1861 salutis
1930 1807 2012 1861 in-

2123 1794 2367 1860 peciuiiae
2397 1794 2611 1853 inruunt
2641 1794 2851 1862 alicam,
2870 1795 3162 1866 aliquando
3188 1796 3249 1852 in
3280 1797 3427 1867 ipsos
3454 1799 3712 1867 pecunia-

426 1897 602 1944 tratur
628 1932 643 1954 .
675 1892 800 1962 quia
840 1907 938 1962 per
974 1892 1191 1949 labores
1232 1908 1455 1951 necesse
1498 1904 1583 1952 est
1613 1910 1677 1953 ac
1705 1894 1911 1967 jejunia
1958 1906 2017 1955 ut

426 1978 659 2036 fallentis
697 1982 877 2037 saeculi
918 1982 1175 2039 illecebra
1205 1984 1474 2040 vincatur.
1527 1984 1650 2041 Non
1696 1987 1845 2042 enim
1896 1988 2018 2043 ideo

425 2071 556 2128 dicit
582 2085 860 2145 angustam
887 2085 1094 2144 portam
1123 2084 1180 2131 et
1218 2085 1421 2131 arctam
1470 2078 1629 2144 uiam,
1676 2078 1802 2148 quia
1823 2076 2016 2149 jugum

422 2164 626 2221 Christi
671 2182 922 2239 asperum
947 2168 1021 2225 sit
1058 2178 1113 2225 et
1143 2170 1358 2226 sarcina
1388 2170 1573 2239 gravis
1596 2210 1610 2236 ,
1638 2172 1732 2227 sed
1768 2172 1897 2242 quia
1933 2173 2013 2229 la-

422 2254 584 2311 bores
614 2254 769 2311 linire
810 2258 968 2327 pauci
1005 2258 1217 2322 volunt.
1250 2259 1434 2317 minus
1464 2260 1751 2316 credentes
1776 2261 2016 2319 clamau-

421 2345 464 2400 ti
496 2365 506 2400 :
553 2344 732 2401 Venite
754 2348 827 2401 ad
848 2364 952 2414 me,
976 2365 1152 2405 omnes
1171 2349 1263 2421 qui
1280 2348 1534 2406 laboratis
1558 2359 1607 2405 et
1636 2353 1842 2407 onerati
1864 2353 2010 2417 estis,

419 2447 469 2493 st
494 2454 588 2509 ego
612 2439 844 2507 reﬁciam
865 2457 952 2496 vos
980 2454 998 2492 :
1022 2438 1187 2495 tollite
1198 2441 1393 2513 jugum
1416 2457 1589 2499 meum
1604 2458 1762 2513 super
1780 2460 1888 2509 ros,
1903 2453 2009 2501 etc.

416 2527 638 2601 (Matth.
667 2530 765 2602 at).
800 2529 1003 2604 [Hier.]
1017 2531 1150 2587 Lata
1171 2531 1261 2589 via
1274 2541 1358 2588 est
1386 2532 1570 2589 satth
1592 2534 1661 2588 ad
1683 2532 2011 2604 voluptates,

419 2634 555 2689 quas
603 2629 864 2692 appetunt
901 2621 1179 2689 homines;
1213 2631 1441 2692 angusta
1468 2662 1485 2690 ,
1523 2638 1646 2697 qua:
1672 2638 1772 2695 per
1798 2625 2013 2683 labores

420 2717 477 2765 et
514 2707 716 2779 jejunia
768 2711 1045 2783 panditur.
1095 2711 1269 2781 Quam
1312 2720 1369 2768 et
1411 2712 1703 2785 Apostolus
1732 2714 2012 2790 ingressus

420 2809 526 2864 est,
555 2809 609 2855 et
638 2810 697 2855 ut
730 2800 1048 2861 Timotheus
1088 2818 1191 2875 per
1218 2818 1340 2861 eam
1384 2805 1718 2878 ingrediatur
1743 2806 2007 2865 hortatur.

419 2891 702 2966 Simulque
731 2896 1014 2952 considera
1040 2912 1203 2969 quam
1234 2898 1513 2971 signanter
1539 2898 1605 2957 de
1651 2907 1880 2970 utraque
1924 2902 2009 2957 via

418 2983 628 3042 locutus
654 2988 743 3043 sit.
793 2987 901 3043 Per
952 2988 1119 3045 latam
1171 2988 1325 3045 multi
1375 2989 1683 3057 ambulant,
1723 3003 2010 3064 angustam

415 3076 576 3146 pauci
612 3076 914 3133 inveniunt.
956 3077 1152 3134 Latam
1198 3094 1306 3135 non
1336 3079 1653 3151 quaerimus,
1688 3096 1795 3137 nec
1823 3082 2011 3140 iuven-

2122 1895 2240 1935 rum
2264 1880 2538 1937 dominos.
2594 1881 2766 1941 Multo
2814 1884 2991 1955 magis
3024 1883 3192 1942 etiam
3216 1894 3471 1957 satagunt
3498 1888 3711 1945 animas

2120 1984 2335 2041 rapere,
2361 1980 2421 2026 ct
2450 1987 2636 2029 secum
2669 1975 3054 2035 misembiliter
3075 1977 3134 2032 in
3164 1979 3522 2047 perditionem
3549 1980 3713 2041 dedu-

2116 2074 2262 2115 cere.
2314 2060 2383 2115 Et
2431 2063 2687 2121 vestitum
2739 2065 2923 2121 ovium
2971 2065 3180 2129 habere
3236 2069 3519 2136 dicuntur,
3564 2072 3712 2140 quod

2118 2170 2313 2208 nomen
2358 2155 2600 2213 habeant
2640 2157 3071 2217 Christianitatis
3096 2200 3112 2225 ,
3143 2160 3230 2216 vel
3256 2163 3383 2232 quia
3410 2163 3712 2221 assimilant

2118 2259 2176 2300 se
2206 2245 2474 2301 ministris
2488 2246 2736 2315 justitim,
2769 2248 3000 2320 ﬁguram
3029 2250 3406 2322 religiositatis
3443 2254 3711 2315 mallien-

2119 2340 2218 2389 tes.
2244 2335 2351 2388 Per
2372 2334 2742 2392 Christianum
2771 2338 2957 2409 itaque
2987 2354 3184 2401 nomen
3221 2341 3423 2400 multos
3446 2344 3711 2407 seducere

2117 2425 2388 2492 nituntur,
2410 2426 2661 2485 dulcibus
2680 2431 3030 2487 sermonibus
3054 2431 3240 2491 multis
3266 2435 3586 2495 scandalum
3626 2439 3712 2493 is-

2113 2516 2376 2574 lerentcs.
2405 2518 2496 2576 lsti
2528 2530 2655 2576 sunt
2684 2522 2756 2577 de
2793 2522 2995 2592 quibus
3021 2524 3223 2583 iterum
3248 2528 3329 2582 ait
3368 2528 3658 2598 Apostolus
3692 2549 3705 2584 :
3800 2528 3811 2535 ”

2116 2604 2224 2659 Per
2264 2624 2391 2664 suos
2416 2608 2599 2665 dulces
2632 2628 2897 2667 sermones
2916 2622 2968 2668 et
2988 2612 3213 2671 blandas
3255 2617 3511 2677 seducunt
3544 2620 3709 2675 corda

2114 2698 2469 2761 innocentium
2495 2701 2679 2775 (Ross.
2704 2704 2853 2778 lxvi).
2896 2705 3006 2767 Sed
3034 2709 3304 2777 quomodo
3335 2709 3426 2769 isti
3454 2711 3564 2767 sint
3606 2728 3707 2769 no—

2113 2793 2320 2859 scendi,
2349 2795 2679 2869 subjungens
2701 2799 2957 2857 ostendit.
3114 2853 3121 2861 .

2183 2888 2228 2936 Δ
2255 2881 2514 2951 fructibus
2546 2902 2727 2942 eam
2757 2890 3075 2959 cogitasch
3104 2907 3212 2951 eos.
3260 2891 3379 2952 [loc
3402 2902 3508 2962 cst,
3543 2896 3711 2955 nolite

2111 2971 2182 3027 ad
2210 2972 2414 3031 vultum
2443 2976 2742 3044 attendere,
2766 2979 2863 3035 sed
2886 2980 2958 3036 ad
2978 2995 3169 3051 opera.
3204 2981 3391 3043 Nolite
3418 2986 3711 3047 vestimen-

2115 3071 2228 3117 tum
2250 3064 2615 3134 considerare,
2638 3068 2733 3124 sed
2755 3069 3004 3140 inspicite
3024 3070 3252 3143 ligurem
3272 3072 3526 3134 lallacite.
3564 3077 3711 3150 Δρο-

418 3142 568 3225 lianc
602 3184 737 3240 opus
772 3180 856 3227 est
879 3212 894 3239 ,
915 3181 971 3227 et
999 3179 1190 3243 sponte
1217 3187 1277 3228 se
1300 3142 1480 3240 oll'ert,
1516 3181 1573 3229 et
1596 3175 1900 3231 errantium
1928 3176 2012 3231 via

2116 3155 2287 3212 stolas
2306 3157 2623 3227 pradicant,
2655 3163 2749 3217 sed
2777 3162 3033 3232 apostolis
3046 3142 3325 3221 Contraria
3350 3142 3705 3239 annuntiant;

417 3269 522 3316 est.
551 3261 850 3334 Angustam
893 3280 1024 3320 vero
1072 3280 1173 3320 nec
1215 3280 1405 3325 omnes
1445 3266 1744 3334 inveniunt,
1774 3284 1877 3327 nec
1916 3272 2015 3341 qui

416 3354 739 3409 invenerunt
776 3357 959 3415 statim
1000 3357 1380 3429 ingrediuntur
1413 3374 1513 3429 per
1543 3375 1666 3416 eam
1698 3378 1713 3414 :
1742 3361 2011 3432 siquidem

417 3446 570 3501 multi
592 3448 808 3504 inventa
831 3449 1076 3507 veritatis
1097 3451 1210 3517 via,
1235 3451 1381 3520 capti
1414 3451 1596 3509 saeculi
1626 3452 2009 3523 voluptatibus,

417 3539 487 3592 de
517 3539 694 3596 medio
721 3541 932 3597 itineris
964 3551 1329 3600 revertuntur.

495 3630 625 3704 [ΙΙΙ.]
680 3634 940 3690 Attendita
972 3653 1005 3690 a
1035 3635 1189 3707 falsis
1219 3638 1487 3708 prophetis
1513 3678 1528 3704 ,
1578 3642 1669 3710 qui
1707 3651 1913 3699 veniant
1938 3643 2011 3697 ad

415 3738 505 3776 vos
524 3723 581 3777 in
606 3724 918 3780 vestimentis
945 3728 1139 3793 ovium,
1170 3728 1490 3785 intrinsecus
1517 3740 1693 3785 autem
1734 3740 1858 3784 sunt
1901 3730 2013 3801 lupi

418 3830 657 3883 rapaces.
693 3815 760 3870 Et
786 3817 854 3871 de
884 3817 1138 3873 carnibus
1174 3819 1392 3888 quidem
1439 3819 1663 3890 intelligi
1690 3827 1889 3888 potest.
1916 3821 2008 3889 qui

417 3904 563 3960 aliud
608 3906 793 3961 habitu
837 3923 904 3963 ac
941 3924 1194 3967 sermone
1250 3909 1609 3979 promittunt,
1658 3908 1802 3965 aliud
1846 3923 2011 3978 opere

418 3993 815 4050 demonstrant.
846 3996 957 4052 Sed
987 3998 1300 4068 specialiter
1314 3999 1387 4054 de
1412 3998 1685 4054 haereticis
1710 3998 2011 4070 intelligen-

416 4084 566 4147 dum,
603 4086 694 4153 qui
724 4085 977 4141 videntur
1022 4087 1353 4144 continentia
1383 4128 1399 4155 ,
1434 4087 1685 4143 castitate
1708 4127 1721 4151 ,
1760 4084 1966 4156 jejunio
1993 4128 2009 4155 ,

418 4174 575 4243 quasi
611 4174 843 4244 quadam
888 4176 1107 4247 pietatis
1131 4191 1190 4232 se
1218 4186 1364 4234 veste
1403 4178 1779 4243 circumdare,
1814 4178 2002 4234 intrin-

418 4281 578 4321 secus
617 4281 746 4322 vero
795 4268 1346 4341 habentesanimum
1394 4276 1754 4333 venenatum,
1806 4269 2012 4341 simpli-

419 4358 630 4413 ciorum
667 4375 881 4429 quoque
918 4359 1148 4415 fratrum
1190 4362 1356 4417 corda
1397 4361 1689 4434 decipiunt.
1721 4362 1798 4417 Ex
1829 4364 2009 4420 inten-

421 4458 570 4504 tione
596 4465 728 4520 ergo
761 4451 954 4505 anima:
976 4491 994 4515 ,
1026 4459 1082 4506 et
1110 4452 1322 4507 insidiis
1347 4452 1545 4524 quibus
1585 4452 1901 4510 innocentes
1941 4456 2009 4509 ad

420 4540 632 4595 ruinam
651 4541 889 4605 trahunt,
908 4541 1049 4612 lupis
1068 4542 1355 4612 rapacibus
1380 4549 1783 4612 comparantur.
1808 4542 2009 4617 (θήῃ.)

420 4628 704 4701 Simulque
748 4633 1045 4689 notandum
1074 4634 1201 4704 quia
1230 4634 1374 4705 quod
1410 4633 1571 4704 paulo
1610 4634 1860 4709 superius
1886 4652 2011 4708 spa—

2118 3256 2388 3318 martyres
2436 3251 2803 3321 magniﬁcam,
2848 3255 2943 3311 sed
2989 3262 3290 3327 martyrum
3330 3269 3710 3329 persecutores

2114 3342 2431 3411 probantur.
2470 3343 2713 3413 Apestoli
2740 3355 2795 3403 et
2822 3356 3090 3420 martyres
3113 3350 3289 3407 sancti
3318 3338 3427 3409 non
3453 3368 3710 3424 persecu-

2115 3430 2318 3487 tionem
2340 3431 2611 3501 fecerunt,
2640 3438 2734 3492 sed
2758 3438 3189 3507 persecutionem
3206 3442 3579 3511 pertinet-unt;
3600 3462 3711 3501 non

2117 3522 2533 3592 maledixerunt,
2564 3528 2657 3583 sed
2679 3528 2966 3587 maledicta
2989 3533 3395 3601 sustinuerunt;
3424 3551 3531 3593 non
3559 3536 3708 3593 blas-

2112 3615 2506 3684 phemaverunt
2532 3618 2839 3685 Dominum,
2866 3622 2961 3677 sed
3001 3637 3034 3677 a
3070 3624 3599 3695 blasphematoribus
3628 3629 3710 3684 in-

2115 3706 2325 3764 terl'ccti
2368 3718 2515 3765 sunt.
2569 3709 2751 3782 (Ana)
2794 3711 2884 3767 Isti
2924 3721 3105 3768 autem
3149 3716 3477 3786 iniquissimi
3518 3722 3706 3776 omnia

2113 3798 2412 3869 irreligioso
2450 3802 2673 3871 implere
2702 3813 2996 3870 curarunt;
3038 3815 3255 3865 sanctos
3282 3819 3705 3880 persequuntur,

2112 3888 2300 3957 ﬁdeles
2319 3892 2649 3960 opprimunt,
2673 3893 2961 3953 Doruinum
2982 3898 3147 3957 etiam
3166 3899 3213 3957 ai
3236 3915 3343 3957 non
3367 3901 3565 3967 verbis,
3590 3918 3708 3959 mo-

2114 3981 2265 4037 ribus
2302 3982 2698 4052 blasphemant.
2754 3985 2861 4044 Sed
2899 3997 3077 4047 tamen
3112 3993 3434 4062 quibusdam
3463 4009 3708 4065 quamn-

2111 4074 2238 4130 dum
2268 4075 2430 4131 altius
2457 4091 2578 4137 esse
2616 4078 2830 4137 videtur
2866 4095 3003 4151 quos
3045 4081 3251 4139 fructus
3287 4099 3389 4142 nos
3424 4088 3706 4144 attendere

2111 4166 2342 4224 voluerit
2370 4168 2870 4241 Dominus,uns
2897 4187 3229 4244 cognoscere
3257 4176 3506 4235 arborem
3526 4180 3703 4249 possi-

2112 4274 2234 4314 mus
2260 4274 2277 4313 :
2310 4259 2464 4315 multi
2487 4261 2631 4319 enim
2652 4262 2898 4331 quaedam
2919 4262 2975 4318 in
3000 4262 3267 4321 fructibus
3292 4266 3554 4337 deputant
3582 4284 3705 4340 quae

2114 4354 2182 4409 ad
2212 4355 2467 4411 vestitum
2492 4356 2735 4413 omnium
2763 4356 2943 4413 ovium
2966 4359 3262 4431 pertinent,
3308 4368 3365 4417 et
3397 4362 3505 4419 hoc
3543 4362 3705 4419 modo

2113 4460 2144 4499 a
2174 4445 2311 4516 lupis
2334 4446 2696 4518 decipiuntur,
2721 4449 2881 4505 sicuti
2913 4459 3042 4509 sunt
3068 4453 3151 4506 vel
3186 4450 3409 4522 jejunis,
3453 4455 3537 4511 vel
3578 4471 3704 4513 ora-

2082 4536 2309 4603 itiones,
2346 4537 2430 4593 vel
2456 4538 2830 4611 eleemosynte.
2867 4540 3000 4609 Quae
3022 4544 3205 4603 omnia
3237 4545 3341 4603 nisi
3382 4546 3546 4604 etiam
3586 4545 3706 4604 ﬁeri

2114 4627 2182 4681 ab
2213 4628 2507 4699 bypocritis
2532 4638 2774 4700 possent,
2815 4647 2920 4687 non
2959 4634 3208 4704 superius
3246 4635 3471 4705 diceret,
3519 4635 3706 4693 Cauete

422 4720 616 4775 tiosam
645 4729 701 4776 et
735 4722 896 4776 latam
936 4723 1081 4777 viam
1128 4724 1470 4790 nominavit,
1516 4720 1626 4780 hoc
1671 4742 1815 4781 nunc
1854 4742 2012 4797 aper-
2102 4724 2371 4793 justitiam
2401 4733 2624 4781 vestram
2649 4726 2823 4796 facere
2844 4744 3021 4782 coram
3038 4728 3705 4789 horninibusntvideamisi

422 4812 533 4868 tius
562 4811 728 4867 falsos
753 4814 1049 4884 prophetas
1113 4814 1391 4880 ostendit,
1440 4828 1538 4885 per
1582 4828 1718 4885 quos
1758 4815 1913 4871 multi
1953 4816 2010 4869 in

424 4903 786 4973 perditionem
830 4904 1249 4959 abominabilem
1272 4904 1542 4959 abierunt.
1569 4904 1705 4973 Quia
1740 4906 1919 4979 primo
1953 4907 2009 4962 in

421 4992 607 5049 Judata
632 4995 786 5050 multi
807 5004 1195 5067 apparuerunt,
1225 5004 1280 5051 et
1313 4996 1476 5052 modo
1508 4997 1562 5051 in
1593 4998 2007 5068 perﬁdiam

2111 4814 2178 4867 alt
2200 4815 2299 4868 eis.
2337 4815 2469 4882 Quae
2489 4818 2757 4875 sententia
2786 4821 3060 4889 prqmsita
3088 4821 3203 4890 ipsa
3239 4822 3338 4878 tria
3366 4823 3703 4893 exsequitur,

2113 4903 2547 4975 eloemosynaut,
2583 4908 2882 4963 orationem
2911 4949 2926 4973 ,
2967 4906 3255 4979 jejunium.
3299 4910 3408 4968 Sed
3450 4911 3595 4966 nulla
3644 4927 3705 4967 re

2113 4994 2216 5051 alia
2257 4995 2447 5059 melius
2488 4996 2542 5051 hi
2588 4996 2725 5053 tales
2763 4997 3005 5069 dignosci
3052 5009 3277 5069 queunt.
3316 5015 3482 5069 quam
3512 5002 3701 5057 incon-

423 5085 769 5156 repleverunt
809 5087 1090 5141 mundum.
1131 5086 1239 5142 Sed
1268 5086 1343 5141 illi
1381 5088 1533 5159 prius
1566 5087 1689 5143 falsi
1731 5091 2008 5161 prophetae
2109 5087 2331 5153 stantia,
2372 5086 2455 5143 vel
2495 5087 2829 5158 impatientia
2884 5090 2936 5143 in
2975 5090 3321 5147 adversitate.
3376 5089 3511 5146 Cum
3554 5093 3702 5148 enim

424 5175 674 5244 fuerunt,
697 5179 1120 5248 verissimosque
1163 5178 1378 5233 Domini
1416 5179 1719 5251 prophetas
1746 5194 1917 5253 usque
1940 5181 2009 5237 ad

422 5278 653 5325 mortem
677 5271 947 5342 persecuti
973 5280 1118 5337 sunt,
1144 5270 1282 5326 sicut
1308 5268 1595 5325 leremiam
1622 5279 1680 5326 ct
1705 5270 2005 5337 Micbacarn,

422 5363 667 5434 aliosque
715 5359 934 5419 multos.
973 5363 1067 5419 lsti
1105 5372 1287 5419 autem
1317 5377 1461 5418 nunc
1489 5361 1610 5417 falsi
1641 5362 1922 5433 propheta:
1951 5370 2007 5419 et

424 5455 866 5512 falsiCltristiani
909 5458 1000 5526 qui
1055 5464 1199 5521 sunt,
1255 5468 1478 5511 veraces
1504 5453 1842 5511 Christianos
1888 5455 2007 5509 sine

422 5546 795 5602 misericordia
838 5555 1266 5619 persequuntur,
1304 5556 1358 5602 et
1403 5546 1717 5617 opprimunt
1761 5546 2008 5617 aliquan-

420 5634 517 5699 do,
547 5637 592 5691 si
620 5639 780 5692 detur
804 5640 981 5709 c0pia,
1006 5640 1169 5693 etiam
1198 5639 1419 5710 gladiis,
1454 5638 1574 5694 sine
1607 5639 2009 5695 intermissione

421 5733 606 5782 autem
632 5730 745 5785 suis
767 5732 949 5800 pravis
971 5730 1214 5786 moribus
1226 5730 1572 5801 etcxemplis.
1591 5730 1798 5786 Idcirco
1816 5747 2004 5787 omnes

2113 5177 2375 5248 ceperint
2392 5177 2658 5246 aliquibus
2681 5178 3066 5237 tentationibus
3084 5195 3150 5235 ea
3172 5180 3285 5249 ipsa
3310 5179 3413 5237 illis
3433 5182 3700 5248 subtrahi.

2113 5269 2197 5324 vel
2220 5270 2424 5340 negari,
2454 5284 2573 5339 (ιυιιδ
2599 5269 2702 5323 isto
2729 5269 2993 5325 velamine
3014 5271 3287 5326 consecuti
3313 5280 3438 5329 sunt
3457 5273 3542 5329 vel
3572 5289 3701 5331 con-

2113 5360 2264 5429 sequi
2302 5358 2545 5430 cupiunt,
2577 5366 2705 5413 tunc
2735 5372 2958 5414 necesse
2984 5367 3071 5429 est
3095 5370 3354 5431 appareat
3396 5370 3576 5417 utrum
3615 5362 3702 5417 lu-

2111 5465 2214 5519 pus
2248 5450 2302 5505 iu
2334 5450 2496 5506 ovina
2519 5451 2655 5522 pelle
2678 5452 2748 5508 sit
2773 5467 2843 5506 an
2866 5452 2983 5508 ovis
3010 5454 3063 5508 in
3091 5469 3206 5509 sua.
3252 5453 3368 5510 Non
3397 5456 3544 5513 enim
3574 5471 3698 5522 pm-

2114 5551 2299 5611 pterea
2349 5554 2547 5601 ornatu
2597 5544 2867 5614 superﬂuo
2912 5545 3071 5600 debet
3116 5554 3370 5616 aspectus
3423 5548 3699 5603 nominum

2116 5633 2354 5688 mulcere
2392 5632 2753 5699 Christianus,
2783 5634 2909 5703 quia
2942 5634 3091 5689 illum
3118 5651 3344 5705 parcum
3370 5634 3613 5693 habitum
3635 5650 3701 5688 ac

2114 5730 2478 5787 necessarium
2510 5730 2676 5786 etiam
2712 5730 3057 5786 simulatorcs
3080 5745 3220 5797 smne
3243 5740 3506 5802 usurpant
3528 5742 3586 5785 ut
3618 5730 3702 5783 iu-
