  <div class='ocr_page' id='page_1' title='image "/cluster/home/n/w/nwhite01/storage/ocr_20150623/107/hvd.32044054759725/429.png"; bbox 0 0 3978 6190; ppageno 0'>
   <div class='ocr_carea' id='block_1_1' title="bbox 288 302 392 362">
    <p class='ocr_par' dir='ltr' id='par_1_1' title="bbox 288 302 392 362">
     <span class='ocr_line' id='line_1_1' title="bbox 288 302 392 362; baseline -0.067 1"><span class='ocrx_word' id='word_1_1' title='bbox 288 302 392 362; x_wconf 64' lang='grc'><strong>847</strong></span> 
     </span>
    </p>
   </div>
   <div class='ocr_carea' id='block_1_2' title="bbox 964 280 2909 349">
    <p class='ocr_par' dir='ltr' id='par_1_2' title="bbox 964 280 2909 349">
     <span class='ocr_line' id='line_1_2' title="bbox 964 280 2909 349; baseline -0.007 -1"><span class='ocrx_word' id='word_1_2' title='bbox 964 294 1024 347; x_wconf 88' lang='grc' dir='ltr'><strong>Β.</strong></span> <span class='ocrx_word' id='word_1_3' title='bbox 1066 289 1323 347; x_wconf 79' lang='lat' dir='ltr'><strong>RABANI</strong></span> <span class='ocrx_word' id='word_1_4' title='bbox 1360 285 1581 349; x_wconf 72' lang='grc' dir='ltr'><strong>ΜΑυΒι</strong></span> <span class='ocrx_word' id='word_1_5' title='bbox 1618 280 1938 337; x_wconf 76' lang='lat' dir='ltr'><strong>ARCHIEP.</strong></span> <span class='ocrx_word' id='word_1_6' title='bbox 1980 281 2288 342; x_wconf 78' lang='lat' dir='ltr'><strong>MOGUNT.</strong></span> <span class='ocrx_word' id='word_1_7' title='bbox 2333 280 2616 338; x_wconf 75' lang='lat' dir='ltr'><strong>OPERUM</strong></span> <span class='ocrx_word' id='word_1_8' title='bbox 2653 281 2831 336; x_wconf 79' lang='lat' dir='ltr'><strong>PARS</strong></span> <span class='ocrx_word' id='word_1_9' title='bbox 2869 280 2909 334; x_wconf 89' lang='lat' dir='ltr'><strong>l.</strong></span> 
     </span>
    </p>
   </div>
   <div class='ocr_carea' id='block_1_3' title="bbox 3455 281 3564 339">
    <p class='ocr_par' dir='ltr' id='par_1_3' title="bbox 3455 281 3564 339">
     <span class='ocr_line' id='line_1_3' title="bbox 3455 281 3564 339; baseline 0.028 -3"><span class='ocrx_word' id='word_1_10' title='bbox 3455 281 3564 339; x_wconf 62' lang='lat'><strong>8&amp;3</strong></span> 
     </span>
    </p>
   </div>
   <div class='ocr_carea' id='block_1_4' title="bbox 287 393 3571 483">
    <p class='ocr_par' dir='ltr' id='par_1_4' title="bbox 287 393 3571 483">
     <span class='ocr_line' id='line_1_4' title="bbox 287 393 3571 483; baseline -0.01 -9"><span class='ocrx_word' id='word_1_11' title='bbox 287 424 478 473; x_wconf 86' lang='lat' dir='ltr'><strong>cautos</strong></span> <span class='ocrx_word' id='word_1_12' title='bbox 506 416 817 483; x_wconf 83' lang='lat' dir='ltr'><strong>decipiant:</strong></span> <span class='ocrx_word' id='word_1_13' title='bbox 848 412 973 477; x_wconf 78' lang='lat' dir='ltr'><strong>quia</strong></span> <span class='ocrx_word' id='word_1_14' title='bbox 1004 414 1059 459; x_wconf 91' lang='lat' dir='ltr'><strong>et</strong></span> <span class='ocrx_word' id='word_1_15' title='bbox 1082 404 1185 459; x_wconf 82' lang='lat' dir='ltr'><strong>illae</strong></span> <span class='ocrx_word' id='word_1_16' title='bbox 1205 416 1333 456; x_wconf 86' lang='lat' dir='ltr'><strong>oves</strong></span> <span class='ocrx_word' id='word_1_17' title='bbox 1360 414 1463 453; x_wconf 91' lang='lat' dir='ltr'><strong>non</strong></span> <span class='ocrx_word' id='word_1_18' title='bbox 1496 399 1692 452; x_wconf 89' lang='lat' dir='ltr'><strong>debent</strong></span> <span class='ocrx_word' id='word_1_19' title='bbox 1712 394 1879 465; x_wconf 85' lang='lat' dir='ltr'><strong>pelles</strong></span> <span class='ocrx_word' id='word_1_20' title='bbox 1909 402 1953 458; x_wconf 73' lang='grc' dir='ltr'><strong>Α</strong></span> <span class='ocrx_word' id='word_1_21' title='bbox 1984 409 2090 464; x_wconf 89' lang='lat' dir='ltr'><strong>quo</strong></span> <span class='ocrx_word' id='word_1_22' title='bbox 2116 394 2435 465; x_wconf 75' lang='lat' dir='ltr'><strong>loquebatur</strong></span> <span class='ocrx_word' id='word_1_23' title='bbox 2472 394 2688 457; x_wconf 77' lang='lat' dir='ltr'><strong>cxistat,</strong></span> <span class='ocrx_word' id='word_1_24' title='bbox 2732 394 2827 447; x_wconf 89' lang='lat' dir='ltr'><strong>sed</strong></span> <span class='ocrx_word' id='word_1_25' title='bbox 2859 393 3189 447; x_wconf 92' lang='lat' dir='ltr'><strong>voluntatem</strong></span> <span class='ocrx_word' id='word_1_26' title='bbox 3240 407 3333 447; x_wconf 88' lang='lat' dir='ltr'><strong>seu</strong></span> <span class='ocrx_word' id='word_1_27' title='bbox 3370 398 3571 451; x_wconf 78' lang='lat' dir='ltr'><strong>bonam</strong></span> 
     </span>
    </p>
   </div>
   <div class='ocr_carea' id='block_1_5' title="bbox 284 492 1829 572">
    <p class='ocr_par' dir='ltr' id='par_1_5' title="bbox 284 492 1829 572">
     <span class='ocr_line' id='line_1_5' title="bbox 284 492 1829 572; baseline -0.016 -11"><span class='ocrx_word' id='word_1_28' title='bbox 284 521 414 563; x_wconf 73' lang='lat' dir='ltr'><strong>suae</strong></span> <span class='ocrx_word' id='word_1_29' title='bbox 454 504 742 572; x_wconf 90' lang='lat' dir='ltr'><strong>deponere,</strong></span> <span class='ocrx_word' id='word_1_30' title='bbox 776 498 822 553; x_wconf 90' lang='lat' dir='ltr'><strong>si</strong></span> <span class='ocrx_word' id='word_1_31' title='bbox 852 494 1141 565; x_wconf 81' lang='lat' dir='ltr'><strong>aliquando</strong></span> <span class='ocrx_word' id='word_1_32' title='bbox 1165 493 1279 561; x_wconf 77' lang='lat' dir='ltr'><strong>lupi</strong></span> <span class='ocrx_word' id='word_1_33' title='bbox 1304 492 1383 546; x_wconf 90' lang='lat' dir='ltr'><strong>eis</strong></span> <span class='ocrx_word' id='word_1_34' title='bbox 1408 504 1465 544; x_wconf 92' lang='lat' dir='ltr'><strong>se</strong></span> <span class='ocrx_word' id='word_1_35' title='bbox 1494 494 1829 555; x_wconf 52' lang='lat' dir='ltr'><strong>contegunt:</strong></span> 
     </span>
    </p>
   </div>
   <div class='ocr_carea' id='block_1_6' title="bbox 364 576 1876 665">
    <p class='ocr_par' dir='ltr' id='par_1_6' title="bbox 364 576 1876 665">
     <span class='ocr_line' id='line_1_6' title="bbox 364 576 1876 665; baseline -0.015 -14"><span class='ocrx_word' id='word_1_36' title='bbox 364 592 619 665; x_wconf 80' lang='lat' dir='ltr'><strong>Nunquid</strong></span> <span class='ocrx_word' id='word_1_37' title='bbox 647 589 898 660; x_wconf 77' lang='lat' dir='ltr'><strong>colligunt</strong></span> <span class='ocrx_word' id='word_1_38' title='bbox 927 588 991 640; x_wconf 88' lang='lat' dir='ltr'><strong>de</strong></span> <span class='ocrx_word' id='word_1_39' title='bbox 1015 586 1181 656; x_wconf 83' lang='lat' dir='ltr'><strong>spinis</strong></span> <span class='ocrx_word' id='word_1_40' title='bbox 1215 599 1341 638; x_wconf 80' lang='lat' dir='ltr'><strong>uvas</strong></span> <span class='ocrx_word' id='word_1_41' title='bbox 1365 592 1453 635; x_wconf 87' lang='lat' dir='ltr'><strong>aut</strong></span> <span class='ocrx_word' id='word_1_42' title='bbox 1481 580 1544 633; x_wconf 79' lang='lat' dir='ltr'><strong>de</strong></span> <span class='ocrx_word' id='word_1_43' title='bbox 1569 576 1775 631; x_wconf 73' lang='lat' dir='ltr'><strong>tribulis</strong></span> <span class='ocrx_word' id='word_1_44' title='bbox 1809 576 1876 645; x_wconf 77' lang='lat' dir='ltr'><strong>ﬁ-</strong></span> 
     </span>
    </p>
   </div>
   <div class='ocr_carea' id='block_1_7' title="bbox 286 668 1878 758">
    <p class='ocr_par' dir='ltr' id='par_1_7' title="bbox 286 668 1878 758">
     <span class='ocr_line' id='line_1_7' title="bbox 286 668 1878 758; baseline -0.017 -12"><span class='ocrx_word' id='word_1_45' title='bbox 286 689 426 746; x_wconf 83' lang='lat' dir='ltr'><strong>cus?</strong></span> <span class='ocrx_word' id='word_1_46' title='bbox 477 682 675 758; x_wconf 67' lang='lat' dir='ltr'><strong>(Orig)</strong></span> <span class='ocrx_word' id='word_1_47' title='bbox 711 679 993 736; x_wconf 81' lang='lat' dir='ltr'><strong>Manifeste</strong></span> <span class='ocrx_word' id='word_1_48' title='bbox 1025 678 1286 733; x_wconf 88' lang='lat' dir='ltr'><strong>Dominus</strong></span> <span class='ocrx_word' id='word_1_49' title='bbox 1324 689 1422 743; x_wconf 83' lang='lat' dir='ltr'><strong>per</strong></span> <span class='ocrx_word' id='word_1_50' title='bbox 1454 672 1596 726; x_wconf 82' lang='lat' dir='ltr'><strong>hanc</strong></span> <span class='ocrx_word' id='word_1_51' title='bbox 1626 668 1878 724; x_wconf 83' lang='lat' dir='ltr'><strong>similitu-</strong></span> 
     </span>
    </p>
   </div>
   <div class='ocr_carea' id='block_1_8' title="bbox 283 758 1880 841">
    <p class='ocr_par' dir='ltr' id='par_1_8' title="bbox 283 758 1880 841">
     <span class='ocr_line' id='line_1_8' title="bbox 283 758 1880 841; baseline -0.018 -3"><span class='ocrx_word' id='word_1_52' title='bbox 283 782 471 838; x_wconf 85' lang='lat' dir='ltr'><strong>dinem</strong></span> <span class='ocrx_word' id='word_1_53' title='bbox 498 773 796 833; x_wconf 76' lang='lat' dir='ltr'><strong>declaravit</strong></span> <span class='ocrx_word' id='word_1_54' title='bbox 822 772 949 841; x_wconf 87' lang='lat' dir='ltr'><strong>quia</strong></span> <span class='ocrx_word' id='word_1_55' title='bbox 994 768 1173 824; x_wconf 90' lang='lat' dir='ltr'><strong>nullus</strong></span> <span class='ocrx_word' id='word_1_56' title='bbox 1210 764 1553 838; x_wconf 87' lang='lat' dir='ltr'><strong>prudentium</strong></span> <span class='ocrx_word' id='word_1_57' title='bbox 1593 760 1658 813; x_wconf 91' lang='lat' dir='ltr'><strong>ad</strong></span> <span class='ocrx_word' id='word_1_58' title='bbox 1697 758 1880 828; x_wconf 80' lang='lat' dir='ltr'><strong>Spiuas</strong></span> 
     </span>
    </p>
   </div>
   <div class='ocr_carea' id='block_1_9' title="bbox 284 854 1879 943">
    <p class='ocr_par' dir='ltr' id='par_1_9' title="bbox 284 854 1879 943">
     <span class='ocr_line' id='line_1_9' title="bbox 284 854 1879 943; baseline -0.017 -15"><span class='ocrx_word' id='word_1_59' title='bbox 284 884 537 943; x_wconf 79' lang='lat' dir='ltr'><strong>pergens,</strong></span> <span class='ocrx_word' id='word_1_60' title='bbox 566 879 793 921; x_wconf 85' lang='lat' dir='ltr'><strong>uvarum</strong></span> <span class='ocrx_word' id='word_1_61' title='bbox 820 862 1018 918; x_wconf 81' lang='lat' dir='ltr'><strong>exinde</strong></span> <span class='ocrx_word' id='word_1_62' title='bbox 1046 858 1383 914; x_wconf 85' lang='lat' dir='ltr'><strong>dulcedinem</strong></span> <span class='ocrx_word' id='word_1_63' title='bbox 1414 854 1637 924; x_wconf 62' lang='lat' dir='ltr'><strong>quaerit;</strong></span> <span class='ocrx_word' id='word_1_64' title='bbox 1668 859 1760 904; x_wconf 91' lang='lat' dir='ltr'><strong>aut</strong></span> <span class='ocrx_word' id='word_1_65' title='bbox 1786 865 1879 904; x_wconf 87' lang='lat' dir='ltr'><strong>su-</strong></span> 
     </span>
    </p>
   </div>
   <div class='ocr_carea' id='block_1_10' title="bbox 284 942 1881 1035">
    <p class='ocr_par' dir='ltr' id='par_1_10' title="bbox 284 942 1881 1035">
     <span class='ocr_line' id='line_1_10' title="bbox 284 942 1881 1035; baseline -0.017 -15"><span class='ocrx_word' id='word_1_66' title='bbox 284 942 385 1035; x_wconf 87' lang='lat' dir='ltr'><strong>per</strong></span> <span class='ocrx_word' id='word_1_67' title='bbox 431 958 658 1018; x_wconf 75' lang='lat' dir='ltr'><strong>tribulos</strong></span> <span class='ocrx_word' id='word_1_68' title='bbox 709 955 981 1016; x_wconf 88' lang='lat' dir='ltr'><strong>incedens,</strong></span> <span class='ocrx_word' id='word_1_69' title='bbox 1034 949 1228 1007; x_wconf 79' lang='lat' dir='ltr'><strong>exinde</strong></span> <span class='ocrx_word' id='word_1_70' title='bbox 1266 947 1489 1035; x_wconf 76' lang='lat' dir='ltr'><strong>ficorum</strong></span> <span class='ocrx_word' id='word_1_71' title='bbox 1526 942 1727 1012; x_wconf 91' lang='lat' dir='ltr'><strong>colligit</strong></span> <span class='ocrx_word' id='word_1_72' title='bbox 1755 955 1881 995; x_wconf 90' lang='lat' dir='ltr'><strong>sua-</strong></span> 
     </span>
    </p>
   </div>
   <div class='ocr_carea' id='block_1_11' title="bbox 284 1027 1883 1119">
    <p class='ocr_par' dir='ltr' id='par_1_11' title="bbox 284 1027 1883 1119">
     <span class='ocr_line' id='line_1_11' title="bbox 284 1027 1883 1119; baseline -0.016 -7"><span class='ocrx_word' id='word_1_73' title='bbox 284 1027 530 1112; x_wconf 75' lang='lat' dir='ltr'><strong>vitatem.</strong></span> <span class='ocrx_word' id='word_1_74' title='bbox 593 1051 671 1106; x_wconf 87' lang='lat' dir='ltr'><strong>Ita</strong></span> <span class='ocrx_word' id='word_1_75' title='bbox 700 1064 829 1119; x_wconf 88' lang='lat' dir='ltr'><strong>ergo</strong></span> <span class='ocrx_word' id='word_1_76' title='bbox 862 1046 1042 1102; x_wconf 89' lang='lat' dir='ltr'><strong>nullus</strong></span> <span class='ocrx_word' id='word_1_77' title='bbox 1070 1027 1392 1112; x_wconf 73' lang='lat' dir='ltr'><strong>sapientium</strong></span> <span class='ocrx_word' id='word_1_78' title='bbox 1422 1037 1502 1092; x_wconf 85' lang='lat' dir='ltr'><strong>vel</strong></span> <span class='ocrx_word' id='word_1_79' title='bbox 1538 1035 1883 1106; x_wconf 87' lang='lat' dir='ltr'><strong>prudentium</strong></span> 
     </span>
    </p>
   </div>
   <div class='ocr_carea' id='block_1_12' title="bbox 289 1124 1885 1204">
    <p class='ocr_par' dir='ltr' id='par_1_12' title="bbox 289 1124 1885 1204">
     <span class='ocr_line' id='line_1_12' title="bbox 289 1124 1885 1204; baseline -0.02 1"><span class='ocrx_word' id='word_1_80' title='bbox 289 1149 360 1204; x_wconf 89' lang='lat' dir='ltr'><strong>ab</strong></span> <span class='ocrx_word' id='word_1_81' title='bbox 398 1145 652 1202; x_wconf 87' lang='lat' dir='ltr'><strong>inanibus</strong></span> <span class='ocrx_word' id='word_1_82' title='bbox 694 1141 928 1196; x_wconf 78' lang='lat' dir='ltr'><strong>veritate</strong></span> <span class='ocrx_word' id='word_1_83' title='bbox 958 1133 1247 1196; x_wconf 71' lang='lat' dir='ltr'><strong>haereticis,</strong></span> <span class='ocrx_word' id='word_1_84' title='bbox 1287 1139 1382 1183; x_wconf 90' lang='lat' dir='ltr'><strong>aut</strong></span> <span class='ocrx_word' id='word_1_85' title='bbox 1418 1124 1758 1197; x_wconf 86' lang='lat' dir='ltr'><strong>irreligiosis,</strong></span> <span class='ocrx_word' id='word_1_86' title='bbox 1790 1129 1885 1175; x_wconf 85' lang='lat' dir='ltr'><strong>aut</strong></span> 
     </span>
    </p>
   </div>
   <div class='ocr_carea' id='block_1_13' title="bbox 286 1212 1882 1300">
    <p class='ocr_par' dir='ltr' id='par_1_13' title="bbox 286 1212 1882 1300">
     <span class='ocr_line' id='line_1_13' title="bbox 286 1212 1882 1300; baseline -0.017 -6"><span class='ocrx_word' id='word_1_87' title='bbox 286 1236 616 1300; x_wconf 84' lang='lat' dir='ltr'><strong>infidelibus,</strong></span> <span class='ocrx_word' id='word_1_88' title='bbox 647 1230 843 1286; x_wconf 78' lang='lat' dir='ltr'><strong>exinde</strong></span> <span class='ocrx_word' id='word_1_89' title='bbox 886 1225 1193 1284; x_wconf 89' lang='lat' dir='ltr'><strong>sanctitatis</strong></span> <span class='ocrx_word' id='word_1_90' title='bbox 1234 1219 1595 1281; x_wconf 89' lang='lat' dir='ltr'><strong>dulcedinem,</strong></span> <span class='ocrx_word' id='word_1_91' title='bbox 1639 1215 1723 1270; x_wconf 87' lang='lat' dir='ltr'><strong>vel</strong></span> <span class='ocrx_word' id='word_1_92' title='bbox 1770 1212 1882 1268; x_wconf 88' lang='lat' dir='ltr'><strong>fra—</strong></span> 
     </span>
    </p>
   </div>
   <div class='ocr_carea' id='block_1_14' title="bbox 288 1305 1882 1403">
    <p class='ocr_par' dir='ltr' id='par_1_14' title="bbox 288 1305 1882 1403">
     <span class='ocr_line' id='line_1_14' title="bbox 288 1305 1882 1403; baseline -0.019 -16"><span class='ocrx_word' id='word_1_93' title='bbox 288 1329 581 1403; x_wconf 81' lang='lat' dir='ltr'><strong>grantiam,</strong></span> <span class='ocrx_word' id='word_1_94' title='bbox 621 1333 717 1380; x_wconf 89' lang='lat' dir='ltr'><strong>aut</strong></span> <span class='ocrx_word' id='word_1_95' title='bbox 742 1319 989 1377; x_wconf 84' lang='lat' dir='ltr'><strong>veritatis</strong></span> <span class='ocrx_word' id='word_1_96' title='bbox 1027 1315 1350 1373; x_wconf 86' lang='lat' dir='ltr'><strong>suavitatem</strong></span> <span class='ocrx_word' id='word_1_97' title='bbox 1388 1310 1585 1381; x_wconf 89' lang='lat' dir='ltr'><strong>poterit</strong></span> <span class='ocrx_word' id='word_1_98' title='bbox 1620 1305 1882 1369; x_wconf 89' lang='lat' dir='ltr'><strong>invenire,</strong></span> 
     </span>
    </p>
   </div>
   <div class='ocr_carea' id='block_1_15' title="bbox 287 1398 1888 1493">
    <p class='ocr_par' dir='ltr' id='par_1_15' title="bbox 287 1398 1888 1493">
     <span class='ocr_line' id='line_1_15' title="bbox 287 1398 1888 1493; baseline -0.018 -12"><span class='ocrx_word' id='word_1_99' title='bbox 287 1398 385 1480; x_wconf 70' lang='lat' dir='ltr'><strong>sed</strong></span> <span class='ocrx_word' id='word_1_100' title='bbox 426 1419 662 1493; x_wconf 87' lang='lat' dir='ltr'><strong>pessima</strong></span> <span class='ocrx_word' id='word_1_101' title='bbox 701 1415 844 1485; x_wconf 91' lang='lat' dir='ltr'><strong>apud</strong></span> <span class='ocrx_word' id='word_1_102' title='bbox 890 1412 1010 1467; x_wconf 86' lang='lat' dir='ltr'><strong>illos</strong></span> <span class='ocrx_word' id='word_1_103' title='bbox 1056 1418 1111 1465; x_wconf 89' lang='lat' dir='ltr'><strong>et</strong></span> <span class='ocrx_word' id='word_1_104' title='bbox 1157 1407 1389 1477; x_wconf 86' lang='lat' dir='ltr'><strong>maligna</strong></span> <span class='ocrx_word' id='word_1_105' title='bbox 1430 1403 1681 1472; x_wconf 86' lang='lat' dir='ltr'><strong>reperiet.</strong></span> <span class='ocrx_word' id='word_1_106' title='bbox 1732 1398 1888 1454; x_wconf 88' lang='lat' dir='ltr'><strong>Sicut</strong></span> 
     </span>
    </p>
   </div>
   <div class='ocr_carea' id='block_1_16' title="bbox 290 1501 1895 1584">
    <p class='ocr_par' dir='ltr' id='par_1_16' title="bbox 290 1501 1895 1584">
     <span class='ocr_line' id='line_1_16' title="bbox 290 1501 1895 1584; baseline -0.017 -12"><span class='ocrx_word' id='word_1_107' title='bbox 290 1516 437 1573; x_wconf 90' lang='lat' dir='ltr'><strong>enim</strong></span> <span class='ocrx_word' id='word_1_108' title='bbox 464 1512 634 1584; x_wconf 72' lang='lat' dir='ltr'><strong>spinae</strong></span> <span class='ocrx_word' id='word_1_109' title='bbox 666 1515 722 1565; x_wconf 91' lang='lat' dir='ltr'><strong>et</strong></span> <span class='ocrx_word' id='word_1_110' title='bbox 750 1505 935 1562; x_wconf 88' lang='lat' dir='ltr'><strong>tribuli</strong></span> <span class='ocrx_word' id='word_1_111' title='bbox 972 1501 1156 1558; x_wconf 90' lang='lat' dir='ltr'><strong>omnia</strong></span> <span class='ocrx_word' id='word_1_112' title='bbox 1184 1511 1519 1569; x_wconf 80' lang='lat' dir='ltr'><strong>quaecunque</strong></span> <span class='ocrx_word' id='word_1_113' title='bbox 1548 1506 1745 1564; x_wconf 83' lang='lat' dir='ltr'><strong>capere</strong></span> <span class='ocrx_word' id='word_1_114' title='bbox 1771 1506 1895 1562; x_wconf 87' lang='lat' dir='ltr'><strong>pos-</strong></span> 
     </span>
    </p>
   </div>
   <div class='ocr_carea' id='block_1_17' title="bbox 291 1586 1892 1665">
    <p class='ocr_par' dir='ltr' id='par_1_17' title="bbox 291 1586 1892 1665">
     <span class='ocr_line' id='line_1_17' title="bbox 291 1586 1892 1665; baseline -0.016 -3"><span class='ocrx_word' id='word_1_115' title='bbox 291 1613 421 1663; x_wconf 91' lang='lat' dir='ltr'><strong>sunt</strong></span> <span class='ocrx_word' id='word_1_116' title='bbox 447 1603 747 1665; x_wconf 86' lang='lat' dir='ltr'><strong>attrahunt,</strong></span> <span class='ocrx_word' id='word_1_117' title='bbox 776 1597 1017 1655; x_wconf 85' lang='lat' dir='ltr'><strong>detinent</strong></span> <span class='ocrx_word' id='word_1_118' title='bbox 1064 1600 1122 1648; x_wconf 92' lang='lat' dir='ltr'><strong>ct</strong></span> <span class='ocrx_word' id='word_1_119' title='bbox 1166 1589 1545 1653; x_wconf 86' lang='lat' dir='ltr'><strong>eonseindunt,</strong></span> <span class='ocrx_word' id='word_1_120' title='bbox 1594 1586 1670 1640; x_wconf 92' lang='lat' dir='ltr'><strong>ita</strong></span> <span class='ocrx_word' id='word_1_121' title='bbox 1702 1597 1892 1640; x_wconf 90' lang='lat' dir='ltr'><strong>omnes</strong></span> 
     </span>
    </p>
   </div>
   <div class='ocr_carea' id='block_1_18' title="bbox 295 1677 1908 1761">
    <p class='ocr_par' dir='ltr' id='par_1_18' title="bbox 295 1677 1908 1761">
     <span class='ocr_line' id='line_1_18' title="bbox 295 1677 1908 1761; baseline -0.017 -6"><span class='ocrx_word' id='word_1_122' title='bbox 295 1698 544 1755; x_wconf 82' lang='lat' dir='ltr'><strong>infideles</strong></span> <span class='ocrx_word' id='word_1_123' title='bbox 576 1691 817 1750; x_wconf 64' lang='lat' dir='ltr'><strong>haeretici</strong></span> <span class='ocrx_word' id='word_1_124' title='bbox 852 1690 929 1761; x_wconf 91' lang='lat' dir='ltr'><strong>(et</strong></span> <span class='ocrx_word' id='word_1_125' title='bbox 951 1693 1237 1758; x_wconf 87' lang='lat' dir='ltr'><strong>propterea</strong></span> <span class='ocrx_word' id='word_1_126' title='bbox 1277 1681 1415 1737; x_wconf 91' lang='lat' dir='ltr'><strong>male</strong></span> <span class='ocrx_word' id='word_1_127' title='bbox 1438 1680 1696 1741; x_wconf 87' lang='lat' dir='ltr'><strong>viventes,</strong></span> <span class='ocrx_word' id='word_1_128' title='bbox 1727 1677 1908 1731; x_wconf 87' lang='lat' dir='ltr'><strong>etiam</strong></span> 
     </span>
    </p>
   </div>
   <div class='ocr_carea' id='block_1_19' title="bbox 296 1742 1969 1862">
    <p class='ocr_par' dir='ltr' id='par_1_19' title="bbox 296 1742 1969 1862">
     <span class='ocr_line' id='line_1_19' title="bbox 296 1742 1969 1862; baseline -0.017 -16"><span class='ocrx_word' id='word_1_129' title='bbox 296 1791 390 1862; x_wconf 86' lang='lat' dir='ltr'><strong>qui</strong></span> <span class='ocrx_word' id='word_1_130' title='bbox 421 1796 630 1845; x_wconf 88' lang='lat' dir='ltr'><strong>rectam</strong></span> <span class='ocrx_word' id='word_1_131' title='bbox 654 1784 906 1839; x_wconf 87' lang='lat' dir='ltr'><strong>videntur</strong></span> <span class='ocrx_word' id='word_1_132' title='bbox 934 1779 1093 1833; x_wconf 83' lang='lat' dir='ltr'><strong>ﬁdem</strong></span> <span class='ocrx_word' id='word_1_133' title='bbox 1124 1772 1331 1845; x_wconf 89' lang='lat' dir='ltr'><strong>tenere)</strong></span> <span class='ocrx_word' id='word_1_134' title='bbox 1361 1786 1459 1842; x_wconf 85' lang='lat' dir='ltr'><strong>per</strong></span> <span class='ocrx_word' id='word_1_135' title='bbox 1486 1773 1779 1825; x_wconf 88' lang='lat' dir='ltr'><strong>humanam</strong></span> <span class='ocrx_word' id='word_1_136' title='bbox 1800 1781 1886 1835; x_wconf 90' lang='lat' dir='ltr'><strong>po-</strong></span> <span class='ocrx_word' id='word_1_137' title='bbox 1919 1742 1969 1804; x_wconf 78' lang='grc' dir='ltr'><strong>Β</strong></span> 
     </span>
    </p>
   </div>
   <div class='ocr_carea' id='block_1_20' title="bbox 299 1858 1895 1942">
    <p class='ocr_par' dir='ltr' id='par_1_20' title="bbox 299 1858 1895 1942">
     <span class='ocr_line' id='line_1_20' title="bbox 299 1858 1895 1942; baseline -0.015 -6"><span class='ocrx_word' id='word_1_138' title='bbox 299 1858 527 1936; x_wconf 76' lang='lat' dir='ltr'><strong>tentiam</strong></span> <span class='ocrx_word' id='word_1_139' title='bbox 572 1883 630 1931; x_wconf 89' lang='lat' dir='ltr'><strong>et</strong></span> <span class='ocrx_word' id='word_1_140' title='bbox 675 1868 1083 1942; x_wconf 82' lang='lat' dir='ltr'><strong>corruptibiiem</strong></span> <span class='ocrx_word' id='word_1_141' title='bbox 1125 1864 1509 1937; x_wconf 83' lang='lat' dir='ltr'><strong>principatum,</strong></span> <span class='ocrx_word' id='word_1_142' title='bbox 1545 1876 1644 1932; x_wconf 92' lang='lat' dir='ltr'><strong>per</strong></span> <span class='ocrx_word' id='word_1_143' title='bbox 1679 1858 1895 1929; x_wconf 87' lang='lat' dir='ltr'><strong>iniquos</strong></span> 
     </span>
    </p>
   </div>
   <div class='ocr_carea' id='block_1_21' title="bbox 300 1950 1897 2042">
    <p class='ocr_par' dir='ltr' id='par_1_21' title="bbox 300 1950 1897 2042">
     <span class='ocr_line' id='line_1_21' title="bbox 300 1950 1897 2042; baseline -0.019 -10"><span class='ocrx_word' id='word_1_144' title='bbox 300 1988 483 2031; x_wconf 89' lang='lat' dir='ltr'><strong>mores</strong></span> <span class='ocrx_word' id='word_1_145' title='bbox 528 1979 584 2026; x_wconf 86' lang='lat' dir='ltr'><strong>et</strong></span> <span class='ocrx_word' id='word_1_146' title='bbox 620 1982 788 2042; x_wconf 87' lang='lat' dir='ltr'><strong>prava</strong></span> <span class='ocrx_word' id='word_1_147' title='bbox 823 1962 1092 2034; x_wconf 77' lang='lat' dir='ltr'><strong>exempla,</strong></span> <span class='ocrx_word' id='word_1_148' title='bbox 1126 1973 1287 2015; x_wconf 90' lang='lat' dir='ltr'><strong>omne</strong></span> <span class='ocrx_word' id='word_1_149' title='bbox 1309 1953 1571 2027; x_wconf 89' lang='lat' dir='ltr'><strong>quidquid</strong></span> <span class='ocrx_word' id='word_1_150' title='bbox 1597 1950 1897 2022; x_wconf 89' lang='lat' dir='ltr'><strong>apprehen-</strong></span> 
     </span>
    </p>
   </div>
   <div class='ocr_carea' id='block_1_22' title="bbox 301 2042 1891 2134">
    <p class='ocr_par' dir='ltr' id='par_1_22' title="bbox 301 2042 1891 2134">
     <span class='ocr_line' id='line_1_22' title="bbox 301 2042 1891 2134; baseline -0.018 -13"><span class='ocrx_word' id='word_1_151' title='bbox 301 2065 434 2121; x_wconf 84' lang='lat' dir='ltr'><strong>dere</strong></span> <span class='ocrx_word' id='word_1_152' title='bbox 451 2068 696 2134; x_wconf 88' lang='lat' dir='ltr'><strong>possunt,</strong></span> <span class='ocrx_word' id='word_1_153' title='bbox 721 2054 1100 2119; x_wconf 88' lang='lat' dir='ltr'><strong>conscindunt,</strong></span> <span class='ocrx_word' id='word_1_154' title='bbox 1124 2049 1410 2105; x_wconf 85' lang='lat' dir='ltr'><strong>attrahunt</strong></span> <span class='ocrx_word' id='word_1_155' title='bbox 1428 2053 1588 2115; x_wconf 89' lang='lat' dir='ltr'><strong>atque</strong></span> <span class='ocrx_word' id='word_1_156' title='bbox 1611 2042 1891 2113; x_wconf 88' lang='lat' dir='ltr'><strong>diripiunt.</strong></span> 
     </span>
    </p>
   </div>
   <div class='ocr_carea' id='block_1_23' title="bbox 302 2132 1899 2225">
    <p class='ocr_par' dir='ltr' id='par_1_23' title="bbox 302 2132 1899 2225">
     <span class='ocr_line' id='line_1_23' title="bbox 302 2132 1899 2225; baseline -0.019 -12"><span class='ocrx_word' id='word_1_157' title='bbox 302 2132 550 2225; x_wconf 46' lang='lat' dir='ltr'><strong>Quis—ad</strong></span> <span class='ocrx_word' id='word_1_158' title='bbox 593 2151 778 2222; x_wconf 87' lang='lat' dir='ltr'><strong>spinas</strong></span> <span class='ocrx_word' id='word_1_159' title='bbox 812 2155 868 2204; x_wconf 93' lang='lat' dir='ltr'><strong>et</strong></span> <span class='ocrx_word' id='word_1_160' title='bbox 900 2143 1130 2200; x_wconf 89' lang='lat' dir='ltr'><strong>tribulos</strong></span> <span class='ocrx_word' id='word_1_161' title='bbox 1173 2141 1393 2197; x_wconf 90' lang='lat' dir='ltr'><strong>mittens</strong></span> <span class='ocrx_word' id='word_1_162' title='bbox 1425 2150 1666 2200; x_wconf 90' lang='lat' dir='ltr'><strong>manum,</strong></span> <span class='ocrx_word' id='word_1_163' title='bbox 1691 2132 1775 2188; x_wconf 88' lang='lat' dir='ltr'><strong>vel</strong></span> <span class='ocrx_word' id='word_1_164' title='bbox 1805 2147 1899 2202; x_wconf 90' lang='lat' dir='ltr'><strong>ap-</strong></span> 
     </span>
    </p>
   </div>
   <div class='ocr_carea' id='block_1_24' title="bbox 303 2222 1897 2322">
    <p class='ocr_par' dir='ltr' id='par_1_24' title="bbox 303 2222 1897 2322">
     <span class='ocr_line' id='line_1_24' title="bbox 303 2222 1897 2322; baseline -0.019 -16"><span class='ocrx_word' id='word_1_165' title='bbox 303 2249 639 2322; x_wconf 78' lang='lat' dir='ltr'><strong>proximans,</strong></span> <span class='ocrx_word' id='word_1_166' title='bbox 666 2242 741 2299; x_wconf 89' lang='lat' dir='ltr'><strong>ibi</strong></span> <span class='ocrx_word' id='word_1_167' title='bbox 774 2255 881 2296; x_wconf 91' lang='lat' dir='ltr'><strong>non</strong></span> <span class='ocrx_word' id='word_1_168' title='bbox 915 2237 1260 2299; x_wconf 88' lang='lat' dir='ltr'><strong>dilaceretur,</strong></span> <span class='ocrx_word' id='word_1_169' title='bbox 1299 2238 1393 2286; x_wconf 89' lang='lat' dir='ltr'><strong>aut</strong></span> <span class='ocrx_word' id='word_1_170' title='bbox 1432 2243 1538 2283; x_wconf 92' lang='lat' dir='ltr'><strong>non</strong></span> <span class='ocrx_word' id='word_1_171' title='bbox 1577 2222 1897 2282; x_wconf 90' lang='lat' dir='ltr'><strong>conscinda-</strong></span> 
     </span>
    </p>
   </div>
   <div class='ocr_carea' id='block_1_25' title="bbox 306 2314 1902 2407">
    <p class='ocr_par' dir='ltr' id='par_1_25' title="bbox 306 2314 1902 2407">
     <span class='ocr_line' id='line_1_25' title="bbox 306 2314 1902 2407; baseline -0.019 -9"><span class='ocrx_word' id='word_1_172' title='bbox 306 2351 418 2407; x_wconf 85' lang='lat' dir='ltr'><strong>tur,</strong></span> <span class='ocrx_word' id='word_1_173' title='bbox 451 2346 545 2395; x_wconf 89' lang='lat' dir='ltr'><strong>aut</strong></span> <span class='ocrx_word' id='word_1_174' title='bbox 568 2334 816 2393; x_wconf 87' lang='lat' dir='ltr'><strong>eamdem</strong></span> <span class='ocrx_word' id='word_1_175' title='bbox 849 2342 1068 2385; x_wconf 89' lang='lat' dir='ltr'><strong>manum</strong></span> <span class='ocrx_word' id='word_1_176' title='bbox 1101 2341 1208 2389; x_wconf 87' lang='lat' dir='ltr'><strong>non</strong></span> <span class='ocrx_word' id='word_1_177' title='bbox 1247 2327 1585 2379; x_wconf 89' lang='lat' dir='ltr'><strong>cruentatam</strong></span> <span class='ocrx_word' id='word_1_178' title='bbox 1620 2314 1902 2371; x_wconf 86' lang='lat' dir='ltr'><strong>inveniat?</strong></span> 
     </span>
    </p>
   </div>
   <div class='ocr_carea' id='block_1_26' title="bbox 306 2404 1902 2500">
    <p class='ocr_par' dir='ltr' id='par_1_26' title="bbox 306 2404 1902 2500">
     <span class='ocr_line' id='line_1_26' title="bbox 306 2404 1902 2500; baseline -0.021 -11"><span class='ocrx_word' id='word_1_179' title='bbox 306 2404 442 2500; x_wconf 82' lang='lat' dir='ltr'><strong>Quis</strong></span> <span class='ocrx_word' id='word_1_180' title='bbox 466 2443 599 2500; x_wconf 82' lang='lat' dir='ltr'><strong>ergo</strong></span> <span class='ocrx_word' id='word_1_181' title='bbox 625 2421 896 2482; x_wconf 63' lang='lat' dir='ltr'><strong>haereticis</strong></span> <span class='ocrx_word' id='word_1_182' title='bbox 927 2431 1148 2474; x_wconf 88' lang='lat' dir='ltr'><strong>manum</strong></span> <span class='ocrx_word' id='word_1_183' title='bbox 1174 2414 1457 2486; x_wconf 76' lang='lat' dir='ltr'><strong>porrigens</strong></span> <span class='ocrx_word' id='word_1_184' title='bbox 1486 2415 1581 2463; x_wconf 90' lang='lat' dir='ltr'><strong>aut</strong></span> <span class='ocrx_word' id='word_1_185' title='bbox 1610 2413 1775 2476; x_wconf 90' lang='lat' dir='ltr'><strong>caput</strong></span> <span class='ocrx_word' id='word_1_186' title='bbox 1797 2404 1902 2458; x_wconf 88' lang='lat' dir='ltr'><strong>hu-</strong></span> 
     </span>
    </p>
   </div>
   <div class='ocr_carea' id='block_1_27' title="bbox 311 2497 1904 2588">
    <p class='ocr_par' dir='ltr' id='par_1_27' title="bbox 311 2497 1904 2588">
     <span class='ocr_line' id='line_1_27' title="bbox 311 2497 1904 2588; baseline -0.023 -6"><span class='ocrx_word' id='word_1_187' title='bbox 311 2497 557 2588; x_wconf 65' lang='lat' dir='ltr'><strong>milians,</strong></span> <span class='ocrx_word' id='word_1_188' title='bbox 584 2513 950 2574; x_wconf 89' lang='lat' dir='ltr'><strong>inconscissus</strong></span> <span class='ocrx_word' id='word_1_189' title='bbox 985 2524 1017 2562; x_wconf 91' lang='lat' dir='ltr'><strong>a</strong></span> <span class='ocrx_word' id='word_1_190' title='bbox 1048 2516 1236 2563; x_wconf 89' lang='lat' dir='ltr'><strong>sancto</strong></span> <span class='ocrx_word' id='word_1_191' title='bbox 1267 2501 1493 2573; x_wconf 88' lang='lat' dir='ltr'><strong>Spiritu,</strong></span> <span class='ocrx_word' id='word_1_192' title='bbox 1530 2506 1624 2553; x_wconf 89' lang='lat' dir='ltr'><strong>aut</strong></span> <span class='ocrx_word' id='word_1_193' title='bbox 1651 2497 1904 2551; x_wconf 88' lang='lat' dir='ltr'><strong>incruen-</strong></span> 
     </span>
    </p>
   </div>
   <div class='ocr_carea' id='block_1_28' title="bbox 310 2587 1906 2673">
    <p class='ocr_par' dir='ltr' id='par_1_28' title="bbox 310 2587 1906 2673">
     <span class='ocr_line' id='line_1_28' title="bbox 310 2587 1906 2673; baseline -0.023 0"><span class='ocrx_word' id='word_1_194' title='bbox 310 2625 402 2673; x_wconf 89' lang='lat' dir='ltr'><strong>tus</strong></span> <span class='ocrx_word' id='word_1_195' title='bbox 441 2612 511 2669; x_wconf 87' lang='lat' dir='ltr'><strong>ab</strong></span> <span class='ocrx_word' id='word_1_196' title='bbox 556 2610 751 2665; x_wconf 71' lang='lat' dir='ltr'><strong>anima:</strong></span> <span class='ocrx_word' id='word_1_197' title='bbox 787 2603 1013 2660; x_wconf 84' lang='lat' dir='ltr'><strong>vulnere</strong></span> <span class='ocrx_word' id='word_1_198' title='bbox 1043 2593 1388 2654; x_wconf 84' lang='lat' dir='ltr'><strong>inveniatur?</strong></span> <span class='ocrx_word' id='word_1_199' title='bbox 1440 2589 1574 2658; x_wconf 85' lang='lat' dir='ltr'><strong>Quis</strong></span> <span class='ocrx_word' id='word_1_200' title='bbox 1601 2603 1659 2644; x_wconf 89' lang='lat' dir='ltr'><strong>se</strong></span> <span class='ocrx_word' id='word_1_201' title='bbox 1692 2587 1906 2656; x_wconf 88' lang='lat' dir='ltr'><strong>iniquo-</strong></span> 
     </span>
    </p>
   </div>
   <div class='ocr_carea' id='block_1_29' title="bbox 311 2677 1907 2763">
    <p class='ocr_par' dir='ltr' id='par_1_29' title="bbox 311 2677 1907 2763">
     <span class='ocr_line' id='line_1_29' title="bbox 311 2677 1907 2763; baseline -0.023 1"><span class='ocrx_word' id='word_1_202' title='bbox 311 2721 436 2763; x_wconf 87' lang='lat' dir='ltr'><strong>rum</strong></span> <span class='ocrx_word' id='word_1_203' title='bbox 475 2702 636 2760; x_wconf 84' lang='lat' dir='ltr'><strong>faetis</strong></span> <span class='ocrx_word' id='word_1_204' title='bbox 681 2693 1116 2757; x_wconf 85' lang='lat' dir='ltr'><strong>accommodans,</strong></span> <span class='ocrx_word' id='word_1_205' title='bbox 1156 2703 1265 2743; x_wconf 90' lang='lat' dir='ltr'><strong>non</strong></span> <span class='ocrx_word' id='word_1_206' title='bbox 1304 2686 1373 2741; x_wconf 91' lang='lat' dir='ltr'><strong>ab</strong></span> <span class='ocrx_word' id='word_1_207' title='bbox 1427 2695 1615 2737; x_wconf 89' lang='lat' dir='ltr'><strong>eorum</strong></span> <span class='ocrx_word' id='word_1_208' title='bbox 1653 2677 1907 2748; x_wconf 86' lang='lat' dir='ltr'><strong>inquina-</strong></span> 
     </span>
    </p>
   </div>
   <div class='ocr_carea' id='block_1_30' title="bbox 312 2766 1906 2866">
    <p class='ocr_par' dir='ltr' id='par_1_30' title="bbox 312 2766 1906 2866">
     <span class='ocr_line' id='line_1_30' title="bbox 312 2766 1906 2866; baseline -0.023 -10"><span class='ocrx_word' id='word_1_209' title='bbox 312 2798 552 2856; x_wconf 87' lang='lat' dir='ltr'><strong>tionibus</strong></span> <span class='ocrx_word' id='word_1_210' title='bbox 579 2789 788 2866; x_wconf 89' lang='lat' dir='ltr'><strong>peccati</strong></span> <span class='ocrx_word' id='word_1_211' title='bbox 817 2784 1003 2843; x_wconf 84' lang='lat' dir='ltr'><strong>aculeo</strong></span> <span class='ocrx_word' id='word_1_212' title='bbox 1032 2775 1372 2853; x_wconf 80' lang='lat' dir='ltr'><strong>perforetur?</strong></span> <span class='ocrx_word' id='word_1_213' title='bbox 1410 2773 1569 2829; x_wconf 86' lang='lat' dir='ltr'><strong>Tales</strong></span> <span class='ocrx_word' id='word_1_214' title='bbox 1592 2770 1736 2824; x_wconf 88' lang='lat' dir='ltr'><strong>enim</strong></span> <span class='ocrx_word' id='word_1_215' title='bbox 1766 2766 1906 2821; x_wconf 90' lang='lat' dir='ltr'><strong>anti-</strong></span> 
     </span>
    </p>
   </div>
   <div class='ocr_carea' id='block_1_31' title="bbox 304 2859 1903 2962">
    <p class='ocr_par' dir='ltr' id='par_1_31' title="bbox 304 2859 1903 2962">
     <span class='ocr_line' id='line_1_31' title="bbox 304 2859 1903 2962; baseline -0.023 -15"><span class='ocrx_word' id='word_1_216' title='bbox 304 2889 498 2962; x_wconf 77' lang='lat' dir='ltr'><strong>quitus</strong></span> <span class='ocrx_word' id='word_1_217' title='bbox 523 2859 767 2943; x_wconf 41' lang='lat' dir='ltr'><strong>et&#39;Judazi</strong></span> <span class='ocrx_word' id='word_1_218' title='bbox 793 2877 1015 2934; x_wconf 90' lang='lat' dir='ltr'><strong>fuerunt</strong></span> <span class='ocrx_word' id='word_1_219' title='bbox 1045 2891 1059 2927; x_wconf 90' lang='lat'>:</span> <span class='ocrx_word' id='word_1_220' title='bbox 1092 2886 1215 2928; x_wconf 91' lang='lat' dir='ltr'><strong>cum</strong></span> <span class='ocrx_word' id='word_1_221' title='bbox 1242 2869 1503 2924; x_wconf 85' lang='lat' dir='ltr'><strong>deberent</strong></span> <span class='ocrx_word' id='word_1_222' title='bbox 1532 2876 1665 2919; x_wconf 88' lang='lat' dir='ltr'><strong>uvas</strong></span> <span class='ocrx_word' id='word_1_223' title='bbox 1691 2859 1903 2923; x_wconf 77' lang='lat' dir='ltr'><strong>afferre,</strong></span> 
     </span>
    </p>
   </div>
   <div class='ocr_carea' id='block_1_32' title="bbox 1982 483 3573 553">
    <p class='ocr_par' dir='ltr' id='par_1_32' title="bbox 1982 483 3573 553">
     <span class='ocr_line' id='line_1_32' title="bbox 1982 483 3573 553; baseline -0.002 -10"><span class='ocrx_word' id='word_1_224' title='bbox 1982 504 2076 543; x_wconf 88' lang='lat' dir='ltr'><strong>seu</strong></span> <span class='ocrx_word' id='word_1_225' title='bbox 2105 487 2322 551; x_wconf 88' lang='lat' dir='ltr'><strong>malam,</strong></span> <span class='ocrx_word' id='word_1_226' title='bbox 2354 485 2558 540; x_wconf 88' lang='lat' dir='ltr'><strong>fruetus</strong></span> <span class='ocrx_word' id='word_1_227' title='bbox 2583 493 2763 539; x_wconf 83' lang='lat' dir='ltr'><strong>autent</strong></span> <span class='ocrx_word' id='word_1_228' title='bbox 2803 499 2988 553; x_wconf 84' lang='lat' dir='ltr'><strong>opera,</strong></span> <span class='ocrx_word' id='word_1_229' title='bbox 3019 485 3143 553; x_wconf 88' lang='lat' dir='ltr'><strong>quia</strong></span> <span class='ocrx_word' id='word_1_230' title='bbox 3170 499 3270 538; x_wconf 91' lang='lat' dir='ltr'><strong>nec</strong></span> <span class='ocrx_word' id='word_1_231' title='bbox 3293 483 3429 539; x_wconf 86' lang='lat' dir='ltr'><strong>bona</strong></span> <span class='ocrx_word' id='word_1_232' title='bbox 3472 501 3573 540; x_wconf 87' lang='lat' dir='ltr'><strong>vo—</strong></span> 
     </span>
    </p>
   </div>
   <div class='ocr_carea' id='block_1_33' title="bbox 1983 575 3580 645">
    <p class='ocr_par' dir='ltr' id='par_1_33' title="bbox 1983 575 3580 645">
     <span class='ocr_line' id='line_1_33' title="bbox 1983 575 3580 645; baseline -0.001 -11"><span class='ocrx_word' id='word_1_233' title='bbox 1983 579 2205 636; x_wconf 89' lang='lat' dir='ltr'><strong>luntatis</strong></span> <span class='ocrx_word' id='word_1_234' title='bbox 2252 578 2407 633; x_wconf 71' lang='lat' dir='ltr'><strong>mala:</strong></span> <span class='ocrx_word' id='word_1_235' title='bbox 2438 619 2451 642; x_wconf 90' lang='lat'><strong>,</strong></span> <span class='ocrx_word' id='word_1_236' title='bbox 2503 592 2601 632; x_wconf 91' lang='lat' dir='ltr'><strong>nec</strong></span> <span class='ocrx_word' id='word_1_237' title='bbox 2643 575 2783 630; x_wconf 89' lang='lat' dir='ltr'><strong>mala</strong></span> <span class='ocrx_word' id='word_1_238' title='bbox 2834 585 3061 645; x_wconf 86' lang='lat' dir='ltr'><strong>possunt</strong></span> <span class='ocrx_word' id='word_1_239' title='bbox 3111 590 3232 630; x_wconf 89' lang='lat' dir='ltr'><strong>esse</strong></span> <span class='ocrx_word' id='word_1_240' title='bbox 3282 577 3580 634; x_wconf 86' lang='lat' dir='ltr'><strong>voluntatis</strong></span> 
     </span>
    </p>
   </div>
   <div class='ocr_carea' id='block_1_34' title="bbox 1984 667 3579 738">
    <p class='ocr_par' dir='ltr' id='par_1_34' title="bbox 1984 667 3579 738">
     <span class='ocr_line' id='line_1_34' title="bbox 1984 667 3579 738; baseline -0.004 -8"><span class='ocrx_word' id='word_1_241' title='bbox 1984 677 2153 730; x_wconf 67' lang='lat' dir='ltr'><strong>bonae.</strong></span> <span class='ocrx_word' id='word_1_242' title='bbox 2210 673 2325 728; x_wconf 85' lang='lat' dir='ltr'><strong>Hoc</strong></span> <span class='ocrx_word' id='word_1_243' title='bbox 2359 679 2441 725; x_wconf 91' lang='lat' dir='ltr'><strong>est</strong></span> <span class='ocrx_word' id='word_1_244' title='bbox 2483 669 2627 725; x_wconf 90' lang='lat' dir='ltr'><strong>enim</strong></span> <span class='ocrx_word' id='word_1_245' title='bbox 2657 668 2800 738; x_wconf 91' lang='lat' dir='ltr'><strong>quod</strong></span> <span class='ocrx_word' id='word_1_246' title='bbox 2836 667 2951 721; x_wconf 87' lang='lat' dir='ltr'><strong>ait:</strong></span> <span class='ocrx_word' id='word_1_247' title='bbox 2982 667 3158 721; x_wconf 79' lang='lat' dir='ltr'><strong>Arbor</strong></span> <span class='ocrx_word' id='word_1_248' title='bbox 3185 667 3325 721; x_wconf 88' lang='lat' dir='ltr'><strong>mala</strong></span> <span class='ocrx_word' id='word_1_249' title='bbox 3369 667 3579 724; x_wconf 84' lang='lat' dir='ltr'><strong>fructus</strong></span> 
     </span>
    </p>
   </div>
   <div class='ocr_carea' id='block_1_35' title="bbox 1984 757 3579 824">
    <p class='ocr_par' dir='ltr' id='par_1_35' title="bbox 1984 757 3579 824">
     <span class='ocr_line' id='line_1_35' title="bbox 1984 757 3579 824; baseline -0.005 -4"><span class='ocrx_word' id='word_1_250' title='bbox 1984 767 2155 820; x_wconf 91' lang='lat' dir='ltr'><strong>bonos</strong></span> <span class='ocrx_word' id='word_1_251' title='bbox 2183 780 2287 818; x_wconf 89' lang='lat' dir='ltr'><strong>non</strong></span> <span class='ocrx_word' id='word_1_252' title='bbox 2313 761 2457 824; x_wconf 87' lang='lat' dir='ltr'><strong>facit,</strong></span> <span class='ocrx_word' id='word_1_253' title='bbox 2490 771 2547 816; x_wconf 90' lang='lat' dir='ltr'><strong>et</strong></span> <span class='ocrx_word' id='word_1_254' title='bbox 2572 760 2735 815; x_wconf 89' lang='lat' dir='ltr'><strong>arbor</strong></span> <span class='ocrx_word' id='word_1_255' title='bbox 2758 761 2898 814; x_wconf 89' lang='lat' dir='ltr'><strong>bona</strong></span> <span class='ocrx_word' id='word_1_256' title='bbox 2931 757 3136 813; x_wconf 87' lang='lat' dir='ltr'><strong>fructus</strong></span> <span class='ocrx_word' id='word_1_257' title='bbox 3167 758 3337 814; x_wconf 88' lang='lat' dir='ltr'><strong>malos</strong></span> <span class='ocrx_word' id='word_1_258' title='bbox 3360 775 3464 813; x_wconf 91' lang='lat' dir='ltr'><strong>non</strong></span> <span class='ocrx_word' id='word_1_259' title='bbox 3493 758 3579 812; x_wconf 79' lang='lat' dir='ltr'><strong>fa-</strong></span> 
     </span>
    </p>
   </div>
   <div class='ocr_carea' id='block_1_36' title="bbox 1985 850 3583 925">
    <p class='ocr_par' dir='ltr' id='par_1_36' title="bbox 1985 850 3583 925">
     <span class='ocr_line' id='line_1_36' title="bbox 1985 850 3583 925; baseline -0.004 -14"><span class='ocrx_word' id='word_1_260' title='bbox 1985 858 2080 911; x_wconf 93' lang='lat' dir='ltr'><strong>cit.</strong></span> <span class='ocrx_word' id='word_1_261' title='bbox 2131 856 2409 925; x_wconf 86' lang='lat' dir='ltr'><strong>Tanquam</strong></span> <span class='ocrx_word' id='word_1_262' title='bbox 2458 853 2701 913; x_wconf 84' lang='lat' dir='ltr'><strong>diceret,</strong></span> <span class='ocrx_word' id='word_1_263' title='bbox 2748 866 2848 905; x_wconf 91' lang='lat' dir='ltr'><strong>nec</strong></span> <span class='ocrx_word' id='word_1_264' title='bbox 2888 864 3053 920; x_wconf 85' lang='lat' dir='ltr'><strong>opera</strong></span> <span class='ocrx_word' id='word_1_265' title='bbox 3099 851 3240 904; x_wconf 85' lang='lat' dir='ltr'><strong>bona</strong></span> <span class='ocrx_word' id='word_1_266' title='bbox 3267 891 3281 915; x_wconf 87' lang='lat'><strong>,</strong></span> <span class='ocrx_word' id='word_1_267' title='bbox 3327 850 3583 905; x_wconf 85' lang='lat' dir='ltr'><strong>voluntas</strong></span> 
     </span>
    </p>
   </div>
   <div class='ocr_carea' id='block_1_37' title="bbox 1988 941 3577 1014">
    <p class='ocr_par' dir='ltr' id='par_1_37' title="bbox 1988 941 3577 1014">
     <span class='ocr_line' id='line_1_37' title="bbox 1988 941 3577 1014; baseline -0.005 -11"><span class='ocrx_word' id='word_1_268' title='bbox 1988 949 2125 1004; x_wconf 89' lang='lat' dir='ltr'><strong>mala</strong></span> <span class='ocrx_word' id='word_1_269' title='bbox 2153 990 2166 1013; x_wconf 92' lang='lat'><strong>,</strong></span> <span class='ocrx_word' id='word_1_270' title='bbox 2210 962 2310 1002; x_wconf 92' lang='lat' dir='ltr'><strong>nec</strong></span> <span class='ocrx_word' id='word_1_271' title='bbox 2360 945 2499 1001; x_wconf 88' lang='lat' dir='ltr'><strong>mala</strong></span> <span class='ocrx_word' id='word_1_272' title='bbox 2541 958 2706 1014; x_wconf 87' lang='lat' dir='ltr'><strong>opera</strong></span> <span class='ocrx_word' id='word_1_273' title='bbox 2755 942 2885 998; x_wconf 83' lang='lat' dir='ltr'><strong>facit</strong></span> <span class='ocrx_word' id='word_1_274' title='bbox 2928 942 3179 997; x_wconf 88' lang='lat' dir='ltr'><strong>voluntas</strong></span> <span class='ocrx_word' id='word_1_275' title='bbox 3218 941 3358 995; x_wconf 87' lang='lat' dir='ltr'><strong>bona</strong></span> <span class='ocrx_word' id='word_1_276' title='bbox 3394 959 3407 993; x_wconf 89' lang='lat'><strong>:</strong></span> <span class='ocrx_word' id='word_1_277' title='bbox 3454 956 3577 995; x_wconf 85' lang='lat' dir='ltr'><strong>nam</strong></span> 
     </span>
    </p>
   </div>
   <div class='ocr_carea' id='block_1_38' title="bbox 1988 1033 3585 1112">
    <p class='ocr_par' dir='ltr' id='par_1_38' title="bbox 1988 1033 3585 1112">
     <span class='ocr_line' id='line_1_38' title="bbox 1988 1033 3585 1112; baseline -0.007 -16"><span class='ocrx_word' id='word_1_278' title='bbox 1988 1043 2225 1112; x_wconf 90' lang='lat' dir='ltr'><strong>ipsarum</strong></span> <span class='ocrx_word' id='word_1_279' title='bbox 2244 1040 2517 1103; x_wconf 88' lang='lat' dir='ltr'><strong>arborum,</strong></span> <span class='ocrx_word' id='word_1_280' title='bbox 2546 1038 2601 1091; x_wconf 90' lang='lat' dir='ltr'><strong>id</strong></span> <span class='ocrx_word' id='word_1_281' title='bbox 2621 1044 2725 1100; x_wconf 91' lang='lat' dir='ltr'><strong>est,</strong></span> <span class='ocrx_word' id='word_1_282' title='bbox 2750 1036 2986 1106; x_wconf 90' lang='lat' dir='ltr'><strong>ipsarum</strong></span> <span class='ocrx_word' id='word_1_283' title='bbox 3008 1033 3345 1088; x_wconf 89' lang='lat' dir='ltr'><strong>voluntatum</strong></span> <span class='ocrx_word' id='word_1_284' title='bbox 3367 1033 3410 1087; x_wconf 90' lang='lat' dir='ltr'><strong>si</strong></span> <span class='ocrx_word' id='word_1_285' title='bbox 3434 1046 3585 1101; x_wconf 71' lang='lat' dir='ltr'><strong>qum-</strong></span> 
     </span>
    </p>
   </div>
   <div class='ocr_carea' id='block_1_39' title="bbox 1989 1121 3582 1201">
    <p class='ocr_par' dir='ltr' id='par_1_39' title="bbox 1989 1121 3582 1201">
     <span class='ocr_line' id='line_1_39' title="bbox 1989 1121 3582 1201; baseline -0.008 -14"><span class='ocrx_word' id='word_1_286' title='bbox 1989 1141 2180 1187; x_wconf 88' lang='lat' dir='ltr'><strong>rantur</strong></span> <span class='ocrx_word' id='word_1_287' title='bbox 2203 1130 2461 1201; x_wconf 82' lang='lat' dir='ltr'><strong>origines,</strong></span> <span class='ocrx_word' id='word_1_288' title='bbox 2489 1127 2618 1197; x_wconf 91' lang='lat' dir='ltr'><strong>quid</strong></span> <span class='ocrx_word' id='word_1_289' title='bbox 2645 1133 2938 1181; x_wconf 87' lang='lat' dir='ltr'><strong>occurrunt</strong></span> <span class='ocrx_word' id='word_1_290' title='bbox 2958 1124 3062 1179; x_wconf 88' lang='lat' dir='ltr'><strong>nisi</strong></span> <span class='ocrx_word' id='word_1_291' title='bbox 3083 1133 3291 1178; x_wconf 73' lang='lat' dir='ltr'><strong>natura:</strong></span> <span class='ocrx_word' id='word_1_292' title='bbox 3318 1137 3452 1192; x_wconf 90' lang='lat' dir='ltr'><strong>quas</strong></span> <span class='ocrx_word' id='word_1_293' title='bbox 3480 1121 3582 1175; x_wconf 89' lang='lat' dir='ltr'><strong>bo—</strong></span> 
     </span>
    </p>
   </div>
   <div class='ocr_carea' id='block_1_40' title="bbox 1989 1214 3581 1288">
    <p class='ocr_par' dir='ltr' id='par_1_40' title="bbox 1989 1214 3581 1288">
     <span class='ocr_line' id='line_1_40' title="bbox 1989 1214 3581 1288; baseline -0.008 -10"><span class='ocrx_word' id='word_1_294' title='bbox 1989 1239 2092 1278; x_wconf 89' lang='lat' dir='ltr'><strong>nus</strong></span> <span class='ocrx_word' id='word_1_295' title='bbox 2133 1222 2275 1277; x_wconf 83' lang='lat' dir='ltr'><strong>Deus</strong></span> <span class='ocrx_word' id='word_1_296' title='bbox 2316 1220 2574 1277; x_wconf 89' lang='lat' dir='ltr'><strong>condidit.</strong></span> <span class='ocrx_word' id='word_1_297' title='bbox 2630 1218 2708 1272; x_wconf 86' lang='lat' dir='ltr'><strong>Ac</strong></span> <span class='ocrx_word' id='word_1_298' title='bbox 2739 1233 2837 1288; x_wconf 89' lang='lat' dir='ltr'><strong>per</strong></span> <span class='ocrx_word' id='word_1_299' title='bbox 2873 1216 2976 1271; x_wconf 90' lang='lat' dir='ltr'><strong>hoc</strong></span> <span class='ocrx_word' id='word_1_300' title='bbox 3015 1232 3081 1271; x_wconf 85' lang='lat' dir='ltr'><strong>ex</strong></span> <span class='ocrx_word' id='word_1_301' title='bbox 3113 1214 3271 1270; x_wconf 87' lang='lat' dir='ltr'><strong>bonis</strong></span> <span class='ocrx_word' id='word_1_302' title='bbox 3305 1220 3425 1267; x_wconf 89' lang='lat' dir='ltr'><strong>orta</strong></span> <span class='ocrx_word' id='word_1_303' title='bbox 3454 1220 3581 1267; x_wconf 87' lang='lat' dir='ltr'><strong>sunt</strong></span> 
     </span>
    </p>
   </div>
   <div class='ocr_carea' id='block_1_41' title="bbox 1990 1306 3584 1383">
    <p class='ocr_par' dir='ltr' id='par_1_41' title="bbox 1990 1306 3584 1383">
     <span class='ocr_line' id='line_1_41' title="bbox 1990 1306 3584 1383; baseline -0.009 -9"><span class='ocrx_word' id='word_1_304' title='bbox 1990 1319 2151 1383; x_wconf 88' lang='lat' dir='ltr'><strong>mala,</strong></span> <span class='ocrx_word' id='word_1_305' title='bbox 2181 1334 2287 1373; x_wconf 91' lang='lat' dir='ltr'><strong>non</strong></span> <span class='ocrx_word' id='word_1_306' title='bbox 2314 1332 2379 1371; x_wconf 79' lang='lat' dir='ltr'><strong>ex</strong></span> <span class='ocrx_word' id='word_1_307' title='bbox 2406 1315 2561 1371; x_wconf 86' lang='lat' dir='ltr'><strong>bonis</strong></span> <span class='ocrx_word' id='word_1_308' title='bbox 2586 1312 2955 1367; x_wconf 85' lang='lat' dir='ltr'><strong>voluntatibus</strong></span> <span class='ocrx_word' id='word_1_309' title='bbox 2985 1324 3147 1380; x_wconf 89' lang='lat' dir='ltr'><strong>opera</strong></span> <span class='ocrx_word' id='word_1_310' title='bbox 3177 1306 3343 1371; x_wconf 83' lang='lat' dir='ltr'><strong>mala,</strong></span> <span class='ocrx_word' id='word_1_311' title='bbox 3378 1306 3472 1361; x_wconf 90' lang='lat' dir='ltr'><strong>sed</strong></span> <span class='ocrx_word' id='word_1_312' title='bbox 3511 1321 3584 1360; x_wconf 72' lang='lat' dir='ltr'><strong>ex</strong></span> 
     </span>
    </p>
   </div>
   <div class='ocr_carea' id='block_1_42' title="bbox 1990 1399 3586 1469">
    <p class='ocr_par' dir='ltr' id='par_1_42' title="bbox 1990 1399 3586 1469">
     <span class='ocr_line' id='line_1_42' title="bbox 1990 1399 3586 1469; baseline -0.01 0"><span class='ocrx_word' id='word_1_313' title='bbox 1990 1413 2149 1469; x_wconf 90' lang='lat' dir='ltr'><strong>bonis</strong></span> <span class='ocrx_word' id='word_1_314' title='bbox 2189 1411 2400 1465; x_wconf 88' lang='lat' dir='ltr'><strong>naturis</strong></span> <span class='ocrx_word' id='word_1_315' title='bbox 2449 1407 2756 1462; x_wconf 86' lang='lat' dir='ltr'><strong>voluntates</strong></span> <span class='ocrx_word' id='word_1_316' title='bbox 2794 1404 2983 1467; x_wconf 61' lang='lat' dir='ltr'><strong>malae;</strong></span> <span class='ocrx_word' id='word_1_317' title='bbox 3036 1411 3094 1457; x_wconf 91' lang='lat' dir='ltr'><strong>ut</strong></span> <span class='ocrx_word' id='word_1_318' title='bbox 3133 1402 3203 1457; x_wconf 90' lang='lat' dir='ltr'><strong>sit</strong></span> <span class='ocrx_word' id='word_1_319' title='bbox 3239 1403 3292 1456; x_wconf 90' lang='lat' dir='ltr'><strong>in</strong></span> <span class='ocrx_word' id='word_1_320' title='bbox 3330 1416 3395 1456; x_wconf 89' lang='lat' dir='ltr'><strong>eo</strong></span> <span class='ocrx_word' id='word_1_321' title='bbox 3429 1399 3586 1454; x_wconf 77' lang='lat' dir='ltr'><strong>radix</strong></span> 
     </span>
    </p>
   </div>
   <div class='ocr_carea' id='block_1_43' title="bbox 1992 1491 3587 1568">
    <p class='ocr_par' dir='ltr' id='par_1_43' title="bbox 1992 1491 3587 1568">
     <span class='ocr_line' id='line_1_43' title="bbox 1992 1491 3587 1568; baseline -0.01 -9"><span class='ocrx_word' id='word_1_322' title='bbox 1992 1503 2143 1567; x_wconf 89' lang='lat' dir='ltr'><strong>mali,</strong></span> <span class='ocrx_word' id='word_1_323' title='bbox 2170 1500 2302 1555; x_wconf 87' lang='lat' dir='ltr'><strong>nihil</strong></span> <span class='ocrx_word' id='word_1_324' title='bbox 2332 1499 2475 1553; x_wconf 90' lang='lat' dir='ltr'><strong>aliud</strong></span> <span class='ocrx_word' id='word_1_325' title='bbox 2497 1512 2661 1568; x_wconf 88' lang='lat' dir='ltr'><strong>quam</strong></span> <span class='ocrx_word' id='word_1_326' title='bbox 2692 1494 2985 1565; x_wconf 80' lang='lat' dir='ltr'><strong>indigentia</strong></span> <span class='ocrx_word' id='word_1_327' title='bbox 3014 1493 3162 1547; x_wconf 92' lang='lat' dir='ltr'><strong>boni.</strong></span> <span class='ocrx_word' id='word_1_328' title='bbox 3201 1491 3378 1546; x_wconf 80' lang='lat' dir='ltr'><strong>Arbor</strong></span> <span class='ocrx_word' id='word_1_329' title='bbox 3405 1498 3587 1544; x_wconf 84' lang='lat' dir='ltr'><strong>autem</strong></span> 
     </span>
    </p>
   </div>
   <div class='ocr_carea' id='block_1_44' title="bbox 1993 1581 3589 1653">
    <p class='ocr_par' dir='ltr' id='par_1_44' title="bbox 1993 1581 3589 1653">
     <span class='ocr_line' id='line_1_44' title="bbox 1993 1581 3589 1653; baseline -0.012 -3"><span class='ocrx_word' id='word_1_330' title='bbox 1993 1595 2136 1651; x_wconf 89' lang='lat' dir='ltr'><strong>bona</strong></span> <span class='ocrx_word' id='word_1_331' title='bbox 2162 1593 2281 1648; x_wconf 91' lang='lat' dir='ltr'><strong>ideo</strong></span> <span class='ocrx_word' id='word_1_332' title='bbox 2311 1600 2394 1646; x_wconf 90' lang='lat' dir='ltr'><strong>est</strong></span> <span class='ocrx_word' id='word_1_333' title='bbox 2422 1588 2670 1644; x_wconf 89' lang='lat' dir='ltr'><strong>voluntas</strong></span> <span class='ocrx_word' id='word_1_334' title='bbox 2694 1587 2856 1650; x_wconf 88' lang='lat' dir='ltr'><strong>bona,</strong></span> <span class='ocrx_word' id='word_1_335' title='bbox 2885 1583 3010 1653; x_wconf 88' lang='lat' dir='ltr'><strong>quia</strong></span> <span class='ocrx_word' id='word_1_336' title='bbox 3040 1597 3137 1652; x_wconf 91' lang='lat' dir='ltr'><strong>per</strong></span> <span class='ocrx_word' id='word_1_337' title='bbox 3161 1581 3331 1648; x_wconf 90' lang='lat' dir='ltr'><strong>ipsam</strong></span> <span class='ocrx_word' id='word_1_338' title='bbox 3361 1593 3589 1633; x_wconf 86' lang='lat' dir='ltr'><strong>conver-</strong></span> 
     </span>
    </p>
   </div>
   <div class='ocr_carea' id='block_1_45' title="bbox 1996 1670 3586 1747">
    <p class='ocr_par' dir='ltr' id='par_1_45' title="bbox 1996 1670 3586 1747">
     <span class='ocr_line' id='line_1_45' title="bbox 1996 1670 3586 1747; baseline -0.013 -4"><span class='ocrx_word' id='word_1_339' title='bbox 1996 1689 2132 1743; x_wconf 88' lang='lat' dir='ltr'><strong>titur</strong></span> <span class='ocrx_word' id='word_1_340' title='bbox 2172 1686 2334 1741; x_wconf 89' lang='lat' dir='ltr'><strong>homo</strong></span> <span class='ocrx_word' id='word_1_341' title='bbox 2380 1684 2448 1737; x_wconf 89' lang='lat' dir='ltr'><strong>ad</strong></span> <span class='ocrx_word' id='word_1_342' title='bbox 2492 1694 2765 1737; x_wconf 89' lang='lat' dir='ltr'><strong>summum</strong></span> <span class='ocrx_word' id='word_1_343' title='bbox 2803 1685 2967 1747; x_wconf 83' lang='lat' dir='ltr'><strong>atque</strong></span> <span class='ocrx_word' id='word_1_344' title='bbox 3010 1671 3449 1729; x_wconf 88' lang='lat' dir='ltr'><strong>incommutabile</strong></span> <span class='ocrx_word' id='word_1_345' title='bbox 3484 1670 3586 1724; x_wconf 82' lang='lat' dir='ltr'><strong>bc-</strong></span> 
     </span>
    </p>
   </div>
   <div class='ocr_carea' id='block_1_46' title="bbox 1995 1759 3590 1846">
    <p class='ocr_par' dir='ltr' id='par_1_46' title="bbox 1995 1759 3590 1846">
     <span class='ocr_line' id='line_1_46' title="bbox 1995 1759 3590 1846; baseline -0.014 -11"><span class='ocrx_word' id='word_1_346' title='bbox 1995 1795 2147 1846; x_wconf 89' lang='lat' dir='ltr'><strong>num,</strong></span> <span class='ocrx_word' id='word_1_347' title='bbox 2177 1787 2234 1832; x_wconf 90' lang='lat' dir='ltr'><strong>ct</strong></span> <span class='ocrx_word' id='word_1_348' title='bbox 2255 1775 2512 1846; x_wconf 89' lang='lat' dir='ltr'><strong>impletur</strong></span> <span class='ocrx_word' id='word_1_349' title='bbox 2535 1775 2677 1828; x_wconf 89' lang='lat' dir='ltr'><strong>bono</strong></span> <span class='ocrx_word' id='word_1_350' title='bbox 2711 1777 2770 1825; x_wconf 89' lang='lat' dir='ltr'><strong>ut</strong></span> <span class='ocrx_word' id='word_1_351' title='bbox 2796 1768 2961 1823; x_wconf 82' lang='lat' dir='ltr'><strong>faciat</strong></span> <span class='ocrx_word' id='word_1_352' title='bbox 2990 1766 3224 1820; x_wconf 87' lang='lat' dir='ltr'><strong>fructum</strong></span> <span class='ocrx_word' id='word_1_353' title='bbox 3249 1764 3468 1817; x_wconf 88' lang='lat' dir='ltr'><strong>bonum.</strong></span> <span class='ocrx_word' id='word_1_354' title='bbox 3511 1759 3590 1813; x_wconf 79' lang='lat' dir='ltr'><strong>Ac</strong></span> 
     </span>
    </p>
   </div>
   <div class='ocr_carea' id='block_1_47' title="bbox 1996 1855 3592 1942">
    <p class='ocr_par' dir='ltr' id='par_1_47' title="bbox 1996 1855 3592 1942">
     <span class='ocr_line' id='line_1_47' title="bbox 1996 1855 3592 1942; baseline -0.014 -15"><span class='ocrx_word' id='word_1_355' title='bbox 1996 1888 2093 1942; x_wconf 91' lang='lat' dir='ltr'><strong>per</strong></span> <span class='ocrx_word' id='word_1_356' title='bbox 2119 1872 2221 1925; x_wconf 90' lang='lat' dir='ltr'><strong>hoc</strong></span> <span class='ocrx_word' id='word_1_357' title='bbox 2248 1869 2390 1923; x_wconf 90' lang='lat' dir='ltr'><strong>Deus</strong></span> <span class='ocrx_word' id='word_1_358' title='bbox 2417 1877 2500 1922; x_wconf 88' lang='lat' dir='ltr'><strong>est</strong></span> <span class='ocrx_word' id='word_1_359' title='bbox 2525 1874 2718 1920; x_wconf 89' lang='lat' dir='ltr'><strong>auctor</strong></span> <span class='ocrx_word' id='word_1_360' title='bbox 2752 1861 2995 1919; x_wconf 91' lang='lat' dir='ltr'><strong>omnium</strong></span> <span class='ocrx_word' id='word_1_361' title='bbox 3034 1858 3322 1920; x_wconf 89' lang='lat' dir='ltr'><strong>bonorum,</strong></span> <span class='ocrx_word' id='word_1_362' title='bbox 3362 1855 3463 1907; x_wconf 90' lang='lat' dir='ltr'><strong>hoc</strong></span> <span class='ocrx_word' id='word_1_363' title='bbox 3506 1860 3592 1906; x_wconf 88' lang='lat' dir='ltr'><strong>est</strong></span> 
     </span>
    </p>
   </div>
   <div class='ocr_carea' id='block_1_48' title="bbox 1997 1944 3592 2033">
    <p class='ocr_par' dir='ltr' id='par_1_48' title="bbox 1997 1944 3592 2033">
     <span class='ocr_line' id='line_1_48' title="bbox 1997 1944 3592 2033; baseline -0.011 -17"><span class='ocrx_word' id='word_1_364' title='bbox 1997 1969 2052 2016; x_wconf 89' lang='lat' dir='ltr'><strong>et</strong></span> <span class='ocrx_word' id='word_1_365' title='bbox 2079 1967 2285 2033; x_wconf 69' lang='lat' dir='ltr'><strong>naturae</strong></span> <span class='ocrx_word' id='word_1_366' title='bbox 2320 1959 2475 2013; x_wconf 62' lang='lat' dir='ltr'><strong>bona:</strong></span> <span class='ocrx_word' id='word_1_367' title='bbox 2502 1964 2557 2010; x_wconf 86' lang='lat' dir='ltr'><strong>et</strong></span> <span class='ocrx_word' id='word_1_368' title='bbox 2588 1953 2883 2009; x_wconf 87' lang='lat' dir='ltr'><strong>voluntatis</strong></span> <span class='ocrx_word' id='word_1_369' title='bbox 2916 1952 3090 2006; x_wconf 77' lang='lat' dir='ltr'><strong>home.</strong></span> <span class='ocrx_word' id='word_1_370' title='bbox 3146 1947 3280 2015; x_wconf 83' lang='lat' dir='ltr'><strong>Quia</strong></span> <span class='ocrx_word' id='word_1_371' title='bbox 3315 1945 3418 2000; x_wconf 88' lang='lat' dir='ltr'><strong>nisi</strong></span> <span class='ocrx_word' id='word_1_372' title='bbox 3449 1944 3592 1998; x_wconf 82' lang='lat' dir='ltr'><strong>Deus</strong></span> 
     </span>
    </p>
   </div>
   <div class='ocr_carea' id='block_1_49' title="bbox 1999 2038 3595 2121">
    <p class='ocr_par' dir='ltr' id='par_1_49' title="bbox 1999 2038 3595 2121">
     <span class='ocr_line' id='line_1_49' title="bbox 1999 2038 3595 2121; baseline -0.014 -13"><span class='ocrx_word' id='word_1_373' title='bbox 1999 2053 2055 2107; x_wconf 92' lang='lat' dir='ltr'><strong>in</strong></span> <span class='ocrx_word' id='word_1_374' title='bbox 2101 2051 2193 2106; x_wconf 90' lang='lat' dir='ltr'><strong>illo</strong></span> <span class='ocrx_word' id='word_1_375' title='bbox 2235 2059 2508 2121; x_wconf 87' lang='lat' dir='ltr'><strong>operetur,</strong></span> <span class='ocrx_word' id='word_1_376' title='bbox 2553 2061 2661 2101; x_wconf 90' lang='lat' dir='ltr'><strong>non</strong></span> <span class='ocrx_word' id='word_1_377' title='bbox 2700 2044 2833 2099; x_wconf 82' lang='lat' dir='ltr'><strong>facit</strong></span> <span class='ocrx_word' id='word_1_378' title='bbox 2878 2043 3061 2106; x_wconf 89' lang='lat' dir='ltr'><strong>homo,</strong></span> <span class='ocrx_word' id='word_1_379' title='bbox 3102 2038 3229 2108; x_wconf 89' lang='lat' dir='ltr'><strong>quia</strong></span> <span class='ocrx_word' id='word_1_380' title='bbox 3257 2045 3595 2107; x_wconf 66' lang='lat' dir='ltr'><strong>praeparatur</strong></span> 
     </span>
    </p>
   </div>
   <div class='ocr_carea' id='block_1_50' title="bbox 2000 2126 3596 2198">
    <p class='ocr_par' dir='ltr' id='par_1_50' title="bbox 2000 2126 3596 2198">
     <span class='ocr_line' id='line_1_50' title="bbox 2000 2126 3596 2198; baseline -0.013 0"><span class='ocrx_word' id='word_1_381' title='bbox 2000 2144 2247 2198; x_wconf 85' lang='lat' dir='ltr'><strong>voluntas</strong></span> <span class='ocrx_word' id='word_1_382' title='bbox 2273 2156 2321 2194; x_wconf 85' lang='lat' dir='ltr'><strong>a.</strong></span> <span class='ocrx_word' id='word_1_383' title='bbox 2338 2138 2568 2194; x_wconf 89' lang='lat' dir='ltr'><strong>Domino</strong></span> <span class='ocrx_word' id='word_1_384' title='bbox 2596 2137 2650 2191; x_wconf 91' lang='lat' dir='ltr'><strong>in</strong></span> <span class='ocrx_word' id='word_1_385' title='bbox 2676 2133 2894 2189; x_wconf 89' lang='lat' dir='ltr'><strong>homine</strong></span> <span class='ocrx_word' id='word_1_386' title='bbox 2920 2131 3061 2186; x_wconf 87' lang='lat' dir='ltr'><strong>bona</strong></span> <span class='ocrx_word' id='word_1_387' title='bbox 3082 2136 3143 2183; x_wconf 92' lang='lat' dir='ltr'><strong>ut</strong></span> <span class='ocrx_word' id='word_1_388' title='bbox 3172 2127 3335 2182; x_wconf 88' lang='lat' dir='ltr'><strong>faciat</strong></span> <span class='ocrx_word' id='word_1_389' title='bbox 3363 2126 3472 2181; x_wconf 89' lang='lat' dir='ltr'><strong>Deo</strong></span> <span class='ocrx_word' id='word_1_390' title='bbox 3498 2126 3596 2179; x_wconf 82' lang='lat' dir='ltr'><strong>do-</strong></span> 
     </span>
    </p>
   </div>
   <div class='ocr_carea' id='block_1_51' title="bbox 2002 2216 3595 2303">
    <p class='ocr_par' dir='ltr' id='par_1_51' title="bbox 2002 2216 3595 2303">
     <span class='ocr_line' id='line_1_51' title="bbox 2002 2216 3595 2303; baseline -0.014 -11"><span class='ocrx_word' id='word_1_391' title='bbox 2002 2242 2189 2298; x_wconf 88' lang='lat' dir='ltr'><strong>nante,</strong></span> <span class='ocrx_word' id='word_1_392' title='bbox 2225 2231 2370 2303; x_wconf 91' lang='lat' dir='ltr'><strong>quod</strong></span> <span class='ocrx_word' id='word_1_393' title='bbox 2413 2244 2445 2284; x_wconf 90' lang='lat' dir='ltr'><strong>a</strong></span> <span class='ocrx_word' id='word_1_394' title='bbox 2490 2228 2670 2298; x_wconf 84' lang='lat' dir='ltr'><strong>seipse</strong></span> <span class='ocrx_word' id='word_1_395' title='bbox 2716 2224 2896 2280; x_wconf 86' lang='lat' dir='ltr'><strong>facere</strong></span> <span class='ocrx_word' id='word_1_396' title='bbox 2930 2237 3038 2277; x_wconf 91' lang='lat' dir='ltr'><strong>non</strong></span> <span class='ocrx_word' id='word_1_397' title='bbox 3075 2226 3289 2289; x_wconf 86' lang='lat' dir='ltr'><strong>poterat</strong></span> <span class='ocrx_word' id='word_1_398' title='bbox 3315 2231 3413 2286; x_wconf 87' lang='lat' dir='ltr'><strong>per</strong></span> <span class='ocrx_word' id='word_1_399' title='bbox 3439 2216 3595 2271; x_wconf 86' lang='lat' dir='ltr'><strong>liberi</strong></span> 
     </span>
    </p>
   </div>
   <div class='ocr_carea' id='block_1_52' title="bbox 2004 2309 3593 2390">
    <p class='ocr_par' dir='ltr' id='par_1_52' title="bbox 2004 2309 3593 2390">
     <span class='ocr_line' id='line_1_52' title="bbox 2004 2309 3593 2390; baseline -0.016 -5"><span class='ocrx_word' id='word_1_400' title='bbox 2004 2327 2214 2384; x_wconf 88' lang='lat' dir='ltr'><strong>arbitrii</strong></span> <span class='ocrx_word' id='word_1_401' title='bbox 2243 2324 2597 2381; x_wconf 87' lang='lat' dir='ltr'><strong>voluntatem.</strong></span> <span class='ocrx_word' id='word_1_402' title='bbox 2647 2317 2850 2390; x_wconf 85' lang='lat' dir='ltr'><strong>(Hier.)</strong></span> <span class='ocrx_word' id='word_1_403' title='bbox 2877 2315 3194 2383; x_wconf 70' lang='lat' dir='ltr'><strong>Qumramus</strong></span> <span class='ocrx_word' id='word_1_404' title='bbox 3214 2310 3281 2366; x_wconf 86' lang='lat' dir='ltr'><strong>ab</strong></span> <span class='ocrx_word' id='word_1_405' title='bbox 3303 2309 3593 2370; x_wconf 47' lang='lat' dir='ltr'><strong>haereticis,</strong></span> 
     </span>
    </p>
   </div>
   <div class='ocr_carea' id='block_1_53' title="bbox 2005 2399 3596 2494">
    <p class='ocr_par' dir='ltr' id='par_1_53' title="bbox 2005 2399 3596 2494">
     <span class='ocr_line' id='line_1_53' title="bbox 2005 2399 3596 2494; baseline -0.017 -15"><span class='ocrx_word' id='word_1_406' title='bbox 2005 2423 2098 2494; x_wconf 89' lang='lat' dir='ltr'><strong>qui</strong></span> <span class='ocrx_word' id='word_1_407' title='bbox 2136 2421 2273 2476; x_wconf 90' lang='lat' dir='ltr'><strong>duas</strong></span> <span class='ocrx_word' id='word_1_408' title='bbox 2314 2419 2458 2472; x_wconf 90' lang='lat' dir='ltr'><strong>inter</strong></span> <span class='ocrx_word' id='word_1_409' title='bbox 2494 2430 2553 2470; x_wconf 91' lang='lat' dir='ltr'><strong>se</strong></span> <span class='ocrx_word' id='word_1_410' title='bbox 2582 2409 2884 2468; x_wconf 89' lang='lat' dir='ltr'><strong>contrarias</strong></span> <span class='ocrx_word' id='word_1_411' title='bbox 2910 2407 3097 2463; x_wconf 90' lang='lat' dir='ltr'><strong>dicunt</strong></span> <span class='ocrx_word' id='word_1_412' title='bbox 3126 2418 3247 2460; x_wconf 89' lang='lat' dir='ltr'><strong>esse</strong></span> <span class='ocrx_word' id='word_1_413' title='bbox 3276 2411 3523 2462; x_wconf 86' lang='lat' dir='ltr'><strong>naturas,</strong></span> <span class='ocrx_word' id='word_1_414' title='bbox 3550 2399 3596 2453; x_wconf 87' lang='lat' dir='ltr'><strong>si</strong></span> 
     </span>
    </p>
   </div>
   <div class='ocr_carea' id='block_1_54' title="bbox 2001 2491 3597 2583">
    <p class='ocr_par' dir='ltr' id='par_1_54' title="bbox 2001 2491 3597 2583">
     <span class='ocr_line' id='line_1_54' title="bbox 2001 2491 3597 2583; baseline -0.016 -17"><span class='ocrx_word' id='word_1_415' title='bbox 2001 2491 2153 2583; x_wconf 80' lang='lat' dir='ltr'><strong>juxta</strong></span> <span class='ocrx_word' id='word_1_416' title='bbox 2182 2505 2587 2578; x_wconf 78' lang='lat' dir='ltr'><strong>intelligentiam</strong></span> <span class='ocrx_word' id='word_1_417' title='bbox 2616 2515 2805 2558; x_wconf 88' lang='lat' dir='ltr'><strong>eorum</strong></span> <span class='ocrx_word' id='word_1_418' title='bbox 2831 2498 2993 2554; x_wconf 87' lang='lat' dir='ltr'><strong>arbor</strong></span> <span class='ocrx_word' id='word_1_419' title='bbox 3020 2497 3160 2552; x_wconf 91' lang='lat' dir='ltr'><strong>bona</strong></span> <span class='ocrx_word' id='word_1_420' title='bbox 3185 2491 3357 2548; x_wconf 90' lang='lat' dir='ltr'><strong>malos</strong></span> <span class='ocrx_word' id='word_1_421' title='bbox 3388 2491 3597 2545; x_wconf 84' lang='lat' dir='ltr'><strong>fructus</strong></span> 
     </span>
    </p>
   </div>
   <div class='ocr_carea' id='block_1_55' title="bbox 2009 2582 3596 2670">
    <p class='ocr_par' dir='ltr' id='par_1_55' title="bbox 2009 2582 3596 2670">
     <span class='ocr_line' id='line_1_55' title="bbox 2009 2582 3596 2670; baseline -0.017 -10"><span class='ocrx_word' id='word_1_422' title='bbox 2009 2582 2189 2659; x_wconf 85' lang='lat' dir='ltr'><strong>facere</strong></span> <span class='ocrx_word' id='word_1_423' title='bbox 2237 2614 2512 2670; x_wconf 88' lang='lat' dir='ltr'><strong>nunquam</strong></span> <span class='ocrx_word' id='word_1_424' title='bbox 2558 2602 2774 2667; x_wconf 83' lang='lat' dir='ltr'><strong>potest,</strong></span> <span class='ocrx_word' id='word_1_425' title='bbox 2831 2591 3099 2663; x_wconf 88' lang='lat' dir='ltr'><strong>quomodo</strong></span> <span class='ocrx_word' id='word_1_426' title='bbox 3142 2588 3385 2657; x_wconf 84' lang='lat' dir='ltr'><strong>Moyses,</strong></span> <span class='ocrx_word' id='word_1_427' title='bbox 3438 2582 3596 2637; x_wconf 81' lang='lat' dir='ltr'><strong>arbor</strong></span> 
     </span>
    </p>
   </div>
   <div class='ocr_carea' id='block_1_56' title="bbox 2008 2674 3592 2761">
    <p class='ocr_par' dir='ltr' id='par_1_56' title="bbox 2008 2674 3592 2761">
     <span class='ocr_line' id='line_1_56' title="bbox 2008 2674 3592 2761; baseline -0.015 -11"><span class='ocrx_word' id='word_1_428' title='bbox 2008 2694 2150 2750; x_wconf 90' lang='lat' dir='ltr'><strong>bona</strong></span> <span class='ocrx_word' id='word_1_429' title='bbox 2178 2734 2193 2758; x_wconf 90' lang='lat'><strong>,</strong></span> <span class='ocrx_word' id='word_1_430' title='bbox 2239 2687 2550 2761; x_wconf 90' lang='lat' dir='ltr'><strong>peccaverit</strong></span> <span class='ocrx_word' id='word_1_431' title='bbox 2597 2686 2664 2741; x_wconf 92' lang='lat' dir='ltr'><strong>ad</strong></span> <span class='ocrx_word' id='word_1_432' title='bbox 2709 2699 2877 2755; x_wconf 83' lang='lat' dir='ltr'><strong>aquas</strong></span> <span class='ocrx_word' id='word_1_433' title='bbox 2927 2678 3368 2737; x_wconf 89' lang='lat' dir='ltr'><strong>contradictionis</strong></span> <span class='ocrx_word' id='word_1_434' title='bbox 3418 2674 3592 2747; x_wconf 82' lang='lat' dir='ltr'><strong>(Deut.</strong></span> 
     </span>
    </p>
   </div>
   <div class='ocr_carea' id='block_1_57' title="bbox 2011 2767 3596 2850">
    <p class='ocr_par' dir='ltr' id='par_1_57' title="bbox 2011 2767 3596 2850">
     <span class='ocr_line' id='line_1_57' title="bbox 2011 2767 3596 2850; baseline -0.014 -11"><span class='ocrx_word' id='word_1_435' title='bbox 2011 2783 2220 2850; x_wconf 76' lang='lat' dir='ltr'><strong>xxxii);</strong></span> <span class='ocrx_word' id='word_1_436' title='bbox 2265 2788 2320 2836; x_wconf 86' lang='lat' dir='ltr'><strong>et</strong></span> <span class='ocrx_word' id='word_1_437' title='bbox 2365 2777 2555 2844; x_wconf 89' lang='lat' dir='ltr'><strong>David,</strong></span> <span class='ocrx_word' id='word_1_438' title='bbox 2600 2775 2732 2833; x_wconf 88' lang='lat' dir='ltr'><strong>Uria</strong></span> <span class='ocrx_word' id='word_1_439' title='bbox 2774 2771 3079 2837; x_wconf 86' lang='lat' dir='ltr'><strong>interfecto,</strong></span> <span class='ocrx_word' id='word_1_440' title='bbox 3125 2785 3247 2825; x_wconf 90' lang='lat' dir='ltr'><strong>cum</strong></span> <span class='ocrx_word' id='word_1_441' title='bbox 3304 2767 3596 2822; x_wconf 83' lang='lat' dir='ltr'><strong>Betbsabee</strong></span> 
     </span>
    </p>
   </div>
   <div class='ocr_carea' id='block_1_58' title="bbox 2011 2856 3597 2944">
    <p class='ocr_par' dir='ltr' id='par_1_58' title="bbox 2011 2856 3597 2944">
     <span class='ocr_line' id='line_1_58' title="bbox 2011 2856 3597 2944; baseline -0.015 -12"><span class='ocrx_word' id='word_1_442' title='bbox 2011 2873 2365 2933; x_wconf 86' lang='lat' dir='ltr'><strong>concubuerit</strong></span> <span class='ocrx_word' id='word_1_443' title='bbox 2392 2869 2479 2944; x_wconf 89' lang='grc' dir='ltr'><strong>(ΙΙ</strong></span> <span class='ocrx_word' id='word_1_444' title='bbox 2508 2868 2638 2939; x_wconf 86' lang='lat' dir='ltr'><strong>Reg.</strong></span> <span class='ocrx_word' id='word_1_445' title='bbox 2666 2866 2777 2937; x_wconf 76' lang='lat' dir='ltr'><strong>x1);</strong></span> <span class='ocrx_word' id='word_1_446' title='bbox 2810 2865 3001 2921; x_wconf 80' lang='lat' dir='ltr'><strong>Petrus</strong></span> <span class='ocrx_word' id='word_1_447' title='bbox 3031 2876 3245 2933; x_wconf 87' lang='lat' dir='ltr'><strong>quoque</strong></span> <span class='ocrx_word' id='word_1_448' title='bbox 3268 2859 3323 2913; x_wconf 91' lang='lat' dir='ltr'><strong>in</strong></span> <span class='ocrx_word' id='word_1_449' title='bbox 3351 2856 3597 2927; x_wconf 87' lang='lat' dir='ltr'><strong>passione</strong></span> 
     </span>
    </p>
   </div>
   <div class='ocr_carea' id='block_1_59' title="bbox 311 2946 3595 3052">
    <p class='ocr_par' dir='ltr' id='par_1_59' title="bbox 311 2946 3595 3052">
     <span class='ocr_line' id='line_1_59' title="bbox 311 2946 3595 3052; baseline -0.015 -5"><span class='ocrx_word' id='word_1_450' title='bbox 311 2978 657 3052; x_wconf 67' lang='lat' dir='ltr'><strong>Dromlemm</strong></span> <span class='ocrx_word' id='word_1_451' title='bbox 708 2972 932 3043; x_wconf 77' lang='lat' dir='ltr'><strong>spinas;</strong></span> <span class='ocrx_word' id='word_1_452' title='bbox 993 2973 1049 3022; x_wconf 71' lang='grc' dir='ltr'><strong>ει</strong></span> <span class='ocrx_word' id='word_1_453' title='bbox 1098 2964 1192 3034; x_wconf 68' lang='lat' dir='ltr'><strong>qui</strong></span> <span class='ocrx_word' id='word_1_454' title='bbox 1240 2959 1538 3052; x_wconf 49' lang='lat' dir='ltr'><strong>debueram</strong></span> <span class='ocrx_word' id='word_1_455' title='bbox 1576 2953 1907 3052; x_wconf 41' lang='lat' dir='ltr'><strong>Fuﬁum“?</strong></span> <span class='ocrx_word' id='word_1_456' title='bbox 2012 2966 2298 3023; x_wconf 88' lang='lat' dir='ltr'><strong>Dominum</strong></span> <span class='ocrx_word' id='word_1_457' title='bbox 2341 2959 2559 3030; x_wconf 81' lang='lat' dir='ltr'><strong>negavit</strong></span> <span class='ocrx_word' id='word_1_458' title='bbox 2588 2959 2773 3014; x_wconf 88' lang='lat' dir='ltr'><strong>dicens</strong></span> <span class='ocrx_word' id='word_1_459' title='bbox 2803 2974 2816 3010; x_wconf 89' lang='lat'><strong>:</strong></span> <span class='ocrx_word' id='word_1_460' title='bbox 2851 2954 3043 3009; x_wconf 87' lang='lat' dir='ltr'><strong>Nescio</strong></span> <span class='ocrx_word' id='word_1_461' title='bbox 3086 2952 3346 3006; x_wconf 81' lang='lat' dir='ltr'><strong>hominem</strong></span> <span class='ocrx_word' id='word_1_462' title='bbox 3385 2946 3595 3019; x_wconf 71' lang='lat' dir='ltr'><strong>(Matth.</strong></span> 
     </span>
    </p>
   </div>
   <div class='ocr_carea' id='block_1_60' title="bbox 312 3037 3599 3131">
    <p class='ocr_par' dir='ltr' id='par_1_60' title="bbox 312 3037 3599 3131">
     <span class='ocr_line' id='line_1_60' title="bbox 312 3037 3599 3131; baseline -0.017 -3"><span class='ocrx_word' id='word_1_463' title='bbox 312 3067 628 3131; x_wconf 82' lang='lat' dir='ltr'><strong>ostendere,</strong></span> <span class='ocrx_word' id='word_1_464' title='bbox 663 3064 725 3119; x_wconf 82' lang='lat' dir='ltr'><strong>in</strong></span> <span class='ocrx_word' id='word_1_465' title='bbox 774 3056 1191 3115; x_wconf 82' lang='lat' dir='ltr'><strong>amaritudinem</strong></span> <span class='ocrx_word' id='word_1_466' title='bbox 1238 3067 1269 3106; x_wconf 89' lang='lat' dir='ltr'><strong>a</strong></span> <span class='ocrx_word' id='word_1_467' title='bbox 1315 3047 1622 3118; x_wconf 88' lang='lat' dir='ltr'><strong>semetipsis</strong></span> <span class='ocrx_word' id='word_1_468' title='bbox 1659 3041 1907 3100; x_wconf 88' lang='lat' dir='ltr'><strong>conversi</strong></span> <span class='ocrx_word' id='word_1_469' title='bbox 1938 3106 1984 3131; x_wconf 54' lang='grc' dir='ltr'><em>Π</em></span> <span class='ocrx_word' id='word_1_470' title='bbox 2012 3055 2196 3129; x_wconf 55' lang='lat'><strong>1&quot;,);</strong></span> <span class='ocrx_word' id='word_1_471' title='bbox 2222 3063 2316 3111; x_wconf 51' lang='lat' dir='ltr'><strong>aut</strong></span> <span class='ocrx_word' id='word_1_472' title='bbox 2334 3068 2439 3123; x_wconf 64' lang='lat' dir='ltr'><strong>qua</strong></span> <span class='ocrx_word' id='word_1_473' title='bbox 2458 3046 2847 3120; x_wconf 53' lang='lat' dir='ltr'><strong>consequentia</strong></span> <span class='ocrx_word' id='word_1_474' title='bbox 2866 3044 3054 3101; x_wconf 56' lang='grc' dir='ltr'><strong>λειω-ο</strong></span> <span class='ocrx_word' id='word_1_475' title='bbox 3077 3056 3234 3098; x_wconf 63' lang='lat' dir='ltr'><strong>socer</strong></span> <span class='ocrx_word' id='word_1_476' title='bbox 3255 3039 3419 3110; x_wconf 64' lang='lat' dir='ltr'><strong>Moysi</strong></span> <span class='ocrx_word' id='word_1_477' title='bbox 3444 3037 3599 3091; x_wconf 60' lang='lat' dir='ltr'><strong>arbor</strong></span> 
     </span>
    </p>
   </div>
   <div class='ocr_carea' id='block_1_61' title="bbox 318 3106 3599 3222">
    <p class='ocr_par' dir='ltr' id='par_1_61' title="bbox 318 3106 3599 3222">
     <span class='ocr_line' id='line_1_61' title="bbox 318 3106 2659 3131; baseline -0.017 -6"><span class='ocrx_word' id='word_1_478' title='bbox 318 3106 628 3131; x_wconf 57' lang='grc' dir='ltr'><strong>υρημυνη,</strong></span> <span class='ocrx_word' id='word_1_479' title='bbox 774 3106 1189 3115; x_wconf 51' lang='grc' dir='ltr'><strong>-.υ----η----ηη</strong></span> <span class='ocrx_word' id='word_1_480' title='bbox 1328 3106 1333 3107; x_wconf 63' lang='lat'><strong><em>,</em></strong></span> <span class='ocrx_word' id='word_1_481' title='bbox 1509 3106 1527 3118; x_wconf 88' lang='lat'>_</span> <span class='ocrx_word' id='word_1_482' title='bbox 2016 3106 2140 3113; x_wconf 31' lang='lat'>__._</span> <span class='ocrx_word' id='word_1_483' title='bbox 2182 3106 2196 3123; x_wconf 53' lang='lat'>,</span> <span class='ocrx_word' id='word_1_484' title='bbox 2224 3106 2313 3111; x_wconf 35' lang='lat' dir='ltr'><strong>&quot;ﬁ</strong></span> <span class='ocrx_word' id='word_1_485' title='bbox 2342 3106 2403 3123; x_wconf 43' lang='grc' dir='ltr'>Γ</span> <span class='ocrx_word' id='word_1_486' title='bbox 2643 3106 2659 3120; x_wconf 82' lang='lat'>_</span> 
     </span>
     <span class='ocr_line' id='line_1_62' title="bbox 318 3106 3599 3222; baseline -0.018 -5"><span class='ocrx_word' id='word_1_487' title='bbox 318 3168 464 3217; x_wconf 82' lang='lat' dir='ltr'><strong>sunt.</strong></span> <span class='ocrx_word' id='word_1_488' title='bbox 509 3156 682 3212; x_wconf 79' lang='lat' dir='ltr'><strong>Aliter</strong></span> <span class='ocrx_word' id='word_1_489' title='bbox 718 3152 900 3222; x_wconf 88' lang='lat' dir='ltr'><strong>spinas</strong></span> <span class='ocrx_word' id='word_1_490' title='bbox 928 3161 1093 3218; x_wconf 88' lang='lat' dir='ltr'><strong>posse</strong></span> <span class='ocrx_word' id='word_1_491' title='bbox 1121 3159 1243 3200; x_wconf 89' lang='lat' dir='ltr'><strong>reor</strong></span> <span class='ocrx_word' id='word_1_492' title='bbox 1267 3152 1322 3198; x_wconf 89' lang='lat' dir='ltr'><strong>et</strong></span> <span class='ocrx_word' id='word_1_493' title='bbox 1350 3138 1576 3195; x_wconf 88' lang='lat' dir='ltr'><strong>tribulos</strong></span> <span class='ocrx_word' id='word_1_494' title='bbox 1605 3134 1784 3193; x_wconf 69' lang='lat' dir='ltr'><strong>smeuli</strong></span> <span class='ocrx_word' id='word_1_495' title='bbox 1816 3148 1910 3189; x_wconf 85' lang='lat' dir='ltr'><strong>cu-</strong></span> <span class='ocrx_word' id='word_1_496' title='bbox 1936 3106 1988 3172; x_wconf 64' lang='grc' dir='ltr'><strong>(ἶ</strong></span> <span class='ocrx_word' id='word_1_497' title='bbox 2019 3106 2181 3213; x_wconf 42' lang='lat' dir='ltr'><strong>mal;</strong></span> <span class='ocrx_word' id='word_1_498' title='bbox 2214 3161 2334 3217; x_wconf 54' lang='lat' dir='ltr'><strong>qua,</strong></span> <span class='ocrx_word' id='word_1_499' title='bbox 2370 3143 2558 3211; x_wconf 53' lang='lat' dir='ltr'><strong>utique</strong></span> <span class='ocrx_word' id='word_1_500' title='bbox 2596 3140 2649 3194; x_wconf 70' lang='grc' dir='ltr'><strong>ίη</strong></span> <span class='ocrx_word' id='word_1_501' title='bbox 2678 3136 2963 3193; x_wconf 65' lang='lat' dir='ltr'><strong>Dominum</strong></span> <span class='ocrx_word' id='word_1_502' title='bbox 3001 3131 3166 3189; x_wconf 65' lang='lat' dir='ltr'><strong>[smel</strong></span> <span class='ocrx_word' id='word_1_503' title='bbox 3195 3145 3301 3184; x_wconf 77' lang='grc' dir='ltr'><strong>ηοη</strong></span> <span class='ocrx_word' id='word_1_504' title='bbox 3330 3106 3599 3189; x_wconf 54' lang='grc' dir='ltr'><strong>ένοάεωι,</strong></span> 
     </span>
    </p>
   </div>
   <div class='ocr_carea' id='block_1_62' title="bbox 320 3218 3602 3317">
    <p class='ocr_par' dir='ltr' id='par_1_62' title="bbox 320 3218 3602 3317">
     <span class='ocr_line' id='line_1_63' title="bbox 320 3218 3602 3317; baseline -0.016 -10"><span class='ocrx_word' id='word_1_505' title='bbox 320 3265 414 3306; x_wconf 85' lang='lat' dir='ltr'><strong>ras</strong></span> <span class='ocrx_word' id='word_1_506' title='bbox 448 3259 505 3303; x_wconf 87' lang='lat' dir='ltr'><strong>et.</strong></span> <span class='ocrx_word' id='word_1_507' title='bbox 542 3218 868 3317; x_wconf 79' lang='lat' dir='ltr'><strong>punctiones</strong></span> <span class='ocrx_word' id='word_1_508' title='bbox 912 3234 1220 3309; x_wconf 85' lang='lat' dir='ltr'><strong>significare</strong></span> <span class='ocrx_word' id='word_1_509' title='bbox 1262 3231 1538 3286; x_wconf 87' lang='lat' dir='ltr'><strong>vitiorum.</strong></span> <span class='ocrx_word' id='word_1_510' title='bbox 1600 3228 1677 3282; x_wconf 90' lang='lat' dir='ltr'><strong>De</strong></span> <span class='ocrx_word' id='word_1_511' title='bbox 1722 3224 1918 3295; x_wconf 89' lang='lat' dir='ltr'><strong>quibus</strong></span> <span class='ocrx_word' id='word_1_512' title='bbox 2016 3242 2230 3299; x_wconf 50' lang='lat' dir='ltr'><strong>dederit</strong></span> <span class='ocrx_word' id='word_1_513' title='bbox 2268 3236 2550 3294; x_wconf 66' lang='grc' dir='ltr'><strong>ωηείιίυω</strong></span> <span class='ocrx_word' id='word_1_514' title='bbox 2604 3231 2774 3303; x_wconf 60' lang='lat' dir='ltr'><strong>Moysi</strong></span> <span class='ocrx_word' id='word_1_515' title='bbox 2820 3230 3020 3285; x_wconf 71' lang='lat' dir='ltr'><strong>bonum</strong></span> <span class='ocrx_word' id='word_1_516' title='bbox 3057 3233 3157 3280; x_wconf 65' lang='grc' dir='ltr'><strong>εει</strong></span> <span class='ocrx_word' id='word_1_517' title='bbox 3202 3223 3406 3278; x_wconf 59' lang='lat' dir='ltr'><strong>Aemo,</strong></span> <span class='ocrx_word' id='word_1_518' title='bbox 3448 3218 3602 3274; x_wconf 72' lang='grc' dir='ltr'><strong>ῃοιο.</strong></span> 
     </span>
    </p>
   </div>
   <div class='ocr_carea' id='block_1_63' title="bbox 318 3308 3603 3414">
    <p class='ocr_par' dir='ltr' id='par_1_63' title="bbox 318 3308 3603 3414">
     <span class='ocr_line' id='line_1_64' title="bbox 318 3308 3603 3414; baseline -0.017 4"><span class='ocrx_word' id='word_1_519' title='bbox 318 3337 570 3414; x_wconf 63' lang='lat' dir='ltr'><strong>peccat!“</strong></span> <span class='ocrx_word' id='word_1_520' title='bbox 608 3333 814 3391; x_wconf 74' lang='grc' dir='ltr'><strong>ιιοηιίιιί</strong></span> <span class='ocrx_word' id='word_1_521' title='bbox 858 3331 1061 3386; x_wconf 61' lang='lat' dir='ltr'><strong>dictum</strong></span> <span class='ocrx_word' id='word_1_522' title='bbox 1099 3334 1230 3381; x_wconf 72' lang='grc' dir='ltr'><strong>θειε</strong></span> <span class='ocrx_word' id='word_1_523' title='bbox 1274 3322 1436 3414; x_wconf 59' lang='lat' dir='ltr'><strong>Terra</strong></span> <span class='ocrx_word' id='word_1_524' title='bbox 1484 3329 1576 3373; x_wconf 71' lang='grc' dir='ltr'><strong>ιιια</strong></span> <span class='ocrx_word' id='word_1_525' title='bbox 1623 3318 1819 3381; x_wconf 53' lang='lat' dir='ltr'><strong>spinas:</strong></span> <span class='ocrx_word' id='word_1_526' title='bbox 1870 3323 1917 3369; x_wconf 76' lang='grc' dir='ltr'><strong>εί</strong></span> <span class='ocrx_word' id='word_1_527' title='bbox 2019 3333 2157 3389; x_wconf 90' lang='lat' dir='ltr'><strong>ferni</strong></span> <span class='ocrx_word' id='word_1_528' title='bbox 2189 3329 2405 3400; x_wconf 77' lang='lat' dir='ltr'><strong>aliquod</strong></span> <span class='ocrx_word' id='word_1_529' title='bbox 2444 3327 2574 3382; x_wconf 90' lang='lat' dir='ltr'><strong>utile</strong></span> <span class='ocrx_word' id='word_1_530' title='bbox 2603 3325 2674 3380; x_wconf 87' lang='lat' dir='ltr'><strong>sit</strong></span> <span class='ocrx_word' id='word_1_531' title='bbox 2703 3324 2916 3377; x_wconf 89' lang='lat' dir='ltr'><strong>loeutus</strong></span> <span class='ocrx_word' id='word_1_532' title='bbox 2944 3317 3174 3391; x_wconf 70' lang='lat' dir='ltr'><strong>(Iudith.</strong></span> <span class='ocrx_word' id='word_1_533' title='bbox 3216 3314 3269 3385; x_wconf 93' lang='lat' dir='ltr'><strong>v)</strong></span> <span class='ocrx_word' id='word_1_534' title='bbox 3298 3330 3314 3379; x_wconf 86' lang='lat'><strong>;</strong></span> <span class='ocrx_word' id='word_1_535' title='bbox 3346 3320 3400 3367; x_wconf 83' lang='lat' dir='ltr'><strong>et</strong></span> <span class='ocrx_word' id='word_1_536' title='bbox 3425 3308 3603 3366; x_wconf 87' lang='lat' dir='ltr'><strong>Comi-</strong></span> 
     </span>
    </p>
   </div>
   <div class='ocr_carea' id='block_1_64' title="bbox 322 3412 1921 3499">
    <p class='ocr_par' dir='ltr' id='par_1_64' title="bbox 322 3412 1921 3499">
     <span class='ocr_line' id='line_1_65' title="bbox 322 3412 1921 3499; baseline -0.017 -12"><span class='ocrx_word' id='word_1_537' title='bbox 322 3412 543 3487; x_wconf 75' lang='lat' dir='ltr'><strong>tribulos</strong></span> <span class='ocrx_word' id='word_1_538' title='bbox 570 3423 880 3499; x_wconf 79' lang='lat' dir='ltr'><strong>geminabit</strong></span> <span class='ocrx_word' id='word_1_539' title='bbox 911 3419 1004 3474; x_wconf 86' lang='lat' dir='ltr'><strong>tibi</strong></span> <span class='ocrx_word' id='word_1_540' title='bbox 1034 3415 1187 3490; x_wconf 86' lang='lat' dir='ltr'><strong>(Gen.</strong></span> <span class='ocrx_word' id='word_1_541' title='bbox 1220 3413 1337 3487; x_wconf 85' lang='lat' dir='ltr'><strong>tu);</strong></span> <span class='ocrx_word' id='word_1_542' title='bbox 1370 3412 1504 3466; x_wconf 88' lang='lat' dir='ltr'><strong>ﬁcus</strong></span> <span class='ocrx_word' id='word_1_543' title='bbox 1533 3423 1664 3464; x_wconf 86' lang='lat' dir='ltr'><strong>vero</strong></span> <span class='ocrx_word' id='word_1_544' title='bbox 1682 3418 1737 3463; x_wconf 90' lang='lat' dir='ltr'><strong>et</strong></span> <span class='ocrx_word' id='word_1_545' title='bbox 1756 3421 1921 3462; x_wconf 89' lang='lat' dir='ltr'><strong>uvam</strong></span> 
     </span>
    </p>
   </div>
   <div class='ocr_carea' id='block_1_65' title="bbox 325 3497 1921 3579">
    <p class='ocr_par' dir='ltr' id='par_1_65' title="bbox 325 3497 1921 3579">
     <span class='ocr_line' id='line_1_66' title="bbox 325 3497 1921 3579; baseline -0.018 0"><span class='ocrx_word' id='word_1_546' title='bbox 325 3497 664 3579; x_wconf 83' lang='lat' dir='ltr'><strong>dulcedinem</strong></span> <span class='ocrx_word' id='word_1_547' title='bbox 694 3509 1123 3571; x_wconf 90' lang='lat' dir='ltr'><strong>conversationis</strong></span> <span class='ocrx_word' id='word_1_548' title='bbox 1151 3519 1324 3569; x_wconf 65' lang='lat' dir='ltr'><strong>novae,</strong></span> <span class='ocrx_word' id='word_1_549' title='bbox 1365 3516 1528 3572; x_wconf 89' lang='lat' dir='ltr'><strong>quam</strong></span> <span class='ocrx_word' id='word_1_550' title='bbox 1569 3499 1828 3554; x_wconf 90' lang='lat' dir='ltr'><strong>Dominus</strong></span> <span class='ocrx_word' id='word_1_551' title='bbox 1866 3497 1921 3550; x_wconf 90' lang='lat' dir='ltr'><strong>in</strong></span> 
     </span>
    </p>
   </div>
   <div class='ocr_carea' id='block_1_66' title="bbox 325 3591 1924 3675">
    <p class='ocr_par' dir='ltr' id='par_1_66' title="bbox 325 3591 1924 3675">
     <span class='ocr_line' id='line_1_67' title="bbox 325 3591 1924 3675; baseline -0.015 -5"><span class='ocrx_word' id='word_1_552' title='bbox 325 3614 483 3670; x_wconf 83' lang='lat' dir='ltr'><strong>nubis</strong></span> <span class='ocrx_word' id='word_1_553' title='bbox 510 3609 729 3675; x_wconf 83' lang='lat' dir='ltr'><strong>esuriit,</strong></span> <span class='ocrx_word' id='word_1_554' title='bbox 780 3615 838 3662; x_wconf 91' lang='lat' dir='ltr'><strong>ct</strong></span> <span class='ocrx_word' id='word_1_555' title='bbox 882 3604 1149 3659; x_wconf 90' lang='lat' dir='ltr'><strong>fervorem</strong></span> <span class='ocrx_word' id='word_1_556' title='bbox 1196 3595 1501 3655; x_wconf 88' lang='lat' dir='ltr'><strong>dilectionis</strong></span> <span class='ocrx_word' id='word_1_557' title='bbox 1543 3593 1635 3664; x_wconf 90' lang='lat' dir='ltr'><strong>qui</strong></span> <span class='ocrx_word' id='word_1_558' title='bbox 1682 3591 1924 3647; x_wconf 68' lang='lat' dir='ltr'><strong>laetiﬁcat</strong></span> 
     </span>
    </p>
   </div>
   <div class='ocr_carea' id='block_1_67' title="bbox 324 3687 1923 3765">
    <p class='ocr_par' dir='ltr' id='par_1_67' title="bbox 324 3687 1923 3765">
     <span class='ocr_line' id='line_1_68' title="bbox 324 3687 1923 3765; baseline -0.015 -4"><span class='ocrx_word' id='word_1_559' title='bbox 324 3719 422 3760; x_wconf 83' lang='lat' dir='ltr'><strong>cor</strong></span> <span class='ocrx_word' id='word_1_560' title='bbox 474 3699 729 3759; x_wconf 82' lang='lat' dir='ltr'><strong>hominis.</strong></span> <span class='ocrx_word' id='word_1_561' title='bbox 784 3697 860 3752; x_wconf 85' lang='lat' dir='ltr'><strong>De</strong></span> <span class='ocrx_word' id='word_1_562' title='bbox 909 3693 1106 3765; x_wconf 86' lang='lat' dir='ltr'><strong>quibus</strong></span> <span class='ocrx_word' id='word_1_563' title='bbox 1156 3692 1210 3746; x_wconf 84' lang='lat' dir='ltr'><strong>in</strong></span> <span class='ocrx_word' id='word_1_564' title='bbox 1254 3687 1546 3758; x_wconf 86' lang='lat' dir='ltr'><strong>Evangelio</strong></span> <span class='ocrx_word' id='word_1_565' title='bbox 1595 3691 1923 3741; x_wconf 90' lang='lat' dir='ltr'><strong>coruscante</strong></span> 
     </span>
    </p>
   </div>
   <div class='ocr_carea' id='block_1_68' title="bbox 330 3776 1925 3873">
    <p class='ocr_par' dir='ltr' id='par_1_68' title="bbox 330 3776 1925 3873">
     <span class='ocr_line' id='line_1_69' title="bbox 330 3776 1925 3873; baseline -0.016 -17"><span class='ocrx_word' id='word_1_566' title='bbox 330 3796 579 3873; x_wconf 89' lang='lat' dir='ltr'><strong>[Cantioo</strong></span> <span class='ocrx_word' id='word_1_567' title='bbox 622 3786 1028 3861; x_wconf 83' lang='lat' dir='ltr'><strong>canticorum]:</strong></span> <span class='ocrx_word' id='word_1_568' title='bbox 1067 3784 1181 3839; x_wconf 75' lang='lat' dir='ltr'><strong>Vox</strong></span> <span class='ocrx_word' id='word_1_569' title='bbox 1214 3782 1442 3837; x_wconf 82' lang='lat' dir='ltr'><strong>turturis</strong></span> <span class='ocrx_word' id='word_1_570' title='bbox 1481 3781 1536 3834; x_wconf 92' lang='lat' dir='ltr'><strong>in</strong></span> <span class='ocrx_word' id='word_1_571' title='bbox 1576 3790 1728 3835; x_wconf 89' lang='lat' dir='ltr'><strong>terra</strong></span> <span class='ocrx_word' id='word_1_572' title='bbox 1766 3776 1925 3847; x_wconf 86' lang='lat' dir='ltr'><strong>longe</strong></span> 
     </span>
    </p>
   </div>
   <div class='ocr_carea' id='block_1_69' title="bbox 328 3868 1927 3963">
    <p class='ocr_par' dir='ltr' id='par_1_69' title="bbox 328 3868 1927 3963">
     <span class='ocr_line' id='line_1_70' title="bbox 328 3868 1927 3963; baseline -0.017 -15"><span class='ocrx_word' id='word_1_573' title='bbox 328 3868 547 3963; x_wconf 80' lang='lat' dir='ltr'><strong>lateque</strong></span> <span class='ocrx_word' id='word_1_574' title='bbox 572 3884 882 3944; x_wconf 84' lang='lat' dir='ltr'><strong>resonabat.</strong></span> <span class='ocrx_word' id='word_1_575' title='bbox 927 3878 1091 3934; x_wconf 76' lang='lat' dir='ltr'><strong>Ficus</strong></span> <span class='ocrx_word' id='word_1_576' title='bbox 1112 3874 1328 3949; x_wconf 80' lang='lat' dir='ltr'><strong>protulit</strong></span> <span class='ocrx_word' id='word_1_577' title='bbox 1354 3889 1559 3944; x_wconf 78' lang='lat' dir='ltr'><strong>grossos</strong></span> <span class='ocrx_word' id='word_1_578' title='bbox 1589 3886 1732 3936; x_wconf 86' lang='lat' dir='ltr'><strong>suos,</strong></span> <span class='ocrx_word' id='word_1_579' title='bbox 1766 3868 1927 3923; x_wconf 76' lang='lat' dir='ltr'><strong>vinea:</strong></span> 
     </span>
    </p>
   </div>
   <div class='ocr_carea' id='block_1_70' title="bbox 331 3960 1929 4058">
    <p class='ocr_par' dir='ltr' id='par_1_70' title="bbox 331 3960 1929 4058">
     <span class='ocr_line' id='line_1_71' title="bbox 331 3960 1929 4058; baseline -0.018 -16"><span class='ocrx_word' id='word_1_580' title='bbox 331 3960 576 4058; x_wconf 70' lang='lat' dir='ltr'><strong>ﬂorentes</strong></span> <span class='ocrx_word' id='word_1_581' title='bbox 600 3980 857 4037; x_wconf 85' lang='lat' dir='ltr'><strong>dederunt</strong></span> <span class='ocrx_word' id='word_1_582' title='bbox 884 3976 1097 4047; x_wconf 76' lang='lat' dir='ltr'><strong>odorem</strong></span> <span class='ocrx_word' id='word_1_583' title='bbox 1130 3968 1308 4043; x_wconf 85' lang='lat' dir='ltr'><strong>(Cant.</strong></span> <span class='ocrx_word' id='word_1_584' title='bbox 1346 3967 1429 4037; x_wconf 86' lang='lat' dir='ltr'><strong>tt).</strong></span> <span class='ocrx_word' id='word_1_585' title='bbox 1477 3964 1598 4020; x_wconf 85' lang='lat' dir='ltr'><strong>Non</strong></span> <span class='ocrx_word' id='word_1_586' title='bbox 1645 3970 1827 4017; x_wconf 89' lang='lat' dir='ltr'><strong>autem</strong></span> <span class='ocrx_word' id='word_1_587' title='bbox 1860 3960 1929 4016; x_wconf 87' lang='lat' dir='ltr'><strong>de</strong></span> 
     </span>
    </p>
   </div>
   <div class='ocr_carea' id='block_1_71' title="bbox 332 4057 1929 4151">
    <p class='ocr_par' dir='ltr' id='par_1_71' title="bbox 332 4057 1929 4151">
     <span class='ocr_line' id='line_1_72' title="bbox 332 4057 1929 4151; baseline -0.017 -15"><span class='ocrx_word' id='word_1_588' title='bbox 332 4057 504 4151; x_wconf 86' lang='lat' dir='ltr'><strong>spinis</strong></span> <span class='ocrx_word' id='word_1_589' title='bbox 530 4090 634 4131; x_wconf 93' lang='lat' dir='ltr'><strong>uva</strong></span> <span class='ocrx_word' id='word_1_590' title='bbox 660 4080 754 4129; x_wconf 86' lang='lat' dir='ltr'><strong>aut</strong></span> <span class='ocrx_word' id='word_1_591' title='bbox 781 4071 848 4126; x_wconf 91' lang='lat' dir='ltr'><strong>de</strong></span> <span class='ocrx_word' id='word_1_592' title='bbox 874 4066 1084 4124; x_wconf 89' lang='lat' dir='ltr'><strong>tribulis</strong></span> <span class='ocrx_word' id='word_1_593' title='bbox 1108 4063 1241 4120; x_wconf 86' lang='lat' dir='ltr'><strong>ficus</strong></span> <span class='ocrx_word' id='word_1_594' title='bbox 1267 4061 1573 4132; x_wconf 81' lang='lat' dir='ltr'><strong>colligitur:</strong></span> <span class='ocrx_word' id='word_1_595' title='bbox 1598 4057 1724 4128; x_wconf 90' lang='lat' dir='ltr'><strong>quia</strong></span> <span class='ocrx_word' id='word_1_596' title='bbox 1752 4070 1929 4121; x_wconf 89' lang='lat' dir='ltr'><strong>mens,</strong></span> 
     </span>
    </p>
   </div>
   <div class='ocr_carea' id='block_1_72' title="bbox 335 4148 1933 4230">
    <p class='ocr_par' dir='ltr' id='par_1_72' title="bbox 335 4148 1933 4230">
     <span class='ocr_line' id='line_1_73' title="bbox 335 4148 1933 4230; baseline -0.019 1"><span class='ocrx_word' id='word_1_597' title='bbox 335 4175 512 4230; x_wconf 88' lang='lat' dir='ltr'><strong>adhuc</strong></span> <span class='ocrx_word' id='word_1_598' title='bbox 539 4168 739 4226; x_wconf 88' lang='lat' dir='ltr'><strong>veteris</strong></span> <span class='ocrx_word' id='word_1_599' title='bbox 765 4163 1002 4223; x_wconf 87' lang='lat' dir='ltr'><strong>hominis</strong></span> <span class='ocrx_word' id='word_1_600' title='bbox 1032 4156 1421 4217; x_wconf 86' lang='lat' dir='ltr'><strong>consuetudine</strong></span> <span class='ocrx_word' id='word_1_601' title='bbox 1448 4153 1700 4224; x_wconf 90' lang='lat' dir='ltr'><strong>depressa</strong></span> <span class='ocrx_word' id='word_1_602' title='bbox 1721 4190 1734 4214; x_wconf 88' lang='lat'><strong>,</strong></span> <span class='ocrx_word' id='word_1_603' title='bbox 1767 4148 1933 4203; x_wconf 88' lang='lat' dir='ltr'><strong>simu—</strong></span> 
     </span>
    </p>
   </div>
   <div class='ocr_carea' id='block_1_73' title="bbox 2022 3402 3604 3490">
    <p class='ocr_par' dir='ltr' id='par_1_73' title="bbox 2022 3402 3604 3490">
     <span class='ocr_line' id='line_1_74' title="bbox 2022 3402 3604 3490; baseline -0.018 -8"><span class='ocrx_word' id='word_1_604' title='bbox 2022 3441 2119 3483; x_wconf 89' lang='lat' dir='ltr'><strong>cus</strong></span> <span class='ocrx_word' id='word_1_605' title='bbox 2151 3423 2367 3488; x_wconf 78' lang='lat' dir='ltr'><strong>dixerit,</strong></span> <span class='ocrx_word' id='word_1_606' title='bbox 2401 3418 2545 3490; x_wconf 91' lang='lat' dir='ltr'><strong>quod</strong></span> <span class='ocrx_word' id='word_1_607' title='bbox 2566 3418 2705 3471; x_wconf 89' lang='lat' dir='ltr'><strong>bene</strong></span> <span class='ocrx_word' id='word_1_608' title='bbox 2738 3413 2940 3468; x_wconf 91' lang='lat' dir='ltr'><strong>dictum</strong></span> <span class='ocrx_word' id='word_1_609' title='bbox 2966 3405 3256 3479; x_wconf 71' lang='lat' dir='ltr'><strong>Apostolus</strong></span> <span class='ocrx_word' id='word_1_610' title='bbox 3288 3402 3604 3473; x_wconf 83' lang='lat' dir='ltr'><strong>comproba-</strong></span> 
     </span>
    </p>
   </div>
   <div class='ocr_carea' id='block_1_74' title="bbox 2022 3493 3606 3585">
    <p class='ocr_par' dir='ltr' id='par_1_74' title="bbox 2022 3493 3606 3585">
     <span class='ocr_line' id='line_1_75' title="bbox 2022 3493 3606 3585; baseline -0.019 -10"><span class='ocrx_word' id='word_1_611' title='bbox 2022 3521 2120 3585; x_wconf 89' lang='lat' dir='ltr'><strong>vit,</strong></span> <span class='ocrx_word' id='word_1_612' title='bbox 2157 3518 2345 3574; x_wconf 89' lang='lat' dir='ltr'><strong>dieens</strong></span> <span class='ocrx_word' id='word_1_613' title='bbox 2374 3533 2387 3567; x_wconf 88' lang='lat'><strong>:</strong></span> <span class='ocrx_word' id='word_1_614' title='bbox 2413 3510 2767 3579; x_wconf 85' lang='lat' dir='ltr'><strong>Corrumpunt</strong></span> <span class='ocrx_word' id='word_1_615' title='bbox 2801 3520 2970 3559; x_wconf 82' lang='lat' dir='ltr'><strong>mores</strong></span> <span class='ocrx_word' id='word_1_616' title='bbox 2997 3502 3156 3556; x_wconf 85' lang='lat' dir='ltr'><strong>bonos</strong></span> <span class='ocrx_word' id='word_1_617' title='bbox 3182 3497 3441 3567; x_wconf 84' lang='lat' dir='ltr'><strong>colloquia</strong></span> <span class='ocrx_word' id='word_1_618' title='bbox 3468 3493 3606 3548; x_wconf 78' lang='lat' dir='ltr'><strong>maia</strong></span> 
     </span>
    </p>
   </div>
   <div class='ocr_carea' id='block_1_75' title="bbox 2026 3588 3607 3682">
    <p class='ocr_par' dir='ltr' id='par_1_75' title="bbox 2026 3588 3607 3682">
     <span class='ocr_line' id='line_1_76' title="bbox 2026 3588 3607 3682; baseline -0.018 -17"><span class='ocrx_word' id='word_1_619' title='bbox 2026 3610 2079 3682; x_wconf 83' lang='grc' dir='ltr'><strong>(Ι</strong></span> <span class='ocrx_word' id='word_1_620' title='bbox 2125 3608 2247 3664; x_wconf 87' lang='lat' dir='ltr'><strong>Cor.</strong></span> <span class='ocrx_word' id='word_1_621' title='bbox 2303 3604 2413 3675; x_wconf 72' lang='lat' dir='ltr'><strong>xv).</strong></span> <span class='ocrx_word' id='word_1_622' title='bbox 2465 3602 2533 3656; x_wconf 90' lang='lat' dir='ltr'><strong>Et</strong></span> <span class='ocrx_word' id='word_1_623' title='bbox 2574 3613 2699 3655; x_wconf 89' lang='lat' dir='ltr'><strong>cum</strong></span> <span class='ocrx_word' id='word_1_624' title='bbox 2734 3612 2842 3651; x_wconf 89' lang='lat' dir='ltr'><strong>non</strong></span> <span class='ocrx_word' id='word_1_625' title='bbox 2881 3591 3183 3649; x_wconf 89' lang='lat' dir='ltr'><strong>invenerint</strong></span> <span class='ocrx_word' id='word_1_626' title='bbox 3214 3588 3344 3660; x_wconf 87' lang='lat' dir='ltr'><strong>quid</strong></span> <span class='ocrx_word' id='word_1_627' title='bbox 3389 3599 3607 3654; x_wconf 82' lang='lat' dir='ltr'><strong>respon-</strong></span> 
     </span>
    </p>
   </div>
   <div class='ocr_carea' id='block_1_76' title="bbox 2026 3675 3608 3765">
    <p class='ocr_par' dir='ltr' id='par_1_76' title="bbox 2026 3675 3608 3765">
     <span class='ocr_line' id='line_1_77' title="bbox 2026 3675 3608 3765; baseline -0.019 -8"><span class='ocrx_word' id='word_1_628' title='bbox 2026 3703 2210 3765; x_wconf 91' lang='lat' dir='ltr'><strong>deant,</strong></span> <span class='ocrx_word' id='word_1_629' title='bbox 2250 3712 2353 3753; x_wconf 91' lang='lat' dir='ltr'><strong>nos</strong></span> <span class='ocrx_word' id='word_1_630' title='bbox 2393 3691 2690 3749; x_wconf 89' lang='lat' dir='ltr'><strong>infcremus</strong></span> <span class='ocrx_word' id='word_1_631' title='bbox 2722 3696 2777 3743; x_wconf 89' lang='lat' dir='ltr'><strong>et</strong></span> <span class='ocrx_word' id='word_1_632' title='bbox 2808 3684 3024 3749; x_wconf 75' lang='lat' dir='ltr'><strong>ludam,</strong></span> <span class='ocrx_word' id='word_1_633' title='bbox 3064 3681 3315 3736; x_wconf 87' lang='lat' dir='ltr'><strong>arborem</strong></span> <span class='ocrx_word' id='word_1_634' title='bbox 3344 3675 3608 3747; x_wconf 84' lang='lat' dir='ltr'><strong>quondam</strong></span> 
     </span>
    </p>
   </div>
   <div class='ocr_carea' id='block_1_77' title="bbox 2027 3765 3612 3854">
    <p class='ocr_par' dir='ltr' id='par_1_77' title="bbox 2027 3765 3612 3854">
     <span class='ocr_line' id='line_1_78' title="bbox 2027 3765 3612 3854; baseline -0.018 -8"><span class='ocrx_word' id='word_1_635' title='bbox 2027 3793 2246 3854; x_wconf 90' lang='lat' dir='ltr'><strong>bonam,</strong></span> <span class='ocrx_word' id='word_1_636' title='bbox 2296 3785 2492 3841; x_wconf 85' lang='lat' dir='ltr'><strong>fecisse</strong></span> <span class='ocrx_word' id='word_1_637' title='bbox 2528 3780 2735 3836; x_wconf 90' lang='lat' dir='ltr'><strong>fructus</strong></span> <span class='ocrx_word' id='word_1_638' title='bbox 2773 3778 2961 3844; x_wconf 87' lang='lat' dir='ltr'><strong>malos,</strong></span> <span class='ocrx_word' id='word_1_639' title='bbox 2996 3781 3281 3843; x_wconf 88' lang='lat' dir='ltr'><strong>postquam</strong></span> <span class='ocrx_word' id='word_1_640' title='bbox 3320 3765 3612 3839; x_wconf 87' lang='lat' dir='ltr'><strong>prodiderit</strong></span> 
     </span>
    </p>
   </div>
   <div class='ocr_carea' id='block_1_78' title="bbox 2030 3856 3612 3948">
    <p class='ocr_par' dir='ltr' id='par_1_78' title="bbox 2030 3856 3612 3948">
     <span class='ocr_line' id='line_1_79' title="bbox 2030 3856 3612 3948; baseline -0.018 -12"><span class='ocrx_word' id='word_1_641' title='bbox 2030 3881 2370 3937; x_wconf 90' lang='lat' dir='ltr'><strong>Salvatorem</strong></span> <span class='ocrx_word' id='word_1_642' title='bbox 2417 3872 2631 3948; x_wconf 79' lang='lat' dir='ltr'><strong>(Matth.</strong></span> <span class='ocrx_word' id='word_1_643' title='bbox 2676 3856 2840 3939; x_wconf 60' lang='lat' dir='ltr'><strong>ixv);</strong></span> <span class='ocrx_word' id='word_1_644' title='bbox 2881 3873 2937 3921; x_wconf 91' lang='lat' dir='ltr'><strong>et</strong></span> <span class='ocrx_word' id='word_1_645' title='bbox 2972 3863 3196 3920; x_wconf 90' lang='lat' dir='ltr'><strong>Paulum</strong></span> <span class='ocrx_word' id='word_1_646' title='bbox 3225 3862 3476 3915; x_wconf 80' lang='lat' dir='ltr'><strong>arborem</strong></span> <span class='ocrx_word' id='word_1_647' title='bbox 3503 3870 3612 3910; x_wconf 84' lang='lat' dir='ltr'><strong>ma-</strong></span> 
     </span>
    </p>
   </div>
   <div class='ocr_carea' id='block_1_79' title="bbox 2029 3947 3613 4038">
    <p class='ocr_par' dir='ltr' id='par_1_79' title="bbox 2029 3947 3613 4038">
     <span class='ocr_line' id='line_1_80' title="bbox 2029 3947 3613 4038; baseline -0.02 -8"><span class='ocrx_word' id='word_1_648' title='bbox 2029 3975 2137 4029; x_wconf 78' lang='lat' dir='ltr'><strong>lam</strong></span> <span class='ocrx_word' id='word_1_649' title='bbox 2174 3987 2240 4028; x_wconf 90' lang='lat' dir='ltr'><strong>eo</strong></span> <span class='ocrx_word' id='word_1_650' title='bbox 2279 3947 2519 4038; x_wconf 87' lang='lat' dir='ltr'><strong>tempore</strong></span> <span class='ocrx_word' id='word_1_651' title='bbox 2545 3978 2654 4034; x_wconf 92' lang='lat' dir='ltr'><strong>quo</strong></span> <span class='ocrx_word' id='word_1_652' title='bbox 2680 3957 3108 4032; x_wconf 86' lang='lat' dir='ltr'><strong>persequebatur</strong></span> <span class='ocrx_word' id='word_1_653' title='bbox 3137 3952 3436 4008; x_wconf 71' lang='lat' dir='ltr'><strong>Ecclesium</strong></span> <span class='ocrx_word' id='word_1_654' title='bbox 3465 3947 3613 4003; x_wconf 85' lang='lat' dir='ltr'><strong>Chri-</strong></span> 
     </span>
    </p>
   </div>
   <div class='ocr_carea' id='block_1_80' title="bbox 2034 4040 3616 4131">
    <p class='ocr_par' dir='ltr' id='par_1_80' title="bbox 2034 4040 3616 4131">
     <span class='ocr_line' id='line_1_81' title="bbox 2034 4040 3616 4131; baseline -0.022 -8"><span class='ocrx_word' id='word_1_655' title='bbox 2034 4066 2150 4131; x_wconf 90' lang='lat' dir='ltr'><strong>sti,</strong></span> <span class='ocrx_word' id='word_1_656' title='bbox 2199 4062 2392 4119; x_wconf 81' lang='lat' dir='ltr'><strong>fecisse</strong></span> <span class='ocrx_word' id='word_1_657' title='bbox 2438 4066 2625 4129; x_wconf 90' lang='lat' dir='ltr'><strong>postea</strong></span> <span class='ocrx_word' id='word_1_658' title='bbox 2659 4053 2865 4107; x_wconf 89' lang='lat' dir='ltr'><strong>fruetus</strong></span> <span class='ocrx_word' id='word_1_659' title='bbox 2898 4050 3067 4104; x_wconf 89' lang='lat' dir='ltr'><strong>bonos</strong></span> <span class='ocrx_word' id='word_1_660' title='bbox 3098 4087 3112 4111; x_wconf 95' lang='lat'><strong>,</strong></span> <span class='ocrx_word' id='word_1_661' title='bbox 3159 4042 3375 4114; x_wconf 89' lang='lat' dir='ltr'><strong>quando</strong></span> <span class='ocrx_word' id='word_1_662' title='bbox 3424 4040 3477 4093; x_wconf 93' lang='lat' dir='ltr'><strong>in</strong></span> <span class='ocrx_word' id='word_1_663' title='bbox 3526 4050 3616 4089; x_wconf 87' lang='lat' dir='ltr'><strong>vas</strong></span> 
     </span>
    </p>
   </div>
   <div class='ocr_carea' id='block_1_81' title="bbox 2035 4128 3613 4217">
    <p class='ocr_par' dir='ltr' id='par_1_81' title="bbox 2035 4128 3613 4217">
     <span class='ocr_line' id='line_1_82' title="bbox 2035 4128 3613 4217; baseline -0.021 -5"><span class='ocrx_word' id='word_1_664' title='bbox 2035 4128 2318 4212; x_wconf 88' lang='lat' dir='ltr'><strong>electionis</strong></span> <span class='ocrx_word' id='word_1_665' title='bbox 2368 4128 2455 4205; x_wconf 16' lang='lat' dir='ltr'><strong>de,</strong></span> <span class='ocrx_word' id='word_1_666' title='bbox 2483 4151 2829 4217; x_wconf 89' lang='lat' dir='ltr'><strong>persecutore</strong></span> <span class='ocrx_word' id='word_1_667' title='bbox 2878 4137 3172 4195; x_wconf 86' lang='lat' dir='ltr'><strong>translatus</strong></span> <span class='ocrx_word' id='word_1_668' title='bbox 3211 4142 3295 4190; x_wconf 89' lang='lat' dir='ltr'><strong>est</strong></span> <span class='ocrx_word' id='word_1_669' title='bbox 3343 4131 3481 4202; x_wconf 77' lang='lat' dir='ltr'><strong>(Act.</strong></span> <span class='ocrx_word' id='word_1_670' title='bbox 3520 4128 3613 4199; x_wconf 70' lang='lat' dir='ltr'><strong>ix).</strong></span> 
     </span>
    </p>
   </div>
   <div class='ocr_carea' id='block_1_82' title="bbox 334 4223 1910 4333">
    <p class='ocr_par' dir='ltr' id='par_1_82' title="bbox 334 4241 1910 4333">
     <span class='ocr_line' id='line_1_83' title="bbox 334 4241 1910 4333; baseline -0.016 -14"><span class='ocrx_word' id='word_1_671' title='bbox 334 4263 452 4320; x_wconf 88' lang='lat' dir='ltr'><strong>lare</strong></span> <span class='ocrx_word' id='word_1_672' title='bbox 477 4267 680 4333; x_wconf 89' lang='lat' dir='ltr'><strong>potest,</strong></span> <span class='ocrx_word' id='word_1_673' title='bbox 711 4256 805 4313; x_wconf 90' lang='lat' dir='ltr'><strong>sed</strong></span> <span class='ocrx_word' id='word_1_674' title='bbox 839 4254 1046 4309; x_wconf 89' lang='lat' dir='ltr'><strong>fructus</strong></span> <span class='ocrx_word' id='word_1_675' title='bbox 1077 4250 1201 4305; x_wconf 91' lang='lat' dir='ltr'><strong>novi</strong></span> <span class='ocrx_word' id='word_1_676' title='bbox 1231 4245 1467 4303; x_wconf 89' lang='lat' dir='ltr'><strong>hominis</strong></span> <span class='ocrx_word' id='word_1_677' title='bbox 1503 4241 1645 4299; x_wconf 89' lang='lat' dir='ltr'><strong>ferre</strong></span> <span class='ocrx_word' id='word_1_678' title='bbox 1687 4255 1794 4295; x_wconf 88' lang='lat' dir='ltr'><strong>non</strong></span> <span class='ocrx_word' id='word_1_679' title='bbox 1836 4253 1910 4308; x_wconf 87' lang='lat' dir='ltr'><strong>po</strong></span> 
     </span>
    </p>
   </div>
   <div class='ocr_carea' id='block_1_83' title="bbox 2016 4223 3614 4333">
    <p class='ocr_par' dir='ltr' id='par_1_83' title="bbox 2038 4223 3614 4314">
     <span class='ocr_line' id='line_1_84' title="bbox 2038 4223 3614 4314; baseline -0.018 -11"><span class='ocrx_word' id='word_1_680' title='bbox 2038 4245 2249 4302; x_wconf 83' lang='lat' dir='ltr'><strong>Tandiu</strong></span> <span class='ocrx_word' id='word_1_681' title='bbox 2287 4257 2418 4314; x_wconf 87' lang='lat' dir='ltr'><strong>ergo</strong></span> <span class='ocrx_word' id='word_1_682' title='bbox 2461 4241 2603 4295; x_wconf 89' lang='lat' dir='ltr'><strong>bona</strong></span> <span class='ocrx_word' id='word_1_683' title='bbox 2646 4236 2810 4292; x_wconf 86' lang='lat' dir='ltr'><strong>arbor</strong></span> <span class='ocrx_word' id='word_1_684' title='bbox 2854 4232 3061 4288; x_wconf 88' lang='lat' dir='ltr'><strong>fruetus</strong></span> <span class='ocrx_word' id='word_1_685' title='bbox 3107 4245 3215 4285; x_wconf 90' lang='lat' dir='ltr'><strong>non</strong></span> <span class='ocrx_word' id='word_1_686' title='bbox 3262 4226 3395 4282; x_wconf 88' lang='lat' dir='ltr'><strong>facit</strong></span> <span class='ocrx_word' id='word_1_687' title='bbox 3431 4223 3614 4286; x_wconf 86' lang='lat' dir='ltr'><strong>malos,</strong></span> 
     </span>
    </p>
   </div>
   <div class='ocr_carea' id='block_1_84' title="bbox 337 4314 1910 4420">
    <p class='ocr_par' dir='ltr' id='par_1_84' title="bbox 337 4314 1910 4420">
     <span class='ocr_line' id='line_1_85' title="bbox 337 4314 1910 4420; baseline -0.018 -8"><span class='ocrx_word' id='word_1_688' title='bbox 337 4314 679 4420; x_wconf 54' lang='lat' dir='ltr'><strong>test.rQuod</strong></span> <span class='ocrx_word' id='word_1_689' title='bbox 714 4348 761 4405; x_wconf 90' lang='lat' dir='ltr'><strong>si</strong></span> <span class='ocrx_word' id='word_1_690' title='bbox 803 4346 925 4417; x_wconf 85' lang='lat' dir='ltr'><strong>quis</strong></span> <span class='ocrx_word' id='word_1_691' title='bbox 962 4341 1200 4412; x_wconf 77' lang='lat' dir='ltr'><strong>obiicere</strong></span> <span class='ocrx_word' id='word_1_692' title='bbox 1233 4337 1466 4394; x_wconf 89' lang='lat' dir='ltr'><strong>voluerit</strong></span> <span class='ocrx_word' id='word_1_693' title='bbox 1500 4350 1565 4390; x_wconf 88' lang='lat' dir='ltr'><strong>ac</strong></span> <span class='ocrx_word' id='word_1_694' title='bbox 1586 4333 1768 4389; x_wconf 88' lang='lat' dir='ltr'><strong>dicere</strong></span> <span class='ocrx_word' id='word_1_695' title='bbox 1791 4345 1910 4400; x_wconf 63' lang='lat' dir='ltr'><strong>quo:</strong></span> 
     </span>
    </p>
   </div>
   <div class='ocr_carea' id='block_1_85' title="bbox 2016 4314 3617 4420">
    <p class='ocr_par' dir='ltr' id='par_1_85' title="bbox 2039 4314 3617 4410">
     <span class='ocr_line' id='line_1_86' title="bbox 2039 4314 3617 4410; baseline -0.016 -16"><span class='ocrx_word' id='word_1_696' title='bbox 2039 4338 2281 4410; x_wconf 86' lang='lat' dir='ltr'><strong>quandiu</strong></span> <span class='ocrx_word' id='word_1_697' title='bbox 2333 4336 2387 4389; x_wconf 92' lang='lat' dir='ltr'><strong>iu</strong></span> <span class='ocrx_word' id='word_1_698' title='bbox 2440 4331 2698 4387; x_wconf 88' lang='lat' dir='ltr'><strong>bonitatis</strong></span> <span class='ocrx_word' id='word_1_699' title='bbox 2743 4327 2922 4384; x_wconf 87' lang='lat' dir='ltr'><strong>studio</strong></span> <span class='ocrx_word' id='word_1_700' title='bbox 2961 4332 3301 4396; x_wconf 88' lang='lat' dir='ltr'><strong>perseverat;</strong></span> <span class='ocrx_word' id='word_1_701' title='bbox 3345 4328 3402 4376; x_wconf 91' lang='lat' dir='ltr'><strong>et</strong></span> <span class='ocrx_word' id='word_1_702' title='bbox 3442 4314 3617 4372; x_wconf 88' lang='lat' dir='ltr'><strong>tandiu</strong></span> 
     </span>
    </p>
   </div>
   <div class='ocr_carea' id='block_1_86' title="bbox 339 4408 3617 4514">
    <p class='ocr_par' dir='ltr' id='par_1_86' title="bbox 339 4408 3617 4514">
     <span class='ocr_line' id='line_1_87' title="bbox 339 4408 3617 4514; baseline -0.016 2"><span class='ocrx_word' id='word_1_703' title='bbox 339 4456 395 4503; x_wconf 75' lang='grc' dir='ltr'><strong>θῑ</strong></span> <span class='ocrx_word' id='word_1_704' title='bbox 421 4444 598 4501; x_wconf 70' lang='grc' dir='ltr'><strong>Μοδεε</strong></span> <span class='ocrx_word' id='word_1_705' title='bbox 624 4443 691 4499; x_wconf 73' lang='lat' dir='ltr'><strong>de</strong></span> <span class='ocrx_word' id='word_1_706' title='bbox 719 4440 873 4514; x_wconf 69' lang='lat' dir='ltr'><strong>spina</strong></span> <span class='ocrx_word' id='word_1_707' title='bbox 898 4433 1245 4493; x_wconf 60' lang='lat' dir='ltr'><strong>Vindemia?“</strong></span> <span class='ocrx_word' id='word_1_708' title='bbox 1275 4443 1455 4493; x_wconf 53' lang='lat' dir='ltr'><strong>uvam,</strong></span> <span class='ocrx_word' id='word_1_709' title='bbox 1498 4425 1717 4497; x_wconf 74' lang='grc' dir='ltr'><strong>«ιυιιηᾱο</strong></span> <span class='ocrx_word' id='word_1_710' title='bbox 1765 4439 1795 4477; x_wconf 70' lang='grc'>³</span> <span class='ocrx_word' id='word_1_711' title='bbox 1845 4436 1937 4514; x_wconf 60' lang='grc' dir='ltr'><strong>ορ·</strong></span> <span class='ocrx_word' id='word_1_712' title='bbox 1960 4489 2016 4514; x_wconf 48' lang='grc' dir='ltr'><strong>ᾗ</strong></span> <span class='ocrx_word' id='word_1_713' title='bbox 2041 4408 2182 4486; x_wconf 81' lang='lat' dir='ltr'><strong>mala</strong></span> <span class='ocrx_word' id='word_1_714' title='bbox 2217 4427 2380 4483; x_wconf 90' lang='lat' dir='ltr'><strong>arbor</strong></span> <span class='ocrx_word' id='word_1_715' title='bbox 2407 4425 2462 4480; x_wconf 92' lang='lat' dir='ltr'><strong>in</strong></span> <span class='ocrx_word' id='word_1_716' title='bbox 2487 4422 2752 4478; x_wconf 88' lang='lat' dir='ltr'><strong>fructibus</strong></span> <span class='ocrx_word' id='word_1_717' title='bbox 2776 4429 3121 4492; x_wconf 85' lang='lat' dir='ltr'><strong>peccatorum</strong></span> <span class='ocrx_word' id='word_1_718' title='bbox 3152 4420 3354 4478; x_wconf 88' lang='lat' dir='ltr'><strong>manet,</strong></span> <span class='ocrx_word' id='word_1_719' title='bbox 3389 4408 3617 4482; x_wconf 87' lang='lat' dir='ltr'><strong>quandiu</strong></span> 
     </span>
    </p>
   </div>
   <div class='ocr_carea' id='block_1_87' title="bbox 341 4489 3623 4610">
    <p class='ocr_par' dir='ltr' id='par_1_87' title="bbox 341 4489 3623 4610">
     <span class='ocr_line' id='line_1_88' title="bbox 341 4489 3623 4610; baseline -0.017 -14"><span class='ocrx_word' id='word_1_720' title='bbox 341 4547 508 4610; x_wconf 84' lang='lat' dir='ltr'><strong>gnato</strong></span> <span class='ocrx_word' id='word_1_721' title='bbox 532 4533 719 4609; x_wconf 87' lang='lat' dir='ltr'><strong>gentili</strong></span> <span class='ocrx_word' id='word_1_722' title='bbox 752 4489 1041 4588; x_wconf 58' lang='lat' dir='ltr'><strong>consilium</strong></span> <span class='ocrx_word' id='word_1_723' title='bbox 1073 4524 1206 4580; x_wconf 88' lang='lat' dir='ltr'><strong>utile</strong></span> <span class='ocrx_word' id='word_1_724' title='bbox 1235 4519 1475 4591; x_wconf 88' lang='lat' dir='ltr'><strong>suscepit</strong></span> <span class='ocrx_word' id='word_1_725' title='bbox 1498 4537 1510 4572; x_wconf 93' lang='lat'>:</span> <span class='ocrx_word' id='word_1_726' title='bbox 1530 4525 1587 4574; x_wconf 89' lang='lat' dir='ltr'><strong>et</strong></span> <span class='ocrx_word' id='word_1_727' title='bbox 1623 4517 1691 4571; x_wconf 91' lang='lat' dir='ltr'><strong>de</strong></span> <span class='ocrx_word' id='word_1_728' title='bbox 1726 4512 1939 4569; x_wconf 90' lang='lat' dir='ltr'><strong>tribulis</strong></span> <span class='ocrx_word' id='word_1_729' title='bbox 1960 4489 2017 4553; x_wconf 74' lang='grc' dir='ltr'><strong><em>Β</em></strong></span> <span class='ocrx_word' id='word_1_730' title='bbox 2043 4525 2111 4580; x_wconf 71' lang='lat' dir='ltr'><strong>ad</strong></span> <span class='ocrx_word' id='word_1_731' title='bbox 2138 4520 2513 4594; x_wconf 66' lang='grc' dir='ltr'><strong>ρωηίιεηιίειηι</strong></span> <span class='ocrx_word' id='word_1_732' title='bbox 2559 4532 2666 4572; x_wconf 68' lang='lat' dir='ltr'><strong>non</strong></span> <span class='ocrx_word' id='word_1_733' title='bbox 2714 4489 3065 4570; x_wconf 59' lang='grc' dir='ltr'><strong>εοξιγθιηιίιιηι,</strong></span> <span class='ocrx_word' id='word_1_734' title='bbox 3117 4506 3285 4562; x_wconf 74' lang='lat' dir='ltr'><strong>Nemo</strong></span> <span class='ocrx_word' id='word_1_735' title='bbox 3333 4520 3466 4575; x_wconf 67' lang='lat' dir='ltr'><strong>ergo</strong></span> <span class='ocrx_word' id='word_1_736' title='bbox 3511 4517 3623 4572; x_wconf 68' lang='grc' dir='ltr'><strong>ρει».</strong></span> 
     </span>
    </p>
   </div>
   <div class='ocr_carea' id='block_1_88' title="bbox 343 4606 1938 4703">
    <p class='ocr_par' dir='ltr' id='par_1_88' title="bbox 343 4606 1938 4703">
     <span class='ocr_line' id='line_1_89' title="bbox 343 4606 1938 4703; baseline -0.019 -14"><span class='ocrx_word' id='word_1_737' title='bbox 343 4606 660 4703; x_wconf 74' lang='lat' dir='ltr'><strong>collegerint</strong></span> <span class='ocrx_word' id='word_1_738' title='bbox 694 4624 904 4680; x_wconf 86' lang='lat' dir='ltr'><strong>fructus</strong></span> <span class='ocrx_word' id='word_1_739' title='bbox 944 4621 1002 4676; x_wconf 85' lang='lat' dir='ltr'><strong>hi</strong></span> <span class='ocrx_word' id='word_1_740' title='bbox 1039 4618 1237 4690; x_wconf 90' lang='lat' dir='ltr'><strong>quibus</strong></span> <span class='ocrx_word' id='word_1_741' title='bbox 1282 4615 1486 4670; x_wconf 89' lang='lat' dir='ltr'><strong>dictum</strong></span> <span class='ocrx_word' id='word_1_742' title='bbox 1524 4617 1609 4666; x_wconf 89' lang='lat' dir='ltr'><strong>est</strong></span> <span class='ocrx_word' id='word_1_743' title='bbox 1641 4609 1709 4664; x_wconf 89' lang='lat' dir='ltr'><strong>de</strong></span> <span class='ocrx_word' id='word_1_744' title='bbox 1742 4606 1938 4662; x_wconf 86' lang='lat' dir='ltr'><strong>Phari-</strong></span> 
     </span>
    </p>
   </div>
   <div class='ocr_carea' id='block_1_89' title="bbox 344 4697 1942 4786">
    <p class='ocr_par' dir='ltr' id='par_1_89' title="bbox 344 4697 1942 4786">
     <span class='ocr_line' id='line_1_90' title="bbox 344 4697 1942 4786; baseline -0.019 -6"><span class='ocrx_word' id='word_1_745' title='bbox 344 4697 512 4781; x_wconf 63' lang='grc' dir='ltr'><strong>εωίεῖ</strong></span> <span class='ocrx_word' id='word_1_746' title='bbox 540 4718 729 4774; x_wconf 83' lang='lat' dir='ltr'><strong>Facite</strong></span> <span class='ocrx_word' id='word_1_747' title='bbox 765 4729 884 4786; x_wconf 67' lang='lat' dir='ltr'><strong>qua</strong></span> <span class='ocrx_word' id='word_1_748' title='bbox 908 4712 1108 4775; x_wconf 84' lang='lat' dir='ltr'><strong>dicunt,</strong></span> <span class='ocrx_word' id='word_1_749' title='bbox 1148 4722 1266 4779; x_wconf 59' lang='lat' dir='ltr'><strong>qua</strong></span> <span class='ocrx_word' id='word_1_750' title='bbox 1303 4714 1476 4760; x_wconf 85' lang='lat' dir='ltr'><strong>autem</strong></span> <span class='ocrx_word' id='word_1_751' title='bbox 1507 4700 1728 4768; x_wconf 76' lang='lat' dir='ltr'><strong>faciunt,</strong></span> <span class='ocrx_word' id='word_1_752' title='bbox 1769 4697 1942 4768; x_wconf 81' lang='lat' dir='ltr'><strong>facere</strong></span> 
     </span>
    </p>
   </div>
   <div class='ocr_carea' id='block_1_90' title="bbox 326 4786 1943 4875">
    <p class='ocr_par' dir='ltr' id='par_1_90' title="bbox 326 4786 1943 4875">
     <span class='ocr_line' id='line_1_91' title="bbox 326 4786 1943 4875; baseline -0.017 -7"><span class='ocrx_word' id='word_1_753' title='bbox 326 4810 540 4875; x_wconf 76' lang='lat' dir='ltr'><strong>nolite;</strong></span> <span class='ocrx_word' id='word_1_754' title='bbox 579 4806 718 4864; x_wconf 86' lang='lat' dir='ltr'><strong>sciat</strong></span> <span class='ocrx_word' id='word_1_755' title='bbox 763 4803 889 4875; x_wconf 87' lang='lat' dir='ltr'><strong>quia</strong></span> <span class='ocrx_word' id='word_1_756' title='bbox 938 4800 1079 4856; x_wconf 87' lang='lat' dir='ltr'><strong>sicut</strong></span> <span class='ocrx_word' id='word_1_757' title='bbox 1125 4796 1274 4852; x_wconf 87' lang='lat' dir='ltr'><strong>ferax</strong></span> <span class='ocrx_word' id='word_1_758' title='bbox 1314 4805 1703 4862; x_wconf 86' lang='lat' dir='ltr'><strong>nonnunquam</strong></span> <span class='ocrx_word' id='word_1_759' title='bbox 1736 4786 1943 4859; x_wconf 84' lang='lat' dir='ltr'><strong>palmes</strong></span> 
     </span>
    </p>
   </div>
   <div class='ocr_carea' id='block_1_91' title="bbox 348 4880 1944 4974">
    <p class='ocr_par' dir='ltr' id='par_1_91' title="bbox 348 4880 1944 4974">
     <span class='ocr_line' id='line_1_92' title="bbox 348 4880 1944 4974; baseline -0.018 -13"><span class='ocrx_word' id='word_1_760' title='bbox 348 4904 461 4974; x_wconf 88' lang='lat' dir='ltr'><strong>sepi</strong></span> <span class='ocrx_word' id='word_1_761' title='bbox 501 4899 774 4958; x_wconf 85' lang='lat' dir='ltr'><strong>involutus</strong></span> <span class='ocrx_word' id='word_1_762' title='bbox 802 4892 1102 4957; x_wconf 69' lang='lat' dir='ltr'><strong>recumbit,</strong></span> <span class='ocrx_word' id='word_1_763' title='bbox 1143 4898 1475 4962; x_wconf 87' lang='lat' dir='ltr'><strong>portansque</strong></span> <span class='ocrx_word' id='word_1_764' title='bbox 1514 4884 1750 4947; x_wconf 89' lang='lat' dir='ltr'><strong>fructum</strong></span> <span class='ocrx_word' id='word_1_765' title='bbox 1788 4880 1944 4950; x_wconf 87' lang='lat' dir='ltr'><strong>spina</strong></span> 
     </span>
    </p>
   </div>
   <div class='ocr_carea' id='block_1_92' title="bbox 349 4971 1941 5056">
    <p class='ocr_par' dir='ltr' id='par_1_92' title="bbox 349 4971 1941 5056">
     <span class='ocr_line' id='line_1_93' title="bbox 349 4971 1941 5056; baseline -0.018 -5"><span class='ocrx_word' id='word_1_766' title='bbox 349 4971 457 5051; x_wconf 83' lang='lat' dir='ltr'><strong>non</strong></span> <span class='ocrx_word' id='word_1_767' title='bbox 487 5005 667 5056; x_wconf 88' lang='lat' dir='ltr'><strong>suum,</strong></span> <span class='ocrx_word' id='word_1_768' title='bbox 696 4987 883 5045; x_wconf 88' lang='lat' dir='ltr'><strong>usibus</strong></span> <span class='ocrx_word' id='word_1_769' title='bbox 910 4991 1091 5041; x_wconf 89' lang='lat' dir='ltr'><strong>servat</strong></span> <span class='ocrx_word' id='word_1_770' title='bbox 1116 4980 1401 5045; x_wconf 88' lang='lat' dir='ltr'><strong>humanis;</strong></span> <span class='ocrx_word' id='word_1_771' title='bbox 1427 4979 1507 5034; x_wconf 88' lang='lat' dir='ltr'><strong>sic</strong></span> <span class='ocrx_word' id='word_1_772' title='bbox 1536 4975 1681 5031; x_wconf 89' lang='lat' dir='ltr'><strong>dicta</strong></span> <span class='ocrx_word' id='word_1_773' title='bbox 1710 4971 1794 5027; x_wconf 90' lang='lat' dir='ltr'><strong>vel</strong></span> <span class='ocrx_word' id='word_1_774' title='bbox 1820 4977 1941 5025; x_wconf 86' lang='lat' dir='ltr'><strong>acta</strong></span> 
     </span>
    </p>
   </div>
   <div class='ocr_carea' id='block_1_93' title="bbox 350 5060 1945 5150">
    <p class='ocr_par' dir='ltr' id='par_1_93' title="bbox 350 5060 1945 5150">
     <span class='ocr_line' id='line_1_94' title="bbox 350 5060 1945 5150; baseline -0.016 -8"><span class='ocrx_word' id='word_1_775' title='bbox 350 5085 639 5149; x_wconf 79' lang='lat' dir='ltr'><strong>maiorum,</strong></span> <span class='ocrx_word' id='word_1_776' title='bbox 691 5080 737 5136; x_wconf 89' lang='lat' dir='ltr'><strong>si</strong></span> <span class='ocrx_word' id='word_1_777' title='bbox 780 5077 996 5150; x_wconf 90' lang='lat' dir='ltr'><strong>quando</strong></span> <span class='ocrx_word' id='word_1_778' title='bbox 1037 5074 1196 5131; x_wconf 91' lang='lat' dir='ltr'><strong>bonis</strong></span> <span class='ocrx_word' id='word_1_779' title='bbox 1238 5077 1483 5143; x_wconf 85' lang='lat' dir='ltr'><strong>prosunt,</strong></span> <span class='ocrx_word' id='word_1_780' title='bbox 1538 5082 1644 5121; x_wconf 90' lang='lat' dir='ltr'><strong>non</strong></span> <span class='ocrx_word' id='word_1_781' title='bbox 1686 5065 1789 5119; x_wconf 91' lang='lat' dir='ltr'><strong>hoc</strong></span> <span class='ocrx_word' id='word_1_782' title='bbox 1842 5060 1945 5131; x_wconf 90' lang='lat' dir='ltr'><strong>ipsi</strong></span> 
     </span>
    </p>
   </div>
   <div class='ocr_carea' id='block_1_94' title="bbox 350 5154 1946 5240">
    <p class='ocr_par' dir='ltr' id='par_1_94' title="bbox 350 5154 1946 5240">
     <span class='ocr_line' id='line_1_95' title="bbox 350 5154 1946 5240; baseline -0.018 -5"><span class='ocrx_word' id='word_1_783' title='bbox 350 5179 556 5235; x_wconf 86' lang='lat' dir='ltr'><strong>faciunt</strong></span> <span class='ocrx_word' id='word_1_784' title='bbox 604 5173 763 5240; x_wconf 82' lang='lat' dir='ltr'><strong>mali,</strong></span> <span class='ocrx_word' id='word_1_785' title='bbox 813 5169 906 5228; x_wconf 83' lang='lat' dir='ltr'><strong>sed</strong></span> <span class='ocrx_word' id='word_1_786' title='bbox 953 5166 1014 5222; x_wconf 87' lang='lat' dir='ltr'><strong>fit</strong></span> <span class='ocrx_word' id='word_1_787' title='bbox 1058 5167 1125 5222; x_wconf 90' lang='lat' dir='ltr'><strong>de</strong></span> <span class='ocrx_word' id='word_1_788' title='bbox 1172 5165 1305 5227; x_wconf 88' lang='lat' dir='ltr'><strong>illis,</strong></span> <span class='ocrx_word' id='word_1_789' title='bbox 1347 5174 1579 5231; x_wconf 89' lang='lat' dir='ltr'><strong>superno</strong></span> <span class='ocrx_word' id='word_1_790' title='bbox 1626 5154 1946 5228; x_wconf 85' lang='lat' dir='ltr'><strong>providente</strong></span> 
     </span>
    </p>
   </div>
   <div class='ocr_carea' id='block_1_95' title="bbox 349 5270 597 5328">
    <p class='ocr_par' dir='ltr' id='par_1_95' title="bbox 349 5270 597 5328">
     <span class='ocr_line' id='line_1_96' title="bbox 349 5270 597 5328; baseline -0.024 1"><span class='ocrx_word' id='word_1_791' title='bbox 349 5270 597 5328; x_wconf 87' lang='lat' dir='ltr'><strong>consilio.</strong></span> 
     </span>
    </p>
   </div>
   <div class='ocr_carea' id='block_1_96' title="bbox 424 5342 1947 5424">
    <p class='ocr_par' dir='ltr' id='par_1_96' title="bbox 424 5342 1947 5424">
     <span class='ocr_line' id='line_1_97' title="bbox 424 5342 1947 5424; baseline -0.016 -6"><span class='ocrx_word' id='word_1_792' title='bbox 424 5361 515 5418; x_wconf 87' lang='lat' dir='ltr'><strong>Sic</strong></span> <span class='ocrx_word' id='word_1_793' title='bbox 548 5361 716 5417; x_wconf 86' lang='lat' dir='ltr'><strong>omnis</strong></span> <span class='ocrx_word' id='word_1_794' title='bbox 742 5358 901 5414; x_wconf 86' lang='lat' dir='ltr'><strong>arbor</strong></span> <span class='ocrx_word' id='word_1_795' title='bbox 926 5356 1063 5412; x_wconf 88' lang='lat' dir='ltr'><strong>bona</strong></span> <span class='ocrx_word' id='word_1_796' title='bbox 1089 5352 1295 5424; x_wconf 80' lang='lat' dir='ltr'><strong>fructus</strong></span> <span class='ocrx_word' id='word_1_797' title='bbox 1319 5349 1476 5403; x_wconf 79' lang='lat' dir='ltr'><strong>bonos</strong></span> <span class='ocrx_word' id='word_1_798' title='bbox 1507 5346 1654 5416; x_wconf 79' lang='lat' dir='ltr'><strong>facit,</strong></span> <span class='ocrx_word' id='word_1_799' title='bbox 1684 5342 1826 5398; x_wconf 86' lang='lat' dir='ltr'><strong>mata</strong></span> <span class='ocrx_word' id='word_1_800' title='bbox 1849 5358 1947 5395; x_wconf 88' lang='lat' dir='ltr'><strong>au-</strong></span> 
     </span>
    </p>
   </div>
   <div class='ocr_carea' id='block_1_97' title="bbox 344 5433 1946 5520">
    <p class='ocr_par' dir='ltr' id='par_1_97' title="bbox 344 5433 1946 5520">
     <span class='ocr_line' id='line_1_98' title="bbox 344 5433 1946 5520; baseline -0.013 -12"><span class='ocrx_word' id='word_1_801' title='bbox 344 5460 457 5507; x_wconf 72' lang='lat' dir='ltr'><strong>tem</strong></span> <span class='ocrx_word' id='word_1_802' title='bbox 479 5452 637 5506; x_wconf 82' lang='lat' dir='ltr'><strong>arbor</strong></span> <span class='ocrx_word' id='word_1_803' title='bbox 665 5451 868 5520; x_wconf 74' lang='lat' dir='ltr'><strong>fructus</strong></span> <span class='ocrx_word' id='word_1_804' title='bbox 893 5446 1061 5502; x_wconf 83' lang='lat' dir='ltr'><strong>malos</strong></span> <span class='ocrx_word' id='word_1_805' title='bbox 1090 5444 1237 5513; x_wconf 76' lang='lat' dir='ltr'><strong>facit.</strong></span> <span class='ocrx_word' id='word_1_806' title='bbox 1278 5439 1397 5495; x_wconf 84' lang='lat' dir='ltr'><strong>Non</strong></span> <span class='ocrx_word' id='word_1_807' title='bbox 1424 5445 1586 5508; x_wconf 78' lang='lat' dir='ltr'><strong>potest</strong></span> <span class='ocrx_word' id='word_1_808' title='bbox 1620 5433 1778 5488; x_wconf 84' lang='lat' dir='ltr'><strong>arbor</strong></span> <span class='ocrx_word' id='word_1_809' title='bbox 1810 5440 1946 5487; x_wconf 82' lang='lat' dir='ltr'><strong>bona</strong></span> 
     </span>
    </p>
   </div>
   <div class='ocr_carea' id='block_1_98' title="bbox 351 5526 1946 5611">
    <p class='ocr_par' dir='ltr' id='par_1_98' title="bbox 351 5526 1946 5611">
     <span class='ocr_line' id='line_1_99' title="bbox 351 5526 1946 5611; baseline -0.014 -13"><span class='ocrx_word' id='word_1_810' title='bbox 351 5542 564 5611; x_wconf 65' lang='lat' dir='ltr'><strong>fructus</strong></span> <span class='ocrx_word' id='word_1_811' title='bbox 590 5542 759 5597; x_wconf 80' lang='lat' dir='ltr'><strong>malos</strong></span> <span class='ocrx_word' id='word_1_812' title='bbox 789 5542 979 5611; x_wconf 73' lang='lat' dir='ltr'><strong>facere,</strong></span> <span class='ocrx_word' id='word_1_813' title='bbox 998 5553 1169 5606; x_wconf 84' lang='lat' dir='ltr'><strong>neque</strong></span> <span class='ocrx_word' id='word_1_814' title='bbox 1195 5536 1353 5589; x_wconf 86' lang='lat' dir='ltr'><strong>arbor</strong></span> <span class='ocrx_word' id='word_1_815' title='bbox 1375 5528 1516 5583; x_wconf 79' lang='lat' dir='ltr'><strong>mala</strong></span> <span class='ocrx_word' id='word_1_816' title='bbox 1550 5526 1752 5596; x_wconf 74' lang='lat' dir='ltr'><strong>{ructus</strong></span> <span class='ocrx_word' id='word_1_817' title='bbox 1784 5526 1946 5579; x_wconf 83' lang='lat' dir='ltr'><strong>bonos</strong></span> 
     </span>
    </p>
   </div>
   <div class='ocr_carea' id='block_1_99' title="bbox 360 5615 1943 5702">
    <p class='ocr_par' dir='ltr' id='par_1_99' title="bbox 360 5615 1943 5702">
     <span class='ocr_line' id='line_1_100' title="bbox 360 5615 1943 5702; baseline -0.01 -18"><span class='ocrx_word' id='word_1_818' title='bbox 360 5631 552 5699; x_wconf 74' lang='lat' dir='ltr'><strong>facere.</strong></span> <span class='ocrx_word' id='word_1_819' title='bbox 599 5629 796 5702; x_wconf 88' lang='lat' dir='ltr'><strong>(Orig.)</strong></span> <span class='ocrx_word' id='word_1_820' title='bbox 834 5629 970 5684; x_wconf 84' lang='lat' dir='ltr'><strong>Cum</strong></span> <span class='ocrx_word' id='word_1_821' title='bbox 1008 5627 1171 5695; x_wconf 81' lang='lat' dir='ltr'><strong>igitur</strong></span> <span class='ocrx_word' id='word_1_822' title='bbox 1203 5623 1461 5693; x_wconf 78' lang='lat' dir='ltr'><strong>magister</strong></span> <span class='ocrx_word' id='word_1_823' title='bbox 1495 5618 1661 5681; x_wconf 84' lang='lat' dir='ltr'><strong>Deus,</strong></span> <span class='ocrx_word' id='word_1_824' title='bbox 1698 5632 1805 5671; x_wconf 93' lang='lat' dir='ltr'><strong>non</strong></span> <span class='ocrx_word' id='word_1_825' title='bbox 1835 5615 1943 5669; x_wconf 90' lang='lat' dir='ltr'><strong>uti-</strong></span> 
     </span>
    </p>
   </div>
   <div class='ocr_carea' id='block_1_100' title="bbox 356 5707 1945 5789">
    <p class='ocr_par' dir='ltr' id='par_1_100' title="bbox 356 5707 1945 5789">
     <span class='ocr_line' id='line_1_101' title="bbox 356 5707 1945 5789; baseline -0.006 -18"><span class='ocrx_word' id='word_1_826' title='bbox 356 5733 471 5789; x_wconf 85' lang='lat' dir='ltr'><strong>que</strong></span> <span class='ocrx_word' id='word_1_827' title='bbox 510 5728 723 5784; x_wconf 84' lang='lat' dir='ltr'><strong>natura,</strong></span> <span class='ocrx_word' id='word_1_828' title='bbox 760 5720 1058 5774; x_wconf 81' lang='lat' dir='ltr'><strong>constituat</strong></span> <span class='ocrx_word' id='word_1_829' title='bbox 1098 5715 1368 5778; x_wconf 85' lang='lat' dir='ltr'><strong>arborem,</strong></span> <span class='ocrx_word' id='word_1_830' title='bbox 1398 5727 1468 5765; x_wconf 66' lang='lat' dir='ltr'><strong>ex</strong></span> <span class='ocrx_word' id='word_1_831' title='bbox 1503 5724 1609 5780; x_wconf 86' lang='lat' dir='ltr'><strong>qua</strong></span> <span class='ocrx_word' id='word_1_832' title='bbox 1647 5707 1854 5763; x_wconf 85' lang='lat' dir='ltr'><strong>fruetus</strong></span> <span class='ocrx_word' id='word_1_833' title='bbox 1881 5708 1945 5761; x_wconf 89' lang='lat' dir='ltr'><strong>de</strong></span> 
     </span>
    </p>
   </div>
   <div class='ocr_carea' id='block_1_101' title="bbox 2042 4593 3620 4679">
    <p class='ocr_par' dir='ltr' id='par_1_101' title="bbox 2042 4593 3620 4679">
     <span class='ocr_line' id='line_1_102' title="bbox 2042 4593 3620 4679; baseline -0.016 -9"><span class='ocrx_word' id='word_1_834' title='bbox 2042 4593 2270 4670; x_wconf 87' lang='lat' dir='ltr'><strong>manens</strong></span> <span class='ocrx_word' id='word_1_835' title='bbox 2300 4612 2355 4666; x_wconf 89' lang='lat' dir='ltr'><strong>in</strong></span> <span class='ocrx_word' id='word_1_836' title='bbox 2382 4623 2446 4665; x_wconf 92' lang='lat' dir='ltr'><strong>eo</strong></span> <span class='ocrx_word' id='word_1_837' title='bbox 2472 4606 2615 4679; x_wconf 92' lang='lat' dir='ltr'><strong>quod</strong></span> <span class='ocrx_word' id='word_1_838' title='bbox 2642 4604 2764 4669; x_wconf 87' lang='lat' dir='ltr'><strong>fuit,</strong></span> <span class='ocrx_word' id='word_1_839' title='bbox 2794 4601 2978 4671; x_wconf 90' lang='lat' dir='ltr'><strong>incipit</strong></span> <span class='ocrx_word' id='word_1_840' title='bbox 3005 4599 3058 4654; x_wconf 92' lang='lat' dir='ltr'><strong>id</strong></span> <span class='ocrx_word' id='word_1_841' title='bbox 3084 4611 3204 4652; x_wconf 89' lang='lat' dir='ltr'><strong>esse</strong></span> <span class='ocrx_word' id='word_1_842' title='bbox 3226 4595 3373 4665; x_wconf 87' lang='lat' dir='ltr'><strong>quod</strong></span> <span class='ocrx_word' id='word_1_843' title='bbox 3401 4593 3620 4649; x_wconf 88' lang='lat' dir='ltr'><strong>necdum</strong></span> 
     </span>
    </p>
   </div>
   <div class='ocr_carea' id='block_1_102' title="bbox 2042 4703 2289 4776">
    <p class='ocr_par' dir='ltr' id='par_1_102' title="bbox 2042 4703 2289 4776">
     <span class='ocr_line' id='line_1_103' title="bbox 2042 4703 2289 4776; baseline -0.028 -13"><span class='ocrx_word' id='word_1_844' title='bbox 2042 4703 2289 4776; x_wconf 85' lang='lat' dir='ltr'><strong>cceperit.</strong></span> 
     </span>
    </p>
   </div>
   <div class='ocr_carea' id='block_1_103' title="bbox 2121 4771 3626 4861">
    <p class='ocr_par' dir='ltr' id='par_1_103' title="bbox 2121 4771 3626 4861">
     <span class='ocr_line' id='line_1_104' title="bbox 2121 4771 3626 4861; baseline -0.017 -12"><span class='ocrx_word' id='word_1_845' title='bbox 2121 4771 2306 4852; x_wconf 66' lang='lat' dir='ltr'><strong>bmnis</strong></span> <span class='ocrx_word' id='word_1_846' title='bbox 2338 4791 2496 4845; x_wconf 86' lang='lat' dir='ltr'><strong>arbor</strong></span> <span class='ocrx_word' id='word_1_847' title='bbox 2524 4804 2640 4861; x_wconf 66' lang='lat' dir='ltr'><strong>qua:</strong></span> <span class='ocrx_word' id='word_1_848' title='bbox 2668 4803 2769 4841; x_wconf 88' lang='lat' dir='ltr'><strong>non</strong></span> <span class='ocrx_word' id='word_1_849' title='bbox 2798 4784 2923 4854; x_wconf 77' lang='lat' dir='ltr'><strong>facit</strong></span> <span class='ocrx_word' id='word_1_850' title='bbox 2949 4781 3177 4851; x_wconf 78' lang='lat' dir='ltr'><strong>fructum</strong></span> <span class='ocrx_word' id='word_1_851' title='bbox 3206 4777 3399 4831; x_wconf 86' lang='lat' dir='ltr'><strong>bonum</strong></span> <span class='ocrx_word' id='word_1_852' title='bbox 3431 4771 3626 4829; x_wconf 71' lang='lat' dir='ltr'><strong>excide-</strong></span> 
     </span>
    </p>
   </div>
   <div class='ocr_carea' id='block_1_104' title="bbox 2048 4866 3626 4952">
    <p class='ocr_par' dir='ltr' id='par_1_104' title="bbox 2048 4866 3626 4952">
     <span class='ocr_line' id='line_1_105' title="bbox 2048 4866 3626 4952; baseline -0.016 -11"><span class='ocrx_word' id='word_1_853' title='bbox 2048 4895 2158 4952; x_wconf 85' lang='lat' dir='ltr'><strong>tur,</strong></span> <span class='ocrx_word' id='word_1_854' title='bbox 2180 4892 2227 4939; x_wconf 89' lang='lat' dir='ltr'><strong>et</strong></span> <span class='ocrx_word' id='word_1_855' title='bbox 2250 4885 2305 4937; x_wconf 89' lang='lat' dir='ltr'><strong>in</strong></span> <span class='ocrx_word' id='word_1_856' title='bbox 2322 4882 2495 4952; x_wconf 84' lang='lat' dir='ltr'><strong>ignem</strong></span> <span class='ocrx_word' id='word_1_857' title='bbox 2515 4879 2766 4932; x_wconf 84' lang='lat' dir='ltr'><strong>mittetur.</strong></span> <span class='ocrx_word' id='word_1_858' title='bbox 2797 4868 3087 4945; x_wconf 60' lang='lat' dir='ltr'><strong>(limans)</strong></span> <span class='ocrx_word' id='word_1_859' title='bbox 3111 4868 3248 4937; x_wconf 85' lang='lat' dir='ltr'><strong>Quia</strong></span> <span class='ocrx_word' id='word_1_860' title='bbox 3264 4866 3626 4936; x_wconf 87' lang='lat' dir='ltr'><strong>unusquisque</strong></span> 
     </span>
    </p>
   </div>
   <div class='ocr_carea' id='block_1_105' title="bbox 2043 4958 3627 5048">
    <p class='ocr_par' dir='ltr' id='par_1_105' title="bbox 2043 4958 3627 5048">
     <span class='ocr_line' id='line_1_106' title="bbox 2043 4958 3627 5048; baseline -0.016 -15"><span class='ocrx_word' id='word_1_861' title='bbox 2043 4989 2356 5048; x_wconf 87' lang='lat' dir='ltr'><strong>perversus,</strong></span> <span class='ocrx_word' id='word_1_862' title='bbox 2396 4986 2495 5042; x_wconf 89' lang='lat' dir='ltr'><strong>per</strong></span> <span class='ocrx_word' id='word_1_863' title='bbox 2539 4969 2773 5025; x_wconf 82' lang='lat' dir='ltr'><strong>validam</strong></span> <span class='ocrx_word' id='word_1_864' title='bbox 2807 4963 2996 5036; x_wconf 72' lang='lat' dir='ltr'><strong>iudicii</strong></span> <span class='ocrx_word' id='word_1_865' title='bbox 3038 4960 3366 5016; x_wconf 87' lang='lat' dir='ltr'><strong>sententiam</strong></span> <span class='ocrx_word' id='word_1_866' title='bbox 3398 4958 3464 5012; x_wconf 86' lang='lat' dir='ltr'><strong>de</strong></span> <span class='ocrx_word' id='word_1_867' title='bbox 3492 4966 3627 5010; x_wconf 82' lang='lat' dir='ltr'><strong>terra</strong></span> 
     </span>
    </p>
   </div>
   <div class='ocr_carea' id='block_1_106' title="bbox 2046 5046 3625 5127">
    <p class='ocr_par' dir='ltr' id='par_1_106' title="bbox 2046 5046 3625 5127">
     <span class='ocr_line' id='line_1_107' title="bbox 2046 5046 3625 5127; baseline -0.016 -4"><span class='ocrx_word' id='word_1_868' title='bbox 2046 5066 2343 5124; x_wconf 90' lang='lat' dir='ltr'><strong>viventium</strong></span> <span class='ocrx_word' id='word_1_869' title='bbox 2385 5061 2711 5122; x_wconf 86' lang='lat' dir='ltr'><strong>eradicatus,</strong></span> <span class='ocrx_word' id='word_1_870' title='bbox 2758 5058 2810 5112; x_wconf 92' lang='lat' dir='ltr'><strong>in</strong></span> <span class='ocrx_word' id='word_1_871' title='bbox 2855 5055 3113 5127; x_wconf 70' lang='lat' dir='ltr'><strong>gehennae</strong></span> <span class='ocrx_word' id='word_1_872' title='bbox 3157 5052 3338 5121; x_wconf 83' lang='lat' dir='ltr'><strong>ignem</strong></span> <span class='ocrx_word' id='word_1_873' title='bbox 3383 5046 3625 5107; x_wconf 86' lang='lat' dir='ltr'><strong>mittitur,</strong></span> 
     </span>
    </p>
   </div>
   <div class='ocr_carea' id='block_1_107' title="bbox 2048 5138 3623 5230">
    <p class='ocr_par' dir='ltr' id='par_1_107' title="bbox 2048 5138 3623 5230">
     <span class='ocr_line' id='line_1_108' title="bbox 2048 5138 3623 5230; baseline -0.017 -15"><span class='ocrx_word' id='word_1_874' title='bbox 2048 5160 2140 5230; x_wconf 91' lang='lat' dir='ltr'><strong>qui</strong></span> <span class='ocrx_word' id='word_1_875' title='bbox 2168 5159 2260 5213; x_wconf 91' lang='lat' dir='ltr'><strong>hic</strong></span> <span class='ocrx_word' id='word_1_876' title='bbox 2295 5155 2421 5211; x_wconf 90' lang='lat' dir='ltr'><strong>boui</strong></span> <span class='ocrx_word' id='word_1_877' title='bbox 2447 5152 2628 5223; x_wconf 88' lang='lat' dir='ltr'><strong>operis</strong></span> <span class='ocrx_word' id='word_1_878' title='bbox 2670 5149 2905 5204; x_wconf 88' lang='lat' dir='ltr'><strong>fructum</strong></span> <span class='ocrx_word' id='word_1_879' title='bbox 2948 5144 3143 5200; x_wconf 87' lang='lat' dir='ltr'><strong>fecisse</strong></span> <span class='ocrx_word' id='word_1_880' title='bbox 3189 5157 3297 5196; x_wconf 88' lang='lat' dir='ltr'><strong>non</strong></span> <span class='ocrx_word' id='word_1_881' title='bbox 3345 5138 3623 5195; x_wconf 85' lang='lat' dir='ltr'><strong>invenitur.</strong></span> 
     </span>
    </p>
   </div>
   <div class='ocr_carea' id='block_1_108' title="bbox 2051 5231 3627 5320">
    <p class='ocr_par' dir='ltr' id='par_1_108' title="bbox 2051 5231 3627 5320">
     <span class='ocr_line' id='line_1_109' title="bbox 2051 5231 3627 5320; baseline -0.016 -16"><span class='ocrx_word' id='word_1_882' title='bbox 2051 5246 2248 5320; x_wconf 83' lang='lat' dir='ltr'><strong>(0rig.)</strong></span> <span class='ocrx_word' id='word_1_883' title='bbox 2281 5245 2486 5309; x_wconf 84' lang='lat' dir='ltr'><strong>Omnis,</strong></span> <span class='ocrx_word' id='word_1_884' title='bbox 2527 5242 2723 5312; x_wconf 86' lang='lat' dir='ltr'><strong>inquit,</strong></span> <span class='ocrx_word' id='word_1_885' title='bbox 2755 5239 2913 5293; x_wconf 81' lang='lat' dir='ltr'><strong>arbor</strong></span> <span class='ocrx_word' id='word_1_886' title='bbox 2936 5251 3053 5307; x_wconf 72' lang='lat' dir='ltr'><strong>qua:</strong></span> <span class='ocrx_word' id='word_1_887' title='bbox 3087 5249 3189 5289; x_wconf 85' lang='lat' dir='ltr'><strong>non</strong></span> <span class='ocrx_word' id='word_1_888' title='bbox 3222 5232 3352 5301; x_wconf 81' lang='lat' dir='ltr'><strong>facit</strong></span> <span class='ocrx_word' id='word_1_889' title='bbox 3384 5231 3627 5299; x_wconf 80' lang='lat' dir='ltr'><strong>fructum,</strong></span> 
     </span>
    </p>
   </div>
   <div class='ocr_carea' id='block_1_109' title="bbox 2051 5322 3627 5394">
    <p class='ocr_par' dir='ltr' id='par_1_109' title="bbox 2051 5322 3627 5394">
     <span class='ocr_line' id='line_1_110' title="bbox 2051 5322 3627 5394; baseline -0.014 -2"><span class='ocrx_word' id='word_1_890' title='bbox 2051 5345 2106 5391; x_wconf 90' lang='lat' dir='ltr'><strong>et</strong></span> <span class='ocrx_word' id='word_1_891' title='bbox 2156 5351 2263 5392; x_wconf 92' lang='lat' dir='ltr'><strong>non</strong></span> <span class='ocrx_word' id='word_1_892' title='bbox 2316 5343 2523 5390; x_wconf 88' lang='lat' dir='ltr'><strong>tantum</strong></span> <span class='ocrx_word' id='word_1_893' title='bbox 2574 5332 2830 5394; x_wconf 86' lang='lat' dir='ltr'><strong>fructum,</strong></span> <span class='ocrx_word' id='word_1_894' title='bbox 2882 5327 2974 5382; x_wconf 81' lang='lat' dir='ltr'><strong>sed</strong></span> <span class='ocrx_word' id='word_1_895' title='bbox 3023 5332 3080 5380; x_wconf 88' lang='lat' dir='ltr'><strong>et</strong></span> <span class='ocrx_word' id='word_1_896' title='bbox 3130 5323 3319 5376; x_wconf 83' lang='lat' dir='ltr'><strong>bonum</strong></span> <span class='ocrx_word' id='word_1_897' title='bbox 3365 5322 3627 5391; x_wconf 78' lang='lat' dir='ltr'><strong>fructum:</strong></span> 
     </span>
    </p>
   </div>
   <div class='ocr_carea' id='block_1_110' title="bbox 2053 5410 3631 5499">
    <p class='ocr_par' dir='ltr' id='par_1_110' title="bbox 2053 5410 3631 5499">
     <span class='ocr_line' id='line_1_111' title="bbox 2053 5410 3631 5499; baseline -0.016 -14"><span class='ocrx_word' id='word_1_898' title='bbox 2053 5430 2236 5485; x_wconf 75' lang='lat' dir='ltr'><strong>multa:</strong></span> <span class='ocrx_word' id='word_1_899' title='bbox 2260 5428 2478 5499; x_wconf 87' lang='lat' dir='ltr'><strong>quidem</strong></span> <span class='ocrx_word' id='word_1_900' title='bbox 2505 5423 2725 5479; x_wconf 86' lang='lat' dir='ltr'><strong>arbores</strong></span> <span class='ocrx_word' id='word_1_901' title='bbox 2738 5419 2983 5489; x_wconf 44' lang='lat' dir='ltr'><strong>,fructum</strong></span> <span class='ocrx_word' id='word_1_902' title='bbox 3013 5416 3213 5477; x_wconf 81' lang='lat' dir='ltr'><strong>ferunt,</strong></span> <span class='ocrx_word' id='word_1_903' title='bbox 3244 5412 3339 5468; x_wconf 85' lang='lat' dir='ltr'><strong>sed</strong></span> <span class='ocrx_word' id='word_1_904' title='bbox 3365 5410 3559 5465; x_wconf 88' lang='lat' dir='ltr'><strong>malum</strong></span> <span class='ocrx_word' id='word_1_905' title='bbox 3581 5417 3631 5459; x_wconf 81' lang='lat' dir='ltr'><strong>ct</strong></span> 
     </span>
    </p>
   </div>
   <div class='ocr_carea' id='block_1_111' title="bbox 2054 5501 3629 5583">
    <p class='ocr_par' dir='ltr' id='par_1_111' title="bbox 2054 5501 3629 5583">
     <span class='ocr_line' id='line_1_112' title="bbox 2054 5501 3629 5583; baseline -0.017 -5"><span class='ocrx_word' id='word_1_906' title='bbox 2054 5522 2299 5578; x_wconf 89' lang='lat' dir='ltr'><strong>inutilem</strong></span> <span class='ocrx_word' id='word_1_907' title='bbox 2322 5519 2589 5583; x_wconf 88' lang='lat' dir='ltr'><strong>fructum;</strong></span> <span class='ocrx_word' id='word_1_908' title='bbox 2623 5516 2704 5569; x_wconf 91' lang='lat' dir='ltr'><strong>sic</strong></span> <span class='ocrx_word' id='word_1_909' title='bbox 2728 5523 2780 5567; x_wconf 90' lang='lat' dir='ltr'><strong>et</strong></span> <span class='ocrx_word' id='word_1_910' title='bbox 2807 5510 2958 5566; x_wconf 85' lang='lat' dir='ltr'><strong>multi</strong></span> <span class='ocrx_word' id='word_1_911' title='bbox 2986 5508 3232 5564; x_wconf 87' lang='lat' dir='ltr'><strong>homines</strong></span> <span class='ocrx_word' id='word_1_912' title='bbox 3268 5504 3468 5559; x_wconf 86' lang='lat' dir='ltr'><strong>malum</strong></span> <span class='ocrx_word' id='word_1_913' title='bbox 3504 5501 3629 5554; x_wconf 61' lang='lat' dir='ltr'><strong>irre«</strong></span> 
     </span>
    </p>
   </div>
   <div class='ocr_carea' id='block_1_112' title="bbox 2052 5594 3630 5683">
    <p class='ocr_par' dir='ltr' id='par_1_112' title="bbox 2052 5594 3630 5683">
     <span class='ocr_line' id='line_1_113' title="bbox 2052 5594 3630 5683; baseline -0.02 -13"><span class='ocrx_word' id='word_1_914' title='bbox 2052 5612 2381 5683; x_wconf 78' lang='lat' dir='ltr'><strong>ligiositatis,</strong></span> <span class='ocrx_word' id='word_1_915' title='bbox 2412 5619 2469 5665; x_wconf 90' lang='lat' dir='ltr'><strong>et</strong></span> <span class='ocrx_word' id='word_1_916' title='bbox 2498 5606 2850 5667; x_wconf 81' lang='lat' dir='ltr'><strong>infidelitatis,</strong></span> <span class='ocrx_word' id='word_1_917' title='bbox 2895 5611 2949 5657; x_wconf 88' lang='lat' dir='ltr'><strong>ct</strong></span> <span class='ocrx_word' id='word_1_918' title='bbox 2991 5598 3365 5672; x_wconf 65' lang='lat' dir='ltr'><strong>perversitatis</strong></span> <span class='ocrx_word' id='word_1_919' title='bbox 3410 5594 3630 5647; x_wconf 77' lang='lat' dir='ltr'><strong>fructum</strong></span> 
     </span>
    </p>
   </div>
   <div class='ocr_carea' id='block_1_113' title="bbox 2054 5676 3629 5761">
    <p class='ocr_par' dir='ltr' id='par_1_113' title="bbox 2054 5676 3629 5761">
     <span class='ocr_line' id='line_1_114' title="bbox 2054 5676 3629 5761; baseline -0.015 -1"><span class='ocrx_word' id='word_1_920' title='bbox 2054 5706 2303 5761; x_wconf 78' lang='lat' dir='ltr'><strong>afferunt.</strong></span> <span class='ocrx_word' id='word_1_921' title='bbox 2356 5701 2436 5759; x_wconf 90' lang='lat' dir='ltr'><strong>Ob</strong></span> <span class='ocrx_word' id='word_1_922' title='bbox 2476 5701 2578 5755; x_wconf 91' lang='lat' dir='ltr'><strong>hoc</strong></span> <span class='ocrx_word' id='word_1_923' title='bbox 2616 5697 2764 5753; x_wconf 78' lang='lat' dir='ltr'><strong>clare</strong></span> <span class='ocrx_word' id='word_1_924' title='bbox 2799 5690 3186 5751; x_wconf 85' lang='lat' dir='ltr'><strong>demonstravit</strong></span> <span class='ocrx_word' id='word_1_925' title='bbox 3222 5687 3480 5743; x_wconf 85' lang='lat' dir='ltr'><strong>Dominus</strong></span> <span class='ocrx_word' id='word_1_926' title='bbox 3514 5676 3629 5750; x_wconf 67' lang='lat' dir='ltr'><strong>quia</strong></span> 
     </span>
    </p>
   </div>
  </div>
