3978 6190
355 462 459 521 849

1349 461 1703 518 COMMENT.
1742 461 1810 517 IN
1847 460 2287 518 MATTHA'IUM.
2317 493 2390 505 —-
2425 463 2553 519 LIB.
2591 463 2655 519 11.

3516 463 3629 521 850

358 572 525 630 omnis
548 572 709 639 arbor
732 588 851 644 qua!
884 589 988 627 non
1013 572 1141 642 facit
1173 572 1401 643 fructum
1432 573 1643 635 bonum.
1675 575 1946 630 excidetttr
1971 574 2025 635 Α
2048 574 2284 629 maxime
2320 574 2553 645 pertinet
2599 587 2666 628 ne
2708 572 3061 643 decipiantur,
3094 571 3376 628 tendentes
3402 575 3470 630 ad
3497 590 3630 631 con-

353 675 403 720 et
425 666 479 720 in
500 666 672 737 ignem
692 666 941 720 mittetur.
959 664 1148 721 Omnis
1175 666 1356 734 arbor,
1382 667 1436 722 id
1456 669 1729 725 estomnis
1748 669 1940 725 homo:

356 758 491 833 nulli
512 759 773 829 parcitur,
806 758 939 813 nulli
966 759 1142 814 honor
1166 759 1421 825 defertur,
1456 762 1552 817 sed
1578 763 1756 817 omnis
1781 763 1947 817 arbor

354 849 691 906 infructit‘era
744 866 854 906 non
901 852 1082 907 ferens
1123 850 1359 908 fructum
1406 854 1688 909 excidetur
1715 896 1729 918 ,
1780 861 1836 909 et
1888 854 1943 908 in

354 942 533 1011 ignem
556 940 801 996 mittetur
825 959 838 994 :
861 956 966 995 non
996 941 1118 996 ideo
1143 949 1203 995 ut
1229 942 1358 1013 ligni
1380 958 1530 998 more
1554 944 1742 1000 ardeat
1764 951 1819 999 et
1850 943 1946 1001 de-

352 1030 523 1096 ﬁciat,
551 1032 646 1087 sed
673 1032 725 1085 in
752 1032 931 1102 ignem
960 1032 1205 1087 mittetur
1232 1033 1379 1088 illum
1408 1035 1474 1090 de
1499 1050 1607 1104 quo
1643 1036 1722 1090 ait
1758 1037 1928 1091 Domi-

351 1137 493 1177 nus:
526 1121 626 1187 Ite,
650 1122 935 1188 maledicti,
965 1125 1019 1179 in
1046 1125 1218 1194 ignem
1243 1137 1513 1191 aeternum,
1552 1126 1643 1197 qui
1677 1143 1946 1198 praepara-

351 1224 436 1266 tus
465 1220 541 1267 est
566 1212 778 1267 diabolo
799 1222 847 1267 et
872 1214 1072 1285 angelis
1094 1218 1210 1287 ejus
1233 1214 1448 1289 (Matth.
1477 1217 1628 1287 xxv).

422 1303 598 1372 Igitur
636 1321 701 1358 ea:
745 1304 1001 1373 fructibus
1038 1324 1219 1362 eorum
1259 1312 1578 1380 cognoscetis
1609 1328 1715 1366 eos.
1760 1312 1942 1386 (Aug)

351 1396 456 1463 Qui
488 1404 614 1450 sunt
638 1411 768 1465 ergo
799 1395 1038 1463 fructus,
1070 1400 1266 1469 quibus
1296 1401 1528 1457 inventis
1555 1418 1944 1475 cognoscamus

354 1489 603 1542 arborem
654 1489 870 1555 malam,
914 1489 1045 1544 dicit
1083 1491 1371 1562 Apostolus
1409 1492 1551 1565 (Cal.
1585 1495 1639 1565 v)
1674 1516 1685 1550 :
1722 1495 1947 1567 Manife-

349 1590 430 1633 sta
468 1588 592 1633 sunt
623 1587 798 1633 autem
828 1595 983 1649 opera
1011 1584 1206 1647 carnis,
1243 1599 1363 1653 qua:
1393 1593 1513 1638 sunt
1546 1584 1938 1653 fornicationes,

348 1670 718 1735 immunditia’,
769 1669 1018 1737 luxurias,
1060 1672 1323 1727 idolorum
1367 1676 1617 1742 servitus,
1674 1678 1939 1747 veneﬁcia,

346 1762 663 1829 inimicititr,
708 1764 1083 1827 contentiones,
1127 1766 1515 1833 wmulationes,
1559 1771 1939 1835 animositates,

345 1854 722 1919 dissensiones,
748 1854 992 1920 ltwreses,
1018 1855 1248 1920 invidiae,
1280 1856 1575 1923 ebrietates,
1609 1861 1943 1913 comessatio-

2050 663 2446 735 templationem
2488 664 2733 719 veritatis
2769 678 2877 719 non
2922 663 3095 720 solum
3138 664 3355 720 nomine
3405 662 3629 730 Christi,

2043 771 2141 826 per
2186 771 2282 812 eos
2325 756 2417 826 qui
2463 771 2659 811 nomen
2705 762 2872 826 agunt
2907 763 2962 811 et
2994 755 3137 812 facta
3171 771 3281 812 non
3322 763 3508 827 agunt,
3537 755 3634 812 sed

2044 848 2209 902 etiam
2258 846 2578 917 quibusdam
2638 845 2797 902 factis
2845 854 3009 917 atque
3064 846 3338 902 miraculis
3387 864 3402 900 :
3449 846 3633 917 qualia

2042 948 2263 1009 propter
2300 938 2545 994 inﬁdeles
2588 953 2710 994 cum
2752 937 2943 994 fecerit
2983 938 3264 1006 Dominus,
3309 939 3518 994 monuit
3553 946 3633 993 ta-

2044 1045 2168 1084 men
2198 1045 2267 1085 ne
2292 1029 2491 1085 talibus
2527 1029 2875 1099 deeipiamur,
2913 1030 3242 1085 arbitrantes
3280 1029 3350 1085 ibi
3391 1042 3513 1085 esse
3542 1028 3630 1083 in-

2044 1119 2310 1175 visibilem
2345 1120 2684 1189 sapientiam,
2713 1120 2803 1174 ubi
2839 1118 3158 1175 miraculum
3187 1118 3399 1175 visibile
3437 1116 3634 1174 videri-

2044 1227 2186 1267 mus.
2224 1211 2481 1282 Adjungit
2509 1224 2638 1282 ergo
2662 1218 2717 1265 et
2744 1210 2911 1266 dicit:

2117 1301 2273 1355 Multi
2317 1302 2444 1355 mihi
2483 1303 2655 1356 dicent
2698 1302 2752 1356 in
2799 1301 2891 1355 illa
2944 1301 3049 1367 die,
3106 1301 3345 1367 Domine,
3389 1299 3629 1366 Domine,

2046 1410 2215 1448 nonne
2242 1394 2297 1447 in
2328 1394 2534 1447 nomine
2561 1402 2650 1447 tuo
2676 1392 3116 1463 prophetarimus,
3146 1401 3194 1446 et
3222 1394 3277 1446 in
3305 1402 3397 1446 tuo
3425 1393 3633 1447 nomine

2044 1488 2304 1542 dwmonia
2332 1487 2612 1557 ejecimus,
2643 1496 2691 1541 et
2726 1487 2779 1541 in
2816 1496 2904 1540 tuo
2941 1487 3147 1540 nomine
3182 1486 3399 1539 uirtutes
3439 1484 3635 1539 multas

2044 1577 2309 1647 fecimus?
2347 1575 2615 1650 (ιιὶρνοη.)
2659 1578 3010 1647 Prophetare,
3056 1586 3111 1633 et
3150 1578 3381 1633 virtutes
3428 1576 3631 1643 facere,

2043 1678 2096 1725 et
2130 1669 2394 1724 daemonia
2423 1668 2619 1739 ejicere
2650 1670 2919 1725 interdum
2950 1686 3055 1725 non
3091 1668 3207 1738 ejus
3229 1678 3314 1725 est
3337 1670 3514 1725 meriti
3541 1672 3634 1740 qui

2042 1768 2322 1829 operatur,
2355 1760 2450 1814 sed
2483 1760 2754 1816 invocatio
2784 1761 3017 1816 nominis
3038 1760 3239 1817 Christi
3269 1762 3372 1816 hoc
3402 1762 3534 1834 agit,
3565 1765 3636 1816 ob

2043 1850 2547 1906 condemnationem
2573 1865 2762 1906 eorum
2784 1851 2875 1921 qui
2903 1851 3180 1916 invocant,
3203 1849 3289 1906 vel
3325 1850 3396 1906 ob
3429 1850 3634 1906 utilita-

348 1961 457 2006 ncs,
496 1955 543 1998 et
581 1946 661 2019 his
684 1945 912 2019 similia,
935 1962 1053 2017 quae
1084 1947 1314 2017 prwdico
1341 1948 1479 2003 vobis
1504 1951 1638 2004 sicut
1662 1951 1887 2021 prtediafi
1917 1965 1938 2004 :
1966 1932 2019 1992 Β
2045 1949 2154 1998 lem
2176 1957 2365 1998 eorum
2392 1943 2486 2013 qui
2514 1942 2700 1997 Vident
2725 1950 2780 1997 et
2802 1942 3057 2009 audiunt,
3088 1941 3402 1998 conceditur
3427 1956 3443 1996 :
3475 1950 3535 1995 ut
3571 1942 3638 1996 lio

343 2036 599 2104 quoniam
635 2038 726 2106 qui
761 2036 890 2090 talia
930 2047 1094 2107 agunt
1124 2053 1340 2108 regnum
1367 2038 1465 2093 Dei
1492 2055 1596 2094 non
1624 2057 1942 2113 consequen-

345 2135 453 2178 tur.
500 2126 567 2180 Et
594 2126 688 2196 qui
724 2135 850 2181 sunt
876 2140 974 2197 per
996 2142 1136 2197 quos
1163 2128 1539 2200 cognoscimus
1569 2130 1818 2186 arborem
1843 2130 1941 2186 bo-

345 2220 639 2274 i-amidem
679 2220 793 2290 ipse
830 2220 1121 2291 Apostolus
1152 2230 1550 2291 consequenter
1583 2224 1716 2279 dicit
1749 2242 1762 2277 :
1799 2221 1945 2277 Fru-

344 2316 461 2361 ctus
491 2318 668 2361 autem
702 2309 918 2378 spiritus
956 2318 1031 2363 est
1064 2310 1316 2376 charitas,
1348 2312 1623 2381 gaudium,
1650 2327 1780 2381 pax,
1820 2312 1940 2368 lon-

342 2400 651 2468 ganimitas,
707 2401 1017 2472 benignitas,
1078 2402 1303 2468 bonitas,
1367 2404 1520 2473 ﬁdes,
1568 2408 1939 2475 mansuetudo,

341 2490 686 2555 continentia,
717 2501 822 2547 etc.
877 2492 1170 2565 (Mannum)
1201 2494 1331 2562 Quae
1355 2509 1414 2550 se
1436 2498 1702 2552 veraciter
1736 2499 1941 2555 haben-

344 2588 447 2643 tes,
486 2589 540 2634 et
575 2581 627 2636 in
666 2583 752 2637 his
783 2582 1000 2638 Christo
1030 2584 1330 2641 servientes
1356 2587 1660 2655 perducunt
1683 2589 1750 2643 ad
1772 2591 1939 2646 vitam

339 2679 629 2726 mternam.
684 2671 787 2728 Sed
818 2674 944 2743 quia
972 2675 1124 2730 multi
1154 2675 1292 2732 falso
1328 2678 1430 2733 sub
1459 2679 1735 2751 religionis
1760 2683 1941 2750 specie

338 2763 584 2827 latitant,
622 2764 919 2820 cavendum
957 2780 1087 2836 ergo
1124 2776 1208 2824 est
1247 2783 1317 2824 ne
1350 2769 1466 2839 ipso
1492 2770 1690 2826 Christi
1719 2773 1939 2829 nomine

339 2854 416 2908 ab
454 2855 722 2912 luereticis
762 2857 842 2913 vel
878 2859 1207 2929 quibuslibet
1244 2862 1383 2918 male
1427 2864 1847 2937 intelligentibus
1883 2877 1940 2923 et

338 2947 532 3001 ’διωρυιί
561 2948 719 3017 hujus
746 2952 1098 3019 amatoribus,
1129 2953 1479 3025 decipiamur.
1536 2955 1671 3012 Nam
1697 2958 1819 3015 ideo
1848 2974 1938 3015 se-

337 3039 558 3109 quitur,
582 3049 636 3094 et
664 3051 851 3096 monet

422 3130 549 3184 Non
574 3132 745 3186 omnis
774 3135 864 3203 qui
893 3134 1020 3188 dicit
1050 3137 1196 3201 mihi,
1225 3137 1469 3205 Domine,
1497 3138 1741 3207 Domine,
1770 3141 1937 3196 intra-

339 3225 415 3277 bit
448 3224 504 3277 in
533 3241 749 3295 regnum
776 3226 1049 3294 caelorum,
1079 3230 1171 3284 sed
1202 3232 1292 3301 qui
1322 3232 1450 3301 facit
1481 3231 1797 3288 uoluntatem
1826 3234 1938 3289 Pa-

338 3319 439 3371 tris
479 3318 585 3372 mei
621 3321 712 3389 qui
761 3320 814 3374 in
857 3321 999 3376 caelis
1033 3332 1128 3390 est,
1160 3325 1271 3395 ipse
1297 3327 1514 3380 intrabit
1540 3344 1755 3398 regnum
1785 3328 1940 3385 calo-

339 3421 486 3459 rum.
570 3404 799 3477 (Hilar.)
869 3407 1115 3479 Regnum
1167 3412 1427 3468 caelorum
1484 3414 1598 3470 sola
1650 3417 1941 3473 verborum

338 3496 523 3552 cilicia
548 3512 653 3551 non
672 3498 952 3565 obtinent;
985 3516 1159 3571 neque
1187 3504 1280 3573 qui
1311 3505 1531 3572 dixerit,
1567 3506 1812 3575 Domine,
1840 3508 1945 3563 Do-

338 3592 511 3654 mine,
553 3591 796 3646 cohacres
834 3592 978 3648 illius
1005 3595 1133 3649 erit.
1185 3594 1325 3661 Quid
1348 3598 1495 3652 enim
1527 3600 1709 3654 meriti
1736 3609 1820 3655 est
1843 3600 1947 3656 Do-

341 3680 498 3734 mino
546 3680 751 3746 dicere,
791 3681 1059 3737 Domine?
1096 3682 1347 3755 Nunquid
1386 3685 1647 3742 Dominus
1674 3703 1781 3744 non
1816 3691 1939 3753 erit,

340 3774 449 3829 nisi
479 3774 651 3829 fuerit
676 3775 853 3830 dictus
881 3792 912 3829 a
943 3777 1098 3831 nobis
1127 3795 1141 3831 :
1171 3785 1227 3831 et
1250 3793 1371 3847 quae
1394 3777 1552 3834 ollicii
1575 3782 1835 3835 sanctitas
1861 3790 1945 3837 est

338 3868 588 3922 nominis
609 3869 957 3939 nuncupatio,
982 3885 1104 3924 cum
1125 3870 1365 3926 caelestis
1386 3873 1535 3941 regni
1557 3873 1661 3927 iter
1684 3873 1943 3928 obedien-

340 3959 417 4013 tia
466 3959 655 4029 potius
690 3959 984 4015 voluntatis
1010 3960 1140 4026 Dei,
1172 3977 1279 4015 non
1309 3963 1641 4031 nuncupatio
1665 3971 1944 4034 repertura

339 4050 432 4103 sit.
494 4047 772 4121 (Hierom)
814 4050 979 4120 Ergo,
1022 4050 1162 4106 sicut
1197 4052 1446 4121 superius
1478 4052 1708 4117 dixerat,
1733 4069 1826 4109 eos
1851 4055 1946 4123 qui

338 4137 557 4192 habent
592 4146 798 4193 vestem
845 4140 972 4193 vita:
1012 4139 1166 4194 bona:
1206 4155 1313 4195 non
1362 4141 1699 4210 recipiendos
1727 4151 1947 4213 propter

339 4230 546 4301 dogma
581 4230 853 4299 nequitite,
882 4231 957 4284 ita
985 4245 1128 4285 nunc
1151 4245 1182 4285 e
1209 4230 1486 4285 contrario
1511 4231 1705 4287 asserit
1752 4247 1821 4286 ne
1860 4233 1947 4289 his

340 4322 575 4391 quidem
600 4321 1110 4376 accommodandam
1136 4321 1298 4377 ﬁdem
1320 4324 1410 4393 qui
1437 4339 1561 4379 cum
1591 4324 1827 4394 polleant
1859 4326 1945 4381 in-

340 4413 607 4483 tegritate
642 4411 783 4476 ﬁdei,
832 4413 1062 4482 turpiter
1099 4413 1305 4477 vivant,
1345 4421 1399 4469 et
1433 4414 1693 4470 doctrina:
1729 4417 1949 4487 integri-

341 4510 520 4556 tatem
588 4501 745 4556 malis
794 4502 1047 4572 Operibus
1095 4502 1401 4558 destruant.
1458 4502 1757 4576 Utrumque
1801 4509 1946 4563 enim

1965 3274 2010 3338 C

2043 2045 2130 2093 cet
2160 2037 2408 2093 homines
2435 2037 2735 2107 despiciant
2768 2037 2921 2107 signa
2950 2036 3230 2103 facientes,
3259 2048 3439 2093 tamen
3467 2039 3639 2094 hono-

2042 2136 2166 2183 rent
2191 2127 2497 2191 dominum,
2523 2128 2591 2181 ad
2624 2124 3208 2196 cujus'invoeationem
3243 2126 3449 2184 faciant
3487 2136 3637 2184 tanta

2043 2220 2323 2279 miracula.
2362 2221 2497 2276 Nam
2525 2229 2580 2275 et
2608 2219 2739 2276 Saul
2765 2220 2819 2295 (ζ
2844 2219 2971 2291 Reg.
3002 2219 3080 2290 x),
3106 2230 3160 2275 ct
3185 2218 3399 2276 Balaam
3428 2218 3631 2294 (Nam.

2042 2312 2217 2385 xxiv),
2251 2319 2308 2367 et
2335 2311 2567 2382 Caiphas
2596 2309 2778 2383 (Joan.
2811 2310 2967 2382 xvm)
3022 2312 3503 2382 prophetavcrunt,
3537 2328 3635 2368 ne-

2043 2405 2275 2460 scientes
2298 2405 2428 2475 quid
2455 2404 2730 2470 dicerent;
2763 2412 2816 2459 et
2839 2402 3052 2458 Pharao
3074 2401 3227 2475 (Gen.
3258 2401 3394 2476 xu),
3435 2412 3491 2459 et
3530 2403 3641 2459 Na-

2043 2496 2458 2552 buchodonosor
2503 2495 2666 2568 (Dan.
2713 2511 2795 2562 In,
2832 2495 2907 2569 tv)
2954 2496 3177 2552 somniis
3221 2494 3398 2551 futura
3434 2512 3636 2568 cogno-

2043 2592 2233 2650 scunt;
2263 2595 2320 2641 et
2341 2586 2395 2640 in
2418 2585 2642 2641 Actibus
2661 2585 3025 2655 apostolorum
3052 2584 3143 2639 ﬁlii
3170 2582 3353 2641 Scevae
3377 2585 3566 2640 videba
3576 2602 3639 2639 n-

2042 2681 2131 2728 tur
2163 2673 2363 2744 ejicere
2398 2674 2662 2730 daemonia
2702 2674 2840 2746 (Act.
2884 2674 3033 2745 xix);
3066 2682 3119 2729 et
3152 2672 3322 2743 ludas
3359 2675 3636 2745 apostolus

2043 2782 2164 2823 cum
2190 2768 2372 2822 animo
2393 2768 2686 2837 proditoris
2713 2767 2878 2821 multa
2908 2768 3059 2836 signa
3093 2767 3233 2821 inter
3257 2775 3482 2822 caeteros
3506 2781 3638 2837 apo-

2038 2860 2207 2916 stolos
2235 2858 2431 2916 fecisse
2452 2868 2723 2914 narratur.
2765 2860 2948 2931 (Aug)
2974 2860 3147 2927 Quam
3183 2874 3313 2929 ergo
3349 2859 3549 2914 mundo
3583 2867 3642 2915 et

2041 2952 2273 3023 simplici
2304 2951 2462 3008 oculo
2490 2967 2625 3022 opus
2660 2961 2744 3007 est
2772 2959 2830 3006 ut
2864 2952 3170 3006 inveniatur
3214 2951 3299 3005 via
3340 2950 3637 3020 sapientiae,

2040 3045 2129 3102 cui
2162 3052 2324 3100 tanta;
2349 3044 2613 3100 malorum
2648 3051 2705 3099 et
2731 3058 3111 3114 perversorum
3154 3042 3432 3097 hominum
3476 3042 3636 3098 dece-

2038 3136 2250 3207 ptiones
2287 3120 2610 3206 erroresque
2647 3135 2984 3205 obstrepunt,
3019 3150 3157 3205 quos
3178 3150 3368 3191 omnes
3388 3136 3640 3201 evadere,

2042 3223 2218 3295 idest,
2264 3228 2452 3285 venire
2492 3228 2561 3282 ad
2597 3228 2955 3284 certissimam
2990 3243 3176 3299 pacem
3226 3236 3281 3285 et
3314 3228 3640 3286 immobilem

2042 3320 2393 3376 stabilitatem
2425 3318 2739 3390 sapientiae!
2796 3320 3155 3376 Vehementer
3200 3320 3344 3376 enim
3393 3329 3641 3376 metuen-

2041 3412 2169 3467 dum
2192 3419 2279 3467 est
2303 3426 2373 3467 ne
2396 3412 2575 3467 studio
2593 3412 2892 3468 altercandi
2921 3419 2976 3467 et
3012 3410 3371 3468 contendendi
3411 3412 3643 3482 quisque

2042 3521 2149 3560 non
2174 3505 2356 3561 videat
2380 3505 2522 3576 quod
2549 3522 2582 3559 a
2603 3506 2794 3575 paucis
2814 3504 2984 3559 videri
3019 3513 3214 3575 potest,
3242 3514 3302 3561 ut
3328 3520 3527 3576 parvus
3566 3505 3640 3559 sit

2043 3596 2300 3666 strepitus
2324 3574 2835 3659 contradicentium,
2888 3594 2993 3649 nisi
3030 3574 3203 3648 etiam
3250 3574 3364 3664 ipse
3402 3594 3507 3650 sibi
3546 3595 3643 3649 ob-
3699 3574 3720 3590 ’

2043 3695 2268 3757 strepat.
2300 3686 2559 3757 Sequitur
2581 3706 2594 3740 :

2116 3776 2186 3829 Et
2227 3784 2351 3831 tunc
2388 3774 2671 3842 conﬁtebor
2711 3774 2837 3839 illis,
2885 3774 3008 3844 quia
3056 3791 3327 3846 nunquam
3369 3778 3488 3830 novi
3526 3794 3638 3842 vos,

2043 3866 2294 3923 discedite
2329 3883 2362 3921 a
2404 3881 2507 3931 me,
2538 3866 2630 3935 qui
2658 3864 2945 3937 operamini
2967 3865 3318 3936 iniquitatem.
3367 3864 3644 3938 (llieron.)

2047 3960 2336 4031 Signanter
2360 3958 2517 4023 dixit,
2540 3958 2846 4028 confitebor,
2874 3959 3002 4028 quia
3037 3960 3209 4014 multo
3237 3968 3364 4014 ante
3395 3970 3640 4028 tempore

2046 4053 2226 4109 dicere
2265 4051 2701 4107 dissimulaverat
2733 4068 2746 4104 :
2778 4067 2881 4104 non
2911 4052 3027 4105 novi
3058 4068 3165 4105 vos.
3213 4050 3330 4106 Non
3362 4052 3512 4107 novit
3538 4053 3645 4106 Doo

2046 4146 2226 4203 minus
2248 4159 2343 4199 eos
2365 4143 2454 4213 qui
2476 4150 2729 4213 pereunt.
2786 4142 3027 4199 Observa
3066 4151 3248 4200 autem
3281 4159 3452 4215 quare
3487 4144 3640 4198 addi-

2048 4236 2207 4300 derit,
2251 4249 2518 4303 nunquam
2550 4234 2666 4286 novi
2717 4248 2836 4297 vos;
2877 4232 2922 4287 si
2955 4233 3112 4302 juxta
3155 4234 3417 4304 quosdam
3453 4249 3643 4290 omnes

2048 4324 2298 4380 homines
2337 4323 2482 4377 inter
2522 4320 2812 4376 rationales
2856 4330 3136 4378 creaturas
3181 4338 3394 4393 semper
3443 4325 3641 4379 versati

2050 4424 2196 4479 sunt,
2222 4413 2492 4485 quomodo
2528 4412 2660 4467 dicit
2691 4430 2702 4465 :
2730 4410 3017 4483 Nunquam
3048 4415 3165 4469 novi
3196 4432 3304 4481 vos,
3336 4430 3459 4470 eum
3492 4414 3640 4484 psal-

2050 4521 2171 4562 mus
2195 4506 2342 4560 dicat
2369 4521 2382 4557 :
2410 4502 2663 4557 Dominus
2686 4503 2822 4557 norit
2849 4505 3188 4574 cogitationes
3207 4505 3500 4572 hominum,
3520 4522 3647 4576 quo-

340 4593 528 4647 servis
562 4591 658 4645 Dei
686 4594 1054 4648 necessarium
1095 4603 1202 4660 est,
1237 4604 1299 4649 ut
1340 4604 1397 4651 et
1429 4612 1564 4668 opus
1592 4613 1861 4665 sermone,
1891 4609 1948 4655 et
1973 4618 2025 4678 D
2051 4598 2193 4651 uiam
2219 4611 2369 4650 vana:
2396 4602 2518 4649 sunt
2549 4592 2722 4665 (Psal.
2754 4593 2942 4667 xcul);
2972 4604 3027 4651 et
3063 4595 3192 4650 alibi
3229 4596 3489 4667 scriptum
3524 4598 3596 4652 sit
3628 4612 3643 4652 :

340 4699 535 4738 sermo
565 4683 823 4753 operibus
848 4686 1249 4754 comprobetur.
1294 4687 1431 4744 lluic
1464 4690 1745 4745 sententiae
1772 4700 1950 4760 potest

340 4772 479 4827 illud
504 4771 681 4826 videri
705 4772 1037 4827 contrarium
1061 4792 1075 4828 :
1100 4772 1272 4830 Nemo
1291 4786 1455 4849 potest
1477 4778 1648 4832 dicere
1669 4778 1952 4835 Dominum

340 4864 560 4930 Iesum,
601 4863 702 4918 nisi
723 4865 776 4918 in
804 4863 1008 4936 Spiritu
1033 4877 1215 4922 sancto
1239 4867 1293 4939 (1
1316 4868 1438 4924 Cor.
1477 4870 1594 4942 xu).
1639 4870 1745 4925 Sed
1787 4873 1954 4928 moris

342 4966 431 5012 est
456 4954 871 5025 Scripturarum
898 4956 1040 5011 dicta
1066 4972 1165 5027 pro
1186 4956 1344 5014 factis
1375 4961 1648 5029 accipere;
1685 4970 1744 5016 ut
1771 4962 1954 5017 statim

344 5051 400 5104 in
430 5050 899 5119 consequentibus
922 5052 1253 5122 approbatur
1276 5054 1495 5109 refutari
1518 5071 1612 5110 eos
1632 5056 1724 5125 qui
1748 5055 1959 5125 jactant

343 5146 469 5200 sine
500 5143 762 5213 operibus
780 5146 1064 5201 scientiam
1093 5146 1339 5212 Domini;
1366 5159 1422 5202 et
1448 5147 1672 5201 audiunt
1700 5163 1732 5202 a
1763 5148 1952 5203 Salva-

346 5246 470 5292 torc
496 5254 511 5287 :
548 5235 790 5291 Recedite
817 5254 849 5290 a
880 5255 979 5302 me,
1003 5255 1179 5292 omnes
1206 5238 1431 5307 operarii
1450 5239 1759 5309 iniquitatis,
1784 5241 1955 5295 nescio

344 5344 439 5383 ros
472 5325 637 5398 (Luc.
666 5325 825 5399 xm);
853 5335 910 5382 ct
927 5327 1214 5397 Apostolus
1236 5329 1290 5381 in
1317 5328 1461 5383 hunc
1480 5343 1696 5384 sensum
1717 5329 1957 5400 loquitur

346 5422 486 5494 (Tit.
510 5421 566 5492 ιι)
595 5439 608 5474 :
637 5418 967 5490 Conﬁtentur
992 5439 1048 5475 se
1079 5420 1357 5475 Dominum
1396 5422 1564 5476 verbis
1600 5423 1751 5486 scire,
1797 5423 1954 5491 factis

343 5524 538 5567 autem
565 5522 776 5583 negant.
829 5513 1010 5583 (Aug.)
1045 5512 1183 5567 Vere
1218 5521 1398 5567 autem
1428 5527 1491 5567 ac
1511 5512 1729 5581 proprie
1765 5512 1842 5567 illi
1872 5514 1956 5569 di-

345 5613 568 5660 cuntur
603 5619 634 5657 a
672 5619 900 5674 quorum
930 5604 1207 5659 voluntate
1236 5617 1300 5657 ac
1334 5609 1514 5657 mente
1554 5616 1662 5656 non
1702 5603 1961 5658 abhorret

344 5694 601 5767 prolatio
633 5695 898 5750 sermonis
935 5694 1035 5749 sui.
1085 5693 1391 5750 Secundum
1422 5709 1584 5766 quam
1611 5694 1961 5767 signiﬁcatio-

346 5805 481 5846 nem
525 5788 665 5846 dicit
703 5789 990 5861 Apostolus
1021 5807 1032 5841 :
1063 5787 1231 5842 Nemo
1273 5796 1436 5858 potest
1472 5788 1644 5842 dicere
1675 5788 1958 5841 Dominum

346 5881 575 5950 Iesum,
626 5884 725 5938 nisi
766 5884 816 5937 in
871 5882 1067 5953 Sg‘it'ittt
1119 5893 1314 5937 sancto.
1362 5881 1535 5951 Atque
1585 5881 1715 5937 illud
1752 5883 1815 5937 ael
1844 5897 1961 5938 rem

2054 4690 2174 4759 Ipse
2191 4689 2326 4743 novit
2347 4687 2709 4756 decipientem,
2729 4696 2775 4742 et
2798 4704 2915 4742 eum
2933 4688 3024 4758 qui
3048 4688 3306 4759 decipitur
3345 4687 3489 4760 (Job.
3519 4688 3649 4759 xtl),

2055 4781 2161 4836 nisi
2190 4779 2315 4851 quia
2347 4780 2488 4834 seire
2514 4778 2610 4834 Dei
2640 4777 2929 4848 aliquando
2955 4793 3281 4848 cognoscere
3306 4778 3524 4842 dicitur,
3549 4778 3648 4831 ali-

2057 4873 2274 4944 quando
2296 4872 2593 4941 approbare
2625 4887 2638 4926 :
2668 4869 2928 4936 Quoniam
2953 4871 3093 4925 novit
3116 4871 3372 4926 Dominus
3398 4873 3529 4926 riam
3551 4874 3649 4940 jn-

2057 4976 2255 5020 storum
2279 4977 2297 5015 :
2325 4964 2414 5033 qui
2444 4974 2619 5016 autem
2652 4962 2883 5033 ignorat,
2917 4963 3247 5034 ignorabitur
3271 4960 3443 5030 (Psal.
3485 4961 3544 5032 l).
3582 4962 3643 5015 Et

2061 5057 2166 5113 scit
2222 5072 2351 5128 ergo
2392 5056 2650 5126 reprobos
2691 5071 2827 5126 quos
2865 5054 3238 5126 cognoscendo
3270 5052 3476 5120 judicat
3510 5067 3524 5106 :
3554 5068 3647 5107 ne-

2062 5164 2168 5219 que
2194 5148 2340 5203 enim
2361 5145 2632 5215 judicaret
2654 5161 2791 5216 quos
2820 5147 3043 5203 minimc
3067 5150 3445 5214 cognosceret;
3483 5151 3537 5197 et
3567 5152 3646 5197 ta-

2062 5255 2184 5294 men
2219 5238 2614 5307 quodammodo
2643 5239 2774 5293 dicit
2803 5256 2818 5293 :
2850 5237 2976 5291 Non
3002 5237 3120 5291 novi
3141 5252 3247 5301 vos,
3277 5250 3384 5291 non
3408 5234 3647 5307 approbo

2060 5345 2179 5395 vos,
2210 5330 2351 5399 apud
2387 5344 2523 5398 quos
2558 5328 2680 5402 ﬁdei
2719 5337 2775 5383 et
2807 5326 3111 5382 dilectionis
3138 5342 3249 5382 suae
3276 5326 3644 5382 characterem

2060 5436 2167 5475 non
2214 5421 2496 5489 approbat.
2545 5419 2692 5485 Non,
2737 5420 2949 5487 inquit,
2992 5418 3243 5487 legalium
3291 5417 3646 5474 festivitatqu

2061 5510 2294 5580 epulatio
2323 5509 2495 5577 juvat,
2525 5524 2683 5580 quem
2723 5508 2845 5564 lidei
2884 5509 3061 5579 pietas
3107 5524 3213 5562 non
3258 5508 3647 5562 commendat:

2060 5618 2169 5657 non
2198 5602 2424 5657 scientia
2453 5601 2857 5672 Scripturarum
2899 5602 3009 5656 Deo
3059 5609 3245 5654 notum
3285 5598 3430 5666 facit,
3483 5615 3645 5671 quem
3671 5592 3689 5604 ’

2060 5714 2283 5769 operum
2328 5699 2584 5768 iniquitas
2626 5696 2900 5753 obtutibus
2941 5698 3057 5768 ejus
3083 5696 3320 5752 ostendit
3348 5694 3647 5767 indignum.

2064 5788 2334 5859 (Hieron)
2381 5791 2531 5845 Unde
2570 5789 2857 5858 sequitur:
2894 5789 3132 5843 Recedite
3168 5808 3198 5842 α
3234 5805 3312 5841 me
3345 5788 3433 5858 qui
3466 5800 3648 5856 opera-

2067 5882 2191 5937 mini
2216 5884 2556 5948 iniquitatem.
2608 5880 2725 5935 Non
2758 5882 2887 5937 dixit
2925 5901 2936 5935 :
2972 5882 3070 5949 Qui
3120 5882 3326 5951 operati
3374 5878 3503 5933 estis
3539 5873 3644 5931 ini-
