3978 6190
236 292 333 353 853
1186 283 1541 342 COMMENT.
1580 282 1649 340 IN
1687 282 1827 339 MAT

1933 282 2125 340 nun.
2166 312 2237 324 -
2271 282 2401 363 un.
2439 283 2524 340 ιιι.
3379 289 3484 347 εει

235 408 377 465 distis
398 403 528 460 mihi
543 402 730 468 bibere,
761 407 866 457 etc.
903 397 1116 473 (Matth.
1145 397 1297 473 xxv.)
1329 397 1465 466 Quia
1486 397 1644 467 juxta
1664 399 1804 470 Apo-
1833 404 1883 463 Α
1910 395 2143 452 dendum
2172 404 2256 452 est
2305 395 2597 468 discipulos
2624 413 2743 471 ejus
2791 401 3014 456 fecisse:
3043 404 3176 456 Erat
3201 407 3342 460 enim
3386 405 3481 459 do-

237 499 354 558 stoli
378 495 736 554 sententiam:
769 490 892 546 Non
918 491 1187 546 auditores
1211 491 1339 563 legis
1368 492 1421 545 in
1451 490 1544 545 illa
1568 491 1651 545 die
1668 490 1805 561 justi
1906 505 2024 543 cens
2049 505 2134 542 eos
2155 497 2209 542 ut
2230 499 2530 560 potestatem
2544 491 2761 554 habens,
2784 509 2888 547 non
2913 502 2968 546 ut
2995 490 3215 549 Scribw.
3248 493 3324 548 Illi
3339 498 3482 550 enim

235 597 376 647 erunt
404 584 547 659 apud
571 584 876 650 Dominum,
906 582 996 637 scd
1026 583 1250 652 {actores
1276 581 1402 653 legis
1435 580 1808 651 justiﬁcabun-
1907 596 1971 637 ea
1990 580 2256 637 docebant
2287 581 2340 636 in
2365 583 2556 652 populo
2578 599 2697 655 qua)
2718 585 2918 654 scripta
2940 594 3064 641 sunt
3082 585 3134 640 in
3156 584 3339 659 Moyse
3358 597 3412 641 et
3434 606 3487 642 ιιι

237 690 318 735 tur
339 678 511 748 (Rom.
542 673 624 748 ιι).

304 698 318 729 r
359 678 511 732 Rom.
542 692 580 730 ιι
611 715 624 729 .

304 678 368 824 E(t
393 678 603 837 factum)
623 773 698 821 est
722 781 840 820 cum
864 772 1270 819 consummasset
1310 762 1464 817 Jesus
1492 760 1646 816 verba
1674 761 1807 826 haec,

239 858 631 915 admirabantur
652 856 818 911 turba:
842 872 997 928 super
1024 855 1318 909 doctrinam
1345 854 1482 925 ejus.
1524 853 1661 913 Erat
1712 869 1809 907 au-

237 962 331 1004 tem
354 949 541 1003 docens
565 964 653 1002 eos
674 946 809 1001 sicut
828 954 1130 1018 potestatem
1158 946 1369 1012 habens,
1389 962 1494 1001 non
1516 946 1654 1000 sicut
1670 945 1807 1000 scri-

239 1042 311 1096 ba:
335 1056 514 1094 eorum
541 1047 589 1092 et
624 1036 901 1094 Phariswi.
922 1036 1213 1111 (MAURUS.)
1255 1038 1661 1093 Consummatio
1690 1038 1806 1093 haec

240 1129 299 1184 ad
325 1128 712 1201 perfectionem
738 1130 1028 1184 verborum
1055 1136 1111 1183 et
1139 1128 1504 1199 integritatem
1541 1127 1809 1199 dogmatis

236 1221 485 1293 pertinet,
508 1234 614 1291 quo
636 1220 688 1275 in
717 1226 897 1276 monte
924 1218 1214 1290 discipulos
1266 1220 1446 1275 docuit
1497 1230 1552 1274 et
1598 1219 1802 1274 turbas.

239 1316 385 1384 Quod
409 1323 591 1370 autem
617 1314 801 1372 turbas
826 1314 1024 1370 dicitur
1068 1312 1327 1368 admirari
1355 1328 1517 1383 super
1567 1311 1811 1368 doctrina

239 1407 555 1472 Salvatoris,
583 1414 677 1460 aut
702 1405 944 1461 inﬁdeles
963 1406 1172 1477 aliquos
1199 1404 1489 1476 signiﬁcat,
1514 1403 1605 1474 qui
1626 1403 1695 1459 ob
1712 1403 1811 1458 hoc

239 1498 542 1567 stupebant,
573 1484 697 1566 quia
725 1512 831 1551 non
862 1497 1155 1552 credebant
1178 1495 1355 1551 verbis
1384 1493 1706 1559 Salvatoris,
1721 1501 1817 1549 aut

237 1589 397 1642 etiam
420 1603 609 1643 omnes
632 1587 958 1659 generaliter
983 1588 1341 1653 demonstrat,
1396 1586 1487 1655 qui
1539 1582 1814 1641 excellen-

1902 671 2213 742 propbetis;
2248 670 2406 728 Iesus
2434 688 2563 728 vero
2591 674 2744 743 quasi
2764 673 2926 741 Deus,
2951 684 3006 730 et
3030 676 3297 732 Dominus
3321 678 3489 746 ipsius

1912 759 2132 833 Moysis,
2159 776 2256 832 pro
2299 760 2547 817 libertate
2576 761 2870 818 voluntatis
2898 779 3008 820 suae
3035 764 3119 821 vel
3155 780 3219 820 ea
3247 781 3365 836 quae
3391 766 3491 820 mi-

1913 869 2016 908 nus
2038 852 2356 907 videbantur
2376 853 2429 907 in
2453 852 2587 924 lege,
2621 853 2851 910 addebat
2879 855 2963 912 vel
2991 865 3332 913 commutans
3357 873 3493 928 pra:-

1913 941 2129 997 dicabat
2158 942 2211 997 in
2243 942 2458 1013 populo.
2492 941 2559 998 Ut
2581 958 2743 1013 supra
2768 959 2980 1015 quoque
3002 945 3229 1017 legimus
3254 967 3267 1002 :
3294 945 3507 1002 Audis?

1911 1033 1978 1088 tis
2005 1033 2127 1104 quia
2156 1033 2353 1087 dictum
2381 1042 2457 1088 est
2495 1034 2725 1106 antiquis
2751 1051 2769 1090 :
2793 1052 2885 1107 ego
2936 1047 3111 1092 autem
3164 1038 3280 1093 dico
3326 1042 3489 1094 vobis.

1914 1123 2019 1179 Sed
2046 1125 2171 1194 quia
2202 1126 2495 1180 secundum
2517 1125 2662 1201 hunc
2683 1126 2882 1181 librum
2925 1128 3279 1200 expositionis
3319 1131 3493 1185 sancti

1912 1213 2207 1284 Evangelii,
2231 1230 2390 1285 quem
2441 1217 2509 1271 ab
2565 1212 2788 1272 exordio
2832 1220 3231 1289 praedicationis
3276 1220 3493 1277 Domini

1911 1308 2083 1363 nostri
2102 1304 2230 1363 lcet:
2258 1307 2462 1364 Christi
2486 1310 2894 1381 incipiebamus,
2916 1327 3089 1383 usque
3116 1313 3173 1368 in
3188 1312 3353 1369 linem
3381 1328 3496 1369 ser.-

1912 1399 2088 1453 monis
2110 1413 2271 1468 quem
2317 1398 2457 1454 idem
2497 1398 2748 1455 Salvator
2768 1401 2822 1455 in
2856 1410 3039 1458 monte
3064 1417 3188 1457 cum
3219 1402 3497 1472 discipulis

1912 1484 2025 1545 suis
2077 1490 2287 1557 habuit,
2334 1491 2708 1561 perduximus,
2738 1492 2809 1547 ibi
2858 1491 3017 1548 linem
3066 1493 3270 1549 habere
3311 1508 3495 1549 cense-

1912 1598 2053 1639 mus.
2078 1580 2199 1638 Jam
2223 1583 2421 1638 exhinc
2453 1584 2671 1639 tertium
2699 1585 2765 1639 de
2805 1584 3074 1657 principio
3109 1584 3496 1641 miraculorum

239 1677 365 1731 tiam
394 1684 559 1733 tantae
592 1677 869 1748 sapientiae
901 1678 952 1732 in
977 1693 1041 1733 eo
1064 1677 1485 1741 venerabantur,
1525 1675 1666 1729 sicut
1703 1688 1820 1729 cre-
1848 1666 1896 1726 B
1923 1670 2039 1742 ejus
2064 1671 2398 1727 inchoantes.

236 1822 2010 1849 Mm

1468 1924 1770 2004 LIBER
1840 1918 2320 1998 TERTIUS.

1696 2069 2048 2089 ———-————-

818 2145 1045 2205 CAPUT
1092 2145 1225 2203 VIII.

237 2264 491 2319 Absoluta
524 2277 759 2318 sermone
787 2262 841 2315 in
870 2267 1047 2315 monte
1063 2259 1352 2314 mandatur
1374 2259 1630 2329 leprosus,
1658 2274 1821 2314 sana-

304 2367 397 2410 tur
419 2352 762 2424 paralyticus,
780 2361 827 2405 et
843 2366 1024 2405 socrus
1049 2349 1228 2404 Petri:
1250 2350 1465 2420 quidam
1476 2351 1623 2420 sequi
1644 2349 1819 2405 volutat

308 2447 617 2510 Dominum,
640 2445 731 2514 qui
772 2444 1025 2513 navigans
1054 2450 1406 2512 tempestatem
1439 2441 1587 2495 sedat
1631 2449 1681 2496 et
1715 2441 1821 2495 dar-

302 2553 487 2593 ntones
512 2534 722 2606 expellit

307 2649 418 2723 [1.]
441 2648 638 2704 Finitis
658 2646 1005 2703 semonibns
1030 2647 1243 2718 quibus
1255 2645 1506 2702 Salvator
1529 2644 1822 2717 discipulos

232 2742 290 2797 ιιι
325 2748 518 2797 monte
540 2739 743 2805 docuit,
767 2738 1112 2809 prosequitur
1131 2736 1416 2794 Matthaeus
1439 2746 1496 2793 et
1516 2738 1675 2794 dicit:
1778 2769 1789 2781 -

182 2818 185 2819 ν
304 2833 451 2888 Cum
490 2840 666 2886 autem
687 2830 1036 2887 descendisset
1060 2831 1125 2886 de
1150 2841 1340 2896 monte,
1359 2839 1549 2886 secuta:
1562 2840 1682 2886 sunt
1704 2847 1823 2886 eum

232 2928 408 2982 turbae
436 2924 635 2980 multae.
667 2924 737 2979 Et
776 2941 892 2979 ecce
928 2923 1162 2997 leprosus
1191 2924 1398 2979 veniens
1424 2923 1678 2979 adorabat
1705 2939 1824 2978 eum

233 3021 423 3075 dicens
445 3032 464 3070 :
492 3017 737 3085 Domine,
751 3018 797 3072 si
820 3019 910 3081 vis,
928 3026 1069 3087 potes
1084 3034 1166 3071 me
1180 3017 1455 3072 mundare.
1470 3014 1656 3090 (Aug.)
1677 3014 1824 3072 Istud
1851 3010 1897 3073 C

235 3110 567 3168 miraculum
589 3117 768 3181 potest
798 3110 1026 3183 intelligi
1057 3118 1177 3181 post
1202 3118 1491 3181 utrumque
1520 3124 1829 3166 sermonem

235 3201 461 3259 Domini
508 3200 710 3255 factum
757 3199 943 3265 fuisse,
992 3216 1098 3256 non
1128 3200 1301 3257 solum
1335 3216 1493 3271 quem
1525 3193 1828 3265 Mattliseus,

236 3307 436 3348 verum
466 3291 629 3347 etiam
658 3307 819 3361 quem
849 3292 1025 3348 Lucas
1056 3293 1367 3364 interponit.
1398 3293 1549 3349 Licet
1578 3294 1685 3349 alio
1710 3293 1829 3348 loco

240 3385 427 3441 Lucas
481 3384 804 3454 Marcusque
850 3383 981 3439 illud
1032 3386 1604 3441 commemoraverint:
1656 3398 1829 3454 neque

239 3480 388 3534 enim
422 3486 647 3549 apparet
671 3485 793 3548 post
819 3478 1231 3534 descensionem
1259 3479 1326 3534 de
1357 3489 1541 3535 monte
1565 3486 1826 3550 quantum

240 3570 510 3643 temporis
534 3570 698 3627 fuerit
729 3570 1126 3641 interpositum.
1165 3570 1272 3627 Sed
1300 3571 1404 3626 hoc
1444 3571 1619 3628 solum
1660 3570 1830 3626 voluit

242 3664 562 3736 significare
611 3663 911 3731 Matthaeus,
932 3672 1058 3736 post
1080 3664 1226 3719 illam
1255 3664 1662 3721 descensionem
1692 3665 1831 3720 mul-

240 3765 327 3811 tas
387 3754 583 3810 turbas
622 3754 787 3810 fuisse
831 3770 956 3811 cum
1005 3754 1257 3823 Domino,
1292 3755 1508 3825 quando
1556 3755 1831 3825 leprosum

240 3848 551 3905 mundavit.
586 3846 695 3903 Sed
717 3862 817 3902 nec
842 3846 1040 3912 Lucas,
1078 3861 1200 3901 cum
1238 3846 1352 3915 ipse
1380 3847 1525 3901 dicat
1547 3843 1692 3917 quod
1713 3860 1831 3898 cum

241 3939 513 4011 implesset
540 3928 718 3995 omnia
756 3938 910 3993 verba
940 3954 1037 3993 sua
1066 3939 1119 3993 in
1140 3937 1371 3993 'auribus
1391 3938 1575 4009 plebis,
1600 3936 1832 3992 intrasse

243 4030 530 4086 Christum
553 4030 604 4085 in
634 4029 1034 4101 Capharnaum,
1084 4030 1351 4101 expressit
1395 4037 1517 4100 post
1570 4035 1834 4100 quantum

245 4121 516 4193 temporis
545 4120 909 4187 intervallum,
932 4136 1054 4176 cum
1085 4121 1218 4177 istos
1246 4133 1524 4175 sermones
1555 4118 1834 4174 terminas-

245 4219 348 4277 set,
378 4212 671 4267 intraverit
699 4210 1100 4282 Capharnanm.
1147 4210 1268 4282 Ipso
1319 4211 1518 4280 quippe
1550 4208 1835 4264 intervallo

246 4301 526 4372 leprosos,
554 4301 643 4356 ille
667 4302 959 4356 mundatus
980 4308 1085 4366 est,
1101 4315 1262 4369 quem
1284 4299 1402 4355 loco
1434 4315 1531 4354 suo
1548 4296 1835 4352 Matthaaus

246 4363 614 4465 interposuit;
652 4393 756 4447 iste
785 4401 965 4447 autem
1000 4363 1134 4447 alibi
1163 4392 1478 4447 recordatus
1520 4399 1622 4445 est.
1667 4388 1835 4461 Igitur
1861 4363 1914 4421 D

248 4486 543 4543 descensio
569 4485 782 4541 Domini
815 4485 882 4542 de
911 4494 1093 4541 monte
1127 4486 1556 4541 incarnationem
1610 4482 1726 4553 ejus
1766 4487 1840 4540 si-

250 4577 502 4644 gniﬁcat,
538 4591 646 4647 qua
666 4577 995 4647 semetipsum
1023 4576 1304 4631 exinanivit
1330 4575 1555 4645 formam
1595 4578 1732 4630 servi
1754 4594 1842 4629 ac~

250 4667 455 4737 sipiens
481 4663 705 4738 (Philip.
738 4673 819 4738 ιι).
859 4664 1074 4738 [Beda.]
1115 4667 1181 4721 Et
1223 4675 1349 4737 post
1371 4668 1486 4721 haec
1512 4676 1700 4721 secuta:
1721 4674 1839 4720 sunt

255 4776 377 4813 eum
415 4758 585 4813 turba:
622 4758 821 4813 multm.
856 4757 992 4826 Quia
1017 4766 1305 4829 postquam
1345 4756 1583 4813 Verbum
1609 4772 1738 4812 caro
1770 4756 1842 4811 fa-

254 4854 413 4903 ctum
447 4856 531 4903 est
559 4856 613 4902 et
642 4848 907 4903 habitavit
937 4849 991 4902 in
1022 4847 1197 4912 nobis,
1240 4849 1331 4917 qui
1355 4857 1513 4902 antea
1556 4854 1763 4901 tantum
1788 4848 1842 4900 in

253 4936 465 4993 Judwa
489 4946 641 4993 notus
668 4945 806 5002 erat,
831 4945 887 4993 et
914 4939 968 4993 in
992 4953 1099 4992 uno
1125 4937 1322 5008 populo
1347 4953 1541 4993 nomen
1573 4939 1715 4992 illius
1736 4954 1845 4992 ma-

258 5047 431 5102 gnum
470 5031 789 5097 habebatur,
822 5039 944 5102 post
971 5032 1086 5086 haac
1116 5031 1451 5087 admirabilis
1484 5030 1657 5086 factus
1678 5039 1761 5086 est
1789 5032 1843 5085 in

257 5124 523 5177 universa
541 5134 705 5177 terra.
724 5120 919 5193 (Orig)
936 5122 1017 5175 Ad
1041 5122 1277 5176 litteram
1302 5137 1516 5192 quoque
1542 5124 1700 5177 turba
1725 5138 1844 5193 qum

257 5228 388 5268 eum
418 5216 766 5283 sequebatur,
792 5211 1053 5281 aliquanti
1103 5219 1338 5282 propter'
1365 5213 1709 5279 charitatem,
1751 5214 1847 5269 ali-

257 5304 458 5374 quanti
478 5308 698 5374 propter
717 5302 1037 5368 doctrinam,
1053 5302 1310 5372 aliquanti
1339 5304 1882 5372 prcpteradmiratio—

258 5410 394 5451 nem
414 5400 472 5447 et
487 5393 842 5449 curationem.
863 5393 882 5464 (
890 5392 1062 5466 Hier.)
1092 5394 1166 5448 De
1186 5400 1369 5448 monte
1387 5393 1602 5461 quidem
1619 5392 1848 5451 Domino

258 5482 1250 5539 descendenteoccurrernnteiturbat
1276 5498 1394 5552 quae
1432 5483 1498 5536 ad
1533 5484 1724 5538 altiora
1766 5502 1851 5542 as-

261 5574 512 5629 cendere
532 5589 640 5629 non
675 5575 978 5629 valuerunt.
1005 5575 1069 5628 Et
1099 5575 1307 5643 primus
1329 5575 1375 5628 ei
1406 5576 1646 5629 occurrit
1676 5577 1850 5646 lepro-

264 5681 396 5723 sus:
418 5664 648 5721 necdum
675 5666 819 5721 cnim
840 5675 1184 5738 poteratcum
1207 5667 1352 5736 lepra
1377 5676 1482 5721 tam
1501 5668 1850 5740 multiplicem

1922 2139 1979 2193 in
1993 2143 2175 2194 monte
2199 2131 2497 2189 Salvatoris
2510 2132 2696 2187 audire
2710 2146 3033 2189 sermonem.
3050 2133 3219 2191 Recte
3234 2136 3499 2210 ergo'post

1924 2225 2384 2299 praedicationem,
2414 2230 2575 2293 atque
2601 2222 2901 2277 doctrinam
2930 2224 3067 2295 signi
3096 2225 3321 2282 offertur
3348 2244 3503 2284 occa-

1926 2318 2007 2374 sio
2037 2322 2213 2387 utper
2236 2315 2491 2368 virtutem
2541 2321 2706 2382 atque
2733 2314 2993 2368 miracula
3019 2316 3326 2385 prteteritus
3354 2319 3495 2388 apud

1927 2408 2209 2464 audientes
2235 2419 2414 2462 sermo
2428 2404 2885 2478 firmetur.(Aug.}
2910 2405 3133 2478 Mystice
3148 2417 3351 2475 autem,
3367 2409 3504 2465 bene

1928 2501 2021 2556 ubi
2040 2499 2285 2571 leprosus
2311 2496 2627 2562 mundatur,
2653 2505 2837 2552 certus
2865 2512 2973 2553 non
3002 2499 3502 2570 exprimiturlocus,

1926 2600 1988 2652 ut
2012 2590 2332 2647 ostendatur
2358 2604 2464 2645 non
2490 2603 2657 2643 unum
2686 2589 2941 2660 populum
2984 2592 3235 2661 specialis
3282 2592 3504 2665 alicujus

1926 2682 2181 2748 civitatis,
2213 2681 2309 2738 sed
2328 2682 2571 2737 omnium
2603 2682 2833 2752 populos
2850 2682 3017 2739 tuisse
3039 2693 3278 2742 sanatos.
3296 2687 3505 2758 thuia

1925 2773 2189 2829 Dominus
2216 2772 2322 2827 ait:
2354 2768 2479 2825 Non
2506 2772 2623 2825 veni
2651 2771 2848 2826 solvere
2867 2771 3029 2844 legem
3074 2776 3165 2829 sed
3198 2776 3506 2848 adimplere,

1927 2865 2016 2921 ille
2030 2865 2121 2935 qui
2141 2858 2533 2920 exeludebatur
2548 2878 2578 2917 a
2599 2863 2733 2934 lege,
2768 2866 2989 2936 purgari
3024 2882 3081 2922 se
3112 2868 3323 2924 Domini
3353 2878 3500 2940 pote-

1927 2964 2069 3013 state
2087 2970 2444 3027 przesumens,
2473 2970 2580 3010 non
2599 2969 2666 3010 ex
2692 2956 2809 3027 lege
2837 2957 2934 3012 sed
2973 2971 3139 3028 supra
3176 2959 3348 3031 legem
3381 2976 3504 3018 esse

1931 3048 2162 3119 gratiam
2225 3045 2536 3115 judicabat,
2585 3061 2705 3116 quas
2747 3046 2951 3117 leprosi
2999 3048 3264 3105 maculam
3328 3061 3512 3120 posset

1932 3139 2169 3196 abluere.
2195 3136 2391 3194 Verum
2414 3147 2475 3193 ut
2506 3139 2560 3192 in
2589 3138 2815 3195 Domino
2846 3142 3136 3209 potestatis
3185 3144 3506 3210 auctoritas,

1931 3234 2007 3289 ita
2038 3233 2094 3287 in
2123 3232 2215 3287 illo
2238 3230 2361 3287 ﬁdei
2393 3232 2696 3289 constantia
2738 3231 3061 3287 declaratur.
3090 3232 3184 3288 Ille
3210 3235 3264 3288 in
3294 3234 3507 3303 faciem,

1931 3336 1991 3384 ut
2045 3327 2183 3382 alios
2223 3323 2553 3397 evangelista
2576 3327 3088 3397 testatur,procidit.
3116 3326 3270 3395 Quod
3300 3328 3514 3383 humili-

1932 3421 2063 3476 tatis
2080 3426 2238 3476 estet
2266 3420 2512 3488 pudoris,
2535 3427 2595 3473 ut
2620 3420 2991 3491 unusquisque
3014 3419 3083 3476 de
3113 3435 3223 3478 suae
3248 3421 3373 3476 vitae
3398 3436 3512 3476 ma-

1932 3512 2069 3569 culis
2090 3514 2399 3577 erubescat,
2447 3512 2541 3567 sed
2576 3511 2976 3569 confessionem
3035 3515 3361 3570 verecundia
3405 3529 3513 3568 non

1933 3603 2274 3673 represserit.
2294 3603 2543 3658 Ostendit
2558 3602 2773 3667 vulnus,
2798 3602 3095 3658 remedium
3118 3604 3426 3672 postulavit.
3448 3604 3514 3657 Et

1935 3694 2053 3763 ipsa
2081 3692 2357 3763 religionis
2376 3700 2432 3746 et
2458 3691 2581 3747 fidei
2606 3693 2762 3761 plena
2787 3692 3060 3747 confessio
3090 3700 3193 3758 est,
3228 3692 3289 3748 Si
3317 3694 3517 3757 ais,,in-

1934 3783 2072 3852 quit,
2099 3792 2243 3851 potes
2264 3798 2345 3835 me
2374 3782 2648 3836 mundare.
2676 3781 2735 3836 In
2759 3781 3039 3837 voluntate
3062 3782 3275 3837 Domini
3301 3782 3493 3840 tribuit

1935 3871 2015 3928 De
2036 3870 2312 3926 voluntate
2326 3878 2505 3926 autem
2530 3870 2741 3925 Domini
2771 3886 2879 3926 non
2902 3870 3058 3941 quasi
3089 3871 3311 3942 pietatis
3338 3873 3517 3930 incre-

1936 3962 2094 4019 dulus
2121 3962 2406 4026 dubitavit,
2439 3962 2533 4018 sed
2575 3962 2731 4033 quasi
2756 3962 3080 4021 celluvionis
3125 3979 3237 4020 sua:
3268 3964 3516 4019 conscius

1934 4071 2041 4111 non
2072 4053 2434 4124 praesumpsit.

2010 4124 2075 4179 Et
2121 4124 2402 4200 extendens
2440 4139 2654 4179 manum
2700 4132 2869 4189 Jesus,
2894 4126 3062 4195 tetigit
3103 4124 3276 4191 illaut,
3306 4125 3515 4180 dicens:

1948 4214 2098 4280 Volo,
2116 4215 2389 4269 mundare.
2418 4213 2643 4285 (ΜΑυιι.)
2671 4214 2926 4270 Extendit
2945 4216 3241 4273 curationis
3275 4232 3514 4281 manum,

1939 4307 2067 4378 quia
2092 4305 2479 4360 misericordiae
2501 4320 2611 4360 sua:
2647 4306 2714 4360 ad
2747 4306 3123 4362 medicandum
3165 4308 3521 4377 protendebat

1944 4395 2214 4452 allectum.
2241 4395 2440 4466 Tetigit
2468 4404 2752 4466 aegrotum,
2783 4396 2910 4466 quia
2936 4397 2989 4450 in
3022 4404 3291 4468 potestate
3311 4413 3405 4453 sua
3431 4399 3522 4453 ha-

1941 4494 2060 4549 buit
2102 4491 2351 4547 sanitatis
2404 4489 2674 4546 effectum.
2733 4490 2911 4545 Dixit:
2983 4489 3131 4557 Volo,
3160 4491 3433 4547 mundare.
3463 4493 3521 4550 In

1952 4582 2081 4637 Volo
2105 4582 2320 4652 pietatis
2347 4596 2457 4636 suae
2486 4581 2727 4637 ostendit
2765 4581 3136 4647 clementiam;
3179 4581 3233 4636 in
3267 4580 3522 4637 mundare

1944 4674 2242 4743 niajcstatis
2272 4688 2380 4728 sua!
2411 4673 2817 4728 demonstrabat
2849 4672 3169 4742 potentiam.
3227 4670 3367 4739 Quia
3417 4674 3523 4743 ipse

1944 4764 2100 4827 dixit,
2132 4772 2180 4816 et
2230 4763 2370 4832 facta
2410 4772 2550 4829 sunt,
2579 4763 2687 4837 ipse
2722 4762 3012 4829 mandavit,
3046 4772 3092 4817 et
3114 4773 3311 4820 cuncta
3345 4773 3523 4819 creata

1945 4864 2085 4911 sunt.
2109 4851 2380 4925 (Ilierou.)
2400 4851 2513 4907 Non
2545 4869 2695 4924 ergo,
2728 4862 2786 4907 ut
2814 4853 3061 4923 plerique
3088 4853 3401 4909 Latinorum
3427 4870 3523 4924 pu-

1947 4957 2079 5011 tant,
2108 4946 2438 5018 jungendum
2464 4957 2545 5002 est
2570 4956 2625 5002 et
2645 4948 2943 5019 legendum,
2982 4948 3112 5003 Volo
3142 4950 3524 5015 mundare,setl

1948 5038 2260 5109 separatim,
2282 5044 2342 5090 ut
2365 5037 2540 5105 primo
2565 5038 2707 5092 dicat
2736 5037 2887 5106 Volo,
2913 5040 3104 5095 deinde
3129 5040 3356 5109 imperet
3379 5057 3529 5093 mun-

1949 5128 2094 5182 dare.
2126 5126 2311 5197 (Aug.)
2346 5124 2475 5179 Volo
2505 5126 2650 5186 enim
2680 5128 2812 5184 dicit
2840 5136 3060 5199 propter
3082 5127 3526 5193 Pliotinum',im-

1949 5227 2116 5287 perat,
2162 5225 2383 5287 propter
2418 5217 2640 5284 Arium;
2690 5220 2871 5289 tangit,
2898 5227 3121 5289 propter
3148 5218 3503 5275 Maniehmum
3526 5257 3539 5273 .

1951 5310 2114 5365 Etlex
2143 5309 2356 5379 quidem
2388 5312 2531 5380 tangi
2564 5311 2805 5381 leprosos
2832 5311 3101 5381 prohibet.
3127 5309 3233 5366 Sed
3288 5312 3380 5383 qui
3428 5313 3530 5369 Do-

1953 5401 2134 5454 minus
2160 5400 2293 5471 legis
2311 5412 2415 5465 est,
2452 5416 2556 5456 non
2579 5400 3032 5473 obsequiturlegi,
3056 5402 3151 5458 sed
3176 5402 3346 5474 legem
3377 5402 3526 5459 facit.

1954 5488 2070 5543 Non
2105 5503 2233 5560 ergo
2259 5488 2376 5544 ideo
2402 5490 2575 5561 tetigit
2608 5491 2732 5559 quia
2773 5490 2889 5545 sine
2939 5499 3086 5546 tactu
3138 5493 3398 5549 mundare
3421 5511 3529 5549 non

1954 5589 2187 5651 poterat,
2221 5581 2313 5634 sed
2343 5591 2399 5633 ut
2422 5582 2673 5650 probaret
2698 5581 2822 5650 quia
2868 5579 3142 5652 subjectus
3172 5602 3277 5641 non
3308 5594 3425 5641 erat
3454 5586 3529 5644 le-

1956 5672 2003 5743 gi
2039 5691 2046 5724 :
2083 5687 2179 5726 nec
2211 5674 2512 5743 contagium
2539 5671 2757 5727 timebat
2782 5682 2835 5726 ut
2862 5672 3126 5743 homines,
3141 5676 3233 5732 sed
3252 5676 3374 5744 quia
3399 5691 3529 5735 con-
