3978 6190
447 291 555 349 855

1093 289 1154 345 Β.
1195 290 1453 345 RABANI‘
1488 288 1705 345 MAURI
1741 283 2061 342 ARCHIEP.
2103 281 2409 339 MOGUNT.
2452 285 2636 341 OPER
2651 286 2747 343 Ulli
2784 286 2966 344 PARS
2999 286 3045 345 Ι.

3621 286 3735 345 856

448 414 704 470 taminari
740 423 847 462 non
876 413 1108 478 peierat,
1139 406 1378 476 quialios
1397 405 1678 469 liberabat,
1703 403 1851 473 lepra
1874 409 2019 456 tactu
2047 402 2101 462 Α
2126 413 2290 453 manu
2319 398 2643 467 Salvatoris,
2669 402 2722 456 id
2751 412 2854 470 est,
2881 404 3166 460 incarnato
3184 404 3283 462 Dei
3310 406 3509 470 Verbo,
3537 409 3735 463 buma-

445 507 661 563 Domini
689 505 986 575 fogaretur,
1020 513 1140 571 qua:
1172 498 1379 553 solebat
1403 498 1776 554 contaminare
1805 503 2024 565 tangen-

448 610 579 657 tem.
609 596 805 670 (θήρ.)
831 593 1028 662 Tetigit
1055 599 1114 647 ut
1132 590 1491 646 humilitatem
1516 588 1933 652 demonstraret,
1961 595 2024 641 ut

446 708 546 750 nos
579 693 797 746 doceret
819 687 1021 742 nullum
1044 699 1320 755 spernere,
1339 682 1541 737 nullum
1557 682 1803 746 horrere,
1820 678 2023 733 nullum

446 778 904 850 contemptibilem
935 777 1151 841 ducere,
1185 783 1406 849 propter
1453 771 1696 841 corporis
1725 770 2021 835 lzesionem,

446 884 539 929 aut
566 871 1010 934 maculationem,
1042 882 1162 939 quae
1182 883 1214 921 a
1240 867 1350 922 Deo
1378 860 1744 920 immittuntur
1775 875 1873 931 pro
1896 874 2021 929 qua,

445 965 560 1037 ipse
604 966 728 1030 scit,
759 964 989 1018 ratione.
1023 959 1303 1029 Simulque
1329 957 1457 1012 illud
1489 954 1741 1011 mirabile
1776 952 1919 1023 quod
1961 966 2026 1005 eo

443 1058 654 1114 sanavit
677 1070 875 1128 genere
897 1066 1005 1124 quo
1034 1050 1208 1106 fuerat
1233 1049 1567 1104 obsecratus.
1595 1042 1653 1098 Si
1682 1043 1778 1109 vis,
1810 1043 1905 1106 ait,
1929 1057 2025 1111 po-

443 1163 516 1207 tes
537 1168 617 1205 me
643 1164 915 1203 munaarc.
950 1144 1105 1211 Volo,
1133 1141 1324 1212 inquit,
1358 1138 1631 1193 mundare.

516 1262 581 1315 Et
610 1260 882 1330 confestim
925 1258 1181 1314 mundata
1225 1266 1299 1310 est
1330 1254 1473 1324 lepra
1494 1252 1631 1322 ejus.
1665 1248 1847 1322 (Aug.)
1886 1247 2031 1302 Nihil

441 1353 676 1409 medium
699 1360 782 1407 est
802 1353 943 1406 inter
964 1364 1100 1419 opus
1128 1347 1223 1401 Dei
1252 1354 1413 1416 atque
1434 1348 1786 1413 praeceptum,
1812 1339 1939 1407 quia
1974 1337 2030 1390 in

443 1450 711 1515 przecepto
731 1451 817 1498 est
834 1457 990 1513 opus.
1015 1439 1257 1508 Denique
1297 1437 1429 1491 dixit
1452 1445 1499 1489 et
1526 1433 1667 1502 facta
1695 1440 1817 1486 sunt
1854 1427 2028 1501 (Psal.

440 1533 687 1605 cxtvm).
717 1533 878 1588 Vides
905 1533 1074 1604 igitur
1099 1530 1242 1599 quod
1268 1526 1506 1583 dubitari
1541 1541 1647 1580 non
1673 1530 1871 1595 potest,
1901 1520 2031 1590 quia

445 1627 688 1681 voluntas
710 1625 805 1680 Dei
826 1632 1065 1695 potestas
1088 1631 1192 1677 est.
1230 1619 1332 1687 Qui
1356 1620 1513 1675 unius
1542 1616 1836 1673 voluntatis
1878 1629 2031 1669 asse-

446 1725 585 1780 runt,
620 1717 778 1770 unius
803 1716 989 1784 utique
1029 1709 1601 1781 asseruntpotestalis.
1651 1708 1836 1777 Itaque
1876 1705 2030 1776 quasi

446 1810 651 1865 habens
662 1817 1007 1879 potestatem,
1026 1817 1081 1861 et
1101 1805 1323 1875 iubendi
1351 1804 1753 1867 auctoritatem,
1775 1800 2033 1871 open-andi

444 1903 811 1958 testimonium
837 1917 943 1956 non
973 1898 1189 1968 refugit.
1222 1897 1375 1965 Quod
1398 1904 1579 1951 autem
1606 1893 1940 1950 descendens
1968 1893 2035 1948 de

442 2001 622 2049 monte
650 2000 1001 2063 posteaquam
1024 1996 1293 2060 praecepta
1317 1987 1427 2042 illic
1463 1983 1738 2054 discipulis
1768 1994 1823 2038 et
1848 1982 2033 2038 multi-

444 2086 612 2141 tudini
664 2084 848 2148 dedit,
900 2083 1172 2153 leprosum
1223 2079 1406 2134 statim
1468 2076 1767 2133 extendens
1812 2090 2034 2130 manum

438 2196 591 2236 suam
620 2186 798 2243 curat,
818 2176 1088 2248 signiﬁcat
1115 2190 1208 2230 eos
1230 2173 1321 2242 qui
1352 2172 1419 2226 de
1439 2171 1546 2225 illis
1574 2169 1858 2239 implendis
1881 2166 2034 2223 dubi-

439 2281 558 2328 tant
589 2286 687 2327 suo
714 2270 916 2325 auxilio
947 2269 1014 2323 ab
1036 2265 1409 2338 hujuscemodi
1437 2264 1697 2320 varietate
1727 2260 1995 2317 mundari.

510 2385 576 2439 Et
600 2386 673 2439 ait
704 2383 783 2438 illi
803 2381 997 2438 Iesus:
1028 2380 1159 2435 Vide
1179 2378 1374 2434 nemini
1414 2377 1634 2432 dixeris.
1660 2374 1932 2446 (Hieron.)
1959 2373 2028 2427 Et

443 2491 632 2532 revera
662 2474 791 2545 quid
821 2481 942 2528 erat
970 2485 1195 2528 necesse
1227 2478 1286 2524 ut
1324 2482 1577 2525 sermone
1617 2466 1852 2535 iactaret
1884 2463 2029 2533 quod

438 2584 672 2640 corpore
687 2565 1009 2638 prteferebat
1023 2565 1047 2619 ?
1061 2563 1242 2631 Quare
1265 2560 1580 2632 praecipitur
1600 2557 1805 2614 nemini
1821 2556 2026 2617 dicere,

436 2660 540 2715 nisi
564 2666 624 2715 ut
654 2659 869 2714 doceret
900 2672 1008 2712 non
1055 2654 1323 2725 vulganda
1367 2659 1556 2706 nostra
1605 2648 1888 2712 beneﬁcia,
1931 2648 2028 2702 sed

432 2750 751 2820 premenda,
780 2728 841 2802 ut
859 2763 966 2803 non
992 2745 1166 2801 solum
1194 2759 1225 2799 a
1246 2743 1501 2798 mercede
1522 2740 1894 2795 abstineamus
1930 2750 2027 2805 pe-

434 2841 629 2907 cuniae,
647 2840 742 2896 sed
765 2838 931 2895 etiam
959 2836 1173 2908 gratiae.

507 2954 613 3010 Sed
638 2954 789 3021 vade,
815 2952 1025 3008 ostende
1059 2960 1108 3005 te
1137 2950 1419 3013 sacerdoti,
1445 2957 1492 3002 et
1513 2948 1646 3017 offer
1667 2962 1857 3000 manus
1881 2944 2022 3015 quod

431 3046 675 3115 prazcepit
699 3042 906 3114 Moyses
934 3044 991 3097 in
1019 3042 1371 3096 testimonium
1410 3038 1539 3093 illis.
1572 3035 1842 3109 (Hieron.)
1886 3036 2022 3091 Tres

2125 505 2366 565 namque
2411 496 2759 567 contingente
2786 498 3062 564 naturam,
3084 498 3152 552 ab
3179 499 3385 554 erroris
3413 500 3586 570 prisci
3621 516 3711 556 va-

2126 585 2321 640 rietate
2336 587 2686 652 mundentur,
2710 586 3031 656 possintque
3059 603 3183 643 cum
3206 590 3466 658 apostolis
3489 590 3681 646 audire
3705 610 3721 646 :

2124 677 2249 732 Iam
2277 695 2364 733 vos
2387 678 2573 733 mundi
2601 679 2745 745 estis,
2772 686 2987 749 propter
3021 695 3313 733 sermonem
3341 697 3495 751 quem
3520 682 3728 736 locutus

2127 787 2244 824 sum
2267 771 2412 825 vobis
2438 770 2618 842 (Joan.
2649 770 2795 843 xm),
2831 778 2888 826 et
2916 771 3009 841 qui
3033 771 3235 828 diutius
3275 773 3672 829 abominabiles
3695 792 3725 830 a

2127 861 2324 931 pepulo
2344 860 2439 915 Del
2459 869 2616 916 erant
2649 862 2846 917 castris
2872 862 3091 928 secreti,
3116 861 3233 931 jam
3264 861 3560 931 aliquando
3591 873 3726 920 tem-

2129 952 2217 1023 plo
2242 953 2392 1009 reddi
2409 962 2463 1008 et
2493 954 2766 1010 sacerdoti
2792 964 2992 1025 queant
3043 954 3251 1022 offerri,
3280 954 3358 1010 illi
3391 956 3604 1027 utique,
3637 957 3724 1012 cui

2131 1044 2363 1098 dicitur:
2406 1044 2484 1098 Tu
2510 1062 2564 1099 es
2590 1045 2836 1100 sacerdos
2871 1047 2925 1100 in
2954 1056 3206 1101 a’ternum
3237 1043 3409 1117 (Psal.
3437 1046 3575 1120 cu),
3633 1064 3728 1102 au-

2133 1135 2341 1191 dientes
2375 1137 2444 1192 ab
2465 1136 2758 1209 Apostolo:
2787 1137 3056 1210 Templum
3078 1140 3217 1193 enim
3233 1139 3329 1194 Dei
3358 1151 3602 1195 sanctum
3627 1152 3725 1207 est,

2130 1227 2270 1297 quod
2299 1229 2422 1283 estis
2458 1245 2548 1283 vos
2585 1228 2636 1301 (l
2665 1228 2789 1284 Cor.
2842 1231 2960 1302 Ill);
2999 1230 3337 1302 oll‘erantque
3389 1248 3490 1303 pro
3536 1248 3727 1288 emun—

2134 1318 2353 1375 datione
2377 1335 2494 1387 sua,
2526 1322 2666 1376 sicut
2691 1325 2948 1394 praecepit
2975 1324 3209 1397 Moyses,
3238 1325 3291 1380 id
3312 1334 3418 1395 est,
3443 1326 3724 1380 exhibeant

2133 1410 2355 1482 corpora
2384 1429 2483 1466 sua
2505 1413 2730 1468 hostiam
2759 1416 3031 1483 viventem,
3080 1427 3341 1483 sanctam,
3375 1417 3488 1473 Deo
3518 1417 3727 1488 placen-

2134 1508 2235 1553 tem
2267 1499 2444 1569 (Rom.
2474 1501 2573 1574 xu)
2594 1521 2606 1556 :
2628 1513 2684 1558 ut
2707 1502 2862 1573 juxta
2887 1505 3214 1575 Prophetam
3235 1508 3594 1577 conﬁteantur
3620 1509 3725 1562 Do—

2134 1590 2276 1643 mino
2308 1591 2696 1647 misericordias
2730 1594 2870 1664 ejus,
2892 1606 2940 1648 et
2968 1596 3235 1651 mirabilia
3271 1599 3388 1667 eius
3408 1598 3540 1667 ﬁliis
3559 1599 3725 1653 ltomiv

2134 1695 2282 1745 num,
2319 1689 2369 1734 et
2400 1684 2708 1737 annuntient
2738 1682 2921 1739 laudes
2950 1686 3067 1756 ejus
3096 1686 3152 1740 in
3183 1687 3403 1758 posteris
3430 1688 3563 1757 ﬁlim
3592 1688 3722 1745 Sion

2061 1771 2109 1830 Β
2138 1767 2311 1841 (Psal.
2340 1772 2482 1842 cvi);
2507 1772 2648 1827 sicut
2679 1773 2998 1843 praedictum
3026 1776 3299 1847 leprosum
3322 1776 3521 1834 fecisse
3574 1779 3721 1834 Har-

2137 1877 2233 1917 cus
2255 1873 2673 1920 commemorat:
2696 1865 2821 1935 quia
2851 1882 3192 1938 nequaquam
3217 1878 3531 1938 perceptum
3560 1871 3724 1924 bene-

2137 1949 2316 2006 ﬁcium
2351 1953 2437 2008 vel
2483 1955 2552 2010 ab
2596 1955 2711 2025 ipso
2767 1971 2798 2011 a
2830 1972 2937 2026 quo
2980 1967 3267 2028 acceperat
3303 1957 3514 2027 jussus,
3545 1969 3718 2025 tacet;

2136 2042 2264 2111 quin
2290 2044 2492 2112 potius,
2534 2045 2893 2118 Evangelista:
2922 2046 3140 2121 functus
3159 2048 3357 2115 olIicio,
3389 2066 3520 2106 mox
3548 2068 3723 2121 egres-

2134 2153 2222 2189 sus
2244 2137 2391 2206 coepit
2418 2138 2707 2208 praedicare
2729 2150 2776 2193 et
2789 2141 3070 2210 diﬂ'amare
3094 2158 3401 2206 sermonem,
3427 2144 3503 2197 ita
3534 2155 3593 2197 ut
3605 2145 3720 2214 jam

2134 2242 2237 2280 non
2267 2236 2436 2296 posset
2470 2228 2747 2298 manifeste
2771 2231 2826 2283 in
2846 2232 3104 2286 civitatem
3128 2234 3367 2298 introire,
3391 2236 3485 2288 sed
3509 2235 3643 2302 fon’s
3665 2237 3719 2291 in

2132 2318 2351 2373 desertis
2373 2317 2503 2373 locis
2526 2330 2681 2386 esset,
2710 2330 2759 2375 et
2793 2323 3159 2378 conveniebant
3211 2324 3279 2378 ad
3322 2341 3441 2379 eum
3466 2328 3715 2399 undique.

2132 2406 2339 2481 (.Greg.)
2395 2409 2549 2466 Unde
2594 2412 2789 2469 merito
2834 2415 3098 2483 quaeritur
3141 2415 3401 2485 quidnam
3448 2417 3524 2471 sit
3576 2419 3719 2487 quod

2130 2500 2391 2556 Dominus
2410 2503 2665 2558 nonnulla
2694 2520 2816 2575 quae
2845 2506 3013 2574 gessit
3042 2507 3300 2563 abscondi
3318 2508 3503 2577 jussit,
3530 2517 3589 2562 et
3620 2525 3721 2564 nec

2130 2590 2197 2645 ad
2224 2591 2414 2646 horam
2445 2601 2739 2664 potuerunt
2763 2595 3041 2651 abscondi.
3067 2595 3320 2667 Nunquid
3342 2599 3485 2652 enim
3522 2599 3714 2669 unige-

2129 2680 2275 2736 nitus
2291 2682 2484 2750 Filius,
2504 2683 2651 2740 Patri
2671 2694 2728 2741 et
2760 2685 2987 2758 Spiritui
3034 2696 3223 2744 sancto
3258 2698 3583 2754 coreternus,
3613 2690 3716 2745 hac

2128 2769 2183 2822 in
2211 2786 2269 2825 re
2298 2771 2435 2827 velle
2465 2774 2654 2830 habuit
2680 2776 2822 2845 quod
2848 2776 3070 2846 implere
3100 2793 3208 2832 non
3235 2777 3454 2849 potuit?
3487 2774 3596 2833 Sed
3623 2794 3715 2833 no-

2129 2860 2349 2917 tandum
2380 2863 2521 2932 quod
2544 2862 2875 2936 Redemptor
2902 2874 3089 2922 noster
3119 2883 3218 2938 per
3247 2867 3476 2924 mortale
3514 2882 3715 2938 corpus

2124 2968 2285 3008 omne
2313 2955 2455 3024 quod
2489 2956 2620 3028 egit,
2651 2958 2755 3012 hoc
2776 2957 2929 3013 nobis
2960 2958 3014 3012 in
3038 2958 3288 3030 exemplo
3318 2959 3551 3014 actionis
3577 2974 3715 3028 pra:—

2124 3041 2262 3097 buit.
2307 3045 2627 3101 Miraculum
2658 3064 2892 3119 namque
2920 3048 3123 3106 faciens
3146 3059 3199 3105 et
3232 3052 3398 3105 taceri
3435 3052 3619 3121 jussit,
3661 3061 3713 3104 et

432 3137 503 3191 ob
525 3151 725 3191 causas
744 3135 909 3190 mittit
932 3150 1053 3189 eum
1085 3135 1152 3189 ad
1174 3132 1504 3188 sacerdotes.
1529 3130 1770 3185 Primum
1797 3137 2020 3199 propter

2127 3143 2304 3190 tamen
2350 3138 2516 3192 taceri
2568 3154 2674 3193 non
2716 3140 2911 3209 potuit,
2963 3149 3022 3194 ut
3070 3141 3323 3195 videlicet
3370 3140 3529 3195 electi
3572 3139 3709 3208 ejus,

434 3228 817 3293 humilitatem,
847 3236 906 3281 ut
936 3224 1310 3281 sacerdotibus
1337 3223 1549 3279 deferre
1576 3221 1824 3276 videatur
1837 3221 2012 3274 hono-

433 3335 569 3374 rem.
595 3319 727 3373 Erat
746 3318 890 3373 enim
911 3323 1239 3387 praeceptum
1274 3314 1393 3385 lege
1420 3321 1480 3367 ut
1507 3312 1599 3382 qui
1628 3309 1871 3366 mundati
1901 3308 2016 3363 fue-

435 3421 559 3467 rant
588 3411 757 3482 lepra,
784 3408 1041 3465 oll‘errent
1068 3423 1293 3463 munera
1321 3404 1709 3462 sacerdotibus.
1729 3401 1931 3456 Deinde
1957 3408 2016 3455 ut

435 3504 753 3560 mundatum
776 3503 1023 3558 videntes
1046 3501 1339 3571 leprosum,
1373 3504 1466 3552 aut
1493 3495 1784 3552 crederent
1830 3490 2016 3547 Salva-

432 3596 558 3661 tori,
588 3603 680 3650 aut
704 3610 809 3651 non
836 3593 1158 3649 crederent:
1183 3591 1229 3647 si
1252 3589 1541 3646 crederent
1562 3586 1923 3649 salvarentur,
1968 3585 2014 3639 si

430 3704 538 3743 non
588 3686 876 3742 crederent
927 3682 1327 3740 inexeusabiles
1377 3680 1602 3734 ﬁerent:
1654 3686 1710 3731 et
1756 3676 1918 3732 simul
1947 3692 2017 3731 ne

432 3781 597 3853 (quod
619 3781 672 3835 in
703 3794 769 3835 eo
792 3778 1091 3848 saepissume
1118 3771 1574 3845 criminabantur)
1598 3771 1772 3842 legem
1808 3768 2017 3824 videre-

432 3885 519 3929 tur
539 3874 809 3943 frangere.
834 3866 1048 3942 (Beda.)
1077 3867 1373 3923 Ostenderc
1395 3880 1455 3919 se
1479 3862 1757 3919 sacerdoti
1767 3859 2012 3929 iubetur,

431 3973 492 4020 ut
534 3963 859 4033 intelligeret
915 3958 1170 4015 sacerdos
1208 3972 1331 4012 eum
1379 3971 1483 4010 non
1519 3954 1653 4024 legis
1677 3952 1888 4017 ordine,
1921 3951 2016 4007 sed

431 4056 603 4128 gratia
634 4055 729 4110 Dei
755 4068 918 4124 supra
940 4050 1115 4124 legem
1142 4064 1264 4105 esse
1292 4056 1561 4103 curatum.
1593 4043 1804 4101 Ollerre
1830 4052 2015 4099 autem

432 4149 779 4215 sacriﬁcium,
811 4154 869 4201 ut
891 4145 1205 4202 ostenderet
1252 4141 1513 4198 Dominus
1550 4138 1678 4210 quia
1708 4137 1882 4209 legem
1907 4151 2017 4191 non

432 4242 684 4304 solveret,
708 4240 802 4295 sed
829 4237 1098 4309 impleret.
1122 4231 1532 4302 Quisecundum
1556 4230 1725 4301 legem
1741 4228 2013 4299 gradiens,

431 4350 594 4404 supra
628 4332 799 4404 legem
826 4314 1044 4386 sanaret
1064 4342 1200 4401 quos
1225 4324 1463 4381 remedia
1487 4323 1618 4394 legis
1654 4337 1760 4376 non
1791 4335 2017 4375 sanave-

432 4433 578 4479 runt.
604 4424 670 4478 Et
696 4423 838 4478 bene
867 4420 1036 4486 addit,
1068 4420 1125 4481 in
1145 4418 1493 4473 testimonium
1521 4414 1648 4478 illis,
1689 4414 1792 4468 hoc
1834 4418 1919 4467 est
1968 4412 2013 4466 si

432 4515 661 4571 Domino
687 4513 933 4576 credant,
967 4485 1333 4578 siimpietatis
1358 4508 1507 4577 lepra
1536 4505 1797 4560 discedat.
1828 4502 2013 4573 (Aug.)
2045 4485 2096 4543 D

351 4680 356 4684 .
431 4604 585 4672 Quod
605 4603 651 4657 si
676 4615 835 4677 quem
874 4607 1055 4655 movet
1082 4598 1353 4668 quomodo
1400 4595 1661 4650 Dominus
1717 4593 2013 4648 Mosaicum

429 4696 680 4751 videatur
695 4691 998 4763 approbare
1039 4687 1383 4751 sacriﬁcium,
1418 4700 1542 4739 cum
1573 4685 1625 4739 id
1660 4700 1766 4739 non
1797 4699 2016 4754 recepe-

430 4785 789 4851 ritEcclesia,
818 4780 1123 4837 meminerit
1153 4779 1390 4834 nondum
1426 4776 1655 4848 coepisse
1682 4776 2012 4832 sacriﬁcium

432 4881 692 4936 Sanctum
717 4882 1050 4938 sanctorum,
1077 4871 1218 4942 quod
1240 4885 1438 4940 corpus
1468 4876 1554 4923 cst
1584 4867 1720 4937 ejus.
1760 4866 2010 4923 Nondum

428 4972 574 5028 enim
603 4970 875 5025 obtulerat
902 4966 957 5020 in
981 4967 1232 5036 passione
1263 4963 1635 5039 holocaustum
1681 4977 1863 5015 suum.
1897 4959 2012 5015 Non

429 5072 608 5119 autem
624 5060 907 5132 oportebat
928 5057 1127 5112 auferri
1152 5056 1507 5126 significantia
1526 5054 1818 5119 sacriﬁcia,
1842 5054 2019 5123 prius-

430 5172 591 5227 quam
622 5155 752 5215 illud
792 5154 934 5224 quod
984 5150 1391 5222 signiﬁcabatur
1441 5147 1825 5203 conﬁrmatum
1873 5154 2021 5200 esset

431 5248 825 5306 contestatione
855 5244 1219 5316 apostolorum
1242 5242 1671 5311 praedicautium,
1695 5247 1755 5293 et:
1772 5239 1876 5295 ﬁde
1900 5254 2018 5294 cre-

430 5342 671 5397 dentium
707 5332 1438 5411 populorum.(Victorinus.)
1480 5334 1616 5400 Quia
1669 5348 1803 5388 vero
1840 5332 2018 5404 typice

430 5433 514 5485 vir
539 5432 641 5487 iste
654 5430 892 5502 peccatis
912 5427 1224 5498 languidum
1241 5439 1410 5494 genus
1429 5424 1989 5495 designathumanum
2002 5464 2016 5488 ,

436 5528 580 5577 recte
602 5538 706 5577 non
730 5520 901 5575 solum
928 5520 1195 5590 lcprosus,
1222 5518 1314 5572 sed
1344 5526 1397 5571 et
1430 5516 1640 5586 plenius
1666 5516 1840 5588 lepra,
1858 5515 2015 5585 juxta

436 5614 597 5665 alium
627 5613 1045 5683 Evangelistum,
1074 5611 1416 5665 describitur.
1440 5608 1630 5664 Omnes
1668 5613 1803 5666 enim
1831 5627 2015 5681 pecca-

439 5713 643 5766 gérunt,
671 5715 716 5756 ct
744 5716 885 5771 egent
914 5704 1081 5772 gloria
1132 5703 1249 5757 Dci.
1303 5703 1396 5758 Illa
1428 5704 1660 5771 scilicet,
1694 5715 1753 5758 ut
1799 5714 2014 5759 extenta

2116 3227 2360 3297 exempla
2383 3228 2641 3284 doctriute
2668 3229 2809 3285 illius
2841 3240 3148 3300 sequentes,
3180 3232 3233 3285 in
3258 3230 3469 3301 magnis
3489 3246 3611 3300 qua:
3636 3230 3715 3283 fa-

2116 3316 2266 3371 ciunt
2288 3316 2457 3372 latere
2476 3318 2696 3388 quidem
2726 3321 2779 3374 in
2807 3321 3083 3377 voluntate
3113 3322 3362 3385 habeant,
3390 3322 3486 3376 sed
3508 3329 3708 3392 utpro-

2116 3406 2227 3461 sint
2260 3407 2380 3463 aliis
2410 3411 2711 3480 prodantur
2735 3412 2919 3466 inviti:
2950 3422 3219 3482 quatenus
3256 3421 3313 3467 et
3350 3428 3563 3483 magna!
3606 3412 3709 3467 hu-

2115 3495 2361 3552 militatis
2411 3507 2555 3564 sunt,
2590 3502 2731 3569 quod
2771 3517 2867 3556 sua
2904 3518 3069 3572 opera
3112 3504 3279 3558 taceri
3326 3512 3624 3574 appetunt;
3658 3513 3715 3558 et

2118 3601 2323 3658 magna:
2339 3590 2656 3647 humilitatis
2680 3591 2866 3664 [Forte
2893 3596 3282 3669 venerationis]
3300 3606 3447 3663 sunt,
3460 3597 3607 3668 quod
3623 3613 3713 3652 eo-

2116 3696 2237 3735 rum
2264 3697 2428 3752 opera
2466 3685 2632 3740 taceri
2663 3702 2768 3741 non
2795 3698 3045 3758 possunt.
3104 3689 3221 3746 Non
3267 3705 3399 3761 ergo
3449 3691 3710 3746 Dominus

2115 3775 2285 3829 voluit
2331 3776 2627 3846 quidquam
2685 3779 2823 3845 ﬁeri,
2854 3790 2908 3835 et
2946 3782 3166 3837 minime
3209 3784 3406 3853 potuit.
3440 3783 3545 3838 Sed
3579 3784 3711 3853 quid

2126 3865 2264 3920 velle
2293 3867 2410 3937 ejus
2440 3868 2681 3924 membra
2711 3870 2958 3939 debeant,
2982 3874 3177 3943 quidve
3205 3876 3271 3930 de
3311 3876 3391 3931 eis
3413 3876 3577 3931 etiam
3614 3891 3716 3931 no-

2129 3956 2365 4013 lentibus
2397 3957 2509 4025 ﬁat,
2563 3960 2820 4017 doctrina:
2867 3964 3178 4036 magisterio
3205 3967 3515 4037 exemplum
3540 3966 3709 4022 dedit.

2116 4045 2244 4102 Post
2269 4047 2383 4104 haec
2408 4052 2754 4121 prosequitur
2774 4052 3058 4110 Mattbaeus
3079 4064 3134 4111 et
3156 4057 3291 4112 dicit
3318 4075 3330 4110 :

2189 4156 2320 4211 Cum
2368 4168 2542 4214 autem
2585 4161 2849 4216 introisset
2900 4161 3270 4233 Capharnaum
3296 4205 3312 4229 ,
3358 4169 3576 4220 accessit
3630 4167 3702 4218 ad

2117 4263 2233 4301 eum
2278 4249 2538 4315 centurio,
2587 4267 2775 4321 rogans
2812 4269 2930 4306 eum
2971 4264 3019 4307 et
3058 4253 3259 4321 dicens,
3290 4254 3537 4321 Domine,
3576 4272 3711 4326 puer

2118 4354 2260 4392 mens
2296 4339 2437 4408 jacet
2484 4340 2538 4394 in
2576 4341 2730 4395 domo
2765 4343 3087 4414 paralyticus
3130 4354 3179 4399 et
3222 4344 3360 4399 male
3408 4355 3705 4416 torquetur.

2123 4429 2236 4502 [IL]
2279 4431 2550 4497 Qumritur
2599 4434 2867 4503 quomodo
2918 4436 3202 4492 conveniat
3248 4437 3398 4508 quod
3420 4437 3706 4493 Mattbteus

2123 4522 2299 4591 ipsum
2353 4524 2724 4579 centurionem
2771 4527 3066 4582 accessisse
3116 4529 3182 4582 ad
3210 4528 3502 4584 Dominum
3545 4530 3708 4593 dicat,

2125 4630 2248 4669 cum
2273 4614 2449 4671 Lucas
2468 4625 2656 4671 narret
2683 4618 2833 4672 illum
2849 4620 3067 4676 nuntios
3086 4621 3329 4677 misisse:
3347 4621 3703 4687 Centurionis,

2100 4704 2322 4779 ‘inquit,
2346 4707 2621 4777 cujusdam
2651 4726 2828 4764 servus
2863 4712 2999 4764 male
3020 4711 3214 4766 habens
3240 4722 3354 4767 erat
3393 4714 3705 4777 moriturus,

2125 4794 2214 4864 qui
2268 4804 2379 4847 erat
2422 4794 2502 4848 illi
2545 4796 2841 4865 pretiosus,
2891 4807 2939 4851 et
2989 4815 3106 4852 cum
3161 4801 3397 4854 audisset
3449 4801 3517 4855 de
3552 4799 3707 4864 Iesu,

2127 4885 2267 4939 misit
2312 4885 2380 4938 ad
2423 4902 2541 4939 cum
2595 4888 2822 4942 seniores
2868 4889 3205 4956 Judworum,
3260 4909 3453 4962 rogans
3493 4910 3613 4948 eum
3653 4905 3708 4948 nt

2123 4979 2313 5032 veniret
2358 4988 2404 5031 et
2449 4977 2672 5032 salvaret
2713 4997 2918 5034 servum
2962 4982 3077 5051 ejus
3126 4981 3278 5053 (Luc.
3307 4983 3430 5052 vn).
3478 4982 3588 5039 Sed
3621 4984 3709 5056 pie

2123 5070 2487 5138 qumrenlibus
2542 5070 2697 5124 facile
2744 5081 2892 5140 patet
2920 5076 3064 5140 quod
3094 5072 3380 5129 Mattlizeus
3422 5074 3706 5131 brevitatis

2123 5176 2284 5214 causa
2312 5160 2509 5215 dixerit
2539 5161 2711 5230 ipsum
2742 5164 3055 5218 accessisse.
3089 5162 3254 5232 Cujus
3284 5166 3616 5221 desiderium
3653 5175 3708 5222 et

2122 5251 2369 5305 voluntas
2394 5252 2459 5304 al
2486 5252 2769 5306 Dominum
2801 5254 3086 5320 veraciter,
3116 5255 3239 5310 aliis
3262 5255 3391 5311 licet
3418 5256 3708 5313 deferenti-

2123 5341 2244 5406 bus,
2275 5351 2358 5396 est
2391 5341 2598 5412 perlata
2624 5360 2635 5394 :
2666 5343 2894 5413 mystice
2939 5344 3104 5398 etiam
3136 5345 3293 5409 nobis
3317 5347 3705 5401 commendans

2125 5433 2227 5487 hoc
2253 5432 2394 5503 quod
2431 5434 2689 5502 scriptum
2719 5444 2831 5489 est:
2861 5434 3115 5490 Accedite
3143 5436 3210 5490 ad
3238 5452 3381 5500 eum,
3414 5448 3473 5492 et
3509 5438 3703 5492 illumi-

2122 5526 2342 5579 namini.
2374 5524 2506 5579 Nam
2534 5526 2660 5594 quia
2687 5526 2846 5582 ﬁdem
2877 5528 3229 5594 centurionis,
3257 5543 3363 5598 qua
3392 5545 3521 5585 vere
3546 5543 3701 5585 acce-

2124 5617 2266 5669 ditur
2298 5616 2363 5670 ad
2392 5616 2604 5682 desum,
2647 5618 2760 5687 ipse
2802 5618 2873 5671 ita
2913 5618 3147 5673 laudavit
3194 5628 3253 5674 ut
3281 5621 3486 5676 diceret
3523 5642 3534 5674 :
3577 5623 3704 5680 Non

2124 5708 2290 5760 ἰηιρηί
2322 5717 2518 5760 tantam
2553 5707 2709 5774 [idem
2753 5708 2805 5759 in
2836 5706 3033 5775 Israel,
3078 5711 3250 5780 ipsum
3293 5712 3475 5778 potius
3518 5691 3703 5769 πεδί·
