3978 6190
237 378 333 438 857

1185 369 1540 428 COMMENT.
1579 372 1646 427 ΙΝ
1684 372 2124 430 MATTIUEUM.
2163 405 2235 417 —-
2269 375 2403 432 LIB.
2441 375 2527 432 lll.

3382 384 3486 441 858

231 494 357 551 sisse
384 488 450 543 ad
471 474 749 542 Christum
776 484 955 541 dicere
983 485 1154 542 voluit
1179 487 1416 557 prudens
1445 487 1797 559 evangelista,
1827 491 1881 551 Α
1975 487 2051 541 De
2114 503 2222 558 quo
2266 490 2490 559 pulchre
2529 505 2631 562 per
2656 486 2821 547 alium
2862 493 3248 566 evangelistam
3291 497 3487 556 dicitur

229 597 380 655 quam
409 569 529 633 illos
558 592 658 646 per
682 591 819 647 quos
845 576 1013 631 verba
1048 591 1144 632 sua
1175 577 1418 631 miserat.

295 672 456 726 Porro
500 676 680 722 autem
729 666 905 721 Lucas
957 666 1077 721 ideo
1126 675 1297 721 totum
1347 667 1800 737 quemadmodum

229 771 425 836 gestum
464 760 538 815 sit
577 758 812 828 aperuit,
845 764 904 812 ut
943 774 1008 814 ex
1054 759 1160 813 hoc
1192 758 1490 829 intelligere
1518 774 1800 829 cogamur,

228 851 667 923 quemadmodum
713 850 1009 906 accessisse
1036 849 1236 904 dixerit
1266 849 1432 916 alius,
1464 851 1554 919 qui
1584 849 1800 903 mentiri

231 960 325 998 non
350 941 543 1012 potuit.
591 939 747 995 Sicut
771 940 918 995 enim
946 940 1033 995 illa
1062 939 1259 994 mulier
1287 956 1406 1011 quae
1436 939 1640 994 ﬂuxum
1676 956 1800 995 san-

227 1033 390 1106 guinis
414 1032 749 1103 patiebatur,
778 1031 1027 1101 quamvis
1053 1028 1324 1084 ﬁmbriam
1345 1030 1652 1085 vestimenti
1684 1030 1801 1099 ejus

228 1125 465 1189 tenuerit,
506 1123 678 1193 magis
707 1131 910 1188 tamen,
942 1123 1068 1193 quia
1103 1122 1362 1186 credidit,
1405 1121 1581 1192 tetigit
1618 1120 1800 1175 Domi—

225 1231 364 1277 num,
391 1214 555 1283 qua‘m
592 1212 697 1267 illa:
718 1211 893 1267 turbat
920 1226 952 1265 a
972 1212 1172 1282 quibus
1205 1211 1556 1281 premebatur
1579 1208 1794 1281 (Matth.

225 1306 321 1378 ix);
357 1307 430 1360 ita
467 1312 524 1360 et
550 1303 818 1370 centurio,
858 1319 965 1373 quo
994 1304 1167 1375 magis
1215 1302 1465 1367 credidit,
1517 1317 1582 1357 eo
1627 1302 1800 1372 magis

224 1398 438 1454 accessit
487 1398 554 1452 ad
594 1396 902 1452 Dominum.
963 1394 1162 1468 (0rig.)
1209 1395 1452 1450 Accessit
1497 1394 1796 1465 alienigena

222 1491 587 1562 generatione,
614 1490 711 1546 sed
736 1488 1067 1545 domesticus
1097 1488 1289 1555 corde;
1323 1488 1531 1543 alienus
1554 1487 1798 1551 natione,

220 1585 304 1638 sed
332 1583 514 1638 alacer
541 1580 668 1646 ﬁde,
700 1581 931 1636 militum
975 1580 1249 1652 princeps,
1282 1588 1338 1634 et
1369 1579 1550 1634 socius
1580 1576 1797 1648 angelo-

219 1689 347 1727 rum.
386 1671 536 1725 Multi
564 1671 619 1725 in
650 1670 742 1726 illo
771 1679 1012 1742 tempore
1036 1686 1137 1741 pro
1166 1669 1397 1725 diversis
1423 1667 1687 1739 rogabant
1716 1667 1798 1721 in-

219 1766 559 1823 ﬁrmitatibus
582 1784 595 1819 :
622 1766 763 1821 alios
782 1781 883 1837 pro
912 1765 1043 1831 ﬁlio,
1073 1765 1210 1819 alius
1240 1780 1340 1835 pro
1368 1765 1473 1819 alio
1499 1764 1701 1833 aliquo,
1741 1770 1797 1816 et

1903 576 2054 650 (Luc.
2080 580 2215 653 vn):
2248 580 2385 647 Quia
2410 580 2596 637 Jesum
2640 598 2746 637 non
2784 583 2940 655 longe
2969 585 3199 642 haberet
3240 602 3271 641 a
3304 588 3488 654 domo,

1903 673 2118 727 tametsi
2145 674 2244 728 sub
2274 682 2473 729 tectum
2508 692 2662 730 suum
2700 677 2930 733 invitare
2958 695 3062 735 non
3091 681 3335 749 auderet,
3364 684 3490 752 quia

1900 778 2058 832 prope
2087 762 2320 817 timentes
2348 781 2465 817 eum
2490 764 2725 819 salutare
2758 767 2922 836 ipsius
2953 765 3126 841 (Psal.
3152 771 3397 844 Lxxxw).
3423 771 3493 827 Et

1901 851 1995 921 qui
2040 852 2270 906 naturali
2320 853 2436 925 lege
2471 861 2620 909 recte
2674 855 2863 921 utitur,
2894 871 3001 927 quo
3028 857 3168 912 bona
3195 876 3316 929 qua:
3344 861 3492 914 novit

1901 942 2127 1014 gnavius
2155 952 2431 1014 operatur,
2463 962 2530 1000 eo
2568 945 2644 1000 illi
2672 945 2765 1017 qui
2793 962 2921 1002 vere
2950 946 3125 1003 bonus
3169 958 3253 1003 est
3291 964 3493 1020 appro-

1900 1032 2033 1102 piat.
2078 1032 2148 1086 At
2174 1034 2263 1103 qui
2290 1036 2462 1089 errori
2489 1034 2809 1106 gentilitatis
2838 1036 3002 1091 etiam
3033 1037 3263 1092 crimina
3286 1039 3488 1109 junxe-

1903 1129 2049 1188 runt,
2078 1122 2162 1177 liis
2189 1123 2363 1193 aptari
2389 1122 2567 1193 potest
2594 1125 2738 1195 quod
2768 1125 3164 1183 conﬂuentibus
3191 1127 3258 1182 ad
3284 1143 3344 1184 se
3369 1137 3485 1183 tur-

1903 1211 1989 1266 bis
2018 1211 2147 1267 alibi
2170 1214 2433 1270 Dominus
2466 1215 2543 1269 ait
2567 1232 2580 1269 :
2609 1214 2841 1282 Quidam
2876 1218 3016 1272 enim
3040 1233 3105 1273 ea:
3129 1218 3211 1273 his
3250 1219 3315 1274 de
3337 1219 3488 1291 longe

1900 1314 2151 1369 venerunt
2178 1303 2371 1376 (Marc.
2404 1307 2548 1378 vui).

1973 1396 2080 1451 Sed
2130 1406 2333 1450 tantum
2380 1398 2464 1452 dic
2510 1400 2684 1465 verbo,
2735 1408 2782 1453 et
2831 1401 3108 1454 sanabitur
3143 1417 3274 1471 puer
3320 1396 3487 1455 meus.

1902 1485 2093 1557 Magna
2133 1487 2268 1543 ﬁdes
2310 1491 2665 1556 centurionis,
2696 1507 2803 1562 qua
2833 1492 2983 1547 verbi
3010 1508 3146 1562 opus
3187 1493 3240 1547 in
3270 1492 3489 1550 Christo

1900 1576 2208 1645 conﬁtetur,
2243 1588 2298 1633 et
2324 1588 2525 1636 nostra:
2568 1581 2865 1636 sanationis
2903 1582 3247 1637 accommoda
3284 1592 3478 1653 myste-

1902 1668 2019 1733 riis,
2042 1670 2131 1738 qui
2157 1671 2260 1726 etsi
2283 1685 2610 1728 noveramus
2629 1673 2927 1728 secundum
2950 1688 3170 1728 carnem
3191 1672 3488 1737 Christum,

1900 1758 1994 1813 sed
2012 1757 2127 1827 jam
2155 1776 2297 1816 nunc
2323 1778 2435 1817 non
2466 1764 2735 1819 novimus.

217 1858 383 1913 nullus
401 1874 502 1929 pro
524 1874 703 1924 servo,
722 1858 823 1913 nisi
848 1858 952 1914 iste
968 1858 1133 1913 solus.
1155 1858 1338 1913 Etboc
1361 1858 1426 1913 ad
1450 1862 1797 1927 augmentum
1830 1849 1876 1907 Β
1977 1849 2120 1903 Nam
2158 1861 2205 1906 et
2246 1869 2341 1922 ego
2371 1853 2527 1906 homo
2566 1870 2705 1918 sum,
2744 1853 2840 1908 sub
2866 1863 3120 1924 potestate
3155 1856 3489 1921 constitutus,

216 1951 572 2017 beatitudinis,
596 1950 663 2005 ad
688 1965 942 2006 coronam
967 1950 1151 2020 gloria:
1173 1956 1314 2015 erat,
1343 1949 1487 2019 quod
1513 1962 1610 2017 pro
1636 1962 1795 2002 servo

216 2047 317 2094 tam
347 2041 625 2096 humiliter
651 2042 937 2096 Dominum
968 2041 1369 2111 interpellabat,
1401 2042 1625 2097 dicens:
1651 2040 1798 2095 Puer

213 2149 350 2186 meus
368 2133 514 2202 jacet
553 2134 606 2186 in
638 2133 827 2199 domo;
875 2148 980 2188 non
1013 2132 1066 2186 in
1095 2148 1198 2186 una
1231 2148 1290 2187 re
1318 2140 1526 2187 tantum
1566 2131 1793 2185 misera-

212 2222 346 2288 bilis,
375 2222 517 2293 quod
535 2224 704 2293 jacet,
729 2223 822 2278 sed
844 2232 897 2279 et
925 2224 976 2277 iu
1002 2222 1126 2287 alia,
1154 2222 1297 2293 quod
1320 2221 1666 2293 paralyticus,
1687 2229 1794 2275 ter-

214 2312 281 2366 tia
300 2314 439 2382 quod
464 2314 601 2368 male
622 2323 914 2385 torquetur.
945 2312 1136 2369 Omnia
1163 2314 1309 2369 enim
1336 2314 1438 2368 ista
1465 2328 1587 2366 cum
1609 2311 1795 2366 dolore

209 2401 625 2471 cognominavit,
659 2410 714 2457 et
754 2401 1044 2471 jacentem,
1073 2411 1126 2459 et
1169 2403 1553 2473 paralyticum,
1584 2409 1637 2456 et
1662 2402 1795 2457 dure

210 2491 514 2558 detentum;
548 2493 670 2548 ideo
699 2500 756 2546 ut
781 2508 891 2547 suae
917 2493 1113 2547 animae
1139 2494 1419 2563 angustias
1447 2493 1794 2547 demonstra-

210 2591 305 2648 ret,
357 2593 414 2639 et
447 2585 735 2640 Dominum
783 2592 1195 2650 commoveret,
1255 2592 1521 2654 quatenus
1560 2591 1616 2638 et
1653 2584 1807 2637 illius

208 2674 514 2729 cruciatum
541 2683 892 2740 monstraret,
931 2684 987 2729 et
1012 2675 1225 2729 Domini
1250 2674 1680 2730 benevolentiam
1713 2675 1792 2729 in-

205 2761 419 2817 vitaret.
452 2762 544 2817 Sic
567 2762 764 2818 debent
802 2778 991 2819 omnes
1020 2764 1111 2833 qui
1142 2763 1375 2819 famulos
1403 2764 1604 2819 habent
1630 2772 1684 2820 et
1710 2765 1793 2833 tae

204 2851 400 2915 mulas,
431 2851 703 2922 cogitare,
736 2852 814 2907 sic
858 2853 1126 2920 misereri,
1156 2855 1235 2909 sic
1262 2854 1546 2910 condolere
1572 2855 1667 2919 eis,
1714 2856 1795 2909 sic

204 2941 530 3013 supplicare,
566 2943 645 2997 sic
670 2958 855 2998 curam
894 2945 1097 3000 habere
1140 2948 1207 3001 de
1234 2946 1406 3011 servis
1448 2947 1585 3013 suis,
1614 2946 1699 3002 vel
1726 2945 1793 3002 de

204 3032 434 3097 ancillis,
458 3033 602 3088 sicut
625 3041 681 3087 et
708 3033 797 3088 ille
819 3035 1013 3090 beatus
1043 3038 1292 3093 centurio
1322 3037 1469 3094 fecit.

269 3122 339 3176 Et
393 3124 473 3176 ait
520 3122 602 3177 illi
647 3123 850 3179 Iesus:
882 3125 992 3197 Ego
1045 3128 1271 3195 veniam,
1310 3141 1357 3183 et
1406 3131 1599 3185 curabo
1648 3148 1788 3189 eum.

1898 1939 2091 1995 habens
2126 1942 2221 1995 sub
2257 1958 2339 1997 me
2372 1942 2586 1998 milites.
2641 1943 2840 2017 (0rig.)
2869 1944 3150 2012 Quomodo
3187 1962 3218 2000 a
3249 1947 3492 2002 tenebris

1896 2032 2139 2101 gentium
2184 2040 2394 2087 tantum
2417 2036 2685 2104 processit
2717 2034 2944 2090 lumen?
2993 2036 3274 2104 Quomodo
3298 2051 3489 2092 eorum

1896 2123 2065 2177 Deum
2102 2138 2210 2178 non
2242 2126 2686 2194 cognoscentium
2717 2133 2868 2180 tanta
2899 2126 3250 2183 manifestata
3294 2137 3380 2184 est
3402 2128 3490 2197 ju-

1896 2211 2082 2265 stitia?
2106 2210 2386 2289 Quomodo
2411 2228 2478 2267 ex
2504 2228 2600 2268 ore
2629 2214 2916 2269 stultorum
2948 2215 3105 2271 idolis
3135 2217 3487 2272 servientium

1897 2308 2009 2355 tam
2029 2301 2248 2373 limpida
2271 2301 2474 2357 eﬁ‘ulsit
2499 2303 2652 2358 ﬁdes.
2675 2302 2891 2376 (Beda.)
2918 2304 3204 2360 Hominem
3230 2321 3288 2361 se
3310 2314 3366 2361 et
3393 2321 3491 2375 po—

1897 2392 2077 2445 testati
2102 2379 2187 2446 vel
2218 2392 2540 2459 tribuni,ve|
2570 2394 2818 2463 prmsidis
2849 2394 3123 2449 subditum
3150 2396 3300 2460 dicit,
3319 2397 3488 2465 impe-

1896 2493 2020 2534 rare
2057 2486 2239 2534 tamen
2285 2495 2449 2550 posse
2494 2481 2831 2550 minoribus;
2879 2492 2940 2538 ut
2976 2484 3334 2540 subaudiatur
3360 2500 3485 2541 eum

1894 2570 2065 2625 multo
2098 2570 2274 2644 magis
2295 2573 2387 2641 qui
2408 2572 2551 2628 Deus
2575 2573 2649 2628 sit
2675 2581 2732 2628 et
2759 2588 2924 2645 super
2944 2576 3123 2631 omnia
3152 2584 3364 2644 potens,
3397 2576 3480 2629 in-
3526 2646 3533 2655 ἱ

1895 2676 2176 2717 numeram
2226 2662 2446 2719 virtutis
2489 2665 2767 2735 angelicae,
2813 2681 2934 2736 qua:
2972 2666 3038 2720 ad
3071 2667 3329 2737 imperata
3385 2668 3486 2722 ob-

1896 2761 2190 2823 temperet,
2217 2754 2422 2810 babere
2448 2755 2745 2822 militiam;
2781 2764 2837 2812 et
2872 2756 3053 2813 dicere
3089 2757 3387 2814 inﬁrmitati
3426 2767 3484 2814 ut

1895 2846 2135 2912 recedat,
2162 2855 2217 2903 et
2255 2848 2497 2915 recedet,
2531 2857 2586 2904 et
2615 2850 2837 2905 sanitati
2868 2861 2927 2905 ut
2950 2851 3151 2918 veniat,
3182 2863 3239 2907 et
3271 2854 3481 2920 veniet;

1895 2940 2078 2994 omnia
2121 2940 2267 2995 enim
2302 2949 2478 3010 potes,
2527 2942 2651 3013 quia
2695 2944 3038 3014 omnipotens
3089 2947 3182 3002 es?
3229 2946 3357 3002 Inde
3397 2963 3483 3003 se-

1894 3030 2119 3099 quﬁur:

1963 3118 2035 3173 Et
2060 3120 2178 3174 dico
2200 3121 2347 3188 huic,
2374 3121 2534 3190 Vade,
2565 3134 2613 3178 et
2641 3125 2815 3190 vadit;
2839 3134 2889 3179 et
2910 3125 3028 3192 alii,
3066 3124 3215 3194 Veni,
3234 3138 3283 3181 et
3312 3130 3485 3195 venit;

205 3212 471 3288 (Hieron)
516 3215 710 3287 Magna
731 3217 950 3273 Domini
996 3220 1321 3288 sublimitas,
1350 3224 1442 3292 qui
1481 3223 1595 3278 solo
1625 3224 1791 3279 verbo

1900 3220 1943 3263 et
1966 3227 2111 3265 servo
2132 3229 2266 3278 meo,
2294 3211 2407 3267 Fac
2427 3215 2545 3281 hoc,
2574 3224 2620 3268 et
2645 3214 2790 3283 facit.
2815 3215 3015 3289 (IIier.)
3049 3218 3171 3273 Vult
3196 3221 3485 3277 ostendere

202 3319 390 3362 curare
412 3306 652 3373 valebat,
679 3308 775 3363 sed
802 3324 907 3364 non
932 3309 1112 3367 minor
1135 3312 1434 3379 humilitas,
1460 3314 1549 3384 qui
1577 3328 1792 3370 servum

203 3396 447 3467 dignatus
505 3406 588 3454 est
634 3400 859 3456 visitare
914 3402 1280 3474 languentem.
1362 3405 1481 3462 Non
1531 3405 1794 3464 debemus

203 3488 341 3542 enim
381 3490 435 3544 in
462 3490 571 3546 hoc
593 3490 871 3560 iactantia:
920 3510 1149 3567 arguere
1172 3498 1481 3564 Dominum,
1513 3500 1640 3569 quia
1684 3510 1793 3556 sta-

203 3574 293 3628 tim
321 3591 380 3630 se
406 3578 613 3632 iturum
641 3588 695 3634 et
725 3590 1039 3637 sanaturum
1062 3586 1347 3654 promittit,
1378 3588 1569 3644 videns
1599 3598 1790 3645 centu-

201 3663 364 3722 rionis
392 3667 580 3735 ﬁdem,
617 3671 1001 3741 lmmilitatem,
1036 3686 1091 3731 et
1112 3679 1452 3748 prudentiam
1478 3699 1493 3750 ;
1519 3681 1703 3749 ﬁdem,
1734 3683 1793 3737 in

202 3769 262 3810 eo
296 3759 439 3827 quod
481 3773 551 3813 ex
595 3763 846 3831 gentibus
896 3767 1130 3822 credidit
1174 3785 1403 3839 puerum
1438 3787 1470 3826 a
1510 3771 1792 3829 Salvatore

201 3860 352 3913 posse
382 3850 606 3916 sanari;
659 3853 1045 3920 humilitatem,
1091 3859 1235 3926 quod
1266 3873 1323 3913 se
1342 3858 1607 3927 judicavit
1653 3863 1793 3917 indi-

201 3950 379 4006 gnum,
430 3940 595 4011 cujus
648 3950 849 3998 tectum
900 3946 1167 4011 intraret;
1227 3947 1591 4017 prudentiam,
1648 3953 1791 4021 quod

203 4028 336 4085 ultra
371 4034 622 4104 corporis
662 4042 877 4106 tegmen
914 4037 1248 4094 divinitatem
1290 4039 1545 4096 latentem
1571 4043 1789 4109 viderit,

199 4122 372 4180 sciens
402 4142 516 4182 non
547 4127 602 4181 id
634 4128 735 4182 sibi
763 4127 1107 4198 profuturum
1135 4131 1280 4200 quod
1308 4133 1473 4187 etiam
1511 4134 1579 4189 ab
1610 4134 1789 4191 incre-

200 4210 706 4285 dulis‘videbatur,
752 4220 846 4275 sed
898 4220 953 4275 id
995 4223 1139 4289 quod
1182 4222 1387 4278 latebat
1438 4225 1785 4281 intrinsecus.

199 4306 491 4380 Oiselius.)
539 4308 682 4364 Alibi
724 4311 791 4364 ad
845 4312 1147 4367 sanandum
1194 4315 1367 4385 reguli
1396 4314 1565 4371 ﬁlium
1601 4318 1790 4373 venire

201 4399 398 4465 noluit,
463 4415 537 4455 ne
568 4401 787 4456 divitias
832 4402 1131 4459 lionorasse
1180 4405 1457 4461 videretur
1498 4427 1510 4461 :
1559 4409 1668 4474 hic,
1722 4425 1789 4464 ne

199 4493 560 4547 conditionem
600 4493 871 4563 sprevisse
916 4494 1189 4562 servilem,
1227 4491 1295 4552 ad
1323 4497 1657 4554 centurionis
1704 4498 1786 4554 fa-

200 4581 395 4637 mulum
427 4598 555 4638 mox
590 4584 670 4637 ire
698 4586 988 4640 consentit.

263 4670 329 4724 Et
370 4674 691 4743 respondens
729 4677 966 4729 centurio
1020 4678 1114 4742 ait,
1147 4677 1387 4743 Domine,
1417 4698 1519 4735 non
1546 4697 1662 4735 sum
1695 4682 1784 4735 di-

195 4777 319 4828 gnus
348 4776 403 4815 ut
433 4765 600 4817 intres
621 4764 717 4817 sub
739 4773 923 4819 tectum
947 4784 1137 4821 meum.
1168 4768 1383 4841 (Beda.)
1413 4770 1642 4842 Propter
1658 4773 1782 4828 vita:

197 4852 407 4918 gentilis
449 4854 875 4921 conscientiam,
908 4858 1126 4927 gravari
1160 4864 1220 4915 se
1260 4862 1431 4933 magis
1473 4863 1782 4933 dignatione

195 4946 402 5013 putavit
429 4947 647 5002 Domini
679 4964 842 5018 quam
884 4948 1087 5017 juvari,
1119 4969 1217 5007 nec
1257 4969 1417 5022 posse
1450 4956 1652 5010 habere
1689 4956 1782 5010 ho-

197 5035 385 5102 spitem
415 5037 722 5104 Christum,
759 5038 930 5107 cujus,
959 5041 1062 5094 etsi
1093 5041 1196 5096 ﬁde
1220 5044 1496 5112 praeditus,
1544 5045 1781 5100 nondum

198 5128 370 5178 tamen
402 5134 524 5180 erat
548 5129 905 5182 sacramentis
938 5129 1197 5184 imbutus.
1232 5130 1337 5184 Sed
1373 5134 1497 5201 quia
1526 5149 1647 5202 qua:
1676 5151 1776 5189 no-

197 5219 305 5266 stra
346 5214 639 5272 inﬁrmitas
676 5234 782 5271 non
832 5221 1110 5287 pnesumit
1142 5262 1155 5283 ,
1207 5222 1386 5275 divina
1432 5224 1605 5293 gratia
1650 5224 1780 5279 dare

199 5305 343 5359 novit
362 5324 376 5359 :
398 5316 455 5361 et
479 5307 616 5362 alius
642 5311 909 5375 centurio,
940 5311 1051 5380 qui,
1080 5312 1217 5365 sicut
1241 5320 1293 5367 et
1321 5313 1442 5376 iste,
1472 5315 1780 5369 credentem

196 5410 259 5451 ex
285 5401 538 5469 gentibus
566 5401 821 5471 populum
849 5402 1181 5472 praeﬁgurat,
1211 5420 1418 5474 magnre
1451 5404 1571 5457 ﬁdei
1604 5413 1659 5459 et
1694 5403 1782 5472 ju-

199 5492 354 5546 stitite
380 5495 594 5560 merito,
627 5494 864 5565 Spiritus
897 5496 1069 5549 sancti
1102 5496 1298 5550 donum
1332 5496 1647 5567 priusquam
1683 5498 1780 5551 ba-

200 5582 497 5650 ptizaretur
522 5585 762 5654 accepit;
794 5594 849 5639 et
879 5585 1001 5651 iste,
1032 5586 1264 5640 necdum
1307 5587 1695 5653 catcchizalus,
1724 5596 1781 5642 et

203 5673 357 5730 iidem
405 5691 559 5730 suam
604 5678 810 5733 laudari
862 5694 886 5732 a
920 5678 1147 5734 Domino
1194 5688 1243 5734 et
1290 5680 1549 5734 famulum
1586 5682 1778 5736 salvari

110 5751 116 5759 ’
205 5764 520 5828 promeruit.

1811 4547 1863 4606 D

1896 3305 2182 3360 Dominum
2223 3322 2438 3378 quoque
2464 3316 2573 3365 non
2603 3324 2702 3379 per
2725 3310 3016 3365 adventum
3046 3320 3253 3368 tantum
3293 3329 3484 3383 corpo-

1895 3399 1991 3462 ris,
2039 3400 2132 3453 sed
2184 3414 2284 3468 per
2329 3400 2643 3471 angelorum
2691 3402 2993 3457 ministeria
3045 3403 3270 3474 implere
3324 3419 3485 3475 posse

1892 3490 2035 3558 quod
2061 3490 2236 3546 vellet.
2270 3491 2613 3562 Repellcndaz
2648 3494 2794 3549 enim
2822 3504 2984 3551 erant
3010 3496 3094 3552 vel
3137 3496 3484 3553 inﬁrmitates

1890 3594 2199 3650 corporum,
2233 3582 2320 3637 vel
2349 3581 2695 3639 fortitudines
2730 3586 3040 3652 contrariaa,
3084 3585 3280 3656 quibus
3317 3587 3483 3642 homo

1891 3673 1959 3728 ad
1994 3674 2324 3729 debilitatem
2356 3689 2497 3745 smpe
2534 3675 2872 3741 conceditur,
2904 3680 2959 3730 et
2981 3676 3146 3730 verbo
3171 3678 3384 3730 Domini
3426 3684 3484 3731 et

1890 3763 2209 3817 ministeriis
2240 3763 2576 3833 angelorum.
2610 3763 2794 3834 (liam)
2823 3763 3000 3817 Aliter
3029 3763 3227 3818 milites
3255 3772 3311 3817 et
3333 3765 3478 3819 servi

1891 3854 1982 3928 qui
2038 3851 2343 3907 centurioni
2405 3851 2667 3906 obcdiunt
2713 3852 2942 3907 virtutes
2999 3861 3126 3907 sunt
3178 3853 3474 3917 naturales,
3518 3910 3523 3917 ,

1890 3959 2121 4014 quarum
2169 3959 2276 3997 non
2322 3942 2601 3996 minimam
2631 3941 2841 4011 copiam
2877 3942 3033 3997 multi
3077 3944 3145 3997 ad
3176 3943 3344 3997 Deum
3383 3958 3476 3998 ve-

1890 4035 2102 4091 nientes
2126 4048 2307 4090 secum
2331 4034 2601 4097 deferunt.
2632 4033 2707 4088 De
2729 4033 2927 4103 quibus
2952 4033 3006 4087 in
3029 4033 3264 4089 Cornelii
3294 4042 3477 4088 centu-

1892 4125 2062 4179 rionis
2100 4124 2257 4179 laude
2292 4122 2492 4178 dicitur
2515 4122 2640 4193 quia
2667 4131 2778 4175 erat
2806 4122 2986 4191 justus
3023 4131 3079 4176 et
3098 4123 3284 4175 timens
3312 4121 3474 4175 Deum
3532 4196 3541 4204 .

1891 4231 2009 4268 cum
2031 4214 2172 4268 omni
2191 4212 2344 4266 domo
2366 4229 2485 4277 sua,
2509 4213 2707 4283 faciens
2729 4213 3083 4283 eleemosynas
3107 4210 3300 4263 multas
3316 4209 3471 4280 plebi,

1889 4313 1937 4359 et
1964 4306 2246 4375 deprecans
2268 4302 2438 4357 Deum
2466 4320 2667 4373 semper
2690 4303 2829 4377 (Act.
2855 4302 2933 4375 Χ).

1961 4395 2195 4448 Audiens
2246 4403 2424 4448 autem
2478 4394 2636 4450 Iesus
2680 4397 2904 4449 miratus
2948 4403 3043 4448 est.
3115 4392 3339 4449 Miratus
3392 4404 3476 4449 est

1891 4490 2032 4559 quod
2054 4489 2188 4543 vidit
2207 4489 2579 4544 centurionem
2607 4504 2759 4544 suam
2787 4489 3088 4560 intelligere
3110 4487 3471 4557 maiestatem.

1893 4581 1999 4636 Sed
2028 4581 2148 4652 quis
2186 4581 2239 4636 in
2272 4581 2362 4637 illo
2391 4580 2595 4638 fecerat
2628 4583 2799 4653 ipsam
2836 4581 3021 4650 ﬁdem,
3052 4583 3139 4637 vel
3175 4583 3475 4655 intelligen-

1892 4673 2046 4735 tiam,
2075 4673 2177 4728 nisi
2206 4673 2319 4742 ipse
2347 4674 2440 4743 qui
2467 4688 2589 4728 eam
2621 4673 2959 4728 mirabatur?
2989 4675 3143 4743 Quod
3177 4675 3223 4731 si
3250 4683 3307 4731 et
3336 4676 3472 4733 alios

1890 4780 2009 4820 eam
2030 4764 2248 4820 fecisset
2276 4765 2404 4835 quid
2432 4766 2746 4831 miraretur,
2774 4765 2867 4835 qui
2894 4767 3151 4835 pnescius
3176 4766 3331 4821 erat?
3365 4766 3473 4821 No-

1889 4856 2111 4911 tandum
2139 4872 2267 4928 ergo
2293 4858 2417 4926 quia
2447 4858 2590 4927 quod
2620 4859 2848 4913 miratur
2874 4858 3153 4925 Dominus,
3185 4860 3341 4915 nobis
3373 4860 3475 4914 mi-

1890 4949 2117 5003 randum
2160 4963 2280 5003 esse
2326 4948 2615 5017 signiﬁcat,
2656 4950 2852 5018 quibus
2894 4951 3071 5005 adhuc
3099 4950 3178 5004 sic
3216 4965 3352 5018 opus
3387 4957 3473 5005 est

1889 5040 2129 5104 moveri,
2159 5052 2348 5094 omnes
2390 5039 2533 5093 enim
2575 5039 2709 5095 tales
2740 5049 2949 5107 motus,
2983 5057 3107 5095 cum
3137 5041 3205 5094 de
3231 5040 3342 5095 Deo
3368 5039 3472 5093 du-

1888 5140 2103 5197 cuntur,
2135 5148 2238 5186 non
2264 5133 2562 5209 perturbati
2594 5133 2757 5188 animi
2793 5135 2943 5205 signa
2972 5140 3113 5197 sunt,
3145 5130 3239 5186 sed
3267 5131 3469 5187 docen-

1888 5225 1957 5277 tis
1984 5224 2248 5294 magistri.

1960 5312 2028 5365 Et
2052 5312 2382 5382 sequentibus
2406 5330 2460 5367 se
2484 5315 2636 5380 dixit,
2662 5316 2825 5368 Amen
2849 5315 2967 5367 dico
2993 5312 3132 5367 vobis
3162 5329 3267 5368 non
3298 5315 3471 5369 inveni

1888 5410 2088 5454 tantam
2111 5401 2267 5469 ﬁdem
2297 5402 2349 5455 in
2379 5401 2567 5457 Israel.
2624 5401 2893 5474 (Ηίρνοη.)
2923 5400 3038 5456 Non
3065 5404 3132 5456 de
3160 5402 3471 5460 hominibus

1892 5489 2035 5550 retro
2070 5496 2394 5564 patriarcbis
2422 5504 2476 5549 et
2504 5495 2805 5567 prophetis,
2842 5496 2937 5549 sed
2966 5495 3032 5549 de
3059 5496 3343 5564 praesentis
3367 5497 3469 5552 aevi

1889 5586 2126 5655 loquitur
2174 5587 2501 5642 hominibus.
2553 5584 2758 5650 Quibus
2800 5585 2923 5639 ideo
2964 5585 3296 5640 centurionis
3334 5585 3469 5642 ﬁdes

1896 5677 2193 5731 antefertur
2245 5678 2368 5747 quia
2406 5678 2478 5730 illi
2522 5676 2654 5745 legis
2708 5677 3204 5748 prophetarumque
3248 5678 3467 5735 monitis

1926 5767 2095 5826 docti,
2148 5768 2232 5823 hic
2291 5776 2500 5829 autem,
2557 5766 2770 5821 nemine
2820 5767 3080 5833 docente,
3128 5780 3318 5839 sponte
3348 5785 3466 5824 cre-
