3978 6190
439 324 542 382 859

1143 321 1205 376 Β.
1246 319 1499 376 RABANI
1535 319 1756 376 MAUltl
1792 317 2113 376 ARCHIEP.
2152 316 2463 376 MOGUNT.
2504 315 2791 375 OPERUM
2827 315 3010 375 PARS
3047 317 3090 373 1.

3602 321 3719 381 860

437 439 591 495 didit.
630 438 783 495 Unde
812 445 866 493 et
899 452 954 492 m
984 434 1298 492 centurione
1324 434 1460 490 ﬁdes
1482 434 1720 505 gentium
1748 430 2017 504 przeponi-
2047 436 2099 495 Α
2122 430 2215 497 ﬁat
2238 430 2351 485 tibi.
2396 428 2862 505 (δίωκε.)Ἐίἀεί
2888 430 3087 485 merito
3116 432 3352 486 ostendit
3379 446 3504 488 eum
3537 435 3709 506 impe-

437 541 528 587 tur
554 528 830 585 incredula
859 527 1062 584 lsraeli.

511 619 638 671 Dico
674 625 847 672 autem
887 615 1028 671 tabis
1064 615 1203 685 quod
1248 613 1400 668 multi
1430 614 1495 668 ab
1524 613 1738 668 Oriente
1774 622 1822 667 et
1863 610 2020 666 0col-

438 715 590 766 dente
627 710 849 765 venient.
892 707 1089 781 (0rig.)
1130 707 1263 761 Dico
1288 706 1451 772 vobis,
1491 713 1664 761 testor
1703 705 1878 770 vobis,
1926 718 2022 758 an-

440 804 631 858 nuntio
671 802 853 866 vobis,
882 799 1118 872 praadico
1142 798 1326 864 vobis;
1373 796 1525 870 multi
1574 798 1796 862 venient,
1849 794 1924 849 illi
1955 794 2021 849 de

440 893 637 963 quibus
665 893 867 949 dictum
896 898 985 947 est
1009 909 1022 944 :
1053 887 1126 945 Ut
1151 898 1206 944 et
1226 887 1324 943 ﬁlii
1347 888 1465 953 Dei,
1493 888 1585 959 qui
1610 884 1839 958 dispersi
1873 892 2022 950 sunt,

439 993 900 1057 congregarentur
943 983 999 1039 in
1034 998 1219 1038 unum.
1273 981 1367 1037 Isti
1404 996 1533 1052 ergo
1567 995 1755 1038 omnes
1781 979 2020 1035 venient.

442 1076 596 1132 Unde
627 1076 883 1131 venient?
920 1073 1004 1130 Ab
1032 1072 1252 1131 Oriente
1279 1080 1333 1128 et
1356 1070 1669 1137 Occidente,
1692 1072 1804 1126 hoc
1842 1078 1925 1126 est
1955 1069 2024 1125 ab

439 1168 586 1222 omni
620 1174 780 1238 gente
807 1181 928 1236 quae
967 1173 1052 1221 est
1088 1166 1189 1221 sub
1229 1163 1364 1229 sole,
1402 1164 1471 1218 ab
1497 1161 1720 1219 Oriente
1755 1177 1929 1234 usque
1958 1160 2033 1235 ad

440 1259 808 1313 Occidentem.
862 1256 1014 1311 Sicut
1063 1256 1209 1311 enim
1254 1270 1352 1324 per
1398 1268 1588 1309 omnes
1630 1261 1820 1324 gentes
1863 1252 2027 1307 habet

442 1351 543 1405 hoc
569 1348 917 1420 Evangelinm
944 1347 1246 1418 praedicari,
1278 1348 1357 1403 sic
1395 1361 1460 1402 ex
1490 1346 1743 1402 omnibus
1775 1344 2027 1416 gentibus

441 1439 654 1495 venturi
709 1447 835 1494 sunt
882 1439 951 1494 ad
996 1453 1222 1509 regnum
1270 1435 1682 1492 cmlorumzvel
1733 1433 1911 1490 adhuc
1960 1434 2029 1489 ab

440 1533 665 1589 Oriente
705 1533 760 1588 hi
799 1533 891 1603 qui
939 1532 1121 1587 statim
1171 1530 1457 1586 illuminati
1513 1534 1818 1592 transeunt,
1864 1535 1920 1581 et
1960 1525 2029 1580 ab

440 1627 730 1682 Occidente
764 1627 821 1681 hi
850 1627 944 1697 qui
977 1626 1259 1698 passiones
1305 1633 1361 1681 et
1406 1625 1813 1698 persecutiones
1862 1638 2031 1694 usque

444 1719 510 1772 ad
544 1725 776 1772 mortem
810 1717 1180 1773 toleraverunt
1212 1732 1312 1787 pro
1341 1717 1469 1772 ﬁde.

2125 533 2298 579 trasse
2332 523 2559 579 salutem
2588 540 2764 591 servo,
2792 532 2851 579 ut
2887 524 3011 581 inde
3037 527 3210 598 magis
3238 527 3517 600 magisque
3546 531 3719 587 robur

2124 611 2249 669 ﬁdei
2288 614 2340 668 in
2385 630 2451 669 eo
2496 624 2833 671 accresceret
2872 631 2979 685 quo
3009 617 3343 687 perspiceret
3374 635 3722 692 quaecunque

2124 706 2301 772 vellet,
2344 722 2443 776 per
2483 708 2655 777 ipsam
2699 722 2756 763 se
2798 708 3090 779 impetrare
3119 725 3298 780 posse.
3342 708 3615 782 (Ηίετοη.)
3648 712 3718 769 Si

2124 800 2270 854 enim
2314 798 2407 855 ﬁet
2444 814 2573 856 vere
2613 800 2903 869 unicuique
2946 794 3150 856 homini
3198 800 3341 856 sicut
3384 801 3719 868 crediderit,

2125 890 2421 946 secundum
2454 906 2766 946 mensuram
2795 891 2920 946 ﬁdei
2949 892 3204 946 metietur
3244 892 3297 946 ei
3333 900 3388 948 et
3418 893 3517 949 ista
3548 910 3577 949 a
3608 893 3725 949 Do-

2126 980 2272 1036 mino
2300 981 2493 1051 gratia.
2522 981 2757 1051 Ideoque
2780 980 2917 1036 dixit
2956 982 3024 1037 ad
3051 980 3200 1036 illum
3234 981 3491 1038 Dominus
3516 1002 3528 1037 :
3563 982 3724 1038 Sicut

2126 1071 2395 1126 credidisti
2413 1072 2509 1141 ﬁat
2548 1071 2665 1127 tibi.
2704 1070 2996 1128 Credidisti
3020 1072 3147 1142 quia
3179 1088 3279 1144 ego
3313 1088 3563 1143 possum;
3595 1090 3726 1130 cre-

2127 1161 2312 1217 didisti
2337 1161 2463 1233 quia
2498 1176 2599 1234 ego
2625 1161 2889 1218 Dominus
2912 1178 3031 1217 smn
3060 1163 3325 1217 onmium.
3356 1161 3506 1218 Sicut
3535 1166 3727 1219 credi-

2128 1254 2275 1320 disti,
2311 1254 2387 1309 ita
2416 1255 2508 1310 ﬁet
2534 1255 2630 1309 tibi

2200 1343 2267 1399 Et
2301 1356 2527 1400 sanatus
2556 1354 2631 1401 est
2668 1363 2801 1417 puer
2840 1362 2895 1400 tn
2926 1344 3018 1401 illa
3046 1347 3199 1401 hora.
3240 1347 3421 1419 (Aug.)
3448 1347 3733 1405 Probatur

2130 1432 2264 1490 ﬁdes
2308 1434 2539 1501 domini,
2594 1443 2651 1490 et
2703 1436 2845 1491 servi
2904 1437 3111 1492 sanitas
3168 1440 3473 1493 roboratur.
3530 1438 3729 1495 Potest

2129 1541 2258 1599 ergo
2318 1528 2574 1583 meritum
2625 1528 2828 1582 domini
2894 1529 3059 1583 etiam
3130 1527 3345 1586 famulis
3410 1528 3725 1599 suﬁ'ragari,

2130 1632 2238 1673 non
2268 1617 2442 1673 solum
2473 1617 2595 1674 ﬁdei
2622 1619 2837 1685 merito,
2869 1618 2964 1674 sed
2991 1619 3155 1673 etiam
3188 1620 3366 1674 studio
3400 1620 3722 1691 disciplinas.

2134 1708 2348 1783 (Beda.)
2401 1709 2643 1782 Mystice,
2677 1719 2888 1778 autem,
2941 1720 3000 1766 ut
3044 1711 3178 1776 dixi,
3232 1712 3517 1779 centurio,
3564 1713 3729 1781 cujus

514 1807 581 1861 Et
608 1806 899 1861 recumbeut
943 1823 1062 1859 cum
1085 1806 1374 1871 Abraham,
1410 1813 1457 1859 et
1493 1804 1675 1870 Isaac,
1700 1812 1745 1857 et
1770 1802 1955 1869 Iacob,
1979 1803 2033 1855 in
2061 1794 2109 1854 Β
2138 1800 2272 1856 ﬁdes
2308 1800 2491 1857 Israeli
2521 1801 2828 1872 praefertur,
2861 1800 3063 1857 eleCtos
3092 1802 3348 1857 nimirum
3380 1817 3444 1858 ex
3473 1805 3730 1874 gentibus

445 1919 603 1973 regno
626 1899 891 1957 calorum.
920 1898 1212 1971 (Maenas)
1235 1898 1573 1956 Recumbent
1602 1914 1711 1955 non
1736 1897 2031 1954 carnaliter

442 2000 707 2069 iacentes,
727 1994 822 2050 sed
849 1992 1170 2064 spiritaliter
1199 1992 1640 2062 requiescentes;
1678 2005 1786 2045 non
1818 1999 2029 2058 tempo-

448 2090 634 2144 ralitcr
662 2096 937 2157 potantes,
966 2085 1059 2140 sed
1096 2083 1327 2139 feliciter
1376 2082 1676 2154 epulantes.
1723 2079 1858 2148 Quia
1890 2079 2034 2135 Deus

443 2180 734 2241 Abraham,
764 2176 885 2233 coeli
910 2174 1174 2240 conditor,
1206 2174 1367 2228 Pater
1394 2180 1479 2229 est
1504 2180 1561 2228 et
1577 2171 1802 2236 Christi,
1830 2170 2033 2225 idcirco

446 2270 500 2325 in
532 2283 697 2341 regno
720 2268 981 2324 calorum
1009 2275 1095 2322 est
1120 2275 1176 2322 et
1202 2266 1501 2327 Abraham,
1529 2279 1652 2320 eum
1681 2278 1790 2334 quo
1817 2263 2034 2319 accubi-

446 2370 583 2415 turat
615 2368 737 2415 sunt
774 2367 962 2430 gentes
988 2372 1108 2428 qua:
1154 2356 1502 2412 crediderunt
1545 2355 1601 2410 in
1621 2354 1916 2419 Christum,
1941 2352 2033 2408 Fi-

448 2452 578 2506 lium
604 2449 902 2506 Creatoris.
941 2448 1011 2503 Et
1045 2447 1136 2502 ille
1171 2446 1377 2516 pariter
1421 2458 1616 2501 sensus
1660 2443 1940 2513 impletur,
1966 2442 2035 2498 de

447 2557 554 2612 quo
601 2556 763 2611 supra
815 2540 1072 2607 diximus,
1121 2540 1178 2594 in
1230 2536 1564 2594 centurionis
1615 2532 1743 2599 ﬁde,
1790 2532 2037 2606 gentium

449 2634 567 2689 ﬁeri
613 2631 1033 2705 praerogativam
1058 2672 1079 2697 ,
1140 2631 1267 2686 dum
1336 2628 1484 2685 illius
1532 2625 1907 2684 credulitatem
1968 2624 2036 2680 de

427 2725 670 2785 .Oriente
721 2733 778 2782 et
818 2722 1111 2781 Occidente
1155 2722 1414 2779 credituri
1472 2718 1657 2792 populi
1706 2732 2037 2775 commemo-

453 2822 662 2870 rantur.

522 2906 653 2961 Filii
681 2917 856 2962 autem
887 2906 1031 2980 regni
1064 2905 1344 2976 ejicientur
1370 2904 1425 2958 in
1459 2903 1697 2959 tenebras
1729 2909 2033 2968 exteriores,

449 3000 521 3054 ibi
550 3000 648 3053 erit
671 3000 822 3068 ﬂetus
844 3006 892 3053 et
916 2997 1116 3052 stridor
1136 2996 1395 3050 dentium.
1443 2991 1715 3066 (Ηὶενοη.)
1740 2991 1911 3048 Filios
1937 3006 2034 3047 au-

449 3101 559 3144 tem
594 3090 745 3159 regni
767 3088 982 3145 Iudaeos
1009 3086 1298 3161 signiﬁcat,
1331 3087 1385 3142 in
1410 3085 1611 3157 quibus
1635 3094 1761 3140 ante
1788 3083 2035 3157 regnavit

2133 1895 2388 1961 ostendit,
2420 1896 2512 1965 qui
2538 1895 2695 1964 quasi
2737 1894 3051 1950 centenario
3093 1895 3265 1949 milite
3312 1896 3517 1967 stipati,
3551 1898 3728 1951 virtu-

2134 1994 2251 2040 tum
2288 1985 2651 2056 spiritualium
2692 1994 2819 2041 sunt
2849 1983 3182 2056 perfectione
3227 1985 3504 2052 sublimes,
3537 1987 3728 2058 nilque

2136 2092 2167 2130 a
2194 2075 2423 2132 Domino
2457 2085 2750 2141 terrenum,
2789 2076 2883 2132 sed
2919 2075 3033 2131 sola
3059 2083 3277 2131 reterns:
3310 2075 3501 2131 salutis
3526 2078 3725 2148 gaudia

2138 2168 2240 2223 sibi
2274 2166 2492 2238 suisque
2531 2169 2834 2237 requirunt.
2878 2168 3146 2224 Numerus
3179 2169 3333 2224 enim
3353 2170 3723 2231 centenarias,

2136 2262 2227 2333 qui
2263 2276 2295 2317 e
2321 2260 2453 2317 laeva
2479 2261 2807 2318 transfertur
2831 2262 2898 2318 ad
2925 2264 3226 2329 dexteram,
3258 2264 3311 2319 in
3338 2264 3579 2319 caelestis
3602 2265 3727 2320 vita:

2134 2354 2529 2426 signiﬁcatione
2576 2354 2703 2425 poni
2748 2356 3067 2411 consuevit:
3111 2356 3253 2411 unde
3291 2365 3377 2411 est
3423 2358 3571 2426 quod
3599 2373 3725 2411 arca

2137 2445 2251 2502 Noe
2292 2454 2507 2503 centum
2555 2448 2714 2502 annis
2765 2446 3062 2503 fabricatur
3108 2445 3261 2521 (Cen.
3289 2447 3399 2519 vt):
3448 2448 3726 2503 Abraham

2139 2537 2484 2593 centenarias
2524 2536 2690 2592 ﬁlium
2720 2538 3098 2608 promissionis
3131 2540 3342 2608 accepit
3375 2537 3531 2610 (Gen.
3561 2542 3726 2610 xvn);

2137 2630 2277 2686 sevit
2302 2629 2479 2697 Isaac,
2503 2638 2561 2685 et
2597 2630 2800 2685 invenit
2834 2630 2889 2684 in
2912 2630 3031 2701 ipso
3061 2646 3202 2685 anno
3229 2632 3540 2701 centuplum
3571 2630 3725 2703 (Gen.

2136 2723 2323 2795 xxvr);
2362 2725 2561 2779 atrium
2611 2723 2947 2780 tabernaculi
2996 2734 3213 2780 centum
3263 2724 3463 2779 cubitis
3507 2723 3725 2794 Iungunt

2142 2823 2221 2871 est
2248 2814 2446 2886 (Exod.
2477 2815 2685 2888 xxvii);
2717 2816 2771 2872 in
2796 2818 3090 2873 centesimo
3119 2817 3328 2888 psalmo
3353 2816 3739 2872 misericordia

2136 2916 2192 2964 et
2215 2907 2480 2978 judicium
2513 2910 2743 2966 Domino
2795 2919 3047 2967 cantatur
3090 2910 3263 2985 (Psal.
3297 2911 3374 2985 c),
3428 2922 3485 2968 et
3530 2920 3727 2968 cetera

2137 3000 2466 3070 huiusmodi.
2505 3002 2652 3058 Talis
2698 3018 2827 3075 ergo
2864 3004 3045 3060 meriti
3091 3004 3197 3058 viri
3235 3020 3335 3074 pro
3375 3006 3460 3060 his
3506 3021 3729 3061 necesse

2139 3099 2224 3149 est
2252 3093 2481 3150 Domino
2523 3088 2849 3165 supplicent,
2876 3096 2973 3164 qui
2999 3095 3176 3150 adhuc
3215 3096 3406 3165 spiritu
3451 3096 3729 3150 servitutis

450 3181 730 3235 Dominus.
771 3179 1033 3236 Teaebra:
1076 3192 1289 3249 semper
1315 3176 1600 3232 interiores
1623 3182 1773 3242 sunt,
1801 3189 1908 3230 non
1943 3190 2032 3230 ex-

2142 3185 2197 3239 in
2240 3185 2434 3241 timore
2485 3195 2824 3256 premuntur,
2878 3194 3166 3256 quatenus,
3214 3187 3295 3241 cis
3349 3186 3610 3256 paulatim
3661 3187 3727 3242 ad

450 3271 696 3327 teriores.
745 3270 857 3327 Sed
902 3268 1203 3343 [quoniam]
1251 3269 1344 3340 qui
1387 3284 1421 3324 a
1471 3267 1699 3324 Domino
1752 3266 2039 3339 expellitur

451 3363 619 3427 foras,
657 3362 913 3432 relinquit
961 3361 1163 3428 lumen,
1212 3360 1415 3416 ideirco
1463 3359 1762 3417 exteriores
1800 3360 2039 3415 tenebrat

452 3454 746 3510 nominata:
800 3461 963 3508 sunt:
1003 3451 1090 3507 Ibi
1128 3453 1224 3508 erit
1259 3454 1412 3521 ﬂetus
1458 3461 1506 3505 et
1545 3451 1743 3505 stridor
1781 3450 2036 3508 dentiant.

452 3545 512 3599 Si
549 3544 707 3600 fletus
741 3544 1023 3600 oculorum
1054 3550 1159 3607 est,
1205 3547 1262 3597 et
1288 3540 1491 3596 stridor
1515 3539 1760 3596 dentium
1796 3554 1921 3596 ossa
1947 3541 2041 3597 de-

453 3643 760 3702 monstrat;
820 3648 951 3689 vera
996 3640 1084 3689 est
1124 3646 1254 3703 ergo
1283 3645 1570 3701 corporum
1620 3638 1677 3687 et
1726 3631 2039 3688 eorumdem

452 3730 821 3785 membrorum
856 3741 981 3797 qua:
1024 3725 1337 3783 ceciderant
1357 3764 1379 3791 ,
1429 3726 1772 3781 resurrectio.
1833 3722 2036 3799 (Greg.)

455 3820 609 3875 Unde
634 3829 691 3875 et
713 3834 813 3890 per
840 3818 1214 3888 metaphoram
1237 3815 1552 3886 magnitudo
1576 3816 1900 3892 exprimitur
1928 3824 2039 3873 tor-

453 3921 778 3969 mentorum.
825 3910 1111 3967 interiores
1148 3908 1347 3980 quippe
1385 3907 1639 3963 tenebras
1665 3908 1894 3964 dicimus
1937 3923 2038 3964 ca:-

449 4004 673 4060 eitatem
721 4001 923 4066 cordis,
948 3999 1253 4056 exteriores
1275 4014 1406 4054 vero
1458 3998 1738 4065 tenebras,
1778 4007 2035 4055 aatcmam

389 4149 398 4157 ,
452 4104 668 4151 noctem
707 4092 1095 4149 damnationis.
1140 4090 1294 4146 Tune
1332 4104 1455 4146 cum
1494 4090 1781 4145 damnatur
1810 4090 2039 4161 quisque

454 4203 565 4242 nou
596 4186 653 4241 in
684 4185 987 4249 interiores,
1021 4183 1117 4238 sed
1149 4183 1203 4239 in
1234 4183 1537 4239 exteriores
1575 4182 1829 4238 tenebras
1864 4183 2035 4237 mitti-

454 4288 544 4335 tur
577 4278 741 4348 :quia
783 4277 892 4333 illic
929 4276 1131 4332 invitus
1152 4274 1436 4345 projicitur
1479 4275 1532 4330 in
1572 4284 1786 4331 noctem
1814 4274 2037 4330 damna-

453 4372 636 4435 tionis,
683 4371 776 4441 qui
822 4369 912 4424 hic
954 4376 1146 4438 sponte
1189 4366 1385 4423 cecidit
1420 4367 1473 4421 in
1505 4367 1801 4421 cmeitatem
1834 4365 2033 4421 cordis.

455 4463 541 4519 lbi
563 4464 716 4532 ﬂetus
744 4475 957 4531 quoque
990 4467 1037 4513 et
1061 4458 1260 4513 stridor
1280 4458 1513 4512 dentium
1543 4472 1662 4512 esse
1692 4456 2033 4527 perhibetur:

454 4565 514 4608 nt
542 4528 650 4608 illic
686 4528 885 4609 dentes
906 4550 1192 4615 stridcant,
1219 4550 1309 4620 qui
1334 4549 1422 4604 hic
1448 4550 1518 4604 de
1544 4548 1811 4603 edacitate
1837 4548 2037 4619 gaude-
2063 4528 2115 4588 D

453 4646 604 4708 bant,
632 4644 742 4699 illic
769 4642 910 4699 oculi
945 4641 1198 4707 deﬂeant,
1225 4641 1314 4710 qui
1346 4641 1434 4695 hie
1467 4655 1563 4711 per
1595 4638 1809 4694 illicitas
1838 4656 2035 4696 concu-

455 4735 748 4809 piscentiae
782 4733 1186 4789 versabantur:
1229 4739 1495 4802 quatenus
1552 4730 1759 4801 singula
1810 4747 2036 4801 quicque

457 4830 699 4888 utembra
731 4825 995 4897 supplicio
1031 4823 1371 4896 subiaceant,
1402 4838 1523 4893 quae
1550 4822 1637 4878 hic
1668 4823 1893 4894 singulis
1918 4824 2034 4894 qui-

454 4928 664 4996 busque
692 4922 838 4977 vitiis
876 4920 1117 4990 subjecta
1146 4919 1472 4975 serviebant.
1515 4917 1696 4974 Fletus
1722 4920 1787 4974 de
1817 4920 2031 4984 ardore,

455 5018 659 5075 stridor
679 5013 925 5071 dentium
945 5011 1081 5069 solet
1104 5010 1333 5069 excitari
1356 5010 1423 5065 de
1452 5009 1670 5081 frigore.
1694 5009 1906 5082 (Beda.)
1931 5011 2034 5067 Ubi

452 5109 650 5182 duplex
683 5106 989 5165 ostenditur
1015 5106 1283 5177 gehenna,
1311 5104 1364 5159 id
1391 5112 1494 5170 est,
1527 5103 1675 5159 nimii
1717 5103 1951 5175 frigoris,
1983 5115 2032 5162 et

458 5199 811 5259 intolerabilis
856 5213 975 5254 esse
1021 5196 1269 5253 fervoris.
1316 5195 1414 5251 Cui
1464 5195 1607 5250 beati
1642 5193 1744 5250 Job
1771 5196 2035 5251 sententia

455 5294 746 5360 consentit,
779 5293 1003 5349 dicens:
1028 5290 1109 5345 Ad
1131 5289 1356 5345 calorem
1396 5288 1617 5341 nimium
1646 5285 1939 5341 transibunt
1969 5289 2034 5342 ab

453 5389 611 5461 aquis
642 5387 841 5442 niuium
869 5382 992 5457 (Job
1018 5382 1190 5454 χειν).
1237 5379 1335 5436 Vel
1374 5388 1523 5437 certe
1564 5379 1770 5435 stridor
1792 5380 2032 5435 dentium

452 5481 636 5553 prodit
678 5477 1010 5550 indignantis
1058 5474 1339 5537 affectum,
1381 5487 1448 5527 eo
1487 5473 1631 5541 quod
1672 5486 1794 5528 sero
1835 5488 2031 5527 unum-

451 5588 722 5642 quenupae
759 5571 1040 5642 paeniteat,
1075 5582 1195 5623 sero
1236 5564 1572 5635 ingemiscat,
1601 5579 1726 5621 sero
1770 5565 2033 5621 irascatur

455 5664 578 5725 sibi,
605 5662 749 5729 quod
776 5671 883 5716 tam
908 5660 1174 5728 pervicaci
1211 5656 1555 5726 improbitate
1580 5657 1887 5726 deliquerit.

536 5748 599 5801 Et
624 5749 757 5803 dixit
782 5740 934 5803 Iesus
961 5748 1267 5810 centtu'ioni,
1310 5747 1477 5811 Vade,
1507 5758 1551 5801 et
1582 5750 1713 5803 sicut
1746 5750 2031 5817 credidisti,

2140 3274 2459 3331 sublimiora
2494 3277 2794 3348 provectis,
2835 3275 3065 3347 perfecta
3105 3275 3315 3331 dilectio
3361 3277 3507 3345 foras
3554 3278 3726 3332 mittat

2143 3365 2382 3420 timorem
2422 3365 2472 3437 (I
2496 3365 2659 3421 Joan.
2691 3366 2785 3439 tv).

2215 3454 2351 3528 [111.]
2386 3456 2454 3510 Et
2483 3474 2602 3511 cum
2630 3459 2847 3513 venisset
2868 3459 3024 3515 Iesus
3059 3461 3117 3514 in
3143 3461 3355 3513 domum
3384 3458 3557 3526 Petri,
3604 3461 3726 3514 uidit

2141 3563 2347 3601 socrum
2396 3548 2512 3618 ejus
2548 3548 2813 3619 jacentem
2856 3561 2905 3606 et
2939 3552 3340 3621 febricitantem.
3387 3552 3573 3624 (Δις.)
3619 3553 3725 3608 Hoc

2142 3640 2359 3709 quando
2393 3638 2594 3695 factum
2633 3641 2725 3708 sit,
2758 3642 2810 3697 id
2848 3651 2957 3705 est,
2990 3650 3112 3712 post
3147 3643 3278 3713 quid
3306 3644 3393 3698 vel
3422 3651 3552 3699 ante
3577 3644 3723 3713 quid,

2141 3742 2248 3783 non
2270 3729 2540 3800 expressit
2565 3728 2869 3787 Matthacus.
2900 3731 3017 3787 Non
3043 3734 3190 3788 enim
3214 3741 3339 3805 post
3364 3734 3512 3804 quod
3540 3751 3722 3789 ωλι-ηις

2143 3830 2252 3887 tur,
2280 3832 2402 3891 post
2428 3823 2531 3880 hoc
2559 3823 2725 3880 etiam
2765 3823 2965 3881 factum
2996 3840 3219 3882 necesse
3252 3834 3338 3881 est
3374 3826 3723 3897 intelligatur,

2141 3928 2263 3969 cum
2314 3915 2528 3972 Marcus
2557 3916 2843 3986 Lucasque
2892 3917 3043 3987 prius
3088 3916 3219 3973 illud
3256 3927 3485 3973 narrent
3528 3917 3722 3972 factum

2141 4020 2304 4076 quam
2334 4005 2400 4062 de
2440 4006 2652 4077 leproso
2681 4006 2884 4062 dicant.
2929 4006 3035 4063 Sed
3073 4006 3209 4062 nihil
3246 4008 3432 4063 obstat
3474 4009 3721 4063 narrandi

2142 4096 2456 4163 diversitas;
2491 4098 2580 4153 ubi
2625 4098 2814 4154 eadem
2865 4115 2952 4156 res
2998 4102 3298 4165 nuntiatur,
3339 4101 3581 4156 maxime
3609 4116 3720 4157 cum

2141 4193 2512 4262 unusquisque
2546 4193 3019 4265 evangelistam-rt
3049 4211 3114 4251 eo
3158 4212 3218 4251 se
3264 4197 3461 4252 ordine
3504 4196 3722 4253 credidit

2140 4282 2392 4342 debuisse
2438 4302 2684 4353 narrare,
2713 4304 2820 4358 quo
2860 4289 3115 4344 voluisset
3158 4288 3302 4345 Deus
3344 4306 3408 4345 ea
3454 4292 3573 4361 ipsa
3609 4305 3720 4361 qua:

2142 4378 2400 4432 narrabat
2424 4379 2546 4449 ejus
2570 4378 2932 4434 recordationi
2963 4395 3256 4452 suggerere

2214 4469 2283 4523 Et
2331 4470 2496 4540 tetigit
2542 4487 2756 4524 manum
2804 4470 2952 4540 ejus,
3011 4480 3059 4524 ct
3114 4471 3313 4525 dimisit
3370 4489 3489 4527 eam
3550 4473 3718 4543 febris.

2145 4559 2357 4633 (Beda.)
2395 4560 2452 4614 1n
2478 4560 2771 4632 Evangelio
2796 4552 2955 4616 Luca:
2997 4562 3258 4632 scriptum
3295 4570 3383 4616 est
3415 4564 3547 4633 quia
3577 4578 3721 4632 rega-

2143 4662 2340 4708 verunt
2373 4668 2498 4708 cum
2524 4667 2625 4725 pro
2656 4652 2762 4716 illa,
2792 4661 2847 4707 et
2875 4661 3027 4709 stans
3064 4669 3225 4723 super
3255 4654 3403 4709 illam
3444 4653 3720 4725 imperarit

2140 4743 2300 4799 febri.
2339 4744 2497 4800 Modo
2529 4745 2674 4801 enim
2704 4745 2953 4800 Salvator
2984 4754 3223 4816 rogatur,
3254 4746 3418 4802 modo
3449 4747 3596 4802 ultro
3631 4761 3715 4799 cu-

2143 4844 2230 4891 rat
2263 4845 2513 4907 :egrotos,
2548 4836 2838 4893 ostendens
2881 4852 2939 4891 se
2988 4843 3179 4891 contra
3226 4836 3489 4891 vitiorum
3519 4850 3719 4907 quoque

2141 4928 2425 4999 passiones
2462 4938 2519 4983 et
2554 4929 2808 5000 precibus
2854 4942 3071 5000 semper
3106 4942 3347 4983 annuere
3389 4928 3649 4991 fidelium,
3672 4935 3721 4981 et

2143 5034 2207 5075 ea
2247 5035 2629 5090 nonnunquam
2664 5036 2785 5090 qua:
2818 5019 2919 5090 ipsi
2963 5020 3188 5075 minime
3223 5020 3275 5073 in
3305 5036 3365 5075 se
3397 5019 3719 5092 intelligunt.

2143 5109 2229 5164 vel
2268 5109 2613 5180 intelligenda
2660 5109 2813 5174 dare,
2841 5109 2925 5165 vel
2956 5109 3040 5179 pie
3064 5110 3379 5179 petentibus
3421 5111 3592 5166 etiam
3622 5125 3717 5164 non

2145 5200 2415 5256 intellecta
2462 5201 2763 5265 dimittere;
2792 5199 2947 5269 juxta
2978 5201 3120 5271 quod
3148 5200 3433 5256 Psalmista
3458 5200 3715 5272 postulat:

2145 5289 2350 5345 Delicta
2389 5293 2505 5364 quis
2542 5292 2812 5363 intelligit,
2853 5292 2918 5347 ab
2945 5292 3162 5347 occultis
3204 5292 3332 5347 meis
3382 5294 3587 5347 mtutda
3628 5309 3713 5355 sic,

2143 5381 2366 5438 Domine
2386 5382 2557 5456 (Psal.
2589 5385 2765 5457 xvltl).

2212 5474 2278 5528 Et
2307 5477 2559 5543 surrexit,
2590 5487 2637 5530 et
2670 5478 2998 5532 ministrabat
3035 5477 3129 5533 eis.
3165 5475 3440 5548 (Ηὶοτοη.)
3474 5474 3715 5531 Naturale

2141 5576 2224 5620 est
2258 5566 2690 5621 febricitantibus
2734 5566 3026 5639 incipiente
3069 5567 3305 5622 sanitate
3348 5565 3644 5622 lassescere
3665 5571 3717 5617 et

2140 5658 2504 5726 :rgronitionis
2533 5659 2739 5713 sentire
2778 5658 3101 5713 tnolestiam.
3133 5658 3331 5711 Verum
3375 5657 3587 5711 sanitas
3608 5669 3719 5726 qum

2145 5749 2353 5803 Domini
2413 5750 2688 5804 confertur
2716 5749 2961 5819 imperio,
3021 5747 3179 5803 sintut
3235 5755 3342 5803 tota
3400 5748 3574 5811 redit;
3628 5754 3720 5798 nec
