3978 6190
127 349 209 406 861
1064 341 1412 404 COHM'ENT.
1450 346 1521 402 IN
1560 346 1688 403 MA']

1794 344 2000 403 lEUM.
2038 316 2121 390 -”
2147 349 2276 405 LIB.
2318 349 2404 405 ιιι.

3227 393 3230 396 ~
3263 358 3369 415 862

128 463 273 524 solum
310 472 420 533 ipsa
454 456 614 523 redit,
646 456 742 512 sed
772 453 1017 511 et'tanto
1043 458 1240 514 robore
1264 458 1582 523 comitante,
1613 466 1672 512 ut
1699 463 1751 523 Α
1778 458 1931 515 litate
1970 460 2172 515 virium
2216 460 2359 516 ferre
2408 476 2517 517 non
2558 471 2900 533 poteramus,
2942 480 3041 536 pro
3087 466 3245 523 nobis
3281 466 3373 523 ille

128 557 191 611 cis
212 553 454 609 continuo
476 549 567 620 qui
594 563 661 604 se
697 548 1040 619 adiuverant,
1069 549 1386 606 nduistrare
1414 548 1675 616 suﬁiciat;

127 658 171 704 et
200 648 341 718 juxta
386 644 531 715 leges
575 643 861 714 theologite
908 642 1152 698 membra
1197 657 1319 713 qua
1368 642 1682 698 serviebant

127 734 446 793 immunditiis
465 741 522 789 et
540 732 815 804 iniquitati
840 728 909 787 ad
934 732 1276 803 iniquitatem
1301 741 1365 787 ut
1387 732 1683 788 fructiﬁca-

129 840 228 887 ncnt
273 829 449 893 morti,
506 828 750 883 serviant
795 826 1028 897 iustitiae
1086 827 1143 881 in
1196 828 1366 881 vitam
1420 835 1681 883 mternam

129 922 278 994 (Rom.
311 936 358 976 vr
384 928 434 976 et
458 920 578 991 vn).
629 918 927 993 (Mannum)
962 919 1265 991 Allegorice
1312 934 1445 975 vero
1489 920 1682 974 domus

125 1015 249 1071 Petri
271 1012 613 1069 circumcisio
636 1020 751 1078 est,
786 1012 915 1083 quia
951 1012 1053 1082 ipsi
1083 1011 1423 1082 apostolatus
1448 1012 1683 1066 traditus

128 1121 192 1167 est
221 1105 819 1181 cirwmcisionis'(Gal.
848 1107 943 1179 n);
994 1122 1187 1163 socrus
1225 1107 1373 1163 enim
1397 1106 1549 1162 Petri
1574 1105 1681 1177 Sy-

128 1218 301 1275 nagoga
324 1209 427 1268 est,
454 1202 587 1271 quia
614 1201 702 1255 illa
744 1198 1147 1270 quodammodo
1176 1206 1353 1254 mater
1387 1207 1473 1253 est
1497 1196 1684 1253 Eccle-

128 1296 218 1357 siae,
251 1307 362 1363 qua:
402 1308 432 1347 a
463 1307 595 1348 vero
621 1290 835 1361 Sponsa
861 1290 1025 1346 Petro
1063 1290 1164 1345 fuit
1209 1290 1589 1347 commendata
1615 1289 1682 1343 ad

126 1384 520 1442 custodiendum.
559 1381 657 1438 Cui
698 1382 813 1452 ipse
852 1383 928 1437 ita
952 1382 1071 1437 ait:
1098 1382 1177 1435 Tu
1197 1399 1251 1436 es
1278 1378 1489 1443 Petrus,
1523 1388 1571 1434 et
1593 1396 1687 1433 ut»

127 1492 199 1545 per
230 1474 357 1528 hanc
390 1484 594 1544 petram
632 1472 911 1542 trdiﬁcabo
930 1471 1223 1526 Ecclesium
1266 1486 1435 1525 meam
1462 1468 1679 1541 (Matth.

128 1566 247 1637 1m);
278 1573 331 1619 et
357 1564 487 1619 alibi
511 1581 526 1616 :
552 1561 742 1629 Pasce,
774 1563 970 1633 inquit,
995 1579 1158 1633 agnos
1187 1578 1361 1627 meos;
1391 1570 1447 1616 et
1472 1576 1491 1616 :
1514 1560 1683 1614 Pasce

126 1672 222 1711 om
242 1671 376 1711 neas
396 1654 585 1725 (tam.
612 1655 750 1726 xxi).
797 1654 1165 1709 Febricitabat
1200 1667 1330 1723 ergo
1368 1667 1558 1708 socrus
1580 1650 1683 1707 Pe-

127 1747 200 1811 tri,
246 1746 368 1816 quia
423 1744 713 1816 Synagoga-
762 1744 1072 1800 invidentia
1113 1744 1337 1799 testibus
1375 1742 1680 1806 laborabat,

1779 560 2026 624 portaret
2049 554 2141 624 qui
2170 569 2268 608 sua
2318 554 2594 611 voluntate
2620 571 2721 626 pro
2762 557 2921 639 nobis
2947 574 3142 629 passus
3174 568 3293 626 est,
3318 566 3376 616 et

1781 644 1875 713 qui
1900 644 2065 699 morti
2089 645 2167 699 nil
2187 645 2373 700 debuit
2389 685 2404 712 ,
2428 659 2531 716 pro
2555 648 2712 703 nobis
2733 648 2979 705 debitum
3003 652 3167 707 morti
3187 652 3372 708 solvit.

1854 734 1992 808 [ll]
2029 732 2222 791 Viden:
2242 746 2419 791 autem
2447 735 2605 792 Iesus
2635 738 2817 793 turbas
2841 741 3037 794 multas
3061 742 3258 796 circum
3286 758 3371 807 se,

1773 834 1937 904 jussit
1993 832 2278 904 discipulos
2328 849 2449 887 suo.
2497 835 2574 888 ire
2609 844 2757 888 trans
2787 834 2999 904 fretum.
3034 835 3223 908 (Aug.)
3276 835 3375 892 llic

1781 922 2130 980 uianiiestnm
2150 934 2235 980 est
2261 923 2427 979 alium
2456 925 2603 981 diem
2627 925 2955 990 recoluisse,
2981 941 3091 996 quo
3115 927 3196 981 ire
3211 925 3375 994 jussit

1784 1027 1936 1073 eratis
1962 1016 2189 1082 fretum,
2222 1032 2329 1071 non
2355 1032 2478 1072 eum
2501 1017 2594 1086 qui
2622 1017 2869 1086 sequitur
2889 1016 3032 1072 diem
3054 1032 3162 1087 quo
3184 1031 3374 1073 socrus

1782 1107 1931 1162 Petri
1970 1116 2158 1163 sanata
2202 1115 2286 1162 est
2314 1125 2329 1160 :
2357 1122 2466 1177 quo
2497 1106 2711 1163 Marcus
2739 1107 2826 1163 die
2853 1107 3136 1178 Lucasque
3164 1124 3285 1162 cum
3322 1107 3375 1162 in

1782 1199 2054 1253 desertum
2078 1197 2279 1252 exiisse
2292 1196 2577 1252 aﬂirmant.
2605 1196 2898 1269 alienus.)
2914 1197 3234 1253 Exhortatio
3246 1213 3376 1267 ergo

1781 1286 1908 1343 issu
1954 1296 2038 1342 est
2078 1296 2137 1341 ut
2180 1302 2398 1343 amaros
2440 1288 2623 1343 saeculi
2654 1288 2850 1344 ﬂuctus
2878 1289 3201 1343 inconcusso
3249 1288 3372 1343 ﬁdei

1784 1379 1998 1449 navigio
2048 1386 2421 1445 transeamus,
2476 1394 2585 1449 quo
2634 1380 2700 1434 ad
2741 1380 2895 1435 littus
2942 1379 3212 1449 paradisi,
3260 1380 3376 1450 ipso

1784 1473 2148 1542 gubernante,
2182 1471 2582 1542 perveniamus.

1855 1566 1923 1621 Et
1953 1567 2204 1621 accedens
2232 1582 2369 1620 unus
2395 1566 2567 1621 scriba
2585 1607 2600 1630 ,
2623 1568 2699 1620 ait
2729 1566 2839 1630 illi,
2869 1564 3145 1635 Magister,
3186 1582 3376 1636 sequar

1784 1668 1863 1723 te,
1895 1674 2203 1729 quocunque
2244 1657 2391 1721 ieris.
2435 1656 2622 1728 (.4ug.)
2679 1656 2832 1725 Quod
2869 1665 3049 1712 autem
3096 1656 3379 1712 Matthazus

1786 1747 1918 1803 dicit
1963 1753 2090 1801 tunc
2136 1745 2281 1801 istud
2310 1754 2521 1815 gestum
2553 1761 2677 1801 esse
2713 1747 2930 1815 quando
2973 1747 3111 1801 dixit
3148 1755 3207 1801 ut
3237 1747 3379 1801 irent

125 1851 421 1909 persequens
447 1835 781 1902 Ecclesiam;
834 1836 983 1891 unde
1024 1845 1081 1892 et
1125 1850 1323 1905 sponsa
1374 1836 1433 1890 in
1457 1833 1688 1890 Cantico

1794 1847 1943 1894 trans
1966 1837 2166 1893 fretum
2184 1879 2199 1903 ,
2228 1838 2404 1894 Lucas
2429 1854 2561 1894 vero
2590 1838 2996 1893 ambulantibus
3020 1839 3141 1894 aliis
3171 1839 3226 1894 in
3255 1840 3339 1893 via
3362 1882 3375 1905 ,

126 1930 425 1985 canticorum
473 1929 607 1985 dicit
659 1945 672 1982 :
730 1926 863 1981 Filii
915 1928 1101 1982 matris
1152 1942 1282 1982 mete
1321 1933 1681 1998 pugtmerunt

123 2029 279 2074 contra
304 2036 383 2074 me
410 2017 593 2091 (Cant.
622 2019 684 2091 ι).
723 2016 895 2088 Cujus
920 2031 1139 2073 ﬂlan
1187 2018 1367 2089 attigit
1395 2016 1677 2079 Dominus,

124 2110 307 2179 quando
334 2111 574 2167 carnalia
594 2110 719 2181 ejus
741 2124 910 2181 opera
946 2110 1000 2164 in
1031 2108 1329 2180 spiritalem
1360 2120 1515 2162 usum
1546 2120 1681 2162 con-

126 2202 280 2256 vertit.
321 2200 453 2269 Quae
498 2202 728 2257 surrexit
768 2211 817 2256 et
864 2200 1197 2254 ministrabat
1224 2198 1322 2262 eis,
1372 2197 1499 2267 quia
1528 2203 1683 2265 post-

125 2307 261 2361 quam
297 2299 505 2349 attactu
546 2291 743 2347 divinae
766 2289 985 2361 pietatis
1019 2304 1054 2343 a
1081 2286 1287 2343 mruali
1312 2285 1683 2343 uisset-rantis.

126 2386 170 2437 in
191 2398 279 2453 qua
320 2383 586 2439 inutiliter
622 2382 895 2454 torpebat,
929 2390 1116 2436 erecta
1155 2388 1270 2446 est,
1317 2394 1415 2449 per
1442 2377 1689 2448 spiritale

124 2474 328 2530 cilicium
348 2477 577 2532 Domino
605 2475 849 2546 quotidie
882 2474 1180 2529 ministrat.
1201 2471 1478 2527 Moraliter
1503 2478 1691 2525 autem

128 2583 429 2639 unaquaeque
482 2567 664 2623 anima
712 2582 833 2638 quae
878 2565 1063 2621 carnis
1099 2562 1554 2634 concupiscentiis
1580 2561 1685 2615 rai-

130 2659 241 2723 litat,
264 2661 419 2730 qnasi
449 2659 697 2715 febribus
720 2665 946 2723 aestuat;
989 2656 1083 2712 sed
1111 2671 1277 2712 manu
1299 2650 1691 2710 misﬂieorﬁm

130 2751 286 2806 divinat
312 2759 521 2805 attactu
567 2748 916 2815 convalescit,
946 2756 1003 2804 et
1028 2762 1127 2816 per
1144 2745 1490 2801 continent-ite
1533 2743 1690 2798 frena

130 2843 277 2898 carnis
324 2841 610 2897 lasciviam
639 2839 983 2909 constringit,
1011 2854 1085 2895 ne
1104 2853 1202 2909 per
1229 2836 1512 2893 illecebras
1536 2834 1691 2889 volu-

132 2941 299 3000 ptatum
337 2933 617 3005 gradiens,
645 2931 1079 3005 fornicationem,
1112 2927 1532 2993 immunditiam,
1559 2925 1687 2981 libi-

129 3026 296 3093 dinem,
339 3002 836 3094 concupiscentiam
860 3002 1079 3077 ‘malam
1129 3030 1184 3076 et
1229 3019 1537 3083 avaritiam,
1568 3031 1688 3088 qua!

128 3123 193 3169 est
216 3115 623 3173 simulacrorum
666 3115 920 3179 servitus,
951 3113 1108 3186 quasi
1156 3111 1403 3167 membra
1429 3109 1689 3180 pestiiera

128 3221 176 3260 ac
199 3206 506 3264 moribunda
536 3213 750 3272 teneat;
800 3206 897 3261 sed
942 3181 1116 3276 magis
1160 3204 1217 3259 in
1262 3203 1395 3273 ipsis
1422 3201 1691 3258 membris
1714 3181 1774 3243 Ο·

127 3312 225 3350 cum
263 3299 455 3369 quibus
472 3297 628 3369 prius
653 3296 921 3353 servierat
957 3296 1315 3351 immnditiae
1336 3294 1404 3349 ad
1428 3292 1683 3363 iniquita-

129 3393 215 3438 tem
240 3394 296 3440 nt
322 3384 676 3442 fructiﬁcaret
724 3385 908 3449 morti,
948 3384 1150 3440 serviat
1169 3382 1394 3453 iustitia:
1426 3382 1480 3437 in
1516 3381 1689 3436 vitam

127 3482 372 3529 :rtcrnaln.

192 3563 393 3635 Vespere
413 3575 592 3620 autem
613 3565 775 3634 facto,
809 3566 1106 3621 obtulerunt
1135 3567 1185 3621 ei
1209 3566 1403 3621 multos
1421 3566 1685 3621 dtuntonia

126 3654 373 3721 habent“,
402 3664 450 3711 et
491 3656 734 3736 ejiciebat
774 3655 993 3727 spiritus
1033 3656 1217 3721 verbo,
1251 3666 1301 3710 et
1337 3671 1514 3709 cutim
1550 3652 1691 3707 male

127 3742 336 3800 habentes
362 3745 588 3801 curarit.
638 3744 915 3817 (Hier-on.)
939 3745 1141 3802 Omnes
1198 3761 1303 3801 non
1350 3760 1527 3810 mane,
1577 3760 1682 3799 non

127 3834 340 3901 meridie,
366 3836 460 3892 sed
493 3837 564 3891 ad
596 3851 883 3907 vesperam
918 3845 1202 3901 curantur,
1230 3836 1446 3905 quando
1471 3835 1551 3890 sol
1587 3848 1683 3890 oc-

129 3925 373 3984 miliitnrus
401 3936 517 3993 est,
540 3929 758 3998 quando
784 3943 1012 3998 granum
1045 3927 1211 3982 tritici
1254 3928 1308 3982 in
1346 3935 1490 3981 terra
1522 3926 1687 3980 mori-

130 4020 219 4080 tur,
253 4025 312 4071 ut
343 4019 547 4074 multos
574 4018 784 4075 fructus
811 4018 1021 4074 aﬁ‘erat.
1078 4018 1223 4074 Solis
1251 4018 1533 4073 occubitus
1563 4030 1687 4086 pns-

127 4106 304 4163 sinneln
333 4120 387 4166 et
414 4119 650 4167 mortem
678 4111 823 4166 illius
857 4110 1144 4182 signiﬁcat,
1173 4110 1266 4180 qui
1291 4109 1463 4164 dixit:
1497 4108 1684 4175 Quan-

129 4196 204 4251 diu
243 4199 293 4254 in
318 4203 525 4258 mundo
569 4216 723 4267 sum,
761 4202 852 4257 lux
894 4216 1012 4257 sum
1048 4202 1253 4256 mundi.
1294 4201 1362 4255 Et
1390 4200 1501 4256 sole
1539 4199 1687 4256 occi-

131 4287 282 4355 dente,
303 4293 486 4364 plure‘s
513 4294 830 4349 daemoniaci
853 4309 1013 4363 quam
1040 4301 1184 4357 ante,
1213 4292 1396 4364 plures
1424 4300 1690 4348 sanantur

132 4383 325 4450 egroti:
347 4386 472 4456 quia
505 4386 599 4456 qui
634 4385 1007 4456 temporaliter
1036 4387 1091 4439 in
1121 4399 1286 4440 carne
1314 4385 1523 4449 vivens,
1555 4400 1691 4454 pau-

130 4484 208 4526 cos
229 4471 533 4532 Judaaorum
577 4478 792 4543 docuit,
835 4478 1042 4532 calcato
1068 4493 1235 4549 regno
1271 4477 1483 4543 mortis,
1513 4477 1687 4531 omni-

130 4561 213 4617 bus
238 4581 329 4635 per
348 4570 539 4626 orbem
568 4570 818 4639 gentibus
844 4569 967 4625 ﬁdei
1006 4569 1303 4640 salutisque
1324 4569 1467 4624 dona
1514 4577 1690 4625 trans-

131 4655 272 4711 misit.
300 4658 465 4729 Cuius
492 4660 760 4715 ministris
800 4660 954 4730 quasi
986 4660 1109 4716 vita:
1156 4658 1400 4730 lucisque
1427 4659 1690 4731 praeconi-

128 4745 216 4802 bus
239 4748 517 4808 Psahnista
548 4754 696 4808 canit
722 4770 737 4805 :
765 4751 878 4806 Iter
902 4753 1063 4823 facile
1085 4754 1132 4807 ei
1159 4753 1249 4823 qui
1275 4752 1510 4807 ascendit
1534 4767 1692 4822 super

132 4852 346 4899 occasum
370 4844 545 4918 (Psal.
571 4846 765 4919 van).
806 4846 980 4917 Super
1005 4862 1259 4903 occasum
1285 4847 1483 4918 quippe
1504 4844 1690 4900 Domi-

133 4941 218 4985 nus
245 4938 499 5006 ascendit,
549 4941 643 5010 qui
693 4941 840 4996 unde
877 4940 931 4994 in
959 4940 1208 5010 passione
1259 4937 1533 5003 occubuit,
1566 4937 1693 4992 inde

135 5026 365 5096 Maiorem
399 5043 551 5084 suam
581 5030 810 5102 gioriam
842 5031 1173 5102 resurgendo
1201 5027 1582 5084 manifeslavit.

194 5111 257 5166 Ut
285 5115 655 5189 adimpleretur
688 5122 829 5192 quod
859 5123 1056 5177 dictum
1086 5132 1163 5177 est
1194 5137 1288 5192 per
1317 5121 1518 5176 Isaiam
1564 5128 1686 5192 prd-

137 5200 320 5266 P’Mm
336 5206 487 5280 (Cap.
535 5213 654 5283 un)
677 5213 932 5268 dicentem
955 5229 973 5268 :
997 5212 1119 5283 Ipse
1134 5211 1467 5282 inﬁrmitates
1487 5221 1694 5266 nostras

140 5295 339 5363 Impit,
376 5307 424 5352 et
466 5302 829 5372 aegrotationes
860 5303 1102 5373 portauit.
1135 5299 1433 5374 (MAUBUS.)
1469 5301 1693 5371 Accepit

141 5394 249 5457 ergo
284 5388 529 5450 Salvator
573 5405 760 5452 noster
792 5405 1009 5451 nostras
1054 5394 1433 5459 inﬁrmitates,
1488 5410 1595 5450 non
1634 5403 1695 5449 ut

144 5475 225 5532 sibi
265 5481 517 5554 haberet,
563 5490 659 5545 sed
689 5498 750 5545 ut
796 5490 952 5545 nobis
994 5489 1250 5545 auferret.
1284 5489 1421 5557 Quia
1452 5490 1565 5559 ipse
1610 5500 1693 5545 est

144 5580 284 5635 alia“
325 5578 422 5646 qui
455 5578 586 5634 tollit
627 5592 844 5651 peccata
884 5583 1067 5636 mundi
1111 5582 1293 5653 (Joan.
1333 5581 1394 5654 ι).
1434 5580 1692 5636 Dominus

145 5670 277 5754 figo,
319 5670 608 5728 secundum
651 5674 901 5729 eumdem
932 5679 1278 5744 prophetam,
1309 5676 1488 5746 posuit
1530 5676 1582 5729 in
1626 5693 1690 5728 νυ

145 5752 449 5822 ¹¹¹ίίιυίι²ιαιι
476 5768 715 5825 omnium
750 5778 1024 5834 nostrum,
1057 5777 1115 5822 ut
1141 5768 1282 5838 quod
1316 5784 1414 5836 pro
1451 5767 1691 5824 imbecil-
1734 5756 1736 5759 ’

1786 1946 1895 1986 non
1923 1938 2009 1985 est
2036 1930 2402 1997 contrarium,
2427 1929 2556 2000 quia
2587 1929 2671 1984 via
2700 1930 2888 1999 utique
2912 1930 3289 1995 ambulabant,
3322 1937 3384 1983 ut

1784 2023 2035 2079 venirent
2075 2026 2142 2078 ad
2187 2022 2383 2078 fretum
2421 2019 2716 2092 (Binum).
2749 2020 2941 2077 Scriba
2972 2022 3074 2077 istc
3097 2021 3254 2092 legis,
3286 2020 3381 2089 qui

1786 2122 1997 2169 tantum
2051 2114 2287 2168 litteram
2332 2122 2561 2167 noverat
2609 2112 2980 2175 occidentem,
3034 2112 3078 2166 si
3125 2111 3377 2175 dixisset,

1785 2206 2011 2261 Domine
2027 2247 2041 2272 ,
2065 2222 2258 2275 sequar
2279 2214 2328 2259 te
2346 2221 2655 2275 quocunque
2677 2205 2800 2259 ieris
2817 2246 2832 2271 ,
2858 2218 2966 2259 nou
2990 2203 3179 2260 fuisset
3207 2203 3383 2274 repul-

1786 2313 1879 2353 sus
1910 2314 1942 2351 a
1966 2297 2224 2360 Domino,
2255 2296 2348 2351 sed
2371 2296 2496 2366 quia
2519 2295 2836 2366 magistrum
2860 2309 3025 2350 unum
3047 2295 3113 2351 de
3140 2294 3381 2365 pluribus

1786 2389 2109 2456 aestimabat,
2125 2386 2460 2443 ctlittcrator
2473 2394 2611 2453 erat,
2626 2385 2769 2456 quod
2780 2385 3176 2457 signiﬁcantius
3191 2384 3382 2440 ϐιηθρο

1788 2480 1987 2536 dicitur
2013 2481 2382 2556 γραμματεύς,
2438 2488 2492 2534 et
2538 2492 2645 2533 non
2683 2477 2944 2549 spiritalis
2973 2478 3209 2542 auditor,
3259 2476 3379 2531 ideo

1789 2587 1895 2627 nou
1925 2572 2089 2627 habet
2111 2571 2289 2626 locum
2319 2570 2371 2624 in
2404 2584 2511 2638 quo
2541 2579 2715 2639 potest
2741 2568 3010 2623 reclinare
3034 2567 3194 2623 Jcsus
3216 2576 3380 2637 caput

1770 2648 1966 2719 'stmm.

1860 2755 1945 2807 Ait
1972 2753 2050 2808 illi
2069 2752 2263 2808 Iesus:
2292 2750 2480 2824 Vulpes
2502 2753 2679 2822 foveas
2703 2755 2913 2807 habent.
2944 2763 2991 2806 ct
3018 2750 3247 2805 volucres
3267 2749 3380 2803 arti

1790 2844 1940 2899 nitlos
1957 2884 1972 2910 ,
1998 2843 2084 2897 ubi
2114 2845 2464 2914 requiescant;
2494 2843 2639 2913 ﬁlius
2657 2852 2831 2897 autem
2859 2842 3083 2897 hominis
3106 2858 3207 2896 non
3229 2841 3381 2895 habet

1790 2939 1878 2991 abi
1905 2947 2059 3005 caput
2082 2952 2237 2990 suum
2266 2937 2496 2998 reclinet.
2531 2934 2614 2989 Ex
2640 2933 2853 2991 Domini
2877 2934 3057 2990 verbis
3078 2932 3385 2989 ostenditur

1790 3028 1934 3083 hunc
1962 3026 2053 3096 qui
2095 3025 2414 3097 obsequium
2460 3024 2730 3097 promittit
2771 3026 2839 3081 ob
2888 3026 2989 3081 hoc
3041 3023 3380 3095 repudiatum

1792 3117 1966 3189 quod,
2000 3117 2277 3189 signorum
2306 3116 2497 3173 videns
2526 3114 2988 3188 magnitudinem,
3017 3113 3169 3184 sequi
3195 3112 3377 3167 voluc-

1790 3209 1863 3263 rit
1905 3207 2273 3273 Salv-atomo,
2304 3219 2360 3262 ut
2388 3206 2537 3262 lucra
2571 3222 2640 3262 ex
2666 3219 2891 3275 opentm
2927 3202 3206 3258 miraculis
3234 3216 3381 3265 qua!—

1788 3307 1964 3367 rerct;
2008 3300 2111 3354 hoc
2159 3298 2305 3355 idem
2348 3296 2667 3354 desiderans
2702 3296 2847 3366 quod
2883 3294 3070 3350 Simon
3118 3292 3304 3363 Magns
3353 3310 3382 3345 a

1788 3389 1949 3444 Petro
1980 3403 2165 3445 emere
2176 3390 2420 3444 voluerat
2451 3385 2591 3460 (Act.
2623 3387 2762 3459 rm).
2777 3384 2924 3441 Talis
2938 3401 3069 3456 ergo
3084 3382 3217 3439 ﬁdes
3232 3383 3381 3454 justo

1787 3479 2057 3535 sententia
2103 3478 2316 3533 Domini
2366 3478 2761 3534 condemnatur
2785 3486 2839 3533 ct
2887 3476 3087 3533 dicitur
3112 3475 3161 3529 ei
3192 3493 3205 3528 :
3239 3474 3379 3542 Quid

1787 3584 1875 3624 me
1904 3577 2124 3639 propter
2149 3569 2363 3624 divitias
2379 3577 2433 3624 et
2456 3565 2810 3624 saculilucra
2837 3568 2990 3637 cupis
3027 3567 3179 3636 sequi
3201 3608 3215 3626 .
3257 3582 3379 3620 cum

1791 3667 1954 3712 tanta:
2002 3659 2107 3713 sint
2153 3659 2521 3728 paupertatis,
2573 3667 2630 3712 ut
2673 3675 2742 3713 ne
2768 3657 3113 3726 hospitiolum
3161 3655 3378 3724 quidem

1791 3749 2023 3803 habeam
2041 3787 2057 3813 ,
2084 3755 2140 3802 et
2169 3762 2275 3802 non
2304 3763 2427 3803 meo
2451 3758 2576 3803 utar
2595 3747 2778 3803 tecto?
2800 3746 2983 3818 (Αιιῃ.)
3003 3747 3191 3811 Aliter,
3224 3745 3379 3800 intel-

1789 3838 1975 3907 ligitur
2010 3836 2288 3892 miraculis
2316 3836 2531 3892 Domini
2562 3847 2868 3893 commotus
2900 3846 3123 3907 propter
3160 3836 3377 3890 inanem

1782 3928 2103 3998 jactautiam
2123 3943 2255 3984 cum
2265 3929 2416 3999 sequi
2441 3929 2693 3993 voluisse,
2711 3944 2872 3999 quam
2892 3928 3201 3998 signiﬁcant.
3217 3942 3377 3991 ares;

1793 4026 2012 4080 tinxisse
2030 4033 2213 4080 mrtem
2225 4022 2799 4095 discipuiiobseqnium
2811 4064 2824 4089 ,
2839 4037 2959 4092 qum
2979 4021 3125 4076 ﬁctio
3137 4018 3374 4087 vulpium

1792 4116 2010 4172 nomine
2040 4116 2343 4186 signiﬁcata
2378 4126 2492 4182 est;
2528 4114 2879 4171 inclinatione
2902 4127 3033 4168 vero
3061 4110 3253 4181 capitis
3278 4111 3379 4164 hu-

1794 4208 2078 4264 militatem
2123 4223 2278 4263 suam
2305 4207 2658 4279 signiﬁcavit,
2690 4222 2809 4279 qua!
2848 4207 2900 4260 in
2938 4205 3027 4260 illo
3063 4203 3379 4260 simulatorc

1793 4316 1857 4356 ac
1885 4300 2121 4369 superbo
2147 4315 2255 4355 non
2283 4299 2516 4355 habebat
2540 4298 2736 4354 locum.
2770 4293 3067 4369 (Maenas)
3095 4294 3226 4348 Item
3257 4308 3379 4362 pos-

1793 4406 1981 4447 sumus
2015 4405 2126 4446 non
2163 4391 2485 4460 incongrue,
2519 4387 2673 4458 juxta
2712 4388 3024 4458 allegoriam
3064 4401 3162 4457 per
3190 4383 3378 4452 vulpes
3452 4384 3473 4395 ‘

1795 4482 2084 4536 hremticos
2111 4490 2166 4535 et
2190 4481 2443 4536 volucres
2467 4479 2591 4535 coeli
2623 4479 2887 4548 malignos
2923 4477 3148 4548 Spiritus
3178 4474 3383 4545 signiﬁ-

1793 4582 1947 4630 catos
1970 4574 2247 4644 accipere,
2276 4574 2366 4643 qui
2400 4573 2451 4627 in
2478 4573 2643 4628 corde
2667 4570 2877 4626 Judaici
2913 4570 3092 4641 pepuli
3123 4568 3305 4625 foveas
3331 4576 3387 4622 et

1794 4665 1980 4730 nidos,
2013 4665 2067 4719 id
2098 4672 2182 4720 est
2208 4665 2506 4730 domicilia,
2542 4664 2809 4726 habeant;
2842 4662 3031 4733 vulpes
3074 4661 3219 4718 enim
3251 4659 3385 4716 nihil

1794 4772 1918 4813 cum
1951 4758 2183 4821 virtute,
2213 4756 2308 4811 sed
2340 4756 2522 4810 omnia
2554 4770 2679 4810 cum
2707 4755 2906 4810 astutia
2935 4753 3075 4826 agit';
3110 4754 3190 4810 sic
3213 4753 3384 4807 luere-

1796 4848 1888 4904 tici
1935 4863 2040 4903 non
2082 4848 2135 4902 iu
2166 4846 2457 4902 virtutibus
2506 4846 2745 4912 Christi,
2776 4846 2870 4903 sed
2917 4847 2972 4901 in
2995 4845 3236 4902 versutia
3261 4836 3380 4899 'sua

1795 4936 2131 4994 conﬁdentes
2149 4979 2163 5003 ,
2194 4935 2329 4991 dolis
2354 4935 2603 4991 instructi
2632 4943 2687 4990 et
2715 4935 2999 4992 dialectica
3025 4944 3142 4990 arte
3171 4932 3349 4988 callidi
3369 4974 3385 4994 ,

1796 5043 2149 5100 quoscunque
2195 5037 2424 5097 possunt
2467 5025 2728 5081 seducere
2791 5034 3043 5096 satagunt
3096 5042 3109 5078 :
3162 5032 3218 5078 et
3264 5022 3386 5077 ideo

1795 5122 1940 5191 ﬁlius
1962 5120 2189 5175 hominis
2214 5135 2319 5173 non
2340 5117 2491 5172 habet
2517 5119 2607 5172 ubi
2625 5130 2783 5190 caput
2804 5135 2958 5173 suum
2982 5115 3226 5179 reclinet;
3255 5113 3385 5183 quia

1796 5214 1855 5267 in
1879 5213 2066 5267 talium
2092 5208 2368 5265 mentibus
2393 5208 2643 5265 Christus
2669 5208 2937 5265 divinitati
2965 5221 3079 5262 suae
3102 5204 3387 5260 habitacu-

1796 5308 1904 5362 lum
1928 5321 2034 5361 non
2059 5305 2283 5360 invenit.
2307 5301 2478 5374 Caput
2498 5302 2858 5365 reroChristi,
2884 5300 3025 5355 Deus
3047 5297 3101 5371 (Ι
3126 5296 3247 5352 Cor.
3280 5298 3380 5367 xi).

1866 5397 2015 5453 Alius
2041 5406 2217 5450 autem
2242 5394 2307 5449 de
2335 5394 2609 5464 discipulis
2637 5394 2751 5462 ejus
2781 5392 2856 5446 ait
2882 5390 2983 5456 illi,
3000 5389 3242 5453 Domine,
3268 5403 3386 5458 per-

1794 5492 1939 5545 mitte
1992 5506 2071 5543 me
2092 5488 2317 5560 primum
2367 5488 2444 5542 ire
2468 5498 2518 5542 ct
2544 5484 2761 5556 sepelire
2814 5492 3013 5554 patrem
3043 5498 3233 5536 meum.
3268 5478 3383 5534 Non

1794 5582 2173 5652 discipulatum
2227 5582 2461 5650 respuit,
2512 5578 2604 5633 sed
2651 5575 2861 5647 expleta
2894 5576 3129 5647 primum
3170 5571 3383 5644 paterni

1795 5676 1999 5730 funeris
2055 5676 2255 5745 pietate
2320 5674 2541 5729 liberior
2597 5669 2741 5726 hunc
2812 5668 3026 5740 assequi
3084 5667 3378 5724 desiderat.

1796 5768 1997 5838 Dignus
2029 5784 2123 5837 per
2149 5768 2328 5822 ninnia
2361 5766 2412 5821 in
2440 5780 2546 5834 quo
2576 5762 2718 5819 ﬁlius
2748 5763 2981 5819 hominis
3020 5768 3181 5832 caput
3224 5757 3377 5816 recli-
